  <div class='ocr_page' id='page_1' title='image "/cluster/home/n/w/nwhite01/storage/ocr_20150623/120/hvd.32044054759824/339.png"; bbox 0 0 3888 6172; ppageno 0'>
   <div class='ocr_carea' id='block_1_1' title="bbox 462 352 565 412">
    <p class='ocr_par' dir='ltr' id='par_1_1' title="bbox 462 352 565 412">
     <span class='ocr_line' id='line_1_1' title="bbox 462 352 565 412; baseline -0.019 0"><span class='ocrx_word' id='word_1_1' title='bbox 462 352 565 412; x_wconf 81' lang='lat'><strong>667</strong></span> 
     </span>
    </p>
   </div>
   <div class='ocr_carea' id='block_1_2' title="bbox 1224 338 2974 407">
    <p class='ocr_par' dir='ltr' id='par_1_2' title="bbox 1224 338 2974 407">
     <span class='ocr_line' id='line_1_2' title="bbox 1224 338 2974 407; baseline -0.002 -1"><span class='ocrx_word' id='word_1_2' title='bbox 1224 349 1282 407; x_wconf 74' lang='grc' dir='ltr'><strong>Β.</strong></span> <span class='ocrx_word' id='word_1_3' title='bbox 1322 348 1702 406; x_wconf 78' lang='lat' dir='ltr'><strong>PASCHASII</strong></span> <span class='ocrx_word' id='word_1_4' title='bbox 1739 347 2103 405; x_wconf 76' lang='lat' dir='ltr'><strong>RADBERTI</strong></span> <span class='ocrx_word' id='word_1_5' title='bbox 2137 338 2443 405; x_wconf 71' lang='lat' dir='ltr'><strong>ABBATTS</strong></span> <span class='ocrx_word' id='word_1_6' title='bbox 2480 346 2974 405; x_wconf 79' lang='lat' dir='ltr'><strong>CORBEIENSIS.</strong></span> 
     </span>
    </p>
   </div>
   <div class='ocr_carea' id='block_1_3' title="bbox 460 471 3711 559">
    <p class='ocr_par' dir='ltr' id='par_1_3' title="bbox 460 471 3711 559">
     <span class='ocr_line' id='line_1_3' title="bbox 460 471 3711 559; baseline -0.002 -25"><span class='ocrx_word' id='word_1_7' title='bbox 460 495 639 559; x_wconf 85' lang='lat' dir='ltr'><strong>gnum</strong></span> <span class='ocrx_word' id='word_1_8' title='bbox 667 478 956 547; x_wconf 78' lang='lat' dir='ltr'><strong>ccalorum.</strong></span> <span class='ocrx_word' id='word_1_9' title='bbox 983 476 1194 545; x_wconf 79' lang='lat' dir='ltr'><strong>Idcirco</strong></span> <span class='ocrx_word' id='word_1_10' title='bbox 1225 475 1543 553; x_wconf 83' lang='lat' dir='ltr'><strong>quicunque</strong></span> <span class='ocrx_word' id='word_1_11' title='bbox 1568 473 1789 531; x_wconf 84' lang='lat' dir='ltr'><strong>dicatur</strong></span> <span class='ocrx_word' id='word_1_12' title='bbox 1816 491 1938 528; x_wconf 90' lang='lat' dir='ltr'><strong>esse</strong></span> <span class='ocrx_word' id='word_1_13' title='bbox 1970 491 2057 528; x_wconf 90' lang='lat' dir='ltr'><strong>ca—</strong></span> <span class='ocrx_word' id='word_1_14' title='bbox 2073 473 2128 534; x_wconf 86' lang='lat' dir='ltr'><strong>A</strong></span> <span class='ocrx_word' id='word_1_15' title='bbox 2144 492 2249 529; x_wconf 84' lang='lat' dir='ltr'><strong>esse</strong></span> <span class='ocrx_word' id='word_1_16' title='bbox 2271 491 2439 545; x_wconf 84' lang='lat' dir='ltr'><strong>posse,</strong></span> <span class='ocrx_word' id='word_1_17' title='bbox 2472 474 2781 549; x_wconf 65' lang='lat' dir='ltr'><strong>praesertim</strong></span> <span class='ocrx_word' id='word_1_18' title='bbox 2800 490 2929 529; x_wconf 90' lang='lat' dir='ltr'><strong>cum</strong></span> <span class='ocrx_word' id='word_1_19' title='bbox 2957 477 3012 541; x_wconf 88' lang='lat' dir='ltr'><strong>et</strong></span> <span class='ocrx_word' id='word_1_20' title='bbox 3039 471 3112 539; x_wconf 81' lang='lat' dir='ltr'><strong>ab</strong></span> <span class='ocrx_word' id='word_1_21' title='bbox 3135 473 3263 528; x_wconf 87' lang='lat' dir='ltr'><strong>aliis</strong></span> <span class='ocrx_word' id='word_1_22' title='bbox 3290 472 3417 531; x_wconf 83' lang='lat' dir='ltr'><strong>ﬁeri</strong></span> <span class='ocrx_word' id='word_1_23' title='bbox 3436 472 3597 528; x_wconf 80' lang='lat' dir='ltr'><strong>simili</strong></span> <span class='ocrx_word' id='word_1_24' title='bbox 3612 489 3711 527; x_wconf 83' lang='lat' dir='ltr'><strong>mo—</strong></span> 
     </span>
    </p>
   </div>
   <div class='ocr_carea' id='block_1_4' title="bbox 462 564 2057 640">
    <p class='ocr_par' dir='ltr' id='par_1_4' title="bbox 462 564 2057 640">
     <span class='ocr_line' id='line_1_4' title="bbox 462 564 2057 640; baseline -0.003 -17"><span class='ocrx_word' id='word_1_25' title='bbox 462 569 665 639; x_wconf 82' lang='lat' dir='ltr'><strong>melus,</strong></span> <span class='ocrx_word' id='word_1_26' title='bbox 700 574 758 623; x_wconf 94' lang='lat' dir='ltr'><strong>et</strong></span> <span class='ocrx_word' id='word_1_27' title='bbox 785 567 1154 640; x_wconf 86' lang='lat' dir='ltr'><strong>quodcunque</strong></span> <span class='ocrx_word' id='word_1_28' title='bbox 1202 564 1554 636; x_wconf 81' lang='lat' dir='ltr'><strong>intelligatur</strong></span> <span class='ocrx_word' id='word_1_29' title='bbox 1606 564 1858 620; x_wconf 83' lang='lat' dir='ltr'><strong>foramen</strong></span> <span class='ocrx_word' id='word_1_30' title='bbox 1904 581 2057 632; x_wconf 87' lang='lat' dir='ltr'><strong>acus,</strong></span> 
     </span>
    </p>
   </div>
   <div class='ocr_carea' id='block_1_5' title="bbox 464 646 2057 727">
    <p class='ocr_par' dir='ltr' id='par_1_5' title="bbox 464 646 2057 727">
     <span class='ocr_line' id='line_1_5' title="bbox 464 646 2057 727; baseline -0.003 -16"><span class='ocrx_word' id='word_1_31' title='bbox 464 656 687 714; x_wconf 87' lang='lat' dir='ltr'><strong>etiamsi</strong></span> <span class='ocrx_word' id='word_1_32' title='bbox 700 646 955 710; x_wconf 80' lang='lat' dir='ltr'><strong>Christus</strong></span> <span class='ocrx_word' id='word_1_33' title='bbox 965 672 1066 727; x_wconf 89' lang='lat' dir='ltr'><strong>per</strong></span> <span class='ocrx_word' id='word_1_34' title='bbox 1082 652 1401 726; x_wconf 82' lang='lat' dir='ltr'><strong>passionem</strong></span> <span class='ocrx_word' id='word_1_35' title='bbox 1416 669 1574 706; x_wconf 91' lang='lat' dir='ltr'><strong>suam</strong></span> <span class='ocrx_word' id='word_1_36' title='bbox 1597 652 2057 717; x_wconf 88' lang='lat' dir='ltr'><strong>dicaturintrare,</strong></span> 
     </span>
    </p>
   </div>
   <div class='ocr_carea' id='block_1_6' title="bbox 466 738 2061 823">
    <p class='ocr_par' dir='ltr' id='par_1_6' title="bbox 466 738 2061 823">
     <span class='ocr_line' id='line_1_6' title="bbox 466 738 2061 823; baseline -0.005 -23"><span class='ocrx_word' id='word_1_37' title='bbox 466 764 567 823; x_wconf 88' lang='lat' dir='ltr'><strong>per</strong></span> <span class='ocrx_word' id='word_1_38' title='bbox 596 747 754 800; x_wconf 92' lang='lat' dir='ltr'><strong>illum</strong></span> <span class='ocrx_word' id='word_1_39' title='bbox 785 743 1019 803; x_wconf 82' lang='lat' dir='ltr'><strong>intrabit</strong></span> <span class='ocrx_word' id='word_1_40' title='bbox 1048 738 1343 796; x_wconf 91' lang='lat' dir='ltr'><strong>introitum</strong></span> <span class='ocrx_word' id='word_1_41' title='bbox 1391 740 1646 811; x_wconf 89' lang='lat' dir='ltr'><strong>gentium</strong></span> <span class='ocrx_word' id='word_1_42' title='bbox 1678 739 1978 799; x_wconf 76' lang='lat' dir='ltr'><strong>multitudo</strong></span> <span class='ocrx_word' id='word_1_43' title='bbox 2003 740 2061 792; x_wconf 93' lang='lat' dir='ltr'><strong>in</strong></span> 
     </span>
    </p>
   </div>
   <div class='ocr_carea' id='block_1_7' title="bbox 464 828 2062 907">
    <p class='ocr_par' dir='ltr' id='par_1_7' title="bbox 464 828 2062 907">
     <span class='ocr_line' id='line_1_7' title="bbox 464 828 2062 907; baseline -0.006 -17"><span class='ocrx_word' id='word_1_44' title='bbox 464 851 701 907; x_wconf 84' lang='lat' dir='ltr'><strong>regnum</strong></span> <span class='ocrx_word' id='word_1_45' title='bbox 725 832 1012 886; x_wconf 70' lang='lat' dir='ltr'><strong>caelorum.</strong></span> <span class='ocrx_word' id='word_1_46' title='bbox 1041 831 1200 896; x_wconf 89' lang='lat' dir='ltr'><strong>Quod</strong></span> <span class='ocrx_word' id='word_1_47' title='bbox 1230 830 1423 883; x_wconf 92' lang='lat' dir='ltr'><strong>volens</strong></span> <span class='ocrx_word' id='word_1_48' title='bbox 1453 830 1709 883; x_wconf 82' lang='lat' dir='ltr'><strong>Salvator</strong></span> <span class='ocrx_word' id='word_1_49' title='bbox 1765 828 2062 883; x_wconf 78' lang='lat' dir='ltr'><strong>ostendere</strong></span> 
     </span>
    </p>
   </div>
   <div class='ocr_carea' id='block_1_8' title="bbox 463 917 2063 995">
    <p class='ocr_par' dir='ltr' id='par_1_8' title="bbox 463 917 2063 995">
     <span class='ocr_line' id='line_1_8' title="bbox 463 917 2063 995; baseline -0.004 -18"><span class='ocrx_word' id='word_1_50' title='bbox 463 923 768 978; x_wconf 83' lang='lat' dir='ltr'><strong>faciliorem</strong></span> <span class='ocrx_word' id='word_1_51' title='bbox 800 937 920 974; x_wconf 91' lang='lat' dir='ltr'><strong>esse</strong></span> <span class='ocrx_word' id='word_1_52' title='bbox 950 936 1119 995; x_wconf 91' lang='lat' dir='ltr'><strong>quam</strong></span> <span class='ocrx_word' id='word_1_53' title='bbox 1149 919 1495 979; x_wconf 71' lang='lat' dir='ltr'><strong>Judaeorum,</strong></span> <span class='ocrx_word' id='word_1_54' title='bbox 1529 918 1587 971; x_wconf 91' lang='lat' dir='ltr'><strong>in</strong></span> <span class='ocrx_word' id='word_1_55' title='bbox 1617 918 1733 979; x_wconf 83' lang='lat' dir='ltr'><strong>suis</strong></span> <span class='ocrx_word' id='word_1_56' title='bbox 1764 917 2063 989; x_wconf 88' lang='lat' dir='ltr'><strong>glorianti-</strong></span> 
     </span>
    </p>
   </div>
   <div class='ocr_carea' id='block_1_9' title="bbox 463 1005 2061 1073">
    <p class='ocr_par' dir='ltr' id='par_1_9' title="bbox 463 1005 2061 1073">
     <span class='ocr_line' id='line_1_9' title="bbox 463 1005 2061 1073; baseline -0.004 -8"><span class='ocrx_word' id='word_1_57' title='bbox 463 1010 566 1065; x_wconf 92' lang='lat' dir='ltr'><strong>bus</strong></span> <span class='ocrx_word' id='word_1_58' title='bbox 580 1009 807 1073; x_wconf 81' lang='lat' dir='ltr'><strong>divitiis,</strong></span> <span class='ocrx_word' id='word_1_59' title='bbox 834 1008 979 1062; x_wconf 86' lang='lat' dir='ltr'><strong>hanc</strong></span> <span class='ocrx_word' id='word_1_60' title='bbox 1011 1007 1322 1063; x_wconf 85' lang='lat' dir='ltr'><strong>introduxit</strong></span> <span class='ocrx_word' id='word_1_61' title='bbox 1350 1006 1799 1063; x_wconf 84' lang='lat' dir='ltr'><strong>similitudinem.</strong></span> <span class='ocrx_word' id='word_1_62' title='bbox 1842 1005 1985 1069; x_wconf 90' lang='lat' dir='ltr'><strong>Quia</strong></span> <span class='ocrx_word' id='word_1_63' title='bbox 2003 1006 2061 1059; x_wconf 91' lang='lat' dir='ltr'><strong>in</strong></span> 
     </span>
    </p>
   </div>
   <div class='ocr_carea' id='block_1_10' title="bbox 501 1094 2060 1171">
    <p class='ocr_par' dir='ltr' id='par_1_10' title="bbox 501 1094 2060 1171">
     <span class='ocr_line' id='line_1_10' title="bbox 501 1094 2060 1171; baseline -0.004 -18"><span class='ocrx_word' id='word_1_64' title='bbox 501 1098 663 1153; x_wconf 90' lang='lat' dir='ltr'><strong>uibus</strong></span> <span class='ocrx_word' id='word_1_65' title='bbox 688 1103 886 1169; x_wconf 80' lang='lat' dir='ltr'><strong>gentes</strong></span> <span class='ocrx_word' id='word_1_66' title='bbox 911 1096 1241 1153; x_wconf 84' lang='lat' dir='ltr'><strong>dicebantur</strong></span> <span class='ocrx_word' id='word_1_67' title='bbox 1262 1112 1557 1171; x_wconf 83' lang='lat' dir='ltr'><strong>pauperes,</strong></span> <span class='ocrx_word' id='word_1_68' title='bbox 1592 1096 1649 1148; x_wconf 93' lang='lat' dir='ltr'><strong>in</strong></span> <span class='ocrx_word' id='word_1_69' title='bbox 1674 1095 1762 1148; x_wconf 85' lang='lat' dir='ltr'><strong>his</strong></span> <span class='ocrx_word' id='word_1_70' title='bbox 1791 1094 1969 1148; x_wconf 73' lang='lat' dir='ltr'><strong>Judzei</strong></span> <span class='ocrx_word' id='word_1_71' title='bbox 2001 1110 2060 1147; x_wconf 90' lang='lat' dir='ltr'><strong>se</strong></span> 
     </span>
    </p>
   </div>
   <div class='ocr_carea' id='block_1_11' title="bbox 463 1117 2061 1258">
    <p class='ocr_par' dir='ltr' id='par_1_11' title="bbox 463 1117 2061 1258">
     <span class='ocr_line' id='line_1_11' title="bbox 501 1117 2060 1171; baseline -0.004 -18"><span class='ocrx_word' id='word_1_72' title='bbox 501 1117 663 1153; x_wconf 75' lang='lat' dir='ltr'><strong>ulnus</strong></span> <span class='ocrx_word' id='word_1_73' title='bbox 688 1117 886 1169; x_wconf 75' lang='lat' dir='ltr'><strong>gentes</strong></span> <span class='ocrx_word' id='word_1_74' title='bbox 911 1117 1241 1153; x_wconf 75' lang='lat' dir='ltr'><strong>dicebantur</strong></span> <span class='ocrx_word' id='word_1_75' title='bbox 1262 1117 1557 1171; x_wconf 82' lang='lat' dir='ltr'><strong>pauperes,</strong></span> <span class='ocrx_word' id='word_1_76' title='bbox 1593 1117 1649 1148; x_wconf 87' lang='grc' dir='ltr'><strong>ιιι</strong></span> <span class='ocrx_word' id='word_1_77' title='bbox 1676 1117 1762 1148; x_wconf 84' lang='lat' dir='ltr'><strong>Ius</strong></span> <span class='ocrx_word' id='word_1_78' title='bbox 1791 1117 1969 1148; x_wconf 69' lang='lat' dir='ltr'><strong>Judaei</strong></span> <span class='ocrx_word' id='word_1_79' title='bbox 2001 1117 2060 1147; x_wconf 87' lang='lat' dir='ltr'><strong>se</strong></span> 
     </span>
     <span class='ocr_line' id='line_1_12' title="bbox 463 1117 2061 1258; baseline -0.004 -16"><span class='ocrx_word' id='word_1_80' title='bbox 463 1117 661 1242; x_wconf 52' lang='lat' dir='ltr'><strong>givites</strong></span> <span class='ocrx_word' id='word_1_81' title='bbox 688 1185 1099 1258; x_wconf 80' lang='lat' dir='ltr'><strong>gloriabantur.</strong></span> <span class='ocrx_word' id='word_1_82' title='bbox 1132 1186 1337 1240; x_wconf 87' lang='lat' dir='ltr'><strong>Utrum</strong></span> <span class='ocrx_word' id='word_1_83' title='bbox 1363 1189 1555 1237; x_wconf 88' lang='lat' dir='ltr'><strong>autem</strong></span> <span class='ocrx_word' id='word_1_84' title='bbox 1585 1184 1725 1237; x_wconf 76' lang='lat' dir='ltr'><strong>fines</strong></span> <span class='ocrx_word' id='word_1_85' title='bbox 1754 1183 1971 1253; x_wconf 87' lang='lat' dir='ltr'><strong>aliquos</strong></span> <span class='ocrx_word' id='word_1_86' title='bbox 2002 1182 2061 1235; x_wconf 88' lang='lat' dir='ltr'><strong>in</strong></span> 
     </span>
    </p>
   </div>
   <div class='ocr_carea' id='block_1_12' title="bbox 463 1270 2060 1342">
    <p class='ocr_par' dir='ltr' id='par_1_12' title="bbox 463 1270 2060 1342">
     <span class='ocr_line' id='line_1_13' title="bbox 463 1270 2060 1342; baseline -0.003 -14"><span class='ocrx_word' id='word_1_87' title='bbox 463 1274 568 1328; x_wconf 90' lang='lat' dir='ltr'><strong>hac</strong></span> <span class='ocrx_word' id='word_1_88' title='bbox 591 1273 877 1342; x_wconf 84' lang='lat' dir='ltr'><strong>sententia</strong></span> <span class='ocrx_word' id='word_1_89' title='bbox 915 1289 1100 1327; x_wconf 90' lang='lat' dir='ltr'><strong>sermo</strong></span> <span class='ocrx_word' id='word_1_90' title='bbox 1155 1275 1347 1326; x_wconf 88' lang='lat' dir='ltr'><strong>noster</strong></span> <span class='ocrx_word' id='word_1_91' title='bbox 1402 1270 1724 1342; x_wconf 79' lang='lat' dir='ltr'><strong>expleverit,</strong></span> <span class='ocrx_word' id='word_1_92' title='bbox 1752 1270 2060 1324; x_wconf 90' lang='lat' dir='ltr'><strong>secundum</strong></span> 
     </span>
    </p>
   </div>
   <div class='ocr_carea' id='block_1_13' title="bbox 463 1361 2061 1440">
    <p class='ocr_par' dir='ltr' id='par_1_13' title="bbox 463 1361 2061 1440">
     <span class='ocr_line' id='line_1_14' title="bbox 463 1361 2061 1440; baseline -0.004 -19"><span class='ocrx_word' id='word_1_93' title='bbox 463 1367 735 1440; x_wconf 75' lang='lat' dir='ltr'><strong>mysteria</strong></span> <span class='ocrx_word' id='word_1_94' title='bbox 761 1363 1151 1436; x_wconf 89' lang='lat' dir='ltr'><strong>benignissimi</strong></span> <span class='ocrx_word' id='word_1_95' title='bbox 1180 1363 1284 1418; x_wconf 91' lang='lat' dir='ltr'><strong>Dei</strong></span> <span class='ocrx_word' id='word_1_96' title='bbox 1332 1363 1449 1434; x_wconf 78' lang='lat' dir='ltr'><strong>(per</strong></span> <span class='ocrx_word' id='word_1_97' title='bbox 1478 1379 1617 1435; x_wconf 88' lang='lat' dir='ltr'><strong>quas</strong></span> <span class='ocrx_word' id='word_1_98' title='bbox 1664 1364 1780 1421; x_wconf 86' lang='lat' dir='ltr'><strong>vias</strong></span> <span class='ocrx_word' id='word_1_99' title='bbox 1808 1361 1915 1416; x_wconf 90' lang='lat' dir='ltr'><strong>soli</strong></span> <span class='ocrx_word' id='word_1_100' title='bbox 1945 1362 2061 1416; x_wconf 89' lang='lat' dir='ltr'><strong>Deo</strong></span> 
     </span>
    </p>
   </div>
   <div class='ocr_carea' id='block_1_14' title="bbox 462 1449 2062 1533">
    <p class='ocr_par' dir='ltr' id='par_1_14' title="bbox 462 1449 2062 1533">
     <span class='ocr_line' id='line_1_15' title="bbox 462 1449 2062 1533; baseline -0.004 -24"><span class='ocrx_word' id='word_1_101' title='bbox 462 1454 727 1533; x_wconf 83' lang='lat' dir='ltr'><strong>possibile</strong></span> <span class='ocrx_word' id='word_1_102' title='bbox 747 1453 821 1506; x_wconf 90' lang='lat' dir='ltr'><strong>sit</strong></span> <span class='ocrx_word' id='word_1_103' title='bbox 839 1453 1073 1529; x_wconf 88' lang='lat' dir='ltr'><strong>implere</strong></span> <span class='ocrx_word' id='word_1_104' title='bbox 1103 1468 1225 1523; x_wconf 68' lang='lat' dir='ltr'><strong>quae</strong></span> <span class='ocrx_word' id='word_1_105' title='bbox 1249 1451 1544 1523; x_wconf 90' lang='lat' dir='ltr'><strong>promittit,</strong></span> <span class='ocrx_word' id='word_1_106' title='bbox 1586 1450 1691 1506; x_wconf 88' lang='lat' dir='ltr'><strong>etsi</strong></span> <span class='ocrx_word' id='word_1_107' title='bbox 1741 1449 2062 1505; x_wconf 87' lang='lat' dir='ltr'><strong>hominibus</strong></span> 
     </span>
    </p>
   </div>
   <div class='ocr_carea' id='block_1_15' title="bbox 463 1538 2060 1613">
    <p class='ocr_par' dir='ltr' id='par_1_15' title="bbox 463 1538 2060 1613">
     <span class='ocr_line' id='line_1_16' title="bbox 463 1538 2060 1613; baseline -0.003 -18"><span class='ocrx_word' id='word_1_108' title='bbox 463 1540 1116 1613; x_wconf 84' lang='lat' dir='ltr'><strong>videaturimpossibile),</strong></span> <span class='ocrx_word' id='word_1_109' title='bbox 1132 1540 1398 1595; x_wconf 88' lang='lat' dir='ltr'><strong>discutiat</strong></span> <span class='ocrx_word' id='word_1_110' title='bbox 1416 1539 1661 1612; x_wconf 85' lang='lat' dir='ltr'><strong>prudens</strong></span> <span class='ocrx_word' id='word_1_111' title='bbox 1685 1540 1861 1596; x_wconf 91' lang='lat' dir='ltr'><strong>lector</strong></span> <span class='ocrx_word' id='word_1_112' title='bbox 1888 1558 1901 1606; x_wconf 89' lang='lat'><strong>;</strong></span> <span class='ocrx_word' id='word_1_113' title='bbox 1926 1538 2060 1591; x_wconf 91' lang='lat' dir='ltr'><strong>dum</strong></span> 
     </span>
    </p>
   </div>
   <div class='ocr_carea' id='block_1_16' title="bbox 466 1628 2061 1700">
    <p class='ocr_par' dir='ltr' id='par_1_16' title="bbox 466 1628 2061 1700">
     <span class='ocr_line' id='line_1_17' title="bbox 466 1628 2061 1700; baseline -0.003 -16"><span class='ocrx_word' id='word_1_114' title='bbox 466 1630 819 1685; x_wconf 91' lang='lat' dir='ltr'><strong>solummodo</strong></span> <span class='ocrx_word' id='word_1_115' title='bbox 838 1630 943 1685; x_wconf 89' lang='lat' dir='ltr'><strong>hoc</strong></span> <span class='ocrx_word' id='word_1_116' title='bbox 954 1629 1249 1700; x_wconf 90' lang='lat' dir='ltr'><strong>intelligat,</strong></span> <span class='ocrx_word' id='word_1_117' title='bbox 1259 1629 1409 1700; x_wconf 91' lang='lat' dir='ltr'><strong>quod</strong></span> <span class='ocrx_word' id='word_1_118' title='bbox 1422 1628 1481 1684; x_wconf 93' lang='lat' dir='ltr'><strong>in</strong></span> <span class='ocrx_word' id='word_1_119' title='bbox 1492 1644 1694 1699; x_wconf 90' lang='lat' dir='ltr'><strong>magno</strong></span> <span class='ocrx_word' id='word_1_120' title='bbox 1710 1632 2061 1681; x_wconf 90' lang='lat' dir='ltr'><strong>sacramento</strong></span> 
     </span>
    </p>
   </div>
   <div class='ocr_carea' id='block_1_17' title="bbox 469 1717 2063 1790">
    <p class='ocr_par' dir='ltr' id='par_1_17' title="bbox 469 1717 2063 1790">
     <span class='ocr_line' id='line_1_18' title="bbox 469 1717 2063 1790; baseline -0.003 -17"><span class='ocrx_word' id='word_1_121' title='bbox 469 1719 560 1773; x_wconf 91' lang='lat' dir='ltr'><strong>hic</strong></span> <span class='ocrx_word' id='word_1_122' title='bbox 590 1719 917 1784; x_wconf 80' lang='lat' dir='ltr'><strong>adolescens</strong></span> <span class='ocrx_word' id='word_1_123' title='bbox 957 1718 1211 1790; x_wconf 87' lang='lat' dir='ltr'><strong>provisus</strong></span> <span class='ocrx_word' id='word_1_124' title='bbox 1262 1723 1350 1773; x_wconf 90' lang='lat' dir='ltr'><strong>est</strong></span> <span class='ocrx_word' id='word_1_125' title='bbox 1403 1734 1437 1771; x_wconf 89' lang='lat' dir='ltr'><strong>a</strong></span> <span class='ocrx_word' id='word_1_126' title='bbox 1479 1717 1738 1785; x_wconf 91' lang='lat' dir='ltr'><strong>Domino,</strong></span> <span class='ocrx_word' id='word_1_127' title='bbox 1771 1723 1826 1775; x_wconf 88' lang='lat' dir='ltr'><strong>et</strong></span> <span class='ocrx_word' id='word_1_128' title='bbox 1855 1732 1968 1771; x_wconf 89' lang='lat' dir='ltr'><strong>non</strong></span> <span class='ocrx_word' id='word_1_129' title='bbox 1997 1731 2063 1769; x_wconf 88' lang='lat' dir='ltr'><strong>ex</strong></span> 
     </span>
    </p>
   </div>
   <div class='ocr_carea' id='block_1_18' title="bbox 2143 562 3710 638">
    <p class='ocr_par' dir='ltr' id='par_1_18' title="bbox 2143 562 3710 638">
     <span class='ocr_line' id='line_1_19' title="bbox 2143 562 3710 638; baseline -0.001 -20"><span class='ocrx_word' id='word_1_130' title='bbox 2143 565 2214 619; x_wconf 88' lang='lat' dir='ltr'><strong>do</strong></span> <span class='ocrx_word' id='word_1_131' title='bbox 2243 569 2484 635; x_wconf 87' lang='lat' dir='ltr'><strong>poterat,</strong></span> <span class='ocrx_word' id='word_1_132' title='bbox 2517 566 2666 638; x_wconf 90' lang='lat' dir='ltr'><strong>quod</strong></span> <span class='ocrx_word' id='word_1_133' title='bbox 2692 565 2943 621; x_wconf 86' lang='lat' dir='ltr'><strong>fecerant</strong></span> <span class='ocrx_word' id='word_1_134' title='bbox 2966 565 3089 634; x_wconf 81' lang='lat' dir='ltr'><strong>jam</strong></span> <span class='ocrx_word' id='word_1_135' title='bbox 3144 565 3297 638; x_wconf 82' lang='lat' dir='ltr'><strong>ipsi?</strong></span> <span class='ocrx_word' id='word_1_136' title='bbox 3321 563 3556 619; x_wconf 80' lang='lat' dir='ltr'><strong>Videtur</strong></span> <span class='ocrx_word' id='word_1_137' title='bbox 3582 562 3710 617; x_wconf 87' lang='lat' dir='ltr'><strong>enim</strong></span> 
     </span>
    </p>
   </div>
   <div class='ocr_carea' id='block_1_19' title="bbox 2144 651 3713 717">
    <p class='ocr_par' dir='ltr' id='par_1_19' title="bbox 2144 651 3713 717">
     <span class='ocr_line' id='line_1_20' title="bbox 2144 651 3713 717; baseline 0 -11"><span class='ocrx_word' id='word_1_138' title='bbox 2144 652 2248 706; x_wconf 89' lang='lat' dir='ltr'><strong>sibi</strong></span> <span class='ocrx_word' id='word_1_139' title='bbox 2270 670 2467 715; x_wconf 86' lang='lat' dir='ltr'><strong>sensus</strong></span> <span class='ocrx_word' id='word_1_140' title='bbox 2491 655 2596 710; x_wconf 89' lang='lat' dir='ltr'><strong>iste</strong></span> <span class='ocrx_word' id='word_1_141' title='bbox 2626 655 2963 717; x_wconf 90' lang='lat' dir='ltr'><strong>contrarius,</strong></span> <span class='ocrx_word' id='word_1_142' title='bbox 2994 653 3144 708; x_wconf 90' lang='lat' dir='ltr'><strong>unde</strong></span> <span class='ocrx_word' id='word_1_143' title='bbox 3172 655 3546 717; x_wconf 79' lang='lat' dir='ltr'><strong>admonemur</strong></span> <span class='ocrx_word' id='word_1_144' title='bbox 3570 651 3713 705; x_wconf 88' lang='lat' dir='ltr'><strong>ratio-</strong></span> 
     </span>
    </p>
   </div>
   <div class='ocr_carea' id='block_1_20' title="bbox 2144 740 3710 827">
    <p class='ocr_par' dir='ltr' id='par_1_20' title="bbox 2144 740 3710 827">
     <span class='ocr_line' id='line_1_21' title="bbox 2144 740 3710 827; baseline -0.002 -30"><span class='ocrx_word' id='word_1_145' title='bbox 2144 760 2272 798; x_wconf 91' lang='lat' dir='ltr'><strong>nem</strong></span> <span class='ocrx_word' id='word_1_146' title='bbox 2300 745 2538 799; x_wconf 76' lang='lat' dir='ltr'><strong>caelestis</strong></span> <span class='ocrx_word' id='word_1_147' title='bbox 2568 745 2957 817; x_wconf 70' lang='lat' dir='ltr'><strong>intelligentia:</strong></span> <span class='ocrx_word' id='word_1_148' title='bbox 2981 746 3151 801; x_wconf 87' lang='lat' dir='ltr'><strong>altius</strong></span> <span class='ocrx_word' id='word_1_149' title='bbox 3175 743 3468 827; x_wconf 88' lang='lat' dir='ltr'><strong>requirere</strong></span> <span class='ocrx_word' id='word_1_150' title='bbox 3498 740 3710 805; x_wconf 84' lang='lat' dir='ltr'><strong>debere;</strong></span> 
     </span>
    </p>
   </div>
   <div class='ocr_carea' id='block_1_21' title="bbox 2143 827 3713 909">
    <p class='ocr_par' dir='ltr' id='par_1_21' title="bbox 2143 827 3713 909">
     <span class='ocr_line' id='line_1_22' title="bbox 2143 827 3713 909; baseline -0.003 -22"><span class='ocrx_word' id='word_1_151' title='bbox 2143 833 2292 887; x_wconf 90' lang='lat' dir='ltr'><strong>unde</strong></span> <span class='ocrx_word' id='word_1_152' title='bbox 2321 839 2610 909; x_wconf 90' lang='lat' dir='ltr'><strong>susceptus</strong></span> <span class='ocrx_word' id='word_1_153' title='bbox 2632 838 2743 899; x_wconf 71' lang='lat'><strong>8|</strong></span> <span class='ocrx_word' id='word_1_154' title='bbox 2773 841 2807 900; x_wconf 88' lang='lat'><em>|</em></span> <span class='ocrx_word' id='word_1_155' title='bbox 2850 835 2941 899; x_wconf 91' lang='lat' dir='ltr'><strong>sit,</strong></span> <span class='ocrx_word' id='word_1_156' title='bbox 3001 835 3108 891; x_wconf 86' lang='lat' dir='ltr'><strong>iste</strong></span> <span class='ocrx_word' id='word_1_157' title='bbox 3154 838 3359 898; x_wconf 91' lang='lat' dir='ltr'><strong>metus,</strong></span> <span class='ocrx_word' id='word_1_158' title='bbox 3384 835 3486 884; x_wconf 87' lang='lat' dir='ltr'><strong>aut</strong></span> <span class='ocrx_word' id='word_1_159' title='bbox 3512 827 3713 883; x_wconf 85' lang='lat' dir='ltr'><strong>tristitia</strong></span> 
     </span>
    </p>
   </div>
   <div class='ocr_carea' id='block_1_22' title="bbox 2141 918 3713 995">
    <p class='ocr_par' dir='ltr' id='par_1_22' title="bbox 2141 918 3713 995">
     <span class='ocr_line' id='line_1_23' title="bbox 2141 918 3713 995; baseline -0.003 -19"><span class='ocrx_word' id='word_1_160' title='bbox 2141 920 2331 995; x_wconf 88' lang='lat' dir='ltr'><strong>(sicuti</strong></span> <span class='ocrx_word' id='word_1_161' title='bbox 2362 923 2619 981; x_wconf 91' lang='lat' dir='ltr'><strong>nonnulli</strong></span> <span class='ocrx_word' id='word_1_162' title='bbox 2647 924 2863 977; x_wconf 83' lang='lat' dir='ltr'><strong>codices</strong></span> <span class='ocrx_word' id='word_1_163' title='bbox 2893 922 3146 989; x_wconf 82' lang='lat' dir='ltr'><strong>habent),</strong></span> <span class='ocrx_word' id='word_1_164' title='bbox 3164 922 3251 976; x_wconf 79' lang='lat' dir='ltr'><strong>vel</strong></span> <span class='ocrx_word' id='word_1_165' title='bbox 3274 918 3594 984; x_wconf 86' lang='lat' dir='ltr'><strong>admiratio,</strong></span> <span class='ocrx_word' id='word_1_166' title='bbox 3608 934 3713 972; x_wconf 87' lang='lat' dir='ltr'><strong>cum</strong></span> 
     </span>
    </p>
   </div>
   <div class='ocr_carea' id='block_1_23' title="bbox 2146 1006 3714 1085">
    <p class='ocr_par' dir='ltr' id='par_1_23' title="bbox 2146 1006 3714 1085">
     <span class='ocr_line' id='line_1_24' title="bbox 2146 1006 3714 1085; baseline -0.005 -18"><span class='ocrx_word' id='word_1_167' title='bbox 2146 1016 2330 1067; x_wconf 87' lang='lat' dir='ltr'><strong>totum</strong></span> <span class='ocrx_word' id='word_1_168' title='bbox 2360 1029 2419 1067; x_wconf 90' lang='lat' dir='ltr'><strong>se</strong></span> <span class='ocrx_word' id='word_1_169' title='bbox 2442 1012 2637 1068; x_wconf 85' lang='lat' dir='ltr'><strong>fecisse</strong></span> <span class='ocrx_word' id='word_1_170' title='bbox 2662 1012 2983 1085; x_wconf 80' lang='lat' dir='ltr'><strong>gloriantur</strong></span> <span class='ocrx_word' id='word_1_171' title='bbox 3010 1029 3135 1085; x_wconf 67' lang='lat' dir='ltr'><strong>quae</strong></span> <span class='ocrx_word' id='word_1_172' title='bbox 3178 1008 3514 1065; x_wconf 82' lang='lat' dir='ltr'><strong>difficillima</strong></span> <span class='ocrx_word' id='word_1_173' title='bbox 3549 1006 3714 1078; x_wconf 65' lang='lat' dir='ltr'><strong>pradi-</strong></span> 
     </span>
    </p>
   </div>
   <div class='ocr_carea' id='block_1_24' title="bbox 2144 1097 3716 1174">
    <p class='ocr_par' dir='ltr' id='par_1_24' title="bbox 2144 1097 3716 1174">
     <span class='ocr_line' id='line_1_25' title="bbox 2144 1097 3716 1174; baseline -0.003 -19"><span class='ocrx_word' id='word_1_174' title='bbox 2144 1106 2362 1156; x_wconf 89' lang='lat' dir='ltr'><strong>cantur.</strong></span> <span class='ocrx_word' id='word_1_175' title='bbox 2388 1101 2497 1163; x_wconf 85' lang='lat' dir='ltr'><strong>Sed</strong></span> <span class='ocrx_word' id='word_1_176' title='bbox 2526 1106 2584 1156; x_wconf 92' lang='lat' dir='ltr'><strong>et</strong></span> <span class='ocrx_word' id='word_1_177' title='bbox 2612 1102 2837 1159; x_wconf 81' lang='lat' dir='ltr'><strong>Domini</strong></span> <span class='ocrx_word' id='word_1_178' title='bbox 2858 1101 3144 1174; x_wconf 86' lang='lat' dir='ltr'><strong>responsio</strong></span> <span class='ocrx_word' id='word_1_179' title='bbox 3169 1104 3276 1164; x_wconf 90' lang='lat' dir='ltr'><strong>est,</strong></span> <span class='ocrx_word' id='word_1_180' title='bbox 3304 1098 3454 1169; x_wconf 89' lang='lat' dir='ltr'><strong>quod</strong></span> <span class='ocrx_word' id='word_1_181' title='bbox 3476 1097 3592 1163; x_wconf 69' lang='lat' dir='ltr'><strong>haec</strong></span> <span class='ocrx_word' id='word_1_182' title='bbox 3616 1112 3716 1167; x_wconf 67' lang='lat' dir='ltr'><strong>quae</strong></span> 
     </span>
    </p>
   </div>
   <div class='ocr_carea' id='block_1_25' title="bbox 2144 1182 3720 1263">
    <p class='ocr_par' dir='ltr' id='par_1_25' title="bbox 2144 1182 3720 1263">
     <span class='ocr_line' id='line_1_26' title="bbox 2144 1182 3720 1263; baseline -0.006 -18"><span class='ocrx_word' id='word_1_183' title='bbox 2144 1191 2295 1263; x_wconf 89' lang='lat' dir='ltr'><strong>apud</strong></span> <span class='ocrx_word' id='word_1_184' title='bbox 2324 1190 2579 1245; x_wconf 87' lang='lat' dir='ltr'><strong>homines</strong></span> <span class='ocrx_word' id='word_1_185' title='bbox 2610 1190 2976 1263; x_wconf 88' lang='lat' dir='ltr'><strong>impossibilia</strong></span> <span class='ocrx_word' id='word_1_186' title='bbox 2999 1193 3149 1253; x_wconf 91' lang='lat' dir='ltr'><strong>sunt,</strong></span> <span class='ocrx_word' id='word_1_187' title='bbox 3184 1187 3337 1258; x_wconf 89' lang='lat' dir='ltr'><strong>apud</strong></span> <span class='ocrx_word' id='word_1_188' title='bbox 3362 1187 3548 1241; x_wconf 88' lang='lat' dir='ltr'><strong>Deum</strong></span> <span class='ocrx_word' id='word_1_189' title='bbox 3574 1182 3720 1260; x_wconf 87' lang='lat' dir='ltr'><strong>possi-</strong></span> 
     </span>
    </p>
   </div>
   <div class='ocr_carea' id='block_1_26' title="bbox 2141 1273 3722 1353">
    <p class='ocr_par' dir='ltr' id='par_1_26' title="bbox 2141 1273 3722 1353">
     <span class='ocr_line' id='line_1_27' title="bbox 2141 1273 3722 1353; baseline -0.006 -18"><span class='ocrx_word' id='word_1_190' title='bbox 2141 1278 2277 1335; x_wconf 88' lang='lat' dir='ltr'><strong>bilia</strong></span> <span class='ocrx_word' id='word_1_191' title='bbox 2303 1281 2441 1335; x_wconf 89' lang='lat' dir='ltr'><strong>fore.</strong></span> <span class='ocrx_word' id='word_1_192' title='bbox 2475 1282 2588 1335; x_wconf 84' lang='lat' dir='ltr'><strong>Aut</strong></span> <span class='ocrx_word' id='word_1_193' title='bbox 2616 1280 2869 1353; x_wconf 90' lang='lat' dir='ltr'><strong>nunquid</strong></span> <span class='ocrx_word' id='word_1_194' title='bbox 2900 1277 3268 1353; x_wconf 87' lang='lat' dir='ltr'><strong>impossibilia</strong></span> <span class='ocrx_word' id='word_1_195' title='bbox 3294 1280 3461 1330; x_wconf 89' lang='lat' dir='ltr'><strong>erant</strong></span> <span class='ocrx_word' id='word_1_196' title='bbox 3490 1273 3722 1353; x_wconf 86' lang='lat' dir='ltr'><strong>apudho-</strong></span> 
     </span>
    </p>
   </div>
   <div class='ocr_carea' id='block_1_27' title="bbox 2143 1291 3720 1445">
    <p class='ocr_par' dir='ltr' id='par_1_27' title="bbox 2143 1291 3720 1445">
     <span class='ocr_line' id='line_1_28' title="bbox 2146 1291 3720 1418; baseline -0.006 -83"><span class='ocrx_word' id='word_1_197' title='bbox 2146 1291 2277 1335; x_wconf 77' lang='lat' dir='ltr'><strong>bllia</strong></span> <span class='ocrx_word' id='word_1_198' title='bbox 2303 1291 2441 1335; x_wconf 85' lang='lat' dir='ltr'><strong>fore.</strong></span> <span class='ocrx_word' id='word_1_199' title='bbox 2475 1291 2588 1335; x_wconf 84' lang='lat' dir='ltr'><strong>Aut</strong></span> <span class='ocrx_word' id='word_1_200' title='bbox 2616 1291 2869 1353; x_wconf 78' lang='lat' dir='ltr'><strong>nunquid</strong></span> <span class='ocrx_word' id='word_1_201' title='bbox 2900 1291 3268 1353; x_wconf 71' lang='lat' dir='ltr'><strong>impossxblna</strong></span> <span class='ocrx_word' id='word_1_202' title='bbox 3294 1291 3461 1330; x_wconf 81' lang='lat' dir='ltr'><strong>erant</strong></span> <span class='ocrx_word' id='word_1_203' title='bbox 3490 1291 3632 1418; x_wconf 47' lang='lat' dir='ltr'><strong>agema</strong></span> <span class='ocrx_word' id='word_1_204' title='bbox 3644 1291 3720 1327; x_wconf 89' lang='lat' dir='ltr'><strong>no-</strong></span> 
     </span>
     <span class='ocr_line' id='line_1_29' title="bbox 2143 1361 3720 1445; baseline -0.005 -23"><span class='ocrx_word' id='word_1_205' title='bbox 2143 1370 2345 1433; x_wconf 81' lang='lat' dir='ltr'><strong>mines,</strong></span> <span class='ocrx_word' id='word_1_206' title='bbox 2378 1387 2502 1441; x_wconf 69' lang='lat' dir='ltr'><strong>quae</strong></span> <span class='ocrx_word' id='word_1_207' title='bbox 2530 1371 2638 1445; x_wconf 91' lang='lat' dir='ltr'><strong>ipsi</strong></span> <span class='ocrx_word' id='word_1_208' title='bbox 2666 1388 2725 1425; x_wconf 91' lang='lat' dir='ltr'><strong>se</strong></span> <span class='ocrx_word' id='word_1_209' title='bbox 2753 1370 3068 1442; x_wconf 81' lang='lat' dir='ltr'><strong>gloriantur</strong></span> <span class='ocrx_word' id='word_1_210' title='bbox 3091 1373 3149 1423; x_wconf 88' lang='lat' dir='ltr'><strong>et</strong></span> <span class='ocrx_word' id='word_1_211' title='bbox 3182 1365 3468 1421; x_wconf 81' lang='lat' dir='ltr'><strong>exsultant</strong></span> <span class='ocrx_word' id='word_1_212' title='bbox 3567 1361 3720 1416; x_wconf 81' lang='lat' dir='ltr'><strong>cisse?</strong></span> 
     </span>
    </p>
   </div>
   <div class='ocr_carea' id='block_1_28' title="bbox 2143 1452 3717 1535">
    <p class='ocr_par' dir='ltr' id='par_1_28' title="bbox 2143 1452 3717 1535">
     <span class='ocr_line' id='line_1_30' title="bbox 2143 1452 3717 1535; baseline -0.005 -22"><span class='ocrx_word' id='word_1_213' title='bbox 2143 1459 2253 1514; x_wconf 89' lang='lat' dir='ltr'><strong>Sed</strong></span> <span class='ocrx_word' id='word_1_214' title='bbox 2284 1464 2341 1513; x_wconf 91' lang='lat' dir='ltr'><strong>et</strong></span> <span class='ocrx_word' id='word_1_215' title='bbox 2368 1460 2642 1517; x_wconf 90' lang='lat' dir='ltr'><strong>Dominus</strong></span> <span class='ocrx_word' id='word_1_216' title='bbox 2666 1460 2891 1516; x_wconf 87' lang='lat' dir='ltr'><strong>eosdem</strong></span> <span class='ocrx_word' id='word_1_217' title='bbox 2922 1476 3051 1513; x_wconf 92' lang='lat' dir='ltr'><strong>mox</strong></span> <span class='ocrx_word' id='word_1_218' title='bbox 3074 1458 3153 1512; x_wconf 90' lang='lat' dir='ltr'><strong>sic</strong></span> <span class='ocrx_word' id='word_1_219' title='bbox 3181 1455 3377 1519; x_wconf 84' lang='lat' dir='ltr'><strong>fecisse</strong></span> <span class='ocrx_word' id='word_1_220' title='bbox 3407 1452 3717 1535; x_wconf 76' lang='lat' dir='ltr'><strong>confirmat;</strong></span> 
     </span>
    </p>
   </div>
   <div class='ocr_carea' id='block_1_29' title="bbox 2143 1540 3722 1629">
    <p class='ocr_par' dir='ltr' id='par_1_29' title="bbox 2143 1540 3722 1629">
     <span class='ocr_line' id='line_1_31' title="bbox 2143 1540 3722 1629; baseline -0.005 -27"><span class='ocrx_word' id='word_1_221' title='bbox 2143 1553 2201 1602; x_wconf 93' lang='lat' dir='ltr'><strong>et</strong></span> <span class='ocrx_word' id='word_1_222' title='bbox 2227 1548 2489 1622; x_wconf 91' lang='lat' dir='ltr'><strong>deinceps</strong></span> <span class='ocrx_word' id='word_1_223' title='bbox 2518 1550 2707 1629; x_wconf 89' lang='lat' dir='ltr'><strong>plures</strong></span> <span class='ocrx_word' id='word_1_224' title='bbox 2730 1549 2906 1615; x_wconf 72' lang='lat' dir='ltr'><strong>fuere,</strong></span> <span class='ocrx_word' id='word_1_225' title='bbox 2924 1548 3021 1621; x_wconf 87' lang='lat' dir='ltr'><strong>qui</strong></span> <span class='ocrx_word' id='word_1_226' title='bbox 3037 1564 3216 1620; x_wconf 91' lang='lat' dir='ltr'><strong>usque</strong></span> <span class='ocrx_word' id='word_1_227' title='bbox 3236 1545 3308 1599; x_wconf 88' lang='lat' dir='ltr'><strong>ad</strong></span> <span class='ocrx_word' id='word_1_228' title='bbox 3327 1541 3592 1613; x_wconf 83' lang='lat' dir='ltr'><strong>martyrii</strong></span> <span class='ocrx_word' id='word_1_229' title='bbox 3608 1540 3722 1595; x_wconf 84' lang='lat' dir='ltr'><strong>bea-</strong></span> 
     </span>
    </p>
   </div>
   <div class='ocr_carea' id='block_1_30' title="bbox 2142 1630 3722 1715">
    <p class='ocr_par' dir='ltr' id='par_1_30' title="bbox 2142 1630 3722 1715">
     <span class='ocr_line' id='line_1_32' title="bbox 2142 1630 3722 1715; baseline -0.004 -26"><span class='ocrx_word' id='word_1_230' title='bbox 2142 1636 2442 1691; x_wconf 89' lang='lat' dir='ltr'><strong>titudinem</strong></span> <span class='ocrx_word' id='word_1_231' title='bbox 2469 1638 2799 1715; x_wconf 90' lang='lat' dir='ltr'><strong>semetipsos</strong></span> <span class='ocrx_word' id='word_1_232' title='bbox 2827 1644 2884 1692; x_wconf 90' lang='lat' dir='ltr'><strong>et</strong></span> <span class='ocrx_word' id='word_1_233' title='bbox 2902 1637 3099 1692; x_wconf 89' lang='lat' dir='ltr'><strong>omnia</strong></span> <span class='ocrx_word' id='word_1_234' title='bbox 3115 1653 3220 1690; x_wconf 91' lang='lat' dir='ltr'><strong>sua</strong></span> <span class='ocrx_word' id='word_1_235' title='bbox 3244 1633 3488 1694; x_wconf 81' lang='lat' dir='ltr'><strong>feliciter</strong></span> <span class='ocrx_word' id='word_1_236' title='bbox 3501 1630 3722 1702; x_wconf 86' lang='lat' dir='ltr'><strong>relique-</strong></span> 
     </span>
    </p>
   </div>
   <div class='ocr_carea' id='block_1_31' title="bbox 2143 1720 3724 1819">
    <p class='ocr_par' dir='ltr' id='par_1_31' title="bbox 2143 1720 3724 1819">
     <span class='ocr_line' id='line_1_33' title="bbox 2143 1720 3724 1819; baseline -0.008 -35"><span class='ocrx_word' id='word_1_237' title='bbox 2143 1734 2297 1784; x_wconf 87' lang='lat' dir='ltr'><strong>runt.</strong></span> <span class='ocrx_word' id='word_1_238' title='bbox 2331 1722 2686 1819; x_wconf 83' lang='lat' dir='ltr'><strong>Quapropter</strong></span> <span class='ocrx_word' id='word_1_239' title='bbox 2715 1727 2899 1787; x_wconf 86' lang='lat' dir='ltr'><strong>omnis</strong></span> <span class='ocrx_word' id='word_1_240' title='bbox 2927 1727 3019 1781; x_wconf 90' lang='lat' dir='ltr'><strong>hic</strong></span> <span class='ocrx_word' id='word_1_241' title='bbox 3048 1741 3234 1783; x_wconf 90' lang='lat' dir='ltr'><strong>sermo</strong></span> <span class='ocrx_word' id='word_1_242' title='bbox 3262 1720 3635 1803; x_wconf 84' lang='lat' dir='ltr'><strong>spiritualiter</strong></span> <span class='ocrx_word' id='word_1_243' title='bbox 3654 1722 3724 1818; x_wconf 80' lang='lat' dir='ltr'><strong>est</strong></span> 
     </span>
    </p>
   </div>
   <div class='ocr_carea' id='block_1_32' title="bbox 469 1791 2062 1889">
    <p class='ocr_par' dir='ltr' id='par_1_32' title="bbox 469 1807 2061 1879">
     <span class='ocr_line' id='line_1_34' title="bbox 469 1807 2061 1879; baseline -0.004 -16"><span class='ocrx_word' id='word_1_244' title='bbox 469 1813 693 1879; x_wconf 83' lang='lat' dir='ltr'><strong>eventu,</strong></span> <span class='ocrx_word' id='word_1_245' title='bbox 724 1807 820 1862; x_wconf 88' lang='lat' dir='ltr'><strong>sed</strong></span> <span class='ocrx_word' id='word_1_246' title='bbox 850 1808 908 1862; x_wconf 92' lang='lat' dir='ltr'><strong>in</strong></span> <span class='ocrx_word' id='word_1_247' title='bbox 947 1807 1226 1878; x_wconf 88' lang='lat' dir='ltr'><strong>sapientia</strong></span> <span class='ocrx_word' id='word_1_248' title='bbox 1280 1807 1383 1861; x_wconf 90' lang='lat' dir='ltr'><strong>Dei</strong></span> <span class='ocrx_word' id='word_1_249' title='bbox 1431 1807 1863 1878; x_wconf 83' lang='lat' dir='ltr'><strong>praeordinatus,</strong></span> <span class='ocrx_word' id='word_1_250' title='bbox 1896 1810 1962 1859; x_wconf 87' lang='lat' dir='ltr'><strong>ut</strong></span> <span class='ocrx_word' id='word_1_251' title='bbox 1995 1820 2061 1858; x_wconf 88' lang='lat' dir='ltr'><strong>ex</strong></span> 
     </span>
    </p>
   </div>
   <div class='ocr_carea' id='block_1_33' title="bbox 2144 1791 3723 1889">
    <p class='ocr_par' dir='ltr' id='par_1_33' title="bbox 2145 1791 3723 1889">
     <span class='ocr_line' id='line_1_35' title="bbox 2145 1791 3723 1889; baseline -0.008 -18"><span class='ocrx_word' id='word_1_252' title='bbox 2145 1791 2518 1889; x_wconf 57' lang='lat' dir='ltr'><strong>accipiendas.</strong></span> <span class='ocrx_word' id='word_1_253' title='bbox 2552 1791 2715 1883; x_wconf 85' lang='lat' dir='ltr'><strong>Quia,</strong></span> <span class='ocrx_word' id='word_1_254' title='bbox 2747 1820 2813 1870; x_wconf 89' lang='lat' dir='ltr'><strong>ut</strong></span> <span class='ocrx_word' id='word_1_255' title='bbox 2839 1831 3012 1887; x_wconf 88' lang='lat' dir='ltr'><strong>supra</strong></span> <span class='ocrx_word' id='word_1_256' title='bbox 3031 1814 3089 1868; x_wconf 91' lang='lat' dir='ltr'><strong>in</strong></span> <span class='ocrx_word' id='word_1_257' title='bbox 3120 1791 3314 1886; x_wconf 71' lang='lat' dir='ltr'><strong>paucis</strong></span> <span class='ocrx_word' id='word_1_258' title='bbox 3339 1809 3587 1874; x_wconf 88' lang='lat' dir='ltr'><strong>ostendi,</strong></span> <span class='ocrx_word' id='word_1_259' title='bbox 3610 1805 3723 1860; x_wconf 87' lang='lat' dir='ltr'><strong>satis</strong></span> 
     </span>
    </p>
   </div>
   <div class='ocr_carea' id='block_1_34' title="bbox 467 1895 2057 1967">
    <p class='ocr_par' dir='ltr' id='par_1_34' title="bbox 467 1895 2057 1967">
     <span class='ocr_line' id='line_1_36' title="bbox 467 1895 2057 1967; baseline -0.002 -16"><span class='ocrx_word' id='word_1_260' title='bbox 467 1896 564 1951; x_wconf 92' lang='lat' dir='ltr'><strong>illo</strong></span> <span class='ocrx_word' id='word_1_261' title='bbox 594 1896 915 1951; x_wconf 86' lang='lat' dir='ltr'><strong>ostenderet</strong></span> <span class='ocrx_word' id='word_1_262' title='bbox 942 1896 1090 1967; x_wconf 90' lang='lat' dir='ltr'><strong>quod</strong></span> <span class='ocrx_word' id='word_1_263' title='bbox 1120 1896 1373 1954; x_wconf 84' lang='lat' dir='ltr'><strong>futurum</strong></span> <span class='ocrx_word' id='word_1_264' title='bbox 1394 1901 1536 1953; x_wconf 88' lang='lat' dir='ltr'><strong>erat.</strong></span> <span class='ocrx_word' id='word_1_265' title='bbox 1568 1896 1729 1950; x_wconf 89' lang='lat' dir='ltr'><strong>Unde</strong></span> <span class='ocrx_word' id='word_1_266' title='bbox 1762 1895 2019 1967; x_wconf 88' lang='lat' dir='ltr'><strong>sequitur</strong></span> <span class='ocrx_word' id='word_1_267' title='bbox 2046 1912 2057 1947; x_wconf 95' lang='lat'><strong>:</strong></span> 
     </span>
    </p>
   </div>
   <div class='ocr_carea' id='block_1_35' title="bbox 539 1985 2067 2061">
    <p class='ocr_par' dir='ltr' id='par_1_35' title="bbox 539 1985 2067 2061">
     <span class='ocr_line' id='line_1_37' title="bbox 539 1985 2067 2061; baseline -0.004 -21"><span class='ocrx_word' id='word_1_268' title='bbox 539 1989 598 2053; x_wconf 69' lang='lat'><strong>8</strong></span> <span class='ocrx_word' id='word_1_269' title='bbox 614 1991 650 2053; x_wconf 89' lang='lat'>|</span> <span class='ocrx_word' id='word_1_270' title='bbox 663 1986 889 2061; x_wconf 53' lang='lat' dir='ltr'><strong>“Tunc</strong></span> <span class='ocrx_word' id='word_1_271' title='bbox 907 1987 1235 2055; x_wconf 83' lang='lat' dir='ltr'><strong>respondens</strong></span> <span class='ocrx_word' id='word_1_272' title='bbox 1252 1987 1447 2039; x_wconf 88' lang='lat' dir='ltr'><strong>Petrus</strong></span> <span class='ocrx_word' id='word_1_273' title='bbox 1458 1986 1603 2038; x_wconf 73' lang='lat' dir='ltr'><strong>dixit</strong></span> <span class='ocrx_word' id='word_1_274' title='bbox 1615 1988 1666 2038; x_wconf 83' lang='lat' dir='ltr'><strong>ei</strong></span> <span class='ocrx_word' id='word_1_275' title='bbox 1684 2004 1699 2038; x_wconf 92' lang='lat'><strong><em>:</em></strong></span> <span class='ocrx_word' id='word_1_276' title='bbox 1724 1985 1851 2039; x_wconf 85' lang='lat' dir='ltr'><strong>Ecce</strong></span> <span class='ocrx_word' id='word_1_277' title='bbox 1871 2000 1969 2037; x_wconf 88' lang='lat' dir='ltr'><strong>nos</strong></span> <span class='ocrx_word' id='word_1_278' title='bbox 1984 1998 2067 2035; x_wconf 86' lang='lat' dir='ltr'><strong>re-</strong></span> 
     </span>
    </p>
   </div>
   <div class='ocr_carea' id='block_1_36' title="bbox 466 2074 2067 2146">
    <p class='ocr_par' dir='ltr' id='par_1_36' title="bbox 466 2074 2067 2146">
     <span class='ocr_line' id='line_1_38' title="bbox 466 2074 2067 2146; baseline -0.004 -16"><span class='ocrx_word' id='word_1_279' title='bbox 466 2077 736 2146; x_wconf 73' lang='lat' dir='ltr'><strong>liquimus</strong></span> <span class='ocrx_word' id='word_1_280' title='bbox 750 2077 940 2129; x_wconf 93' lang='lat' dir='ltr'><strong>omnia</strong></span> <span class='ocrx_word' id='word_1_281' title='bbox 960 2080 1009 2128; x_wconf 87' lang='lat' dir='ltr'><strong>et</strong></span> <span class='ocrx_word' id='word_1_282' title='bbox 1022 2077 1193 2128; x_wconf 85' lang='lat' dir='ltr'><strong>secuti</strong></span> <span class='ocrx_word' id='word_1_283' title='bbox 1207 2091 1271 2128; x_wconf 87' lang='lat' dir='ltr'><strong>su</strong></span> <span class='ocrx_word' id='word_1_284' title='bbox 1281 2090 1402 2127; x_wconf 87' lang='lat' dir='ltr'><strong>mus</strong></span> <span class='ocrx_word' id='word_1_285' title='bbox 1424 2079 1491 2139; x_wconf 78' lang='lat' dir='ltr'><strong>te,</strong></span> <span class='ocrx_word' id='word_1_286' title='bbox 1522 2075 1660 2145; x_wconf 88' lang='lat' dir='ltr'><strong>quid</strong></span> <span class='ocrx_word' id='word_1_287' title='bbox 1678 2089 1801 2142; x_wconf 80' lang='lat' dir='ltr'><strong>ergo</strong></span> <span class='ocrx_word' id='word_1_288' title='bbox 1850 2074 1958 2127; x_wconf 81' lang='lat' dir='ltr'><strong>erit</strong></span> <span class='ocrx_word' id='word_1_289' title='bbox 1974 2088 2067 2125; x_wconf 88' lang='lat' dir='ltr'><strong>no-</strong></span> 
     </span>
    </p>
   </div>
   <div class='ocr_carea' id='block_1_37' title="bbox 465 2160 2059 2235">
    <p class='ocr_par' dir='ltr' id='par_1_37' title="bbox 465 2160 2059 2235">
     <span class='ocr_line' id='line_1_39' title="bbox 465 2160 2059 2235; baseline -0.002 -18"><span class='ocrx_word' id='word_1_290' title='bbox 465 2164 545 2218; x_wconf 89' lang='lat' dir='ltr'><strong>bis</strong></span> <span class='ocrx_word' id='word_1_291' title='bbox 565 2169 589 2217; x_wconf 85' lang='lat'><strong><em>?</em></strong></span> <span class='ocrx_word' id='word_1_292' title='bbox 615 2162 865 2218; x_wconf 87' lang='lat' dir='ltr'><strong>Audiens</strong></span> <span class='ocrx_word' id='word_1_293' title='bbox 887 2163 1088 2217; x_wconf 89' lang='lat' dir='ltr'><strong>Petrus</strong></span> <span class='ocrx_word' id='word_1_294' title='bbox 1111 2180 1234 2235; x_wconf 71' lang='lat' dir='ltr'><strong>qua:</strong></span> <span class='ocrx_word' id='word_1_295' title='bbox 1263 2162 1514 2231; x_wconf 87' lang='lat' dir='ltr'><strong>jusserat</strong></span> <span class='ocrx_word' id='word_1_296' title='bbox 1541 2162 1672 2216; x_wconf 88' lang='lat' dir='ltr'><strong>huic</strong></span> <span class='ocrx_word' id='word_1_297' title='bbox 1700 2160 2059 2226; x_wconf 85' lang='lat' dir='ltr'><strong>adolescenti,</strong></span> 
     </span>
    </p>
   </div>
   <div class='ocr_carea' id='block_1_38' title="bbox 466 2248 2064 2324">
    <p class='ocr_par' dir='ltr' id='par_1_38' title="bbox 466 2248 2064 2324">
     <span class='ocr_line' id='line_1_40' title="bbox 466 2248 2064 2324; baseline -0.003 -18"><span class='ocrx_word' id='word_1_298' title='bbox 466 2251 701 2321; x_wconf 78' lang='lat' dir='ltr'><strong>audiens</strong></span> <span class='ocrx_word' id='word_1_299' title='bbox 732 2267 856 2324; x_wconf 73' lang='lat' dir='ltr'><strong>quae</strong></span> <span class='ocrx_word' id='word_1_300' title='bbox 879 2254 1267 2324; x_wconf 88' lang='lat' dir='ltr'><strong>proposuerat,</strong></span> <span class='ocrx_word' id='word_1_301' title='bbox 1292 2250 1581 2305; x_wconf 88' lang='lat' dir='ltr'><strong>occasione</strong></span> <span class='ocrx_word' id='word_1_302' title='bbox 1620 2255 1865 2321; x_wconf 83' lang='lat' dir='ltr'><strong>accepta,</strong></span> <span class='ocrx_word' id='word_1_303' title='bbox 1885 2265 1951 2302; x_wconf 90' lang='lat' dir='ltr'><strong>ex</strong></span> <span class='ocrx_word' id='word_1_304' title='bbox 1974 2248 2064 2302; x_wconf 90' lang='lat' dir='ltr'><strong>his</strong></span> 
     </span>
    </p>
   </div>
   <div class='ocr_carea' id='block_1_39' title="bbox 468 2338 2063 2413">
    <p class='ocr_par' dir='ltr' id='par_1_39' title="bbox 468 2338 2063 2413">
     <span class='ocr_line' id='line_1_41' title="bbox 468 2338 2063 2413; baseline -0.002 -19"><span class='ocrx_word' id='word_1_305' title='bbox 468 2339 804 2413; x_wconf 74' lang='lat' dir='ltr'><strong>ﬁducialiter</strong></span> <span class='ocrx_word' id='word_1_306' title='bbox 829 2338 899 2393; x_wconf 88' lang='lat' dir='ltr'><strong>ad</strong></span> <span class='ocrx_word' id='word_1_307' title='bbox 929 2340 1045 2393; x_wconf 69' lang='lat' dir='ltr'><strong>haec</strong></span> <span class='ocrx_word' id='word_1_308' title='bbox 1065 2339 1354 2410; x_wconf 85' lang='lat' dir='ltr'><strong>respondit</strong></span> <span class='ocrx_word' id='word_1_309' title='bbox 1380 2344 1437 2393; x_wconf 90' lang='lat' dir='ltr'><strong>et</strong></span> <span class='ocrx_word' id='word_1_310' title='bbox 1462 2339 1791 2410; x_wconf 82' lang='lat' dir='ltr'><strong>interrogat.</strong></span> <span class='ocrx_word' id='word_1_311' title='bbox 1808 2338 2063 2409; x_wconf 87' lang='lat' dir='ltr'><strong>Respon-</strong></span> 
     </span>
    </p>
   </div>
   <div class='ocr_carea' id='block_1_40' title="bbox 468 2427 2064 2500">
    <p class='ocr_par' dir='ltr' id='par_1_40' title="bbox 468 2427 2064 2500">
     <span class='ocr_line' id='line_1_42' title="bbox 468 2427 2064 2500; baseline -0.002 -16"><span class='ocrx_word' id='word_1_312' title='bbox 468 2429 553 2485; x_wconf 91' lang='lat' dir='ltr'><strong>dit</strong></span> <span class='ocrx_word' id='word_1_313' title='bbox 580 2445 640 2483; x_wconf 86' lang='lat' dir='ltr'><strong>se</strong></span> <span class='ocrx_word' id='word_1_314' title='bbox 678 2444 919 2500; x_wconf 89' lang='lat' dir='ltr'><strong>suosque</strong></span> <span class='ocrx_word' id='word_1_315' title='bbox 941 2428 1348 2499; x_wconf 87' lang='lat' dir='ltr'><strong>condiscipulos</strong></span> <span class='ocrx_word' id='word_1_316' title='bbox 1377 2445 1445 2483; x_wconf 92' lang='lat' dir='ltr'><strong>ea</strong></span> <span class='ocrx_word' id='word_1_317' title='bbox 1473 2427 1791 2500; x_wconf 88' lang='lat' dir='ltr'><strong>implevisse</strong></span> <span class='ocrx_word' id='word_1_318' title='bbox 1825 2443 1949 2498; x_wconf 64' lang='lat' dir='ltr'><strong>quin</strong></span> <span class='ocrx_word' id='word_1_319' title='bbox 1969 2427 2064 2497; x_wconf 92' lang='lat' dir='ltr'><strong>ju-</strong></span> 
     </span>
    </p>
   </div>
   <div class='ocr_carea' id='block_1_41' title="bbox 468 2515 2060 2590">
    <p class='ocr_par' dir='ltr' id='par_1_41' title="bbox 468 2515 2060 2590">
     <span class='ocr_line' id='line_1_43' title="bbox 468 2515 2060 2590; baseline -0.004 -16"><span class='ocrx_word' id='word_1_320' title='bbox 468 2520 691 2579; x_wconf 80' lang='lat' dir='ltr'><strong>bentur.</strong></span> <span class='ocrx_word' id='word_1_321' title='bbox 708 2524 761 2572; x_wconf 86' lang='lat' dir='ltr'><strong>et</strong></span> <span class='ocrx_word' id='word_1_322' title='bbox 775 2519 1087 2588; x_wconf 86' lang='lat' dir='ltr'><strong>interrogat</strong></span> <span class='ocrx_word' id='word_1_323' title='bbox 1099 2520 1233 2590; x_wconf 88' lang='lat' dir='ltr'><strong>quid</strong></span> <span class='ocrx_word' id='word_1_324' title='bbox 1250 2536 1351 2590; x_wconf 91' lang='lat' dir='ltr'><strong>pro</strong></span> <span class='ocrx_word' id='word_1_325' title='bbox 1372 2519 1459 2572; x_wconf 89' lang='lat' dir='ltr'><strong>his</strong></span> <span class='ocrx_word' id='word_1_326' title='bbox 1477 2517 1607 2571; x_wconf 92' lang='lat' dir='ltr'><strong>boni</strong></span> <span class='ocrx_word' id='word_1_327' title='bbox 1629 2517 1744 2571; x_wconf 90' lang='lat' dir='ltr'><strong>sint</strong></span> <span class='ocrx_word' id='word_1_328' title='bbox 1758 2515 2060 2587; x_wconf 91' lang='lat' dir='ltr'><strong>accepturi.</strong></span> 
     </span>
    </p>
   </div>
   <div class='ocr_carea' id='block_1_42' title="bbox 469 2604 2065 2681">
    <p class='ocr_par' dir='ltr' id='par_1_42' title="bbox 469 2604 2065 2681">
     <span class='ocr_line' id='line_1_44' title="bbox 469 2604 2065 2681; baseline -0.004 -19"><span class='ocrx_word' id='word_1_329' title='bbox 469 2607 757 2662; x_wconf 88' lang='lat' dir='ltr'><strong>Excitatur</strong></span> <span class='ocrx_word' id='word_1_330' title='bbox 785 2624 1029 2679; x_wconf 88' lang='lat' dir='ltr'><strong>namque</strong></span> <span class='ocrx_word' id='word_1_331' title='bbox 1058 2606 1241 2661; x_wconf 88' lang='lat' dir='ltr'><strong>subito</strong></span> <span class='ocrx_word' id='word_1_332' title='bbox 1272 2614 1337 2660; x_wconf 91' lang='lat' dir='ltr'><strong>ut</strong></span> <span class='ocrx_word' id='word_1_333' title='bbox 1364 2607 1693 2681; x_wconf 82' lang='lat' dir='ltr'><strong>interroget,</strong></span> <span class='ocrx_word' id='word_1_334' title='bbox 1726 2604 1885 2677; x_wconf 89' lang='lat' dir='ltr'><strong>quasi</strong></span> <span class='ocrx_word' id='word_1_335' title='bbox 1906 2604 2065 2658; x_wconf 89' lang='lat' dir='ltr'><strong>testis</strong></span> 
     </span>
    </p>
   </div>
   <div class='ocr_carea' id='block_1_43' title="bbox 468 2692 2064 2773">
    <p class='ocr_par' dir='ltr' id='par_1_43' title="bbox 468 2692 2064 2773">
     <span class='ocr_line' id='line_1_45' title="bbox 468 2692 2064 2773; baseline -0.004 -23"><span class='ocrx_word' id='word_1_336' title='bbox 468 2696 731 2773; x_wconf 67' lang='lat' dir='ltr'><strong>potentia:</strong></span> <span class='ocrx_word' id='word_1_337' title='bbox 750 2696 851 2750; x_wconf 93' lang='lat' dir='ltr'><strong>Dei</strong></span> <span class='ocrx_word' id='word_1_338' title='bbox 870 2695 1069 2763; x_wconf 85' lang='lat' dir='ltr'><strong>factus,</strong></span> <span class='ocrx_word' id='word_1_339' title='bbox 1093 2699 1150 2749; x_wconf 93' lang='lat' dir='ltr'><strong>et</strong></span> <span class='ocrx_word' id='word_1_340' title='bbox 1163 2695 1459 2749; x_wconf 83' lang='lat' dir='ltr'><strong>conﬁrmat</strong></span> <span class='ocrx_word' id='word_1_341' title='bbox 1488 2694 1556 2747; x_wconf 90' lang='lat' dir='ltr'><strong>de</strong></span> <span class='ocrx_word' id='word_1_342' title='bbox 1582 2710 1642 2747; x_wconf 91' lang='lat' dir='ltr'><strong>se</strong></span> <span class='ocrx_word' id='word_1_343' title='bbox 1675 2692 1903 2763; x_wconf 90' lang='lat' dir='ltr'><strong>suisque</strong></span> <span class='ocrx_word' id='word_1_344' title='bbox 1932 2707 2064 2762; x_wconf 90' lang='lat' dir='ltr'><strong>pro-</strong></span> 
     </span>
    </p>
   </div>
   <div class='ocr_carea' id='block_1_44' title="bbox 467 2783 2065 2857">
    <p class='ocr_par' dir='ltr' id='par_1_44' title="bbox 467 2783 2065 2857">
     <span class='ocr_line' id='line_1_46' title="bbox 467 2783 2065 2857; baseline -0.005 -17"><span class='ocrx_word' id='word_1_345' title='bbox 467 2784 793 2840; x_wconf 90' lang='lat' dir='ltr'><strong>missionem</strong></span> <span class='ocrx_word' id='word_1_346' title='bbox 823 2784 944 2839; x_wconf 92' lang='lat' dir='ltr'><strong>Dei.</strong></span> <span class='ocrx_word' id='word_1_347' title='bbox 977 2784 1256 2849; x_wconf 87' lang='lat' dir='ltr'><strong>Quoniam</strong></span> <span class='ocrx_word' id='word_1_348' title='bbox 1286 2790 1344 2837; x_wconf 90' lang='lat' dir='ltr'><strong>et</strong></span> <span class='ocrx_word' id='word_1_349' title='bbox 1390 2783 1509 2857; x_wconf 91' lang='lat' dir='ltr'><strong>ipse</strong></span> <span class='ocrx_word' id='word_1_350' title='bbox 1539 2783 1742 2838; x_wconf 91' lang='lat' dir='ltr'><strong>Petrus</strong></span> <span class='ocrx_word' id='word_1_351' title='bbox 1786 2786 1843 2835; x_wconf 90' lang='lat' dir='ltr'><strong>et</strong></span> <span class='ocrx_word' id='word_1_352' title='bbox 1870 2783 2065 2833; x_wconf 84' lang='lat' dir='ltr'><strong>omnes</strong></span> 
     </span>
    </p>
   </div>
   <div class='ocr_carea' id='block_1_45' title="bbox 467 2866 2066 2945">
    <p class='ocr_par' dir='ltr' id='par_1_45' title="bbox 467 2866 2066 2945">
     <span class='ocr_line' id='line_1_47' title="bbox 467 2866 2066 2945; baseline -0.005 -17"><span class='ocrx_word' id='word_1_353' title='bbox 467 2872 772 2945; x_wconf 82' lang='lat' dir='ltr'><strong>coapostoli</strong></span> <span class='ocrx_word' id='word_1_354' title='bbox 801 2874 941 2942; x_wconf 86' lang='lat' dir='ltr'><strong>ejus,</strong></span> <span class='ocrx_word' id='word_1_355' title='bbox 966 2889 1184 2928; x_wconf 89' lang='lat' dir='ltr'><strong>necnon</strong></span> <span class='ocrx_word' id='word_1_356' title='bbox 1205 2877 1263 2926; x_wconf 91' lang='lat' dir='ltr'><strong>et</strong></span> <span class='ocrx_word' id='word_1_357' title='bbox 1296 2888 1464 2943; x_wconf 89' lang='lat' dir='ltr'><strong>quam</strong></span> <span class='ocrx_word' id='word_1_358' title='bbox 1508 2870 1735 2942; x_wconf 91' lang='lat' dir='ltr'><strong>plurimi</strong></span> <span class='ocrx_word' id='word_1_359' title='bbox 1766 2868 1861 2939; x_wconf 88' lang='lat' dir='ltr'><strong>qui</strong></span> <span class='ocrx_word' id='word_1_360' title='bbox 1885 2866 2066 2922; x_wconf 90' lang='lat' dir='ltr'><strong>credi-</strong></span> 
     </span>
    </p>
   </div>
   <div class='ocr_carea' id='block_1_46' title="bbox 469 2958 2066 3030">
    <p class='ocr_par' dir='ltr' id='par_1_46' title="bbox 469 2958 2066 3030">
     <span class='ocr_line' id='line_1_48' title="bbox 469 2958 2066 3030; baseline -0.004 -16"><span class='ocrx_word' id='word_1_361' title='bbox 469 2961 676 3014; x_wconf 92' lang='lat' dir='ltr'><strong>derunt</strong></span> <span class='ocrx_word' id='word_1_362' title='bbox 694 2976 759 3019; x_wconf 85' lang='lat' dir='ltr'><strong>ex</strong></span> <span class='ocrx_word' id='word_1_363' title='bbox 780 2960 1008 3026; x_wconf 66' lang='lat' dir='ltr'><strong>Judaais,</strong></span> <span class='ocrx_word' id='word_1_364' title='bbox 1037 2965 1234 3014; x_wconf 88' lang='lat' dir='ltr'><strong>contra</strong></span> <span class='ocrx_word' id='word_1_365' title='bbox 1284 2958 1713 3030; x_wconf 89' lang='lat' dir='ltr'><strong>possibilitatem</strong></span> <span class='ocrx_word' id='word_1_366' title='bbox 1758 2958 2066 3011; x_wconf 86' lang='lat' dir='ltr'><strong>humanam</strong></span> 
     </span>
    </p>
   </div>
   <div class='ocr_carea' id='block_1_47' title="bbox 2145 1893 3726 1978">
    <p class='ocr_par' dir='ltr' id='par_1_47' title="bbox 2145 1893 3726 1978">
     <span class='ocr_line' id='line_1_49' title="bbox 2145 1893 3726 1978; baseline -0.009 -17"><span class='ocrx_word' id='word_1_367' title='bbox 2145 1905 2521 1978; x_wconf 86' lang='lat' dir='ltr'><strong>dispensative</strong></span> <span class='ocrx_word' id='word_1_368' title='bbox 2532 1910 2617 1961; x_wconf 90' lang='lat' dir='ltr'><strong>est</strong></span> <span class='ocrx_word' id='word_1_369' title='bbox 2635 1904 2988 1963; x_wconf 78' lang='lat' dir='ltr'><strong>introductus</strong></span> <span class='ocrx_word' id='word_1_370' title='bbox 3001 1919 3037 1957; x_wconf 90' lang='lat' dir='ltr'><strong>a</strong></span> <span class='ocrx_word' id='word_1_371' title='bbox 3054 1899 3294 1955; x_wconf 88' lang='lat' dir='ltr'><strong>Domino</strong></span> <span class='ocrx_word' id='word_1_372' title='bbox 3316 1912 3509 1961; x_wconf 80' lang='lat' dir='ltr'><strong>sermo</strong></span> <span class='ocrx_word' id='word_1_373' title='bbox 3530 1894 3599 1949; x_wconf 92' lang='lat' dir='ltr'><strong>de</strong></span> <span class='ocrx_word' id='word_1_374' title='bbox 3616 1893 3726 1948; x_wconf 83' lang='lat' dir='ltr'><strong>ado-</strong></span> 
     </span>
    </p>
   </div>
   <div class='ocr_carea' id='block_1_48' title="bbox 2145 1986 3724 2061">
    <p class='ocr_par' dir='ltr' id='par_1_48' title="bbox 2145 1986 3724 2061">
     <span class='ocr_line' id='line_1_50' title="bbox 2145 1986 3724 2061; baseline -0.008 -13"><span class='ocrx_word' id='word_1_375' title='bbox 2145 1994 2390 2051; x_wconf 86' lang='lat' dir='ltr'><strong>lescente</strong></span> <span class='ocrx_word' id='word_1_376' title='bbox 2414 1993 2781 2061; x_wconf 89' lang='lat' dir='ltr'><strong>ditissimo,ut</strong></span> <span class='ocrx_word' id='word_1_377' title='bbox 2791 1992 3114 2048; x_wconf 66' lang='lat' dir='ltr'><strong>Judaaorum</strong></span> <span class='ocrx_word' id='word_1_378' title='bbox 3139 1986 3724 2060; x_wconf 88' lang='lat' dir='ltr'><strong>repulsionem,eorum</strong></span> 
     </span>
    </p>
   </div>
   <div class='ocr_carea' id='block_1_49' title="bbox 2148 2068 3724 2159">
    <p class='ocr_par' dir='ltr' id='par_1_49' title="bbox 2148 2068 3724 2159">
     <span class='ocr_line' id='line_1_51' title="bbox 2148 2068 3724 2159; baseline -0.007 -23"><span class='ocrx_word' id='word_1_379' title='bbox 2148 2082 2498 2153; x_wconf 83' lang='lat' dir='ltr'><strong>exigentibus</strong></span> <span class='ocrx_word' id='word_1_380' title='bbox 2527 2082 2725 2154; x_wconf 86' lang='lat' dir='ltr'><strong>culpis,</strong></span> <span class='ocrx_word' id='word_1_381' title='bbox 2757 2068 3235 2159; x_wconf 73' lang='lat' dir='ltr'><strong>prmmonstraret.</strong></span> <span class='ocrx_word' id='word_1_382' title='bbox 3250 2075 3413 2141; x_wconf 91' lang='lat' dir='ltr'><strong>Quod</strong></span> <span class='ocrx_word' id='word_1_383' title='bbox 3439 2075 3491 2129; x_wconf 89' lang='lat' dir='ltr'><strong>si</strong></span> <span class='ocrx_word' id='word_1_384' title='bbox 3512 2070 3724 2145; x_wconf 87' lang='lat' dir='ltr'><strong>apostoli</strong></span> 
     </span>
    </p>
   </div>
   <div class='ocr_carea' id='block_1_50' title="bbox 2144 2162 3723 2244">
    <p class='ocr_par' dir='ltr' id='par_1_50' title="bbox 2144 2162 3723 2244">
     <span class='ocr_line' id='line_1_52' title="bbox 2144 2162 3723 2244; baseline -0.007 -20"><span class='ocrx_word' id='word_1_385' title='bbox 2144 2170 2523 2241; x_wconf 87' lang='lat' dir='ltr'><strong>intelligentes</strong></span> <span class='ocrx_word' id='word_1_386' title='bbox 2577 2170 2861 2229; x_wconf 85' lang='lat' dir='ltr'><strong>neminem</strong></span> <span class='ocrx_word' id='word_1_387' title='bbox 2912 2186 2979 2223; x_wconf 90' lang='lat' dir='ltr'><strong>ex</strong></span> <span class='ocrx_word' id='word_1_388' title='bbox 3011 2168 3134 2244; x_wconf 86' lang='lat' dir='ltr'><strong>lege</strong></span> <span class='ocrx_word' id='word_1_389' title='bbox 3160 2181 3331 2240; x_wconf 91' lang='lat' dir='ltr'><strong>posse</strong></span> <span class='ocrx_word' id='word_1_390' title='bbox 3359 2162 3590 2229; x_wconf 79' lang='lat' dir='ltr'><strong>salvari,</strong></span> <span class='ocrx_word' id='word_1_391' title='bbox 3618 2176 3723 2215; x_wconf 88' lang='lat' dir='ltr'><strong>cum</strong></span> 
     </span>
    </p>
   </div>
   <div class='ocr_carea' id='block_1_51' title="bbox 2142 2252 3722 2333">
    <p class='ocr_par' dir='ltr' id='par_1_51' title="bbox 2142 2252 3722 2333">
     <span class='ocr_line' id='line_1_53' title="bbox 2142 2252 3722 2333; baseline -0.007 -20"><span class='ocrx_word' id='word_1_392' title='bbox 2142 2258 2252 2333; x_wconf 92' lang='lat' dir='ltr'><strong>ipsi</strong></span> <span class='ocrx_word' id='word_1_393' title='bbox 2281 2258 2453 2315; x_wconf 89' lang='lat' dir='ltr'><strong>etiam</strong></span> <span class='ocrx_word' id='word_1_394' title='bbox 2481 2259 2664 2314; x_wconf 88' lang='lat' dir='ltr'><strong>adhuc</strong></span> <span class='ocrx_word' id='word_1_395' title='bbox 2708 2260 2768 2313; x_wconf 92' lang='lat' dir='ltr'><strong>in</strong></span> <span class='ocrx_word' id='word_1_396' title='bbox 2816 2258 2941 2329; x_wconf 87' lang='lat' dir='ltr'><strong>lege</strong></span> <span class='ocrx_word' id='word_1_397' title='bbox 2986 2263 3174 2312; x_wconf 90' lang='lat' dir='ltr'><strong>essent</strong></span> <span class='ocrx_word' id='word_1_398' title='bbox 3206 2274 3218 2309; x_wconf 92' lang='lat'>:</span> <span class='ocrx_word' id='word_1_399' title='bbox 3257 2254 3394 2326; x_wconf 91' lang='lat' dir='ltr'><strong>quia</strong></span> <span class='ocrx_word' id='word_1_400' title='bbox 3443 2252 3722 2305; x_wconf 85' lang='lat' dir='ltr'><strong>vehemens</strong></span> 
     </span>
    </p>
   </div>
   <div class='ocr_carea' id='block_1_52' title="bbox 2147 2341 3725 2425">
    <p class='ocr_par' dir='ltr' id='par_1_52' title="bbox 2147 2341 3725 2425">
     <span class='ocr_line' id='line_1_54' title="bbox 2147 2341 3725 2425; baseline -0.006 -23"><span class='ocrx_word' id='word_1_401' title='bbox 2147 2365 2241 2403; x_wconf 92' lang='lat' dir='ltr'><strong>eos</strong></span> <span class='ocrx_word' id='word_1_402' title='bbox 2264 2348 2536 2409; x_wconf 87' lang='lat' dir='ltr'><strong>hactenus</strong></span> <span class='ocrx_word' id='word_1_403' title='bbox 2565 2365 2726 2402; x_wconf 91' lang='lat' dir='ltr'><strong>amor</strong></span> <span class='ocrx_word' id='word_1_404' title='bbox 2752 2348 2916 2425; x_wconf 76' lang='lat' dir='ltr'><strong>legis,</strong></span> <span class='ocrx_word' id='word_1_405' title='bbox 2938 2363 3039 2401; x_wconf 90' lang='lat' dir='ltr'><strong>seu</strong></span> <span class='ocrx_word' id='word_1_406' title='bbox 3072 2346 3228 2399; x_wconf 84' lang='lat' dir='ltr'><strong>favor</strong></span> <span class='ocrx_word' id='word_1_407' title='bbox 3251 2341 3564 2397; x_wconf 88' lang='lat' dir='ltr'><strong>detinebat.</strong></span> <span class='ocrx_word' id='word_1_408' title='bbox 3597 2341 3725 2395; x_wconf 71' lang='lat' dir='ltr'><strong>Prm-</strong></span> 
     </span>
    </p>
   </div>
   <div class='ocr_carea' id='block_1_53' title="bbox 2147 2427 3723 2513">
    <p class='ocr_par' dir='ltr' id='par_1_53' title="bbox 2147 2427 3723 2513">
     <span class='ocr_line' id='line_1_55' title="bbox 2147 2427 3723 2513; baseline -0.007 -21"><span class='ocrx_word' id='word_1_409' title='bbox 2147 2437 2343 2497; x_wconf 90' lang='lat' dir='ltr'><strong>sertim</strong></span> <span class='ocrx_word' id='word_1_410' title='bbox 2374 2437 2507 2509; x_wconf 85' lang='lat' dir='ltr'><strong>quia</strong></span> <span class='ocrx_word' id='word_1_411' title='bbox 2543 2436 2782 2497; x_wconf 87' lang='lat' dir='ltr'><strong>necdum</strong></span> <span class='ocrx_word' id='word_1_412' title='bbox 2808 2436 3033 2513; x_wconf 89' lang='lat' dir='ltr'><strong>penitus</strong></span> <span class='ocrx_word' id='word_1_413' title='bbox 3061 2431 3348 2504; x_wconf 87' lang='lat' dir='ltr'><strong>Evangelii</strong></span> <span class='ocrx_word' id='word_1_414' title='bbox 3378 2429 3649 2502; x_wconf 79' lang='lat' dir='ltr'><strong>mysteria</strong></span> <span class='ocrx_word' id='word_1_415' title='bbox 3668 2427 3723 2481; x_wconf 87' lang='lat' dir='ltr'><strong>ad</strong></span> 
     </span>
    </p>
   </div>
   <div class='ocr_carea' id='block_1_54' title="bbox 2146 2520 3727 2609">
    <p class='ocr_par' dir='ltr' id='par_1_54' title="bbox 2146 2520 3727 2609">
     <span class='ocr_line' id='line_1_56' title="bbox 2146 2520 3727 2609; baseline -0.007 -28"><span class='ocrx_word' id='word_1_416' title='bbox 2146 2526 2424 2599; x_wconf 90' lang='lat' dir='ltr'><strong>liquidum</strong></span> <span class='ocrx_word' id='word_1_417' title='bbox 2453 2532 2862 2609; x_wconf 88' lang='lat' dir='ltr'><strong>compererant,</strong></span> <span class='ocrx_word' id='word_1_418' title='bbox 2911 2542 3094 2599; x_wconf 91' lang='lat' dir='ltr'><strong>neque</strong></span> <span class='ocrx_word' id='word_1_419' title='bbox 3138 2522 3434 2577; x_wconf 82' lang='lat' dir='ltr'><strong>veritatem</strong></span> <span class='ocrx_word' id='word_1_420' title='bbox 3466 2520 3635 2589; x_wconf 86' lang='lat' dir='ltr'><strong>hujus</strong></span> <span class='ocrx_word' id='word_1_421' title='bbox 3659 2532 3727 2570; x_wconf 81' lang='lat' dir='ltr'><strong>sa-</strong></span> 
     </span>
    </p>
   </div>
   <div class='ocr_carea' id='block_1_55' title="bbox 2147 2610 3727 2688">
    <p class='ocr_par' dir='ltr' id='par_1_55' title="bbox 2147 2610 3727 2688">
     <span class='ocr_line' id='line_1_57' title="bbox 2147 2610 3727 2688; baseline -0.006 -19"><span class='ocrx_word' id='word_1_422' title='bbox 2147 2615 2418 2670; x_wconf 91' lang='lat' dir='ltr'><strong>cramenti</strong></span> <span class='ocrx_word' id='word_1_423' title='bbox 2449 2632 2515 2669; x_wconf 92' lang='lat' dir='ltr'><strong>ex</strong></span> <span class='ocrx_word' id='word_1_424' title='bbox 2541 2621 2661 2670; x_wconf 89' lang='lat' dir='ltr'><strong>toto</strong></span> <span class='ocrx_word' id='word_1_425' title='bbox 2691 2614 3099 2688; x_wconf 89' lang='lat' dir='ltr'><strong>intelligebant,</strong></span> <span class='ocrx_word' id='word_1_426' title='bbox 3145 2616 3204 2667; x_wconf 92' lang='lat' dir='ltr'><strong>et</strong></span> <span class='ocrx_word' id='word_1_427' title='bbox 3246 2610 3456 2665; x_wconf 89' lang='lat' dir='ltr'><strong>idcirco</strong></span> <span class='ocrx_word' id='word_1_428' title='bbox 3484 2612 3727 2662; x_wconf 87' lang='lat' dir='ltr'><strong>metuunt</strong></span> 
     </span>
    </p>
   </div>
   <div class='ocr_carea' id='block_1_56' title="bbox 2148 2695 3727 2773">
    <p class='ocr_par' dir='ltr' id='par_1_56' title="bbox 2148 2695 3727 2773">
     <span class='ocr_line' id='line_1_58' title="bbox 2148 2695 3727 2773; baseline -0.006 -16"><span class='ocrx_word' id='word_1_429' title='bbox 2148 2709 2204 2758; x_wconf 89' lang='lat' dir='ltr'><strong>et</strong></span> <span class='ocrx_word' id='word_1_430' title='bbox 2230 2704 2547 2773; x_wconf 86' lang='lat' dir='ltr'><strong>mirantur;</strong></span> <span class='ocrx_word' id='word_1_431' title='bbox 2580 2721 2684 2758; x_wconf 92' lang='lat' dir='ltr'><strong>nec</strong></span> <span class='ocrx_word' id='word_1_432' title='bbox 2711 2721 2825 2759; x_wconf 92' lang='lat' dir='ltr'><strong>non</strong></span> <span class='ocrx_word' id='word_1_433' title='bbox 2855 2710 2912 2759; x_wconf 90' lang='lat' dir='ltr'><strong>et</strong></span> <span class='ocrx_word' id='word_1_434' title='bbox 2937 2702 3127 2757; x_wconf 89' lang='lat' dir='ltr'><strong>tristes</strong></span> <span class='ocrx_word' id='word_1_435' title='bbox 3155 2701 3300 2755; x_wconf 86' lang='lat' dir='ltr'><strong>ﬁunt</strong></span> <span class='ocrx_word' id='word_1_436' title='bbox 3341 2699 3413 2753; x_wconf 92' lang='lat' dir='ltr'><strong>de</strong></span> <span class='ocrx_word' id='word_1_437' title='bbox 3441 2695 3727 2769; x_wconf 84' lang='lat' dir='ltr'><strong>rejectione</strong></span> 
     </span>
    </p>
   </div>
   <div class='ocr_carea' id='block_1_57' title="bbox 2146 2781 3727 2871">
    <p class='ocr_par' dir='ltr' id='par_1_57' title="bbox 2146 2781 3727 2871">
     <span class='ocr_line' id='line_1_59' title="bbox 2146 2781 3727 2871; baseline -0.008 -24"><span class='ocrx_word' id='word_1_438' title='bbox 2146 2794 2233 2849; x_wconf 90' lang='lat' dir='ltr'><strong>sui</strong></span> <span class='ocrx_word' id='word_1_439' title='bbox 2247 2794 2471 2871; x_wconf 86' lang='lat' dir='ltr'><strong>generis</strong></span> <span class='ocrx_word' id='word_1_440' title='bbox 2504 2813 2514 2847; x_wconf 91' lang='lat'>:</span> <span class='ocrx_word' id='word_1_441' title='bbox 2545 2794 2690 2853; x_wconf 89' lang='lat' dir='ltr'><strong>sicut</strong></span> <span class='ocrx_word' id='word_1_442' title='bbox 2718 2798 2775 2848; x_wconf 82' lang='lat' dir='ltr'><strong>et</strong></span> <span class='ocrx_word' id='word_1_443' title='bbox 2803 2791 3011 2846; x_wconf 88' lang='lat' dir='ltr'><strong>Paulus</strong></span> <span class='ocrx_word' id='word_1_444' title='bbox 3037 2788 3495 2851; x_wconf 88' lang='lat' dir='ltr'><strong>contristabatur,</strong></span> <span class='ocrx_word' id='word_1_445' title='bbox 3537 2786 3629 2840; x_wconf 86' lang='lat' dir='ltr'><strong>cui</strong></span> <span class='ocrx_word' id='word_1_446' title='bbox 3670 2781 3727 2837; x_wconf 88' lang='lat' dir='ltr'><strong>ob</strong></span> 
     </span>
    </p>
   </div>
   <div class='ocr_carea' id='block_1_58' title="bbox 2146 2871 3729 2948">
    <p class='ocr_par' dir='ltr' id='par_1_58' title="bbox 2146 2871 3729 2948">
     <span class='ocr_line' id='line_1_60' title="bbox 2146 2871 3729 2948; baseline -0.006 -13"><span class='ocrx_word' id='word_1_447' title='bbox 2146 2881 2253 2937; x_wconf 91' lang='lat' dir='ltr'><strong>hoc</strong></span> <span class='ocrx_word' id='word_1_448' title='bbox 2281 2887 2339 2936; x_wconf 91' lang='lat' dir='ltr'><strong>et</strong></span> <span class='ocrx_word' id='word_1_449' title='bbox 2367 2882 2665 2937; x_wconf 87' lang='lat' dir='ltr'><strong>continuus</strong></span> <span class='ocrx_word' id='word_1_450' title='bbox 2691 2881 2851 2936; x_wconf 93' lang='lat' dir='ltr'><strong>dolor</strong></span> <span class='ocrx_word' id='word_1_451' title='bbox 2902 2885 3025 2943; x_wconf 85' lang='lat' dir='ltr'><strong>erat</strong></span> <span class='ocrx_word' id='word_1_452' title='bbox 3077 2878 3279 2948; x_wconf 87' lang='lat' dir='ltr'><strong>cordis.</strong></span> <span class='ocrx_word' id='word_1_453' title='bbox 3322 2876 3544 2941; x_wconf 88' lang='lat' dir='ltr'><strong>Quanto</strong></span> <span class='ocrx_word' id='word_1_454' title='bbox 3563 2871 3729 2942; x_wconf 83' lang='lat' dir='ltr'><strong>magis</strong></span> 
     </span>
    </p>
   </div>
   <div class='ocr_carea' id='block_1_59' title="bbox 2148 2964 3730 3046">
    <p class='ocr_par' dir='ltr' id='par_1_59' title="bbox 2148 2964 3730 3046">
     <span class='ocr_line' id='line_1_61' title="bbox 2148 2964 3730 3046; baseline -0.005 -22"><span class='ocrx_word' id='word_1_455' title='bbox 2148 2968 2332 3024; x_wconf 91' lang='lat' dir='ltr'><strong>adhuc</strong></span> <span class='ocrx_word' id='word_1_456' title='bbox 2347 2969 2515 3026; x_wconf 83' lang='lat' dir='ltr'><strong>rudes</strong></span> <span class='ocrx_word' id='word_1_457' title='bbox 2535 2969 2790 3046; x_wconf 86' lang='lat' dir='ltr'><strong>apostoli,</strong></span> <span class='ocrx_word' id='word_1_458' title='bbox 2809 2967 3015 3041; x_wconf 90' lang='lat' dir='ltr'><strong>quibus</strong></span> <span class='ocrx_word' id='word_1_459' title='bbox 3034 2968 3273 3023; x_wconf 87' lang='lat' dir='ltr'><strong>necdum</strong></span> <span class='ocrx_word' id='word_1_460' title='bbox 3299 2969 3464 3021; x_wconf 90' lang='lat' dir='ltr'><strong>erant</strong></span> <span class='ocrx_word' id='word_1_461' title='bbox 3496 2964 3730 3019; x_wconf 65' lang='lat' dir='ltr'><strong>mserata</strong></span> 
     </span>
    </p>
   </div>
   <div class='ocr_carea' id='block_1_60' title="bbox 467 3045 3730 3134">
    <p class='ocr_par' dir='ltr' id='par_1_60' title="bbox 467 3045 3730 3134">
     <span class='ocr_line' id='line_1_62' title="bbox 467 3045 3730 3134; baseline -0.004 -31"><span class='ocrx_word' id='word_1_462' title='bbox 467 3066 572 3122; x_wconf 92' lang='lat' dir='ltr'><strong>per</strong></span> <span class='ocrx_word' id='word_1_463' title='bbox 595 3048 698 3102; x_wconf 91' lang='lat' dir='ltr'><strong>Dei</strong></span> <span class='ocrx_word' id='word_1_464' title='bbox 725 3048 968 3119; x_wconf 88' lang='lat' dir='ltr'><strong>gratiam</strong></span> <span class='ocrx_word' id='word_1_465' title='bbox 997 3048 1357 3105; x_wconf 89' lang='lat' dir='ltr'><strong>crediderunt</strong></span> <span class='ocrx_word' id='word_1_466' title='bbox 1382 3048 1441 3102; x_wconf 92' lang='lat' dir='ltr'><strong>in</strong></span> <span class='ocrx_word' id='word_1_467' title='bbox 1493 3047 1801 3112; x_wconf 89' lang='lat' dir='ltr'><strong>Christum,</strong></span> <span class='ocrx_word' id='word_1_468' title='bbox 1856 3051 1920 3100; x_wconf 91' lang='lat' dir='ltr'><strong>ut</strong></span> <span class='ocrx_word' id='word_1_469' title='bbox 1946 3045 2066 3116; x_wconf 87' lang='lat' dir='ltr'><strong>ipse</strong></span> <span class='ocrx_word' id='word_1_470' title='bbox 2084 3108 2129 3134; x_wconf 59' lang='grc' dir='ltr'><em>Π</em></span> <span class='ocrx_word' id='word_1_471' title='bbox 2150 3057 2220 3114; x_wconf 74' lang='lat' dir='ltr'><strong>ad</strong></span> <span class='ocrx_word' id='word_1_472' title='bbox 2250 3058 2480 3133; x_wconf 66' lang='lat' dir='ltr'><strong>plenum</strong></span> <span class='ocrx_word' id='word_1_473' title='bbox 2510 3045 2758 3123; x_wconf 41' lang='lat' dir='ltr'><strong>“gestia</strong></span> <span class='ocrx_word' id='word_1_474' title='bbox 2782 3062 3170 3124; x_wconf 63' lang='lat' dir='ltr'><strong>sacramenta;</strong></span> <span class='ocrx_word' id='word_1_475' title='bbox 3203 3055 3300 3127; x_wconf 69' lang='lat' dir='ltr'><strong>qui</strong></span> <span class='ocrx_word' id='word_1_476' title='bbox 3329 3069 3555 3123; x_wconf 63' lang='lat' dir='ltr'><strong>omnem</strong></span> <span class='ocrx_word' id='word_1_477' title='bbox 3593 3051 3730 3114; x_wconf 57' lang='lat' dir='ltr'><strong>salu-</strong></span> 
     </span>
    </p>
   </div>
   <div class='ocr_carea' id='block_1_61' title="bbox 468 3109 3730 3229">
    <p class='ocr_par' dir='ltr' id='par_1_61' title="bbox 468 3109 3730 3229">
     <span class='ocr_line' id='line_1_63' title="bbox 468 3109 3730 3229; baseline -0.004 -23"><span class='ocrx_word' id='word_1_478' title='bbox 468 3109 801 3189; x_wconf 66' lang='grc' dir='ltr'>ῑεειαιιιτξῑιι</span> <span class='ocrx_word' id='word_1_479' title='bbox 820 3136 1083 3229; x_wconf 52' lang='lat' dir='ltr'><strong>suum:</strong></span> <span class='ocrx_word' id='word_1_480' title='bbox 1114 3138 1391 3229; x_wconf 39' lang='lat' dir='ltr'><strong>satis”.</strong></span> <span class='ocrx_word' id='word_1_481' title='bbox 1420 3135 1621 3229; x_wconf 46' lang='grc' dir='ltr'><strong>είνηιενξ</strong></span> <span class='ocrx_word' id='word_1_482' title='bbox 1634 3109 1896 3202; x_wconf 56' lang='lat' dir='ltr'><strong>suam,</strong></span> <span class='ocrx_word' id='word_1_483' title='bbox 1929 3109 2065 3229; x_wconf 50' lang='lat' dir='ltr'><strong>ait</strong></span> <span class='ocrx_word' id='word_1_484' title='bbox 2084 3109 2129 3165; x_wconf 75' lang='grc' dir='ltr'><strong>ο</strong></span> <span class='ocrx_word' id='word_1_485' title='bbox 2148 3109 3132 3224; x_wconf 43' lang='lat' dir='ltr'><strong>essentagya&#39;gieiaia.</strong></span> <span class='ocrx_word' id='word_1_486' title='bbox 3151 3109 3310 3229; x_wconf 51' lang='lat'><strong>.92...</strong></span> <span class='ocrx_word' id='word_1_487' title='bbox 3336 3109 3730 3198; x_wconf 60' lang='grc' dir='ltr'><strong>νίιωίιίοδεετ.</strong></span> 
     </span>
    </p>
   </div>
   <div class='ocr_carea' id='block_1_62' title="bbox 471 3225 3733 3303">
    <p class='ocr_par' dir='ltr' id='par_1_62' title="bbox 471 3225 3733 3303">
     <span class='ocr_line' id='line_1_64' title="bbox 471 3225 3733 3303; baseline -0.002 -25"><span class='ocrx_word' id='word_1_488' title='bbox 471 3239 601 3278; x_wconf 87' lang='lat' dir='ltr'><strong>caro</strong></span> <span class='ocrx_word' id='word_1_489' title='bbox 616 3229 663 3277; x_wconf 89' lang='lat' dir='ltr'><strong>et</strong></span> <span class='ocrx_word' id='word_1_490' title='bbox 674 3227 903 3292; x_wconf 84' lang='lat' dir='ltr'><strong>sanguis</strong></span> <span class='ocrx_word' id='word_1_491' title='bbox 918 3240 1029 3277; x_wconf 86' lang='lat' dir='ltr'><strong>non</strong></span> <span class='ocrx_word' id='word_1_492' title='bbox 1051 3227 1308 3278; x_wconf 84' lang='lat' dir='ltr'><strong>revelavit</strong></span> <span class='ocrx_word' id='word_1_493' title='bbox 1326 3226 1429 3277; x_wconf 85' lang='lat' dir='ltr'><strong>tibi</strong></span> <span class='ocrx_word' id='word_1_494' title='bbox 1435 3266 1447 3287; x_wconf 87' lang='lat'><strong>,</strong></span> <span class='ocrx_word' id='word_1_495' title='bbox 1479 3226 1570 3278; x_wconf 87' lang='lat' dir='ltr'><strong>sed</strong></span> <span class='ocrx_word' id='word_1_496' title='bbox 1588 3227 1753 3278; x_wconf 86' lang='lat' dir='ltr'><strong>Pater</strong></span> <span class='ocrx_word' id='word_1_497' title='bbox 1771 3240 1945 3292; x_wconf 86' lang='lat' dir='ltr'><strong>meus,</strong></span> <span class='ocrx_word' id='word_1_498' title='bbox 1966 3225 2066 3292; x_wconf 81' lang='lat' dir='ltr'><strong>qui</strong></span> <span class='ocrx_word' id='word_1_499' title='bbox 2145 3236 2337 3291; x_wconf 65' lang='grc' dir='ltr'><strong>νεωιίει</strong></span> <span class='ocrx_word' id='word_1_500' title='bbox 2357 3237 2753 3297; x_wconf 68' lang='lat' dir='ltr'><strong>mandatorum</strong></span> <span class='ocrx_word' id='word_1_501' title='bbox 2783 3236 3089 3303; x_wconf 65' lang='lat' dir='ltr'><strong>habebant;</strong></span> <span class='ocrx_word' id='word_1_502' title='bbox 3123 3225 3193 3289; x_wconf 66' lang='grc' dir='ltr'><strong>ρι’</strong></span> <span class='ocrx_word' id='word_1_503' title='bbox 3208 3234 3333 3288; x_wconf 72' lang='lat' dir='ltr'><strong>ideo</strong></span> <span class='ocrx_word' id='word_1_504' title='bbox 3358 3232 3504 3287; x_wconf 61' lang='grc' dir='ltr'><strong>τοι-ιε</strong></span> <span class='ocrx_word' id='word_1_505' title='bbox 3533 3236 3733 3291; x_wconf 60' lang='lat' dir='ltr'><strong>metue.</strong></span> 
     </span>
    </p>
   </div>
   <div class='ocr_carea' id='block_1_63' title="bbox 471 3312 2062 3397">
    <p class='ocr_par' dir='ltr' id='par_1_63' title="bbox 471 3312 2062 3381">
     <span class='ocr_line' id='line_1_65' title="bbox 471 3312 2062 3381; baseline 0.001 -17"><span class='ocrx_word' id='word_1_506' title='bbox 471 3314 537 3366; x_wconf 88' lang='lat' dir='ltr'><strong>in</strong></span> <span class='ocrx_word' id='word_1_507' title='bbox 569 3314 711 3367; x_wconf 74' lang='lat' dir='ltr'><strong>catis</strong></span> <span class='ocrx_word' id='word_1_508' title='bbox 737 3318 811 3369; x_wconf 85' lang='lat' dir='ltr'><strong>est</strong></span> <span class='ocrx_word' id='word_1_509' title='bbox 843 3313 1054 3380; x_wconf 79' lang='lat' dir='ltr'><strong>(Matth.</strong></span> <span class='ocrx_word' id='word_1_510' title='bbox 1079 3325 1191 3381; x_wconf 74' lang='lat' dir='ltr'><strong>xw,</strong></span> <span class='ocrx_word' id='word_1_511' title='bbox 1222 3312 1331 3376; x_wconf 80' lang='lat'><strong>‘17).</strong></span> <span class='ocrx_word' id='word_1_512' title='bbox 1361 3313 1540 3367; x_wconf 86' lang='lat' dir='ltr'><strong>Multa</strong></span> <span class='ocrx_word' id='word_1_513' title='bbox 1568 3313 1720 3367; x_wconf 91' lang='lat' dir='ltr'><strong>enim</strong></span> <span class='ocrx_word' id='word_1_514' title='bbox 1774 3312 1982 3367; x_wconf 83' lang='lat' dir='ltr'><strong>ﬁducia</strong></span> <span class='ocrx_word' id='word_1_515' title='bbox 2009 3317 2062 3366; x_wconf 92' lang='lat' dir='ltr'><strong>et</strong></span> 
     </span>
    </p>
   </div>
   <div class='ocr_carea' id='block_1_64' title="bbox 2144 3312 3731 3397">
    <p class='ocr_par' dir='ltr' id='par_1_64' title="bbox 2146 3315 3731 3397">
     <span class='ocr_line' id='line_1_66' title="bbox 2146 3315 3731 3397; baseline -0.005 -18"><span class='ocrx_word' id='word_1_516' title='bbox 2146 3324 2287 3379; x_wconf 90' lang='lat' dir='ltr'><strong>bant</strong></span> <span class='ocrx_word' id='word_1_517' title='bbox 2312 3341 2383 3379; x_wconf 93' lang='lat' dir='ltr'><strong>ne</strong></span> <span class='ocrx_word' id='word_1_518' title='bbox 2406 3330 2464 3379; x_wconf 91' lang='lat' dir='ltr'><strong>et</strong></span> <span class='ocrx_word' id='word_1_519' title='bbox 2482 3323 2589 3396; x_wconf 91' lang='lat' dir='ltr'><strong>ipsi</strong></span> <span class='ocrx_word' id='word_1_520' title='bbox 2608 3325 2731 3381; x_wconf 92' lang='lat' dir='ltr'><strong>sine</strong></span> <span class='ocrx_word' id='word_1_521' title='bbox 2750 3325 2873 3397; x_wconf 88' lang='lat' dir='ltr'><strong>lege</strong></span> <span class='ocrx_word' id='word_1_522' title='bbox 2897 3324 3036 3378; x_wconf 88' lang='lat' dir='ltr'><strong>salvi</strong></span> <span class='ocrx_word' id='word_1_523' title='bbox 3048 3339 3169 3377; x_wconf 91' lang='lat' dir='ltr'><strong>esse</strong></span> <span class='ocrx_word' id='word_1_524' title='bbox 3188 3337 3301 3377; x_wconf 93' lang='lat' dir='ltr'><strong>non</strong></span> <span class='ocrx_word' id='word_1_525' title='bbox 3320 3323 3568 3397; x_wconf 90' lang='lat' dir='ltr'><strong>possent.</strong></span> <span class='ocrx_word' id='word_1_526' title='bbox 3586 3315 3731 3387; x_wconf 82' lang='lat' dir='ltr'><strong>Quod</strong></span> 
     </span>
    </p>
   </div>
   <div class='ocr_carea' id='block_1_65' title="bbox 470 3401 3730 3491">
    <p class='ocr_par' dir='ltr' id='par_1_65' title="bbox 470 3401 3730 3491">
     <span class='ocr_line' id='line_1_67' title="bbox 470 3401 3730 3491; baseline -0.002 -37"><span class='ocrx_word' id='word_1_527' title='bbox 470 3417 677 3471; x_wconf 84' lang='lat' dir='ltr'><strong>magna</strong></span> <span class='ocrx_word' id='word_1_528' title='bbox 698 3401 1015 3455; x_wconf 91' lang='lat' dir='ltr'><strong>ostenditur</strong></span> <span class='ocrx_word' id='word_1_529' title='bbox 1032 3401 1185 3457; x_wconf 89' lang='lat' dir='ltr'><strong>Petri</strong></span> <span class='ocrx_word' id='word_1_530' title='bbox 1204 3402 1514 3456; x_wconf 87' lang='lat' dir='ltr'><strong>virtuscum</strong></span> <span class='ocrx_word' id='word_1_531' title='bbox 1536 3402 1648 3456; x_wconf 91' lang='lat' dir='ltr'><strong>ait:</strong></span> <span class='ocrx_word' id='word_1_532' title='bbox 1690 3403 1814 3457; x_wconf 86' lang='lat' dir='ltr'><strong>Ecce</strong></span> <span class='ocrx_word' id='word_1_533' title='bbox 1841 3419 1936 3455; x_wconf 88' lang='lat' dir='ltr'><strong>nos</strong></span> <span class='ocrx_word' id='word_1_534' title='bbox 1974 3417 2064 3455; x_wconf 75' lang='grc' dir='ltr'><strong>τέ-</strong></span> <span class='ocrx_word' id='word_1_535' title='bbox 2146 3430 2380 3469; x_wconf 69' lang='lat' dir='ltr'><strong>cernens</strong></span> <span class='ocrx_word' id='word_1_536' title='bbox 2408 3413 2533 3491; x_wconf 74' lang='lat' dir='ltr'><strong>Pius</strong></span> <span class='ocrx_word' id='word_1_537' title='bbox 2574 3414 2845 3487; x_wconf 59' lang='lat' dir='ltr'><strong>Magister</strong></span> <span class='ocrx_word' id='word_1_538' title='bbox 2888 3413 2970 3467; x_wconf 69' lang='lat' dir='ltr'><strong>ait</strong></span> <span class='ocrx_word' id='word_1_539' title='bbox 3000 3433 3011 3469; x_wconf 64' lang='grc' dir='ltr'>ε</span> <span class='ocrx_word' id='word_1_540' title='bbox 3071 3411 3232 3480; x_wconf 72' lang='grc' dir='ltr'><strong>ρηοά</strong></span> <span class='ocrx_word' id='word_1_541' title='bbox 3285 3406 3633 3482; x_wconf 65' lang='lat' dir='ltr'><strong>impossibile</strong></span> <span class='ocrx_word' id='word_1_542' title='bbox 3657 3408 3730 3459; x_wconf 80' lang='lat' dir='ltr'><strong>est</strong></span> 
     </span>
    </p>
   </div>
   <div class='ocr_carea' id='block_1_66' title="bbox 472 3490 3728 3575">
    <p class='ocr_par' dir='ltr' id='par_1_66' title="bbox 472 3490 3728 3575">
     <span class='ocr_line' id='line_1_68' title="bbox 472 3490 3728 3575; baseline -0.002 -29"><span class='ocrx_word' id='word_1_543' title='bbox 472 3492 743 3560; x_wconf 80' lang='lat' dir='ltr'><strong>liquimus</strong></span> <span class='ocrx_word' id='word_1_544' title='bbox 767 3494 975 3557; x_wconf 82' lang='lat' dir='ltr'><strong>omnia.</strong></span> <span class='ocrx_word' id='word_1_545' title='bbox 1000 3492 1253 3557; x_wconf 90' lang='lat' dir='ltr'><strong>Quicum</strong></span> <span class='ocrx_word' id='word_1_546' title='bbox 1268 3492 1519 3546; x_wconf 89' lang='lat' dir='ltr'><strong>audisset</strong></span> <span class='ocrx_word' id='word_1_547' title='bbox 1535 3491 1830 3546; x_wconf 83' lang='lat' dir='ltr'><strong>thesauros</strong></span> <span class='ocrx_word' id='word_1_548' title='bbox 1848 3490 2065 3545; x_wconf 88' lang='lat' dir='ltr'><strong>habitu-</strong></span> <span class='ocrx_word' id='word_1_549' title='bbox 2147 3502 2297 3575; x_wconf 71' lang='lat' dir='ltr'>apud</span> <span class='ocrx_word' id='word_1_550' title='bbox 2326 3501 2601 3569; x_wconf 55' lang='lat' dir='ltr'><strong>homines,</strong></span> <span class='ocrx_word' id='word_1_551' title='bbox 2619 3502 2881 3574; x_wconf 70' lang='lat' dir='ltr'><strong>possibile</strong></span> <span class='ocrx_word' id='word_1_552' title='bbox 2911 3506 2997 3557; x_wconf 70' lang='lat' dir='ltr'><strong>est</strong></span> <span class='ocrx_word' id='word_1_553' title='bbox 3014 3501 3163 3573; x_wconf 63' lang='lat' dir='ltr'>apud</span> <span class='ocrx_word' id='word_1_554' title='bbox 3187 3501 3389 3559; x_wconf 59' lang='lat' dir='ltr'><strong>Deum,</strong></span> <span class='ocrx_word' id='word_1_555' title='bbox 3410 3496 3556 3562; x_wconf 78' lang='lat' dir='ltr'><strong>Quid</strong></span> <span class='ocrx_word' id='word_1_556' title='bbox 3590 3493 3728 3549; x_wconf 77' lang='lat' dir='ltr'><strong>enim</strong></span> 
     </span>
    </p>
   </div>
   <div class='ocr_carea' id='block_1_67' title="bbox 470 3577 2062 3675">
    <p class='ocr_par' dir='ltr' id='par_1_67' title="bbox 470 3577 2062 3652">
     <span class='ocr_line' id='line_1_69' title="bbox 470 3577 2062 3652; baseline 0 -20"><span class='ocrx_word' id='word_1_557' title='bbox 470 3594 564 3632; x_wconf 91' lang='lat' dir='ltr'><strong>ros</strong></span> <span class='ocrx_word' id='word_1_558' title='bbox 592 3577 653 3632; x_wconf 89' lang='lat' dir='ltr'><strong>in</strong></span> <span class='ocrx_word' id='word_1_559' title='bbox 674 3579 811 3633; x_wconf 63' lang='lat' dir='ltr'><strong>caelo</strong></span> <span class='ocrx_word' id='word_1_560' title='bbox 838 3579 933 3652; x_wconf 93' lang='lat' dir='ltr'><strong>qui</strong></span> <span class='ocrx_word' id='word_1_561' title='bbox 960 3597 1060 3641; x_wconf 88' lang='lat' dir='ltr'><strong>sua</strong></span> <span class='ocrx_word' id='word_1_562' title='bbox 1087 3580 1437 3652; x_wconf 87' lang='lat' dir='ltr'><strong>reliquerint,</strong></span> <span class='ocrx_word' id='word_1_563' title='bbox 1479 3586 1536 3634; x_wconf 90' lang='lat' dir='ltr'><strong>et</strong></span> <span class='ocrx_word' id='word_1_564' title='bbox 1549 3579 1957 3634; x_wconf 86' lang='lat' dir='ltr'><strong>considerasset</strong></span> <span class='ocrx_word' id='word_1_565' title='bbox 1973 3578 2062 3632; x_wconf 92' lang='lat' dir='ltr'><strong>tri-</strong></span> 
     </span>
    </p>
   </div>
   <div class='ocr_carea' id='block_1_68' title="bbox 2144 3577 3726 3675">
    <p class='ocr_par' dir='ltr' id='par_1_68' title="bbox 2144 3582 3726 3675">
     <span class='ocr_line' id='line_1_70' title="bbox 2144 3582 3726 3675; baseline -0.006 -31"><span class='ocrx_word' id='word_1_566' title='bbox 2144 3590 2334 3644; x_wconf 76' lang='lat' dir='ltr'><strong>Judzeo</strong></span> <span class='ocrx_word' id='word_1_567' title='bbox 2364 3596 2482 3644; x_wconf 87' lang='lat' dir='ltr'><strong>tam</strong></span> <span class='ocrx_word' id='word_1_568' title='bbox 2504 3592 2625 3645; x_wconf 88' lang='lat' dir='ltr'><strong>sine</strong></span> <span class='ocrx_word' id='word_1_569' title='bbox 2646 3591 2845 3646; x_wconf 81' lang='lat' dir='ltr'><strong>eil&#39;ectu</strong></span> <span class='ocrx_word' id='word_1_570' title='bbox 2868 3591 3104 3657; x_wconf 88' lang='lat' dir='ltr'><strong>videtur,</strong></span> <span class='ocrx_word' id='word_1_571' title='bbox 3129 3606 3298 3675; x_wconf 89' lang='lat' dir='ltr'><strong>quam</strong></span> <span class='ocrx_word' id='word_1_572' title='bbox 3320 3592 3386 3641; x_wconf 92' lang='lat' dir='ltr'><strong>ut</strong></span> <span class='ocrx_word' id='word_1_573' title='bbox 3418 3585 3489 3640; x_wconf 89' lang='lat' dir='ltr'><strong>ab</strong></span> <span class='ocrx_word' id='word_1_574' title='bbox 3513 3582 3726 3675; x_wconf 73' lang='lat' dir='ltr'><strong>homine</strong></span> 
     </span>
    </p>
   </div>
   <div class='ocr_carea' id='block_1_69' title="bbox 470 3667 3727 3753">
    <p class='ocr_par' dir='ltr' id='par_1_69' title="bbox 470 3667 3727 3753">
     <span class='ocr_line' id='line_1_71' title="bbox 470 3667 3727 3753; baseline -0.002 -32"><span class='ocrx_word' id='word_1_575' title='bbox 470 3667 683 3737; x_wconf 72' lang='lat' dir='ltr'><strong>stitiam</strong></span> <span class='ocrx_word' id='word_1_576' title='bbox 701 3668 1197 3735; x_wconf 86' lang='lat' dir='ltr'><strong>adolescentis,nec</strong></span> <span class='ocrx_word' id='word_1_577' title='bbox 1214 3685 1326 3723; x_wconf 90' lang='lat' dir='ltr'><strong>non</strong></span> <span class='ocrx_word' id='word_1_578' title='bbox 1346 3675 1401 3723; x_wconf 88' lang='lat' dir='ltr'><strong>et</strong></span> <span class='ocrx_word' id='word_1_579' title='bbox 1422 3668 1809 3723; x_wconf 82' lang='lat' dir='ltr'><strong>difficultatem</strong></span> <span class='ocrx_word' id='word_1_580' title='bbox 1828 3669 2065 3722; x_wconf 91' lang='lat' dir='ltr'><strong>divitum</strong></span> <span class='ocrx_word' id='word_1_581' title='bbox 2143 3680 2383 3733; x_wconf 66' lang='lat' dir='ltr'><strong>salutem</strong></span> <span class='ocrx_word' id='word_1_582' title='bbox 2409 3679 2587 3751; x_wconf 71' lang='lat' dir='ltr'><strong>magis</strong></span> <span class='ocrx_word' id='word_1_583' title='bbox 2635 3685 2917 3752; x_wconf 62' lang='lat' dir='ltr'><strong>exspectet</strong></span> <span class='ocrx_word' id='word_1_584' title='bbox 2941 3696 3111 3753; x_wconf 66' lang='lat' dir='ltr'><strong>quam</strong></span> <span class='ocrx_word' id='word_1_585' title='bbox 3141 3667 3175 3732; x_wconf 65' lang='grc' dir='ltr'>έι</span> <span class='ocrx_word' id='word_1_586' title='bbox 3201 3676 3365 3749; x_wconf 64' lang='lat' dir='ltr'><strong>lege?</strong></span> <span class='ocrx_word' id='word_1_587' title='bbox 3406 3675 3517 3739; x_wconf 74' lang='lat' dir='ltr'><strong>Qui</strong></span> <span class='ocrx_word' id='word_1_588' title='bbox 3546 3679 3659 3728; x_wconf 62' lang='lat' dir='ltr'><strong>tam</strong></span> <span class='ocrx_word' id='word_1_589' title='bbox 3682 3669 3727 3723; x_wconf 75' lang='lat' dir='ltr'><strong>ei</strong></span> 
     </span>
    </p>
   </div>
   <div class='ocr_carea' id='block_1_70' title="bbox 468 3754 2062 3833">
    <p class='ocr_par' dir='ltr' id='par_1_70' title="bbox 468 3754 2062 3833">
     <span class='ocr_line' id='line_1_72' title="bbox 468 3754 2062 3833; baseline 0 -24"><span class='ocrx_word' id='word_1_590' title='bbox 468 3754 823 3828; x_wconf 75' lang='lat' dir='ltr'><strong>ingrediendi</strong></span> <span class='ocrx_word' id='word_1_591' title='bbox 837 3758 894 3812; x_wconf 91' lang='lat' dir='ltr'><strong>in</strong></span> <span class='ocrx_word' id='word_1_592' title='bbox 909 3775 1145 3833; x_wconf 87' lang='lat' dir='ltr'><strong>regnum</strong></span> <span class='ocrx_word' id='word_1_593' title='bbox 1161 3757 1451 3823; x_wconf 67' lang='lat' dir='ltr'><strong>caelorum,</strong></span> <span class='ocrx_word' id='word_1_594' title='bbox 1478 3756 1637 3828; x_wconf 90' lang='lat' dir='ltr'><strong>quasi</strong></span> <span class='ocrx_word' id='word_1_595' title='bbox 1663 3757 1760 3827; x_wconf 91' lang='lat' dir='ltr'><strong>qui</strong></span> <span class='ocrx_word' id='word_1_596' title='bbox 1796 3773 1907 3810; x_wconf 90' lang='lat' dir='ltr'><strong>non</strong></span> <span class='ocrx_word' id='word_1_597' title='bbox 1925 3756 2062 3809; x_wconf 84' lang='lat' dir='ltr'><strong>faci-</strong></span> 
     </span>
    </p>
   </div>
   <div class='ocr_carea' id='block_1_71' title="bbox 467 3845 3725 3935">
    <p class='ocr_par' dir='ltr' id='par_1_71' title="bbox 467 3845 3725 3935">
     <span class='ocr_line' id='line_1_73' title="bbox 467 3845 3725 3935; baseline -0.002 -35"><span class='ocrx_word' id='word_1_598' title='bbox 467 3845 577 3907; x_wconf 87' lang='lat' dir='ltr'><strong>lem</strong></span> <span class='ocrx_word' id='word_1_599' title='bbox 600 3864 722 3901; x_wconf 89' lang='lat' dir='ltr'><strong>rem</strong></span> <span class='ocrx_word' id='word_1_600' title='bbox 734 3846 1330 3911; x_wconf 88' lang='lat' dir='ltr'><strong>consummaverint,in</strong></span> <span class='ocrx_word' id='word_1_601' title='bbox 1346 3864 1411 3900; x_wconf 91' lang='lat' dir='ltr'><strong>eo</strong></span> <span class='ocrx_word' id='word_1_602' title='bbox 1432 3847 1580 3918; x_wconf 90' lang='lat' dir='ltr'><strong>quod</strong></span> <span class='ocrx_word' id='word_1_603' title='bbox 1595 3846 2064 3917; x_wconf 86' lang='lat' dir='ltr'><strong>diversarelique—</strong></span> <span class='ocrx_word' id='word_1_604' title='bbox 2144 3862 2499 3935; x_wconf 63' lang='lat' dir='ltr'><strong>relinquatur</strong></span> <span class='ocrx_word' id='word_1_605' title='bbox 2521 3863 2821 3935; x_wconf 57' lang='grc' dir='ltr'><strong>ιθείειαιίο.</strong></span> <span class='ocrx_word' id='word_1_606' title='bbox 2852 3867 2909 3917; x_wconf 69' lang='lat' dir='ltr'><strong>et</strong></span> <span class='ocrx_word' id='word_1_607' title='bbox 2938 3867 3358 3931; x_wconf 37' lang='lat' dir='ltr'><strong>testamentum,</strong></span> <span class='ocrx_word' id='word_1_608' title='bbox 3392 3863 3449 3913; x_wconf 67' lang='lat' dir='ltr'><strong>et</strong></span> <span class='ocrx_word' id='word_1_609' title='bbox 3492 3855 3725 3931; x_wconf 50' lang='lat' dir='ltr'><strong>adoptio,</strong></span> 
     </span>
    </p>
   </div>
   <div class='ocr_carea' id='block_1_72' title="bbox 467 3935 3725 4027">
    <p class='ocr_par' dir='ltr' id='par_1_72' title="bbox 467 3935 3725 4027">
     <span class='ocr_line' id='line_1_74' title="bbox 467 3935 3725 4027; baseline -0.003 -35"><span class='ocrx_word' id='word_1_610' title='bbox 467 3943 599 3995; x_wconf 86' lang='lat' dir='ltr'><strong>rant</strong></span> <span class='ocrx_word' id='word_1_611' title='bbox 629 3943 686 3991; x_wconf 92' lang='lat' dir='ltr'><strong>et</strong></span> <span class='ocrx_word' id='word_1_612' title='bbox 712 3937 889 3992; x_wconf 88' lang='lat' dir='ltr'><strong>secuti</strong></span> <span class='ocrx_word' id='word_1_613' title='bbox 918 3942 1052 3993; x_wconf 89' lang='lat' dir='ltr'><strong>sunt</strong></span> <span class='ocrx_word' id='word_1_614' title='bbox 1072 3937 1395 4027; x_wconf 84' lang='lat' dir='ltr'><strong>Dominum,</strong></span> <span class='ocrx_word' id='word_1_615' title='bbox 1417 3935 1557 3990; x_wconf 80' lang='lat' dir='ltr'><strong>dixit</strong></span> <span class='ocrx_word' id='word_1_616' title='bbox 1579 3935 1876 4027; x_wconf 84' lang='lat' dir='ltr'><strong>granditer</strong></span> <span class='ocrx_word' id='word_1_617' title='bbox 1899 3952 1910 3986; x_wconf 91' lang='lat'>:</span> <span class='ocrx_word' id='word_1_618' title='bbox 1937 3935 2063 3988; x_wconf 83' lang='lat' dir='ltr'><strong>Ecce</strong></span> <span class='ocrx_word' id='word_1_619' title='bbox 2146 3954 2205 4004; x_wconf 67' lang='lat' dir='ltr'><strong>et</strong></span> <span class='ocrx_word' id='word_1_620' title='bbox 2231 3950 2528 4007; x_wconf 47' lang='lat' dir='ltr'><strong>hereditas</strong></span> <span class='ocrx_word' id='word_1_621' title='bbox 2547 3951 2704 4027; x_wconf 46' lang='lat' dir='ltr'><strong>legis.</strong></span> <span class='ocrx_word' id='word_1_622' title='bbox 2738 3951 2781 4006; x_wconf 75' lang='grc' dir='ltr'>Ε</span> <span class='ocrx_word' id='word_1_623' title='bbox 2807 3951 3088 4009; x_wconf 61' lang='lat' dir='ltr'><strong>contrario</strong></span> <span class='ocrx_word' id='word_1_624' title='bbox 3107 3950 3210 4005; x_wconf 70' lang='lat' dir='ltr'><strong>Dei</strong></span> <span class='ocrx_word' id='word_1_625' title='bbox 3237 3948 3433 4002; x_wconf 61' lang='lat' dir='ltr'><strong>virtuti</strong></span> <span class='ocrx_word' id='word_1_626' title='bbox 3463 3945 3595 4017; x_wconf 72' lang='lat' dir='ltr'><strong>quid</strong></span> <span class='ocrx_word' id='word_1_627' title='bbox 3619 3949 3725 3999; x_wconf 64' lang='lat' dir='ltr'><strong>tam</strong></span> 
     </span>
    </p>
   </div>
   <div class='ocr_carea' id='block_1_73' title="bbox 470 4024 2062 4117">
    <p class='ocr_par' dir='ltr' id='par_1_73' title="bbox 470 4024 2062 4096">
     <span class='ocr_line' id='line_1_75' title="bbox 470 4024 2062 4096; baseline -0.003 -16"><span class='ocrx_word' id='word_1_628' title='bbox 470 4043 568 4080; x_wconf 87' lang='lat' dir='ltr'><strong>nos</strong></span> <span class='ocrx_word' id='word_1_629' title='bbox 598 4030 697 4096; x_wconf 89' lang='lat' dir='ltr'><strong>qui</strong></span> <span class='ocrx_word' id='word_1_630' title='bbox 721 4029 1053 4096; x_wconf 79' lang='lat' dir='ltr'><strong>reliquimus</strong></span> <span class='ocrx_word' id='word_1_631' title='bbox 1076 4028 1286 4079; x_wconf 83' lang='lat' dir='ltr'><strong>omnia.</strong></span> <span class='ocrx_word' id='word_1_632' title='bbox 1319 4026 1442 4081; x_wconf 83' lang='lat' dir='ltr'><strong>Non</strong></span> <span class='ocrx_word' id='word_1_633' title='bbox 1473 4024 1681 4095; x_wconf 88' lang='lat' dir='ltr'><strong>cogitat</strong></span> <span class='ocrx_word' id='word_1_634' title='bbox 1695 4040 1893 4096; x_wconf 90' lang='lat' dir='ltr'><strong>parum</strong></span> <span class='ocrx_word' id='word_1_635' title='bbox 1913 4024 2062 4094; x_wconf 92' lang='lat' dir='ltr'><strong>quod</strong></span> 
     </span>
    </p>
   </div>
   <div class='ocr_carea' id='block_1_74' title="bbox 2144 4024 3727 4117">
    <p class='ocr_par' dir='ltr' id='par_1_74' title="bbox 2146 4024 3727 4117">
     <span class='ocr_line' id='line_1_76' title="bbox 2146 4024 3727 4117; baseline 0.001 -27"><span class='ocrx_word' id='word_1_636' title='bbox 2146 4036 2405 4117; x_wconf 87' lang='lat' dir='ltr'><strong>possibile</strong></span> <span class='ocrx_word' id='word_1_637' title='bbox 2424 4044 2509 4092; x_wconf 90' lang='lat' dir='ltr'><strong>est</strong></span> <span class='ocrx_word' id='word_1_638' title='bbox 2537 4024 2705 4117; x_wconf 86' lang='lat' dir='ltr'><strong>quam</strong></span> <span class='ocrx_word' id='word_1_639' title='bbox 2733 4044 2797 4092; x_wconf 91' lang='lat' dir='ltr'><strong>ut</strong></span> <span class='ocrx_word' id='word_1_640' title='bbox 2818 4056 2918 4109; x_wconf 92' lang='lat' dir='ltr'><strong>per</strong></span> <span class='ocrx_word' id='word_1_641' title='bbox 2947 4039 3116 4093; x_wconf 77' lang='lat' dir='ltr'><strong>fidem</strong></span> <span class='ocrx_word' id='word_1_642' title='bbox 3144 4036 3391 4109; x_wconf 79' lang='lat' dir='ltr'><strong>salvetur</strong></span> <span class='ocrx_word' id='word_1_643' title='bbox 3435 4031 3643 4089; x_wconf 83' lang='lat' dir='ltr'><strong>homo?</strong></span> <span class='ocrx_word' id='word_1_644' title='bbox 3670 4034 3727 4093; x_wconf 74' lang='lat' dir='ltr'><strong>ut</strong></span> 
     </span>
    </p>
   </div>
   <div class='ocr_carea' id='block_1_75' title="bbox 468 4111 3726 4203">
    <p class='ocr_par' dir='ltr' id='par_1_75' title="bbox 468 4111 3726 4203">
     <span class='ocr_line' id='line_1_77' title="bbox 468 4111 3726 4203; baseline -0.002 -23"><span class='ocrx_word' id='word_1_645' title='bbox 468 4113 701 4203; x_wconf 55' lang='grc' dir='ltr'><strong>Γθιίίλυίΐ</strong></span> <span class='ocrx_word' id='word_1_646' title='bbox 729 4113 934 4203; x_wconf 44' lang='grc' dir='ltr'><strong>ίΡεθ-εξ</strong></span> <span class='ocrx_word' id='word_1_647' title='bbox 960 4112 1167 4203; x_wconf 50' lang='grc' dir='ltr'><strong>εεεῐθῖίν</strong></span> <span class='ocrx_word' id='word_1_648' title='bbox 1200 4112 1297 4165; x_wconf 74' lang='grc' dir='ltr'><strong>8θά</strong></span> <span class='ocrx_word' id='word_1_649' title='bbox 1327 4112 1516 4165; x_wconf 65' lang='grc' dir='ltr'><strong>οωηίεί</strong></span> <span class='ocrx_word' id='word_1_650' title='bbox 1555 4111 2059 4203; x_wconf 52' lang='lat' dir='ltr'><strong>(llm_reli‘ll1,it9_et</strong></span> <span class='ocrx_word' id='word_1_651' title='bbox 2139 4112 2240 4197; x_wconf 85' lang='lat' dir='ltr'><strong>per</strong></span> <span class='ocrx_word' id='word_1_652' title='bbox 2267 4142 2474 4197; x_wconf 90' lang='lat' dir='ltr'><strong>aquam</strong></span> <span class='ocrx_word' id='word_1_653' title='bbox 2496 4111 2901 4197; x_wconf 85' lang='lat' dir='ltr'><strong>regeneretur?</strong></span> <span class='ocrx_word' id='word_1_654' title='bbox 2931 4131 2996 4181; x_wconf 91' lang='lat' dir='ltr'><strong>ut</strong></span> <span class='ocrx_word' id='word_1_655' title='bbox 3019 4142 3121 4198; x_wconf 91' lang='lat' dir='ltr'><strong>per</strong></span> <span class='ocrx_word' id='word_1_656' title='bbox 3148 4132 3397 4181; x_wconf 84' lang='lat' dir='ltr'><strong>crucem‘</strong></span> <span class='ocrx_word' id='word_1_657' title='bbox 3417 4119 3632 4178; x_wconf 81' lang='lat' dir='ltr'><strong>vincat?</strong></span> <span class='ocrx_word' id='word_1_658' title='bbox 3667 4120 3726 4173; x_wconf 79' lang='lat' dir='ltr'><strong>ut</strong></span> 
     </span>
    </p>
   </div>
   <div class='ocr_carea' id='block_1_76' title="bbox 471 4199 3725 4291">
    <p class='ocr_par' dir='ltr' id='par_1_76' title="bbox 471 4199 3725 4291">
     <span class='ocr_line' id='line_1_78' title="bbox 471 4199 3725 4291; baseline -0.002 -38"><span class='ocrx_word' id='word_1_659' title='bbox 471 4216 537 4257; x_wconf 80' lang='lat' dir='ltr'><strong>ex</strong></span> <span class='ocrx_word' id='word_1_660' title='bbox 566 4200 797 4273; x_wconf 85' lang='lat' dir='ltr'><strong>quanto.</strong></span> <span class='ocrx_word' id='word_1_661' title='bbox 831 4200 975 4264; x_wconf 88' lang='lat' dir='ltr'><strong>Quia</strong></span> <span class='ocrx_word' id='word_1_662' title='bbox 1002 4199 1181 4257; x_wconf 90' lang='lat' dir='ltr'><strong>multa</strong></span> <span class='ocrx_word' id='word_1_663' title='bbox 1208 4205 1341 4254; x_wconf 89' lang='lat' dir='ltr'><strong>sunt</strong></span> <span class='ocrx_word' id='word_1_664' title='bbox 1370 4217 1491 4270; x_wconf 68' lang='lat' dir='ltr'><strong>qua:</strong></span> <span class='ocrx_word' id='word_1_665' title='bbox 1512 4200 1758 4271; x_wconf 90' lang='lat' dir='ltr'><strong>reliquit,</strong></span> <span class='ocrx_word' id='word_1_666' title='bbox 1794 4201 1890 4271; x_wconf 92' lang='lat' dir='ltr'><strong>qui</strong></span> <span class='ocrx_word' id='word_1_667' title='bbox 1916 4199 2061 4270; x_wconf 91' lang='lat' dir='ltr'><strong>seip-</strong></span> <span class='ocrx_word' id='word_1_668' title='bbox 2140 4231 2241 4288; x_wconf 73' lang='lat' dir='ltr'><strong>per</strong></span> <span class='ocrx_word' id='word_1_669' title='bbox 2260 4215 2620 4291; x_wconf 56' lang='lat' dir='ltr'><strong>Evangelia,“</strong></span> <span class='ocrx_word' id='word_1_670' title='bbox 2649 4219 2707 4268; x_wconf 64' lang='lat' dir='ltr'>et</span> <span class='ocrx_word' id='word_1_671' title='bbox 2727 4214 2934 4269; x_wconf 60' lang='lat' dir='ltr'><strong>Christi</strong></span> <span class='ocrx_word' id='word_1_672' title='bbox 2961 4214 3205 4287; x_wconf 54' lang='lat' dir='ltr'><strong>gratiam</strong></span> <span class='ocrx_word' id='word_1_673' title='bbox 3250 4213 3553 4285; x_wconf 55' lang='lat' dir='ltr'><strong>adoptem,</strong></span> <span class='ocrx_word' id='word_1_674' title='bbox 3582 4210 3635 4263; x_wconf 70' lang='lat' dir='ltr'>in</span> <span class='ocrx_word' id='word_1_675' title='bbox 3661 4206 3725 4259; x_wconf 77' lang='lat' dir='ltr'><strong>ﬁ-</strong></span> 
     </span>
    </p>
   </div>
   <div class='ocr_carea' id='block_1_77' title="bbox 470 4292 3723 4375">
    <p class='ocr_par' dir='ltr' id='par_1_77' title="bbox 470 4292 3723 4375">
     <span class='ocr_line' id='line_1_79' title="bbox 470 4292 3723 4375; baseline -0.002 -30"><span class='ocrx_word' id='word_1_676' title='bbox 470 4308 597 4346; x_wconf 90' lang='lat' dir='ltr'><strong>sum</strong></span> <span class='ocrx_word' id='word_1_677' title='bbox 612 4297 670 4349; x_wconf 91' lang='lat' dir='ltr'><strong>et</strong></span> <span class='ocrx_word' id='word_1_678' title='bbox 689 4292 880 4346; x_wconf 90' lang='lat' dir='ltr'><strong>omnia</strong></span> <span class='ocrx_word' id='word_1_679' title='bbox 906 4308 1028 4363; x_wconf 62' lang='lat' dir='ltr'><strong>quae</strong></span> <span class='ocrx_word' id='word_1_680' title='bbox 1041 4292 1358 4371; x_wconf 91' lang='lat' dir='ltr'><strong>concupisci</strong></span> <span class='ocrx_word' id='word_1_681' title='bbox 1373 4300 1607 4365; x_wconf 86' lang='lat' dir='ltr'><strong>possunt</strong></span> <span class='ocrx_word' id='word_1_682' title='bbox 1631 4293 1688 4347; x_wconf 91' lang='lat' dir='ltr'><strong>in</strong></span> <span class='ocrx_word' id='word_1_683' title='bbox 1715 4295 1914 4348; x_wconf 78' lang='lat' dir='ltr'><strong>saeculo</strong></span> <span class='ocrx_word' id='word_1_684' title='bbox 1931 4310 2060 4364; x_wconf 91' lang='lat' dir='ltr'><strong>per-</strong></span> <span class='ocrx_word' id='word_1_685' title='bbox 2141 4303 2317 4358; x_wconf 76' lang='lat' dir='ltr'><strong>lium?</strong></span> <span class='ocrx_word' id='word_1_686' title='bbox 2353 4312 2419 4357; x_wconf 67' lang='lat' dir='ltr'>ut</span> <span class='ocrx_word' id='word_1_687' title='bbox 2446 4320 2548 4375; x_wconf 68' lang='lat' dir='ltr'><strong>per</strong></span> <span class='ocrx_word' id='word_1_688' title='bbox 2592 4304 3061 4358; x_wconf 63' lang='lat' dir='ltr'><strong>resurrectionem</strong></span> <span class='ocrx_word' id='word_1_689' title='bbox 3090 4304 3225 4367; x_wconf 64' lang='grc' dir='ltr'><strong>,Ῑεεα</strong></span> <span class='ocrx_word' id='word_1_690' title='bbox 3267 4300 3478 4356; x_wconf 65' lang='lat' dir='ltr'><strong>Christi</strong></span> <span class='ocrx_word' id='word_1_691' title='bbox 3505 4298 3723 4371; x_wconf 53' lang='lat' dir='ltr'><strong>viviﬁce.</strong></span> 
     </span>
    </p>
   </div>
   <div class='ocr_carea' id='block_1_78' title="bbox 472 4379 3723 4464">
    <p class='ocr_par' dir='ltr' id='par_1_78' title="bbox 472 4379 3723 4464">
     <span class='ocr_line' id='line_1_80' title="bbox 472 4379 3723 4464; baseline -0.002 -31"><span class='ocrx_word' id='word_1_692' title='bbox 472 4379 616 4435; x_wconf 74' lang='lat' dir='ltr'><strong>tecte</strong></span> <span class='ocrx_word' id='word_1_693' title='bbox 632 4397 733 4463; x_wconf 89' lang='lat' dir='ltr'><strong>pro</strong></span> <span class='ocrx_word' id='word_1_694' title='bbox 747 4380 955 4434; x_wconf 89' lang='lat' dir='ltr'><strong>Christi</strong></span> <span class='ocrx_word' id='word_1_695' title='bbox 972 4396 1165 4434; x_wconf 91' lang='lat' dir='ltr'><strong>amore</strong></span> <span class='ocrx_word' id='word_1_696' title='bbox 1195 4380 1466 4437; x_wconf 90' lang='lat' dir='ltr'><strong>deseruit.</strong></span> <span class='ocrx_word' id='word_1_697' title='bbox 1509 4382 1625 4435; x_wconf 88' lang='lat' dir='ltr'><strong>Nec</strong></span> <span class='ocrx_word' id='word_1_698' title='bbox 1655 4380 1885 4435; x_wconf 88' lang='lat' dir='ltr'><strong>dubium</strong></span> <span class='ocrx_word' id='word_1_699' title='bbox 1911 4380 2124 4452; x_wconf 82' lang='lat' dir='ltr'><strong>quodD</strong></span> <span class='ocrx_word' id='word_1_700' title='bbox 2142 4391 2274 4448; x_wconf 71' lang='lat' dir='ltr'><strong>tur?</strong></span> <span class='ocrx_word' id='word_1_701' title='bbox 2306 4392 2518 4463; x_wconf 55' lang='lat' dir='ltr'><strong>Quibus</strong></span> <span class='ocrx_word' id='word_1_702' title='bbox 2548 4392 2690 4447; x_wconf 72' lang='lat' dir='ltr'><strong>forte</strong></span> <span class='ocrx_word' id='word_1_703' title='bbox 2719 4393 2945 4457; x_wconf 55' lang='lat' dir='ltr'><strong>auditis,</strong></span> <span class='ocrx_word' id='word_1_704' title='bbox 2977 4390 3354 4464; x_wconf 58' lang='lat' dir='ltr'><strong>prmtermisso</strong></span> <span class='ocrx_word' id='word_1_705' title='bbox 3398 4403 3627 4449; x_wconf 60' lang='lat' dir='ltr'><strong>mmmre</strong></span> <span class='ocrx_word' id='word_1_706' title='bbox 3657 4384 3723 4437; x_wconf 74' lang='lat' dir='ltr'><strong>de</strong></span> 
     </span>
    </p>
   </div>
   <div class='ocr_carea' id='block_1_79' title="bbox 468 4464 3723 4559">
    <p class='ocr_par' dir='ltr' id='par_1_79' title="bbox 468 4464 3723 4559">
     <span class='ocr_line' id='line_1_81' title="bbox 468 4464 3723 4559; baseline -0.002 -29"><span class='ocrx_word' id='word_1_707' title='bbox 468 4469 705 4559; x_wconf 68' lang='lat' dir='ltr'><strong>apostOli</strong></span> <span class='ocrx_word' id='word_1_708' title='bbox 717 4468 1161 4545; x_wconf 77' lang='lat' dir='ltr'><strong>etapostolorum</strong></span> <span class='ocrx_word' id='word_1_709' title='bbox 1175 4484 1458 4538; x_wconf 73' lang='lat' dir='ltr'><strong>sequaces,</strong></span> <span class='ocrx_word' id='word_1_710' title='bbox 1477 4468 1608 4522; x_wconf 71' lang='lat' dir='ltr'><strong>licet</strong></span> <span class='ocrx_word' id='word_1_711' title='bbox 1626 4486 1825 4539; x_wconf 67' lang='lat' dir='ltr'><strong>Parum</strong></span> <span class='ocrx_word' id='word_1_712' title='bbox 1859 4470 2066 4525; x_wconf 64' lang='lat' dir='ltr'><strong>habue&#39;</strong></span> <span class='ocrx_word' id='word_1_713' title='bbox 2143 4464 2447 4535; x_wconf 88' lang='lat' dir='ltr'><strong>incredulis</strong></span> <span class='ocrx_word' id='word_1_714' title='bbox 2467 4481 2692 4546; x_wconf 66' lang='lat' dir='ltr'><strong>Iudaeis,</strong></span> <span class='ocrx_word' id='word_1_715' title='bbox 2716 4482 2827 4536; x_wconf 91' lang='lat' dir='ltr'><strong>cito</strong></span> <span class='ocrx_word' id='word_1_716' title='bbox 2856 4482 3155 4559; x_wconf 90' lang='lat' dir='ltr'><strong>requirunt</strong></span> <span class='ocrx_word' id='word_1_717' title='bbox 3189 4479 3259 4533; x_wconf 89' lang='lat' dir='ltr'><strong>de</strong></span> <span class='ocrx_word' id='word_1_718' title='bbox 3308 4495 3370 4535; x_wconf 89' lang='lat' dir='ltr'><strong>se</strong></span> <span class='ocrx_word' id='word_1_719' title='bbox 3398 4476 3628 4545; x_wconf 80' lang='lat' dir='ltr'><strong>solliciti,</strong></span> <span class='ocrx_word' id='word_1_720' title='bbox 3668 4478 3723 4526; x_wconf 90' lang='lat' dir='ltr'><strong>et</strong></span> 
     </span>
    </p>
   </div>
   <div class='ocr_carea' id='block_1_80' title="bbox 466 4500 3720 4651">
    <p class='ocr_par' dir='ltr' id='par_1_80' title="bbox 466 4500 3720 4651">
     <span class='ocr_line' id='line_1_82' title="bbox 468 4500 3720 4559; baseline -0.003 -21"><span class='ocrx_word' id='word_1_721' title='bbox 468 4500 1608 4559; x_wconf 58' lang='grc' dir='ltr'>αγυοιιυιισιαιιυδιυιυιυυιπιίυαυεοςιιιυι</span> <span class='ocrx_word' id='word_1_722' title='bbox 1626 4500 1825 4539; x_wconf 71' lang='lat' dir='ltr'><strong>palum</strong></span> <span class='ocrx_word' id='word_1_723' title='bbox 1861 4500 2066 4525; x_wconf 70' lang='grc' dir='ltr'>ιιιιυυσ·</span> <span class='ocrx_word' id='word_1_724' title='bbox 2143 4500 2447 4535; x_wconf 79' lang='lat' dir='ltr'><strong>increauus</strong></span> <span class='ocrx_word' id='word_1_725' title='bbox 2467 4500 2692 4546; x_wconf 71' lang='lat' dir='ltr'><strong>Juazms,</strong></span> <span class='ocrx_word' id='word_1_726' title='bbox 2716 4500 2827 4536; x_wconf 79' lang='grc' dir='ltr'>οιιο</span> <span class='ocrx_word' id='word_1_727' title='bbox 2856 4500 2917 4535; x_wconf 94' lang='lat' dir='ltr'><strong>re</strong></span> <span class='ocrx_word' id='word_1_728' title='bbox 2960 4500 3155 4541; x_wconf 75' lang='lat' dir='ltr'><strong>uirum</strong></span> <span class='ocrx_word' id='word_1_729' title='bbox 3189 4500 3259 4533; x_wconf 85' lang='lat' dir='ltr'><strong>de</strong></span> <span class='ocrx_word' id='word_1_730' title='bbox 3308 4500 3370 4535; x_wconf 87' lang='lat' dir='ltr'><strong>se</strong></span> <span class='ocrx_word' id='word_1_731' title='bbox 3398 4500 3628 4545; x_wconf 75' lang='grc' dir='ltr'>εοιιιειιι,</span> <span class='ocrx_word' id='word_1_732' title='bbox 3668 4500 3720 4526; x_wconf 72' lang='grc' dir='ltr'>ει</span> 
     </span>
     <span class='ocr_line' id='line_1_83' title="bbox 466 4500 3720 4651; baseline -0.002 -32"><span class='ocrx_word' id='word_1_733' title='bbox 466 4564 600 4631; x_wconf 84' lang='lat' dir='ltr'><strong>rint,</strong></span> <span class='ocrx_word' id='word_1_734' title='bbox 626 4565 750 4651; x_wconf 90' lang='lat' dir='ltr'><strong>plus</strong></span> <span class='ocrx_word' id='word_1_735' title='bbox 779 4561 1037 4616; x_wconf 91' lang='lat' dir='ltr'><strong>omnibus</strong></span> <span class='ocrx_word' id='word_1_736' title='bbox 1067 4562 1434 4634; x_wconf 85' lang='lat' dir='ltr'><strong>reliquerunt,</strong></span> <span class='ocrx_word' id='word_1_737' title='bbox 1476 4561 1607 4647; x_wconf 88' lang='lat' dir='ltr'><strong>quia</strong></span> <span class='ocrx_word' id='word_1_738' title='bbox 1634 4563 1930 4635; x_wconf 90' lang='lat' dir='ltr'><strong>perfectius</strong></span> <span class='ocrx_word' id='word_1_739' title='bbox 1945 4580 2061 4617; x_wconf 89' lang='lat' dir='ltr'><strong>om-</strong></span> <span class='ocrx_word' id='word_1_740' title='bbox 2141 4570 2481 4623; x_wconf 85' lang='lat' dir='ltr'><strong>conﬁtentur</strong></span> <span class='ocrx_word' id='word_1_741' title='bbox 2495 4570 2614 4639; x_wconf 84' lang='lat' dir='ltr'><strong>jam</strong></span> <span class='ocrx_word' id='word_1_742' title='bbox 2637 4586 2738 4640; x_wconf 87' lang='lat' dir='ltr'><strong>per</strong></span> <span class='ocrx_word' id='word_1_743' title='bbox 2759 4571 2883 4640; x_wconf 87' lang='lat' dir='ltr'><strong>ejus</strong></span> <span class='ocrx_word' id='word_1_744' title='bbox 2904 4500 3282 4639; x_wconf 58' lang='lat' dir='ltr'><strong>obedientiam</strong></span> <span class='ocrx_word' id='word_1_745' title='bbox 3319 4584 3380 4621; x_wconf 91' lang='lat' dir='ltr'><strong>se</strong></span> <span class='ocrx_word' id='word_1_746' title='bbox 3403 4565 3586 4621; x_wconf 87' lang='lat' dir='ltr'><strong>omnia</strong></span> <span class='ocrx_word' id='word_1_747' title='bbox 3605 4560 3720 4616; x_wconf 84' lang='lat' dir='ltr'><strong>reli-</strong></span> 
     </span>
    </p>
   </div>
   <div class='ocr_carea' id='block_1_81' title="bbox 468 4652 2943 4735">
    <p class='ocr_par' dir='ltr' id='par_1_81' title="bbox 468 4652 2943 4735">
     <span class='ocr_line' id='line_1_84' title="bbox 468 4652 2943 4735; baseline 0.002 -29"><span class='ocrx_word' id='word_1_748' title='bbox 468 4653 565 4723; x_wconf 87' lang='lat' dir='ltr'><strong>nia</strong></span> <span class='ocrx_word' id='word_1_749' title='bbox 596 4670 717 4735; x_wconf 70' lang='lat' dir='ltr'><strong>quae</strong></span> <span class='ocrx_word' id='word_1_750' title='bbox 745 4652 1062 4725; x_wconf 90' lang='lat' dir='ltr'><strong>concupisci</strong></span> <span class='ocrx_word' id='word_1_751' title='bbox 1106 4658 1344 4723; x_wconf 87' lang='lat' dir='ltr'><strong>possunt</strong></span> <span class='ocrx_word' id='word_1_752' title='bbox 1395 4653 1767 4719; x_wconf 87' lang='lat' dir='ltr'><strong>calcaverunt,</strong></span> <span class='ocrx_word' id='word_1_753' title='bbox 1798 4654 1893 4724; x_wconf 90' lang='lat' dir='ltr'><strong>qui</strong></span> <span class='ocrx_word' id='word_1_754' title='bbox 1947 4670 2061 4709; x_wconf 89' lang='lat' dir='ltr'><strong>non</strong></span> <span class='ocrx_word' id='word_1_755' title='bbox 2145 4657 2349 4728; x_wconf 90' lang='lat' dir='ltr'><strong>quisse.</strong></span> <span class='ocrx_word' id='word_1_756' title='bbox 2385 4656 2599 4721; x_wconf 91' lang='lat' dir='ltr'><strong>Quibus</strong></span> <span class='ocrx_word' id='word_1_757' title='bbox 2626 4654 2900 4712; x_wconf 85' lang='lat' dir='ltr'><strong>Dominus</strong></span> <span class='ocrx_word' id='word_1_758' title='bbox 2933 4677 2943 4711; x_wconf 95' lang='lat'>:</span> 
     </span>
    </p>
   </div>
   <div class='ocr_carea' id='block_1_82' title="bbox 468 4738 3717 4821">
    <p class='ocr_par' dir='ltr' id='par_1_82' title="bbox 468 4738 3717 4821">
     <span class='ocr_line' id='line_1_85' title="bbox 468 4738 3717 4821; baseline 0 -26"><span class='ocrx_word' id='word_1_759' title='bbox 468 4741 652 4797; x_wconf 92' lang='lat' dir='ltr'><strong>solum</strong></span> <span class='ocrx_word' id='word_1_760' title='bbox 680 4742 814 4794; x_wconf 88' lang='lat' dir='ltr'><strong>vitia</strong></span> <span class='ocrx_word' id='word_1_761' title='bbox 844 4738 1124 4803; x_wconf 85' lang='lat' dir='ltr'><strong>universa.</strong></span> <span class='ocrx_word' id='word_1_762' title='bbox 1145 4758 1338 4796; x_wconf 91' lang='lat' dir='ltr'><strong>verum</strong></span> <span class='ocrx_word' id='word_1_763' title='bbox 1359 4742 1524 4796; x_wconf 89' lang='lat' dir='ltr'><strong>etiam</strong></span> <span class='ocrx_word' id='word_1_764' title='bbox 1540 4747 1595 4797; x_wconf 90' lang='lat' dir='ltr'><strong>et</strong></span> <span class='ocrx_word' id='word_1_765' title='bbox 1607 4742 1935 4813; x_wconf 89' lang='lat' dir='ltr'><strong>semetipsos</strong></span> <span class='ocrx_word' id='word_1_766' title='bbox 1958 4760 2059 4821; x_wconf 81' lang='lat' dir='ltr'><strong>pa-</strong></span> <span class='ocrx_word' id='word_1_767' title='bbox 2220 4745 2397 4801; x_wconf 88' lang='lat' dir='ltr'><strong>Amen</strong></span> <span class='ocrx_word' id='word_1_768' title='bbox 2411 4747 2530 4798; x_wconf 87' lang='lat' dir='ltr'><strong>dico</strong></span> <span class='ocrx_word' id='word_1_769' title='bbox 2545 4747 2712 4813; x_wconf 80' lang='lat' dir='ltr'><strong>vobis,</strong></span> <span class='ocrx_word' id='word_1_770' title='bbox 2734 4748 2877 4817; x_wconf 87' lang='lat' dir='ltr'><strong>quod</strong></span> <span class='ocrx_word' id='word_1_771' title='bbox 2893 4763 2981 4800; x_wconf 86' lang='lat' dir='ltr'><strong>vos</strong></span> <span class='ocrx_word' id='word_1_772' title='bbox 3002 4749 3101 4817; x_wconf 87' lang='lat' dir='ltr'><strong>qui</strong></span> <span class='ocrx_word' id='word_1_773' title='bbox 3120 4745 3431 4815; x_wconf 80' lang='lat' dir='ltr'><strong>reliquistis</strong></span> <span class='ocrx_word' id='word_1_774' title='bbox 3449 4745 3643 4815; x_wconf 74' lang='lat' dir='ltr'><strong>omnia.</strong></span> <span class='ocrx_word' id='word_1_775' title='bbox 3671 4742 3717 4805; x_wconf 59' lang='lat' dir='ltr'><strong>et</strong></span> 
     </span>
    </p>
   </div>
   <div class='ocr_carea' id='block_1_83' title="bbox 466 4828 3718 4907">
    <p class='ocr_par' dir='ltr' id='par_1_83' title="bbox 466 4828 3718 4907">
     <span class='ocr_line' id='line_1_86' title="bbox 466 4828 3718 4907; baseline -0.001 -24"><span class='ocrx_word' id='word_1_776' title='bbox 466 4828 606 4895; x_wconf 82' lang='lat' dir='ltr'><strong>riter</strong></span> <span class='ocrx_word' id='word_1_777' title='bbox 636 4846 762 4886; x_wconf 86' lang='lat' dir='ltr'><strong>cum</strong></span> <span class='ocrx_word' id='word_1_778' title='bbox 790 4829 1000 4893; x_wconf 86' lang='lat' dir='ltr'><strong>mundo</strong></span> <span class='ocrx_word' id='word_1_779' title='bbox 1028 4836 1503 4904; x_wconf 85' lang='lat' dir='ltr'><strong>contempserunt.</strong></span> <span class='ocrx_word' id='word_1_780' title='bbox 1534 4831 1695 4903; x_wconf 88' lang='lat' dir='ltr'><strong>Quod</strong></span> <span class='ocrx_word' id='word_1_781' title='bbox 1723 4832 1969 4887; x_wconf 91' lang='lat' dir='ltr'><strong>sentiens</strong></span> <span class='ocrx_word' id='word_1_782' title='bbox 2003 4832 2061 4907; x_wconf 86' lang='lat' dir='ltr'><strong>in</strong></span> <span class='ocrx_word' id='word_1_783' title='bbox 2142 4836 2313 4887; x_wconf 81' lang='lat' dir='ltr'><strong>secuti</strong></span> <span class='ocrx_word' id='word_1_784' title='bbox 2331 4836 2454 4887; x_wconf 85' lang='lat' dir='ltr'><strong>estis</strong></span> <span class='ocrx_word' id='word_1_785' title='bbox 2476 4850 2576 4899; x_wconf 87' lang='lat' dir='ltr'><strong>me,</strong></span> <span class='ocrx_word' id='word_1_786' title='bbox 2605 4836 2667 4888; x_wconf 86' lang='lat' dir='ltr'><strong>in</strong></span> <span class='ocrx_word' id='word_1_787' title='bbox 2683 4837 3093 4903; x_wconf 79' lang='lat' dir='ltr'><strong>regeneratione</strong></span> <span class='ocrx_word' id='word_1_788' title='bbox 3116 4851 3243 4903; x_wconf 83' lang='lat' dir='ltr'><strong>cum</strong></span> <span class='ocrx_word' id='word_1_789' title='bbox 3255 4829 3718 4888; x_wconf 73' lang='lat' dir='ltr'><strong>seden&#39;tFiliusho—</strong></span> 
     </span>
    </p>
   </div>
   <div class='ocr_carea' id='block_1_84' title="bbox 466 4919 3717 5001">
    <p class='ocr_par' dir='ltr' id='par_1_84' title="bbox 466 4919 3717 5001">
     <span class='ocr_line' id='line_1_87' title="bbox 466 4919 3717 5001; baseline -0.002 -25"><span class='ocrx_word' id='word_1_790' title='bbox 466 4920 674 4993; x_wconf 69' lang='lat' dir='ltr'><strong>virtute</strong></span> <span class='ocrx_word' id='word_1_791' title='bbox 698 4919 905 4974; x_wconf 88' lang='lat' dir='ltr'><strong>Christi</strong></span> <span class='ocrx_word' id='word_1_792' title='bbox 949 4919 1180 4987; x_wconf 86' lang='lat' dir='ltr'><strong>factum,</strong></span> <span class='ocrx_word' id='word_1_793' title='bbox 1214 4922 1550 4976; x_wconf 84' lang='lat' dir='ltr'><strong>ﬁducialiter</strong></span> <span class='ocrx_word' id='word_1_794' title='bbox 1604 4920 1841 4992; x_wconf 87' lang='lat' dir='ltr'><strong>requirit</strong></span> <span class='ocrx_word' id='word_1_795' title='bbox 1870 4940 1882 4973; x_wconf 88' lang='lat'><strong>:</strong></span> <span class='ocrx_word' id='word_1_796' title='bbox 1919 4921 2063 4989; x_wconf 79' lang='lat' dir='ltr'><strong>Quid</strong></span> <span class='ocrx_word' id='word_1_797' title='bbox 2144 4925 2319 4976; x_wconf 87' lang='lat' dir='ltr'><strong>minis</strong></span> <span class='ocrx_word' id='word_1_798' title='bbox 2351 4925 2415 4976; x_wconf 90' lang='lat' dir='ltr'><strong>in</strong></span> <span class='ocrx_word' id='word_1_799' title='bbox 2434 4924 2553 4976; x_wconf 83' lang='lat' dir='ltr'><strong>sede</strong></span> <span class='ocrx_word' id='word_1_800' title='bbox 2577 4926 2877 4992; x_wconf 68' lang='lat' dir='ltr'><strong>maiestatis</strong></span> <span class='ocrx_word' id='word_1_801' title='bbox 2919 4928 3107 5001; x_wconf 51' lang='grc' dir='ltr'>δικ</span> <span class='ocrx_word' id='word_1_802' title='bbox 3139 4939 3268 4991; x_wconf 69' lang='grc' dir='ltr'><strong>διιεῖ,</strong></span> <span class='ocrx_word' id='word_1_803' title='bbox 3302 4923 3548 4981; x_wconf 79' lang='lat' dir='ltr'><strong>sedebitis</strong></span> <span class='ocrx_word' id='word_1_804' title='bbox 3568 4923 3610 4973; x_wconf 82' lang='lat' dir='ltr'><strong>et</strong></span> <span class='ocrx_word' id='word_1_805' title='bbox 3634 4930 3717 4968; x_wconf 75' lang='lat' dir='ltr'><strong>vos</strong></span> 
     </span>
    </p>
   </div>
   <div class='ocr_carea' id='block_1_85' title="bbox 465 4994 3717 5081">
    <p class='ocr_par' dir='ltr' id='par_1_85' title="bbox 465 4994 3717 5081">
     <span class='ocr_line' id='line_1_88' title="bbox 465 4994 3717 5081; baseline -0.002 -20"><span class='ocrx_word' id='word_1_806' title='bbox 465 5024 591 5078; x_wconf 83' lang='lat' dir='ltr'><strong>ergo</strong></span> <span class='ocrx_word' id='word_1_807' title='bbox 620 5013 726 5063; x_wconf 83' lang='lat' dir='ltr'><strong>erit</strong></span> <span class='ocrx_word' id='word_1_808' title='bbox 758 5010 911 5062; x_wconf 87' lang='lat' dir='ltr'><strong>nobis</strong></span> <span class='ocrx_word' id='word_1_809' title='bbox 928 5013 951 5060; x_wconf 71' lang='grc' dir='ltr'><em>Ρ</em></span> <span class='ocrx_word' id='word_1_810' title='bbox 978 5009 1050 5063; x_wconf 88' lang='lat' dir='ltr'><strong>Ut</strong></span> <span class='ocrx_word' id='word_1_811' title='bbox 1073 5009 1248 5071; x_wconf 86' lang='lat' dir='ltr'><strong>virtus</strong></span> <span class='ocrx_word' id='word_1_812' title='bbox 1274 5009 1483 5064; x_wconf 89' lang='lat' dir='ltr'><strong>Christi</strong></span> <span class='ocrx_word' id='word_1_813' title='bbox 1513 5010 1747 5080; x_wconf 88' lang='lat' dir='ltr'><strong>amplior</strong></span> <span class='ocrx_word' id='word_1_814' title='bbox 1774 5025 2059 5063; x_wconf 90' lang='lat' dir='ltr'><strong>commen-</strong></span> <span class='ocrx_word' id='word_1_815' title='bbox 2142 5026 2305 5081; x_wconf 83' lang='lat' dir='ltr'><strong>super</strong></span> <span class='ocrx_word' id='word_1_816' title='bbox 2336 5012 2556 5064; x_wconf 82' lang='lat' dir='ltr'><strong>thronos</strong></span> <span class='ocrx_word' id='word_1_817' title='bbox 2586 5010 2888 5077; x_wconf 79' lang='lat' dir='ltr'><strong>duodecim,</strong></span> <span class='ocrx_word' id='word_1_818' title='bbox 2910 4994 3226 5080; x_wconf 69' lang='lat' dir='ltr'><strong>judicantes</strong></span> <span class='ocrx_word' id='word_1_819' title='bbox 3250 5011 3533 5065; x_wconf 83' lang='lat' dir='ltr'><strong>duodecim</strong></span> <span class='ocrx_word' id='word_1_820' title='bbox 3557 5004 3717 5060; x_wconf 81' lang='lat' dir='ltr'><strong>tribus</strong></span> 
     </span>
    </p>
   </div>
   <div class='ocr_carea' id='block_1_86' title="bbox 464 5097 3714 5171">
    <p class='ocr_par' dir='ltr' id='par_1_86' title="bbox 464 5097 3714 5171">
     <span class='ocr_line' id='line_1_89' title="bbox 464 5097 3714 5171; baseline 0 -19"><span class='ocrx_word' id='word_1_821' title='bbox 464 5097 650 5171; x_wconf 82' lang='lat' dir='ltr'><strong>detur,</strong></span> <span class='ocrx_word' id='word_1_822' title='bbox 680 5102 737 5152; x_wconf 94' lang='lat' dir='ltr'><strong>et</strong></span> <span class='ocrx_word' id='word_1_823' title='bbox 766 5098 834 5154; x_wconf 93' lang='lat' dir='ltr'><strong>de</strong></span> <span class='ocrx_word' id='word_1_824' title='bbox 866 5099 1300 5170; x_wconf 90' lang='lat' dir='ltr'><strong>repromissione</strong></span> <span class='ocrx_word' id='word_1_825' title='bbox 1327 5099 1593 5153; x_wconf 89' lang='lat' dir='ltr'><strong>certiores</strong></span> <span class='ocrx_word' id='word_1_826' title='bbox 1624 5098 1750 5170; x_wconf 90' lang='lat' dir='ltr'><strong>ipsi,</strong></span> <span class='ocrx_word' id='word_1_827' title='bbox 1786 5102 1843 5152; x_wconf 93' lang='lat' dir='ltr'><strong>et</strong></span> <span class='ocrx_word' id='word_1_828' title='bbox 1867 5114 2061 5151; x_wconf 89' lang='lat' dir='ltr'><strong>omnes</strong></span> <span class='ocrx_word' id='word_1_829' title='bbox 2144 5101 2335 5153; x_wconf 82' lang='lat' dir='ltr'><strong>Israel.</strong></span> <span class='ocrx_word' id='word_1_830' title='bbox 2371 5100 2509 5154; x_wconf 90' lang='lat' dir='ltr'><strong>Ecce</strong></span> <span class='ocrx_word' id='word_1_831' title='bbox 2537 5099 2719 5161; x_wconf 87' lang='lat' dir='ltr'><strong>omnis</strong></span> <span class='ocrx_word' id='word_1_832' title='bbox 2754 5099 3054 5163; x_wconf 80' lang='lat' dir='ltr'><strong>difficultas</strong></span> <span class='ocrx_word' id='word_1_833' title='bbox 3080 5098 3344 5153; x_wconf 85' lang='lat' dir='ltr'><strong>veniendi</strong></span> <span class='ocrx_word' id='word_1_834' title='bbox 3374 5098 3445 5152; x_wconf 88' lang='lat' dir='ltr'><strong>ad</strong></span> <span class='ocrx_word' id='word_1_835' title='bbox 3498 5107 3714 5167; x_wconf 79' lang='lat' dir='ltr'><strong>regnum</strong></span> 
     </span>
    </p>
   </div>
   <div class='ocr_carea' id='block_1_87' title="bbox 462 5181 3713 5259">
    <p class='ocr_par' dir='ltr' id='par_1_87' title="bbox 462 5181 3713 5259">
     <span class='ocr_line' id='line_1_90' title="bbox 462 5181 3713 5259; baseline -0.003 -18"><span class='ocrx_word' id='word_1_836' title='bbox 462 5188 521 5241; x_wconf 91' lang='lat' dir='ltr'><strong>in</strong></span> <span class='ocrx_word' id='word_1_837' title='bbox 553 5187 662 5242; x_wconf 82' lang='lat' dir='ltr'><strong>fide</strong></span> <span class='ocrx_word' id='word_1_838' title='bbox 691 5187 1140 5243; x_wconf 89' lang='lat' dir='ltr'><strong>corroborentur.</strong></span> <span class='ocrx_word' id='word_1_839' title='bbox 1176 5188 1245 5255; x_wconf 85' lang='lat' dir='ltr'><strong>Et</strong></span> <span class='ocrx_word' id='word_1_840' title='bbox 1280 5188 1339 5241; x_wconf 91' lang='lat' dir='ltr'><strong>in</strong></span> <span class='ocrx_word' id='word_1_841' title='bbox 1363 5189 1469 5243; x_wconf 89' lang='lat' dir='ltr'><strong>hac</strong></span> <span class='ocrx_word' id='word_1_842' title='bbox 1496 5188 1618 5259; x_wconf 89' lang='lat' dir='ltr'><strong>ipsa</strong></span> <span class='ocrx_word' id='word_1_843' title='bbox 1648 5204 1791 5241; x_wconf 84' lang='lat' dir='ltr'><strong>nova</strong></span> <span class='ocrx_word' id='word_1_844' title='bbox 1816 5187 2059 5241; x_wconf 90' lang='lat' dir='ltr'><strong>interro-</strong></span> <span class='ocrx_word' id='word_1_845' title='bbox 2142 5187 2328 5247; x_wconf 90' lang='lat' dir='ltr'><strong>soluta</strong></span> <span class='ocrx_word' id='word_1_846' title='bbox 2354 5194 2455 5254; x_wconf 88' lang='lat' dir='ltr'><strong>est,</strong></span> <span class='ocrx_word' id='word_1_847' title='bbox 2473 5193 2529 5242; x_wconf 92' lang='lat' dir='ltr'><strong>et</strong></span> <span class='ocrx_word' id='word_1_848' title='bbox 2554 5187 2737 5242; x_wconf 91' lang='lat' dir='ltr'><strong>omnis</strong></span> <span class='ocrx_word' id='word_1_849' title='bbox 2767 5188 3146 5246; x_wconf 87' lang='lat' dir='ltr'><strong>remuneratio</strong></span> <span class='ocrx_word' id='word_1_850' title='bbox 3184 5186 3396 5251; x_wconf 84' lang='lat' dir='ltr'><strong>laboris</strong></span> <span class='ocrx_word' id='word_1_851' title='bbox 3437 5203 3469 5239; x_wconf 89' lang='lat' dir='ltr'><strong>a</strong></span> <span class='ocrx_word' id='word_1_852' title='bbox 3494 5181 3713 5239; x_wconf 88' lang='lat' dir='ltr'><strong>Domino</strong></span> 
     </span>
    </p>
   </div>
   <div class='ocr_carea' id='block_1_88' title="bbox 462 5276 3713 5351">
    <p class='ocr_par' dir='ltr' id='par_1_88' title="bbox 462 5276 3713 5351">
     <span class='ocr_line' id='line_1_91' title="bbox 462 5276 3713 5351; baseline -0.002 -20"><span class='ocrx_word' id='word_1_853' title='bbox 462 5276 711 5349; x_wconf 76' lang='lat' dir='ltr'><strong>gatione,</strong></span> <span class='ocrx_word' id='word_1_854' title='bbox 732 5277 911 5331; x_wconf 88' lang='lat' dir='ltr'><strong>multa</strong></span> <span class='ocrx_word' id='word_1_855' title='bbox 937 5281 1068 5330; x_wconf 91' lang='lat' dir='ltr'><strong>sunt</strong></span> <span class='ocrx_word' id='word_1_856' title='bbox 1101 5294 1222 5347; x_wconf 72' lang='lat' dir='ltr'><strong>qua:</strong></span> <span class='ocrx_word' id='word_1_857' title='bbox 1244 5293 1357 5330; x_wconf 90' lang='lat' dir='ltr'><strong>non</strong></span> <span class='ocrx_word' id='word_1_858' title='bbox 1379 5277 1574 5339; x_wconf 88' lang='lat' dir='ltr'><strong>sinunt</strong></span> <span class='ocrx_word' id='word_1_859' title='bbox 1598 5294 1697 5331; x_wconf 90' lang='lat' dir='ltr'><strong>nos</strong></span> <span class='ocrx_word' id='word_1_860' title='bbox 1717 5276 1955 5351; x_wconf 90' lang='lat' dir='ltr'><strong>simplici</strong></span> <span class='ocrx_word' id='word_1_861' title='bbox 1972 5276 2059 5330; x_wconf 92' lang='lat' dir='ltr'><strong>in-</strong></span> <span class='ocrx_word' id='word_1_862' title='bbox 2141 5277 2484 5351; x_wconf 90' lang='lat' dir='ltr'><strong>repromissa</strong></span> <span class='ocrx_word' id='word_1_863' title='bbox 2506 5297 2519 5344; x_wconf 88' lang='lat'><strong>;</strong></span> <span class='ocrx_word' id='word_1_864' title='bbox 2546 5276 2642 5330; x_wconf 91' lang='lat' dir='ltr'><strong>ubi</strong></span> <span class='ocrx_word' id='word_1_865' title='bbox 2664 5281 2721 5330; x_wconf 87' lang='lat' dir='ltr'><strong>et</strong></span> <span class='ocrx_word' id='word_1_866' title='bbox 2742 5278 3107 5345; x_wconf 80' lang='lat' dir='ltr'><strong>conﬁrmatur</strong></span> <span class='ocrx_word' id='word_1_867' title='bbox 3128 5294 3223 5331; x_wconf 92' lang='lat' dir='ltr'><strong>eos</strong></span> <span class='ocrx_word' id='word_1_868' title='bbox 3261 5276 3457 5333; x_wconf 83' lang='lat' dir='ltr'><strong>iecisse</strong></span> <span class='ocrx_word' id='word_1_869' title='bbox 3469 5283 3713 5349; x_wconf 69' lang='lat' dir='ltr'><strong>quaspra-</strong></span> 
     </span>
    </p>
   </div>
   <div class='ocr_carea' id='block_1_89' title="bbox 461 5362 3713 5445">
    <p class='ocr_par' dir='ltr' id='par_1_89' title="bbox 461 5362 3713 5445">
     <span class='ocr_line' id='line_1_92' title="bbox 461 5362 3713 5445; baseline 0 -29"><span class='ocrx_word' id='word_1_870' title='bbox 461 5363 689 5418; x_wconf 89' lang='lat' dir='ltr'><strong>tellectu</strong></span> <span class='ocrx_word' id='word_1_871' title='bbox 721 5364 869 5437; x_wconf 75' lang='lat' dir='ltr'><strong>dicta</strong></span> <span class='ocrx_word' id='word_1_872' title='bbox 897 5365 1215 5436; x_wconf 86' lang='lat' dir='ltr'><strong>evangelica</strong></span> <span class='ocrx_word' id='word_1_873' title='bbox 1243 5366 1544 5436; x_wconf 90' lang='lat' dir='ltr'><strong>suscipere.</strong></span> <span class='ocrx_word' id='word_1_874' title='bbox 1602 5366 1743 5419; x_wconf 89' lang='lat' dir='ltr'><strong>Nam</strong></span> <span class='ocrx_word' id='word_1_875' title='bbox 1775 5362 1901 5419; x_wconf 88' lang='lat' dir='ltr'><strong>cum</strong></span> <span class='ocrx_word' id='word_1_876' title='bbox 1932 5382 2061 5445; x_wconf 89' lang='lat' dir='ltr'><strong>apo-</strong></span> <span class='ocrx_word' id='word_1_877' title='bbox 2141 5367 2273 5421; x_wconf 90' lang='lat' dir='ltr'><strong>fessi</strong></span> <span class='ocrx_word' id='word_1_878' title='bbox 2294 5371 2446 5433; x_wconf 90' lang='lat' dir='ltr'><strong>sunt,</strong></span> <span class='ocrx_word' id='word_1_879' title='bbox 2480 5372 2559 5420; x_wconf 55' lang='lat' dir='ltr'><strong>et&#39;</strong></span> <span class='ocrx_word' id='word_1_880' title='bbox 2586 5366 2985 5445; x_wconf 80' lang='lat' dir='ltr'><strong>perfectionem</strong></span> <span class='ocrx_word' id='word_1_881' title='bbox 3035 5365 3373 5420; x_wconf 83' lang='lat' dir='ltr'><strong>exhibuisse.</strong></span> <span class='ocrx_word' id='word_1_882' title='bbox 3424 5363 3557 5429; x_wconf 84' lang='lat' dir='ltr'><strong>Quia</strong></span> <span class='ocrx_word' id='word_1_883' title='bbox 3608 5370 3713 5411; x_wconf 78' lang='lat' dir='ltr'><strong>non</strong></span> 
     </span>
    </p>
   </div>
   <div class='ocr_carea' id='block_1_90' title="bbox 463 5441 3709 5539">
    <p class='ocr_par' dir='ltr' id='par_1_90' title="bbox 463 5441 3709 5539">
     <span class='ocr_line' id='line_1_93' title="bbox 463 5441 3709 5539; baseline -0.001 -35"><span class='ocrx_word' id='word_1_884' title='bbox 463 5451 591 5505; x_wconf 89' lang='lat' dir='ltr'><strong>stoli</strong></span> <span class='ocrx_word' id='word_1_885' title='bbox 610 5451 799 5506; x_wconf 91' lang='lat' dir='ltr'><strong>dicant</strong></span> <span class='ocrx_word' id='word_1_886' title='bbox 819 5468 879 5505; x_wconf 92' lang='lat' dir='ltr'><strong>se</strong></span> <span class='ocrx_word' id='word_1_887' title='bbox 895 5453 1082 5507; x_wconf 87' lang='lat' dir='ltr'><strong>omnia</strong></span> <span class='ocrx_word' id='word_1_888' title='bbox 1103 5454 1478 5525; x_wconf 87' lang='lat' dir='ltr'><strong>reliquisse,et</strong></span> <span class='ocrx_word' id='word_1_889' title='bbox 1499 5454 1655 5525; x_wconf 87' lang='lat' dir='ltr'><strong>sequi</strong></span> <span class='ocrx_word' id='word_1_890' title='bbox 1673 5472 1732 5509; x_wconf 93' lang='lat' dir='ltr'><strong>se</strong></span> <span class='ocrx_word' id='word_1_891' title='bbox 1748 5442 2055 5519; x_wconf 75' lang='lat' dir='ltr'><strong>Christum,</strong></span> <span class='ocrx_word' id='word_1_892' title='bbox 2141 5455 2424 5510; x_wconf 75' lang='lat' dir='ltr'><strong>sufficeret</strong></span> <span class='ocrx_word' id='word_1_893' title='bbox 2451 5454 2497 5508; x_wconf 93' lang='lat' dir='ltr'><strong>si</strong></span> <span class='ocrx_word' id='word_1_894' title='bbox 2520 5441 2880 5531; x_wconf 83' lang='lat' dir='ltr'><strong>reliquissent</strong></span> <span class='ocrx_word' id='word_1_895' title='bbox 2907 5454 3097 5537; x_wconf 83' lang='lat' dir='ltr'><strong>omnia</strong></span> <span class='ocrx_word' id='word_1_896' title='bbox 3118 5453 3292 5526; x_wconf 87' lang='lat' dir='ltr'><strong>(quod</strong></span> <span class='ocrx_word' id='word_1_897' title='bbox 3339 5456 3397 5507; x_wconf 92' lang='lat' dir='ltr'><strong>et</strong></span> <span class='ocrx_word' id='word_1_898' title='bbox 3418 5441 3709 5539; x_wconf 62' lang='lat' dir='ltr'><strong>philosophi</strong></span> 
     </span>
    </p>
   </div>
   <div class='ocr_carea' id='block_1_91' title="bbox 463 5530 3704 5619">
    <p class='ocr_par' dir='ltr' id='par_1_91' title="bbox 463 5530 3704 5619">
     <span class='ocr_line' id='line_1_94' title="bbox 463 5530 3704 5619; baseline -0.002 -24"><span class='ocrx_word' id='word_1_899' title='bbox 463 5540 741 5619; x_wconf 89' lang='lat' dir='ltr'><strong>quomodo</strong></span> <span class='ocrx_word' id='word_1_900' title='bbox 762 5558 934 5614; x_wconf 78' lang='lat' dir='ltr'><strong>supra</strong></span> <span class='ocrx_word' id='word_1_901' title='bbox 960 5544 1152 5596; x_wconf 84' lang='lat' dir='ltr'><strong>tristes</strong></span> <span class='ocrx_word' id='word_1_902' title='bbox 1194 5559 1314 5597; x_wconf 92' lang='lat' dir='ltr'><strong>esse</strong></span> <span class='ocrx_word' id='word_1_903' title='bbox 1361 5543 1642 5610; x_wconf 90' lang='lat' dir='ltr'><strong>dicuntur,</strong></span> <span class='ocrx_word' id='word_1_904' title='bbox 1686 5550 1786 5599; x_wconf 92' lang='lat' dir='ltr'><strong>aut</strong></span> <span class='ocrx_word' id='word_1_905' title='bbox 1813 5544 2007 5603; x_wconf 88' lang='lat' dir='ltr'><strong>mirari</strong></span> <span class='ocrx_word' id='word_1_906' title='bbox 2036 5544 2060 5598; x_wconf 71' lang='grc' dir='ltr'>Ῥ</span> <span class='ocrx_word' id='word_1_907' title='bbox 2140 5544 2411 5618; x_wconf 83' lang='lat' dir='ltr'><strong>fecerunt,</strong></span> <span class='ocrx_word' id='word_1_908' title='bbox 2427 5549 2483 5598; x_wconf 89' lang='lat' dir='ltr'><strong>et</strong></span> <span class='ocrx_word' id='word_1_909' title='bbox 2504 5530 2663 5619; x_wconf 81' lang='lat' dir='ltr'><strong>multi</strong></span> <span class='ocrx_word' id='word_1_910' title='bbox 2690 5542 2804 5611; x_wconf 91' lang='lat' dir='ltr'><strong>alii)</strong></span> <span class='ocrx_word' id='word_1_911' title='bbox 2824 5544 2933 5600; x_wconf 89' lang='lat' dir='ltr'><strong>nisi</strong></span> <span class='ocrx_word' id='word_1_912' title='bbox 2962 5530 3138 5597; x_wconf 83' lang='lat' dir='ltr'><strong>secuti</strong></span> <span class='ocrx_word' id='word_1_913' title='bbox 3158 5539 3349 5619; x_wconf 80' lang='lat' dir='ltr'><strong>essent</strong></span> <span class='ocrx_word' id='word_1_914' title='bbox 3384 5530 3661 5598; x_wconf 74' lang='lat' dir='ltr'><strong>Dominum</strong></span> <span class='ocrx_word' id='word_1_915' title='bbox 3690 5549 3704 5582; x_wconf 74' lang='grc' dir='ltr'>ε</span> 
     </span>
    </p>
   </div>
   <div class='ocr_carea' id='block_1_92' title="bbox 460 5618 3317 5701">
    <p class='ocr_par' dir='ltr' id='par_1_92' title="bbox 460 5618 3317 5701">
     <span class='ocr_line' id='line_1_95' title="bbox 460 5618 3317 5701; baseline 0.002 -19"><span class='ocrx_word' id='word_1_916' title='bbox 460 5618 548 5683; x_wconf 83' lang='lat' dir='ltr'><strong>vel</strong></span> <span class='ocrx_word' id='word_1_917' title='bbox 578 5631 855 5701; x_wconf 90' lang='lat' dir='ltr'><strong>quomodo</strong></span> <span class='ocrx_word' id='word_1_918' title='bbox 884 5636 1164 5700; x_wconf 89' lang='lat' dir='ltr'><strong>metuunt,</strong></span> <span class='ocrx_word' id='word_1_919' title='bbox 1195 5632 1444 5689; x_wconf 82' lang='lat' dir='ltr'><strong>dicentes</strong></span> <span class='ocrx_word' id='word_1_920' title='bbox 1476 5652 1489 5686; x_wconf 87' lang='lat'><strong>:</strong></span> <span class='ocrx_word' id='word_1_921' title='bbox 1521 5634 1811 5689; x_wconf 82' lang='lat' dir='ltr'><strong>Neminem</strong></span> <span class='ocrx_word' id='word_1_922' title='bbox 1840 5635 2057 5688; x_wconf 81' lang='lat' dir='ltr'><strong>salvum</strong></span> <span class='ocrx_word' id='word_1_923' title='bbox 2140 5649 2254 5688; x_wconf 92' lang='lat' dir='ltr'><strong>non</strong></span> <span class='ocrx_word' id='word_1_924' title='bbox 2282 5632 2518 5701; x_wconf 89' lang='lat' dir='ltr'><strong>pedibus</strong></span> <span class='ocrx_word' id='word_1_925' title='bbox 2530 5618 2944 5701; x_wconf 8' lang='lat' dir='ltr'><strong>itantum,quod</strong></span> <span class='ocrx_word' id='word_1_926' title='bbox 2965 5632 3130 5687; x_wconf 89' lang='lat' dir='ltr'><strong>multi</strong></span> <span class='ocrx_word' id='word_1_927' title='bbox 3149 5618 3317 5687; x_wconf 26' lang='lat' dir='ltr'><strong>tune‘i</strong></span> 
     </span>
    </p>
   </div>
   <div class='ocr_carea' id='block_1_93' title="bbox 2146 3769 3727 3844">
    <p class='ocr_par' dir='ltr' id='par_1_93' title="bbox 2146 3769 3727 3844">
     <span class='ocr_line' id='line_1_96' title="bbox 2146 3769 3727 3844; baseline -0.005 -18"><span class='ocrx_word' id='word_1_928' title='bbox 2146 3772 2482 3829; x_wconf 90' lang='lat' dir='ltr'><strong>exsecrabile</strong></span> <span class='ocrx_word' id='word_1_929' title='bbox 2509 3789 2679 3844; x_wconf 90' lang='lat' dir='ltr'><strong>quam</strong></span> <span class='ocrx_word' id='word_1_930' title='bbox 2709 3773 2887 3828; x_wconf 84' lang='lat' dir='ltr'><strong>crucis</strong></span> <span class='ocrx_word' id='word_1_931' title='bbox 2941 3769 3310 3828; x_wconf 83' lang='lat' dir='ltr'><strong>scandalum?</strong></span> <span class='ocrx_word' id='word_1_932' title='bbox 3348 3769 3426 3824; x_wconf 89' lang='lat' dir='ltr'><strong>Ut</strong></span> <span class='ocrx_word' id='word_1_933' title='bbox 3450 3784 3552 3843; x_wconf 90' lang='lat' dir='ltr'><strong>pro</strong></span> <span class='ocrx_word' id='word_1_934' title='bbox 3579 3780 3727 3820; x_wconf 87' lang='lat' dir='ltr'><strong>cruce</strong></span> 
     </span>
    </p>
   </div>
   <div class='ocr_carea' id='block_1_94' title="bbox 2140 5614 3707 5705">
    <p class='ocr_par' dir='ltr' id='par_1_94' title="bbox 2140 5614 3707 5705">
     <span class='ocr_line' id='line_1_97' title="bbox 2140 5614 3707 5705; baseline -0.003 -17"><span class='ocrx_word' id='word_1_935' title='bbox 2140 5649 2254 5688; x_wconf 92' lang='lat' dir='ltr'><strong>non</strong></span> <span class='ocrx_word' id='word_1_936' title='bbox 2282 5614 2518 5705; x_wconf 86' lang='lat' dir='ltr'><strong>pedibus</strong></span> <span class='ocrx_word' id='word_1_937' title='bbox 2530 5614 2779 5699; x_wconf 77' lang='lat' dir='ltr'><strong>tantum,</strong></span> <span class='ocrx_word' id='word_1_938' title='bbox 2795 5632 2944 5703; x_wconf 89' lang='lat' dir='ltr'><strong>quod</strong></span> <span class='ocrx_word' id='word_1_939' title='bbox 2965 5632 3130 5687; x_wconf 88' lang='lat' dir='ltr'><strong>multi</strong></span> <span class='ocrx_word' id='word_1_940' title='bbox 3149 5618 3571 5687; x_wconf 28' lang='lat' dir='ltr'><strong>tune‘faciebant</strong></span> <span class='ocrx_word' id='word_1_941' title='bbox 3586 5637 3707 5696; x_wconf 74' lang='lat' dir='ltr'><strong>qua-</strong></span> 
     </span>
    </p>
   </div>
  </div>
