3888 6172
180 283 273 343 669

906 282 1295 349 EXPOSITIO
1328 287 1410 350 ΙΝ
1443 286 1891 351 mnum.
1932 324 2000 340 -
2036 292 2174 352 LIB.
2216 295 2313 365 IX,
2357 295 2514 353 CAP.
2552 294 2701 354 XIX.

3336 303 3447 366 670

181 410 303 467 libet
321 427 389 468 ex
416 424 609 483 causa,
632 403 733 470 sed
754 414 1028 483 moribus,
1055 421 1113 472 et
1138 414 1472 470 imitatione.
1496 416 1644 480 Quia
1668 417 1833 488 quiA.
1842 423 2178 490 priusquam
2214 423 2463 475 mundus
2488 424 2643 490 ﬁeret
2678 422 2861 494 (Joan.
2920 437 3050 493 xm,
3084 426 3159 496 5).
3193 426 3444 497 Verbum

180 501 302 556 dicit
320 518 385 557 se
414 502 477 558 in
493 503 719 559 Christo
742 521 991 572 manere,
1009 505 1177 560 debet
1204 505 1348 559 sicut
1376 505 1632 567 Christus
1650 521 1765 561 am-

179 588 379 645 bulavit
395 591 665 647 obediens
683 593 800 648 Deo
821 595 979 651 Patri
998 610 1177 666 usque
1196 594 1268 648 ad
1296 599 1555 659 mortem,
1571 600 1628 648 et
1644 595 1767 665 ipse

180 679 476 745 ambulare,
509 687 575 736 ut
602 681 869 737 obediens
889 688 1220 755 permaneat
1248 698 1430 752 usque
1455 683 1525 736 ad
1557 684 1753 742 ﬁnem.

180 769 322 834 Quod
342 769 585 824 necdum
605 772 843 842 apostoli
862 789 1038 844 usque
1058 773 1116 827 in
1136 774 1308 828 ﬁnem
1328 772 1762 843 compleverant,

178 858 293 917 licet
313 859 437 931 jam
462 859 521 913 in
537 861 1028 930 praedestinatione
1049 861 1149 917 Dei
1171 865 1320 916 esset
1332 861 1481 932 quod
1509 859 1763 916 futurum

179 952 302 1001 erat.
338 946 402 1002 Ei
422 947 552 1002 ideo
579 948 660 1003 sic
683 949 914 1020 praemia
942 949 1000 1003 in
1024 948 1451 1021 praesentiarum
1472 950 1768 1021 repromit-

178 1037 250 1100 tit,
273 1052 341 1090 ac
369 1036 418 1090 si
440 1053 544 1108 pro
573 1038 809 1105 meritis,
836 1044 901 1092 ut
921 1038 1111 1093 futura
1132 1044 1311 1092 erant.
1344 1038 1492 1092 Nam
1513 1038 1662 1109 quod
1682 1039 1763 1093 ait

177 1128 224 1182 in
245 1129 691 1199 regeneratione,
725 1129 1140 1202 amphibologia
1170 1145 1291 1184 esse
1317 1129 1558 1195 videtur,
1591 1128 1648 1183 id
1679 1134 1763 1183 est

178 1216 504 1288 ambiguitas
518 1217 800 1284 dictionis,
817 1218 977 1290 quasi
996 1219 1065 1273 ad
1086 1222 1611 1290 utramquepartem
1630 1235 1765 1289 pos-

176 1306 238 1360 sit
255 1306 549 1379 applicari,
577 1306 723 1361 sicut
750 1307 977 1379 quidam
1009 1308 1259 1373 tradunt,
1279 1308 1427 1377 quod
1452 1307 1531 1363 ita
1554 1308 1628 1360 sit
1653 1306 1769 1361 dis-

176 1395 564 1465 tinguendum:
581 1396 703 1461 Qod
722 1413 819 1451 vos
839 1397 933 1471 qui
952 1397 1258 1468 reliquistis
1284 1397 1494 1463 omnia,
1510 1400 1565 1451 et
1583 1396 1761 1453 secuti

177 1484 294 1538 estis
309 1500 403 1538 me
422 1485 480 1538 in
495 1484 1157 1555 regeneratione.Quiain
1176 1501 1243 1540 eo
1257 1490 1510 1557 tempore
1523 1485 1761 1556 apostoli

171 1574 269 1644 jam
297 1573 487 1628 renati
512 1580 675 1629 erant
702 1575 761 1629 in
789 1573 1013 1630 Christo
1039 1574 1192 1629 fonte
1220 1574 1592 1645 baptismatis.
1614 1575 1695 1629 Ac
1714 1573 1763 1629 si

1846 509 1976 562 enin
1998 508 2255 563 Graaoum
2276 510 2423 580 quod
2450 516 2536 564 est
2562 510 2682 574 δόξα
2712 517 3015 584 utrumque
3055 515 3352 586 significat,
3386 519 3443 573 id

1846 602 1932 650 est
1958 602 2017 650 et
2042 598 2277 666 gloriam
2308 602 2366 651 et
2392 598 2726 652 claritatem.
2759 601 2839 654 Ac
2865 618 2969 675 per
3005 603 3128 671 hoc,
3177 606 3310 675 quia
3346 606 3444 672 alii

1846 684 2065 739 codices
2102 685 2311 740 habent
2355 690 2622 753 clariﬁca,
2647 688 2744 742 alii
2785 706 2914 743 vero
2961 695 3231 760 gloriﬁca,
3263 710 3441 749 unum

1846 789 1968 827 esse
1988 773 2287 845 intelligas.
2308 776 2419 830 Sed
2445 780 2502 829 et
2522 776 2615 829 alii
2645 776 2873 844 habent,
2894 779 3154 848 Utariﬁca
3183 799 3268 836 me
3290 785 3445 852 apud

1847 866 2221 932 temetipsum;
2244 864 2338 918 alii
2367 881 2496 919 vero
2525 865 2584 919 in
2620 865 2790 920 ﬁnem
2819 867 2924 921 hoc
2953 868 3179 938 habent,
3210 872 3292 925 Ea
3329 876 3444 939 glo-

1845 953 1938 1004 ria
1951 967 2119 1019 quam
2136 951 2311 1005 habui
2316 954 2470 1020 apud
2483 956 2819 1022 temetipsum
2829 959 3180 1026 ,pn‘usquam
3194 961 3441 1013 mundus

1846 1042 2014 1106 ﬁeret.
2028 1041 2240 1098 Tamen
2251 1056 2397 1096 unus
2409 1046 2494 1094 est
2503 1058 2719 1107 sensus,
2738 1043 2869 1115 quia
2880 1060 3006 1098 cum
3020 1051 3168 1099 esset
3184 1046 3241 1100 in
3258 1046 3441 1101 forma

1845 1129 1945 1181 Dei
1990 1128 2191 1195 Patris,
2223 1130 2481 1183 eamdem
2509 1131 2748 1198 gloriam
2787 1137 2844 1186 et
2886 1134 3198 1189 claritatem
3242 1135 3443 1190 habuit

1846 1234 2013 1288 quam
2032 1218 2217 1272 Pater.
2227 1219 2295 1272 Et
2313 1235 2438 1273 cum
2458 1220 2708 1273 restituit
2722 1226 2779 1274 et
2796 1221 2969 1276 donat
2992 1223 3043 1277 ei
3062 1240 3268 1278 nomen
3289 1224 3439 1299 quod

1844 1310 1930 1361 est
1957 1322 2128 1377 super
2154 1323 2319 1362 omne
2347 1323 2570 1373 nomen,
2604 1308 2943 1364 clariﬁcatur
2967 1312 3162 1366 eadem
3184 1312 3438 1372 claritate

1845 1411 2016 1467 quam
2028 1395 2226 1449 habuit
2240 1396 2566 1467 priusquam
2578 1397 2822 1452 mundus
2837 1399 3171 1471 ﬁeret,apud
3188 1401 3435 1463 Patrem.

1844 1484 1913 1538 Et
1941 1486 2047 1539 hoc
2068 1490 2154 1538 est
2194 1484 2342 1556 quod
2372 1485 2462 1539 hic
2489 1502 2641 1540 nunc
2662 1486 2902 1541 dicitur:
2932 1489 2999 1541 In
3029 1492 3441 1554 regeneratione

1842 1590 1970 1628 cum
2014 1576 2213 1628 sederit
2254 1577 2409 1642 ﬁlius
2445 1576 2689 1630 hominis
2715 1579 2778 1630 in
2811 1578 2929 1631 sede
2956 1580 3260 1646 majestatis
3305 1595 3436 1635 suae.

173 1660 373 1735 diceret
409 1681 421 1716 :
455 1664 570 1717 Vos
601 1663 696 1734 qui
734 1663 909 1718 secuti
937 1663 1072 1718 estis
1102 1680 1193 1717 me
1232 1663 1290 1717 in
1335 1663 1801 1735 regeneratione”
1842 1663 1987 1727 Quia
2031 1663 2182 1717 Deus
2225 1663 2470 1718 Verbum
2502 1665 2650 1735 quod
2680 1681 2809 1720 caro
2839 1665 3048 1721 factum
3074 1670 3174 1729 est,
3210 1667 3270 1720 in
3307 1666 3441 1722 sede

173 1734 309 1807 novae
327 1752 664 1819 nativitatis,
680 1757 737 1807 et
759 1752 817 1807 in
835 1753 1056 1807 lavacro
1071 1752 1222 1817 ﬁdei,
1239 1751 1298 1807 in
1319 1752 1758 1808 sanctiﬁcatione
1777 1734 1825 1794 Β
1839 1752 2152 1821 majestatis
2181 1768 2295 1807 suae
2323 1734 2540 1807 sedebit
2566 1759 2625 1808 et
2652 1754 2711 1807 in
2738 1754 2938 1824 gloria.
2972 1755 3098 1809 Non
3122 1755 3266 1809 alter
3287 1755 3438 1825 Deus

173 1847 385 1897 (εἰει-ηερ
413 1841 867 1903 consecrationis,
900 1842 959 1895 in
988 1841 1287 1913 adoptione
1327 1846 1611 1913 perpetuae
1647 1841 1761 1895 hie-

176 1931 445 1996 reditatis,
475 1931 532 1986 in
552 1931 960 1986 resurrectione
984 1946 1049 1985 ex
1074 1930 1329 1985 mortuis.
1354 1930 1513 1985 Unde
1527 1931 1761 2001 Aposto-

176 2015 251 2093 lus
275 2021 361 2075 ait
389 2038 402 2074 :
429 2020 497 2076 Si
522 2023 947 2075 consurremistis
974 2036 1101 2074 cum
1127 2020 1357 2086 Christo,
1390 2036 1509 2088 quae
1532 2035 1759 2073 sursum

172 2115 287 2164 sunt
311 2113 493 2179 sapite
513 2112 723 2177 (Coloss.
745 2122 830 2175 III,
854 2109 931 2178 1).
953 2108 1083 2163 Haec
1099 2112 1185 2163 est
1202 2108 1299 2162 illa
1318 2108 1671 2180 regeneratio
1699 2109 1759 2162 in

173 2214 323 2269 quam
357 2197 600 2270 apostoli
627 2203 761 2252 sunt
783 2197 956 2253 secuti
978 2198 1284 2263 Christum,
1319 2213 1489 2269 quam
1518 2197 1604 2251 lex
1625 2197 1759 2251 dare

172 2303 267 2341 non
285 2287 496 2358 potuit,
513 2302 697 2358 neque
719 2303 786 2341 ex
804 2287 928 2357 lege
944 2287 1023 2341 ita
1038 2286 1360 2357 gloriﬁcari.
1380 2286 1487 2341 Sed
1507 2286 1760 2357 quamvis

173 2376 272 2429 haec
299 2374 593 2429 distinctio
623 2376 705 2429 ita
738 2374 1061 2449 accipienda
1090 2374 1179 2437 sit,
1212 2372 1415 2429 melius
1459 2380 1651 2429 tamen
1688 2375 1757 2429 ad

170 2463 455 2535 sequentia
484 2463 542 2517 in
570 2463 993 2533 regeneratione
1023 2462 1354 2533 applicatur,
1384 2479 1511 2518 cum
1552 2463 1759 2517 sederit

172 2552 330 2607 Filius
379 2551 627 2607 hominis
652 2553 708 2606 in
754 2551 885 2606 sede
915 2551 1229 2620 majestatis
1257 2567 1409 2615 suae:
1441 2552 1665 2622 quando
1693 2569 1759 2605 ex

170 2641 399 2696 mortuis
428 2641 501 2695 de
529 2641 887 2711 corruptione
916 2647 974 2694 et
1000 2641 1070 2694 de
1097 2646 1264 2695 terrae
1283 2641 1510 2712 pulvere
1550 2641 1759 2696 mortui

171 2728 508 2800 evigilabunt
557 2735 614 2784 et
661 2734 893 2800 surgent
928 2730 1237 2801 incorrupti
1282 2735 1339 2784 et
1385 2731 1753 2784 immortales.

169 2818 287 2882 Qum
313 2818 591 2872 nimirum
619 2818 992 2888 regeneratio,
1027 2834 1171 2872 nova
1200 2818 1456 2889 quaedam
1493 2819 1758 2873 nativitas

169 2912 243 2960 est
268 2923 301 2960 a
315 2907 438 2961 Deo
463 2906 769 2961 constituta
791 2911 848 2961 et
867 2906 1169 2961 recreatio:
1197 2907 1421 2977 quando
1441 2908 1642 2962 ccelum
1662 2924 1758 2961 no-

167 3010 288 3049 vum
329 3000 395 3050 et
427 3000 586 3051 terra
636 3012 779 3050 nova
815 3001 1096 3061 creantur,
1136 2995 1226 3049 his
1265 2996 1361 3067 qui
1407 2997 1619 3067 seipsos
1667 3013 1757 3050 re-

1839 1845 1899 1894 et
1924 1841 2070 1895 alter
2097 1841 2284 1908 homo,
2315 1842 2411 1895 sed
2439 1858 2586 1896 unus
2612 1842 2873 1913 idemque
2898 1843 3155 1897 Christus
3202 1844 3353 1898 Deus
3381 1849 3439 1900 et

1839 1931 2025 1986 homo.
2058 1931 2184 1984 Non
2213 1930 2506 2001 adoptivus
2535 1931 2637 1985 Dei
2665 1931 2858 1997 Filius,
2885 1948 2997 1986 non
3026 1932 3310 2002 putativus
3328 1933 3436 1987 ho-

1840 2019 2013 2074 minis
2033 2020 2200 2085 ﬁlius,
2229 2024 2297 2073 ut
2313 2020 2475 2095 multi
2496 2020 2883 2075 haereticorum
2916 2021 3062 2074 male
3108 2026 3431 2090 senserunt;

1841 2109 1939 2163 sed
1970 2124 2130 2163 verus
2150 2113 2207 2163 et
2230 2125 2376 2163 unus
2396 2109 2497 2163 Dei
2525 2108 2719 2176 Filius,
2741 2125 2905 2164 verus
2933 2114 2990 2163 et
3017 2126 3163 2165 unus
3193 2110 3437 2175 hominis

1840 2196 2007 2250 ﬁlius.
2020 2197 2100 2250 Ac
2118 2212 2220 2268 per
2238 2197 2343 2252 hoc
2363 2196 2498 2267 quia
2525 2197 2694 2251 homo
2714 2198 3158 2265 commendatur,
3173 2198 3234 2252 in
3252 2199 3435 2253 Deum

1839 2290 2181 2355 assumptus,
2217 2290 2274 2339 et
2306 2285 2454 2339 Deus
2483 2286 2651 2339 homo
2692 2285 2887 2340 factus.
2922 2286 3156 2357 Egregie
3184 2286 3391 2349 dicitur
3417 2305 3430 2341 :

1839 2375 1907 2428 In
1940 2377 2351 2441 regeneratione
2380 2391 2507 2428 cum
2536 2377 2736 2428 sederit
2764 2378 2916 2442 ﬁlius
2943 2376 3189 2429 hominis
3227 2379 3292 2430 in
3320 2377 3438 2430 sede

1841 2465 2144 2529 majestatis
2166 2479 2309 2523 sum;
2343 2480 2413 2516 ne
2442 2464 2589 2517 ullus
2613 2464 2680 2516 de
2708 2464 2934 2517 homine
2964 2464 3186 2518 Christo
3220 2464 3437 2518 dubitet

1841 2550 1987 2620 quod
2017 2550 2137 2620 ipse
2159 2550 2233 2604 sit
2261 2552 2428 2613 Deus,
2462 2551 2518 2604 in
2541 2551 2719 2605 forma
2757 2551 2876 2611 Dei,
2906 2569 2940 2606 a
2968 2553 3083 2606 Deo
3114 2553 3281 2624 Patre
3309 2569 3438 2607 con-

1840 2639 2072 2694 stitutus
2095 2638 2153 2692 in
2180 2639 2312 2693 sede
2337 2640 2646 2710 majestatis
2675 2656 2809 2693 suae.
2842 2641 2910 2694 Et
2934 2641 3068 2711 quia
3093 2646 3202 2706 8|
3221 2647 3278 2705 4
3301 2656 3437 2699 cons

1840 2728 2045 2782 formes
2074 2727 2205 2783 facti
2245 2734 2411 2782 erant
2430 2729 2652 2782 Christo
2684 2729 2940 2799 apostoli.
2969 2730 3229 2784 Sedcbitis
3250 2733 3300 2782 et
3324 2745 3430 2793 vos,

1838 2816 2220 2887 inquit,super
2242 2818 2465 2871 thronos
2489 2819 2791 2884 duodecim,
2805 2819 3124 2886 judicantes
3152 2819 3437 2883 duodecim

1841 2908 2021 2959 tribus
2042 2908 2241 2968 Israel;
2271 2910 2335 2959 ut
2349 2911 2527 2960 totam
2548 2906 2878 2977 depingeret
2898 2905 3238 2960 senatoriam
3257 2905 3437 2976 digni-

1838 2998 2034 3047 tatem.
2063 2994 2210 3057 Quia
2228 2994 2350 3065 ipse
2378 2994 2438 3048 in
2462 2995 2593 3049 sede
2613 2996 2729 3049 Rex
2748 3001 2805 3049 et
2833 2995 3106 3049 Dominus
3127 2995 3321 3048 sedere
3332 2994 3436 3057 Δί-

169 3087 523 3149 novaverunt,
566 3098 668 3153 per
711 3082 868 3136 illam
915 3082 1217 3136 secundam
1269 3085 1758 3153 regenerationem
1776 3082 1821 3110 υ
1842 3084 2004 3147 citur,
2023 3084 2459 3139 introducuntur
2475 3084 2666 3138 throni
2679 3085 3080 3155 apostolorum,
3094 3084 3152 3137 id
3172 3089 3259 3138 est
3276 3083 3438 3137 sedes

167 3185 227 3225 ex
290 3171 555 3237 mortuis,
614 3171 822 3243 quibus
872 3171 1091 3224 Novum
1143 3172 1389 3226 traditur
1438 3173 1761 3227 Testamen-
1843 3172 2166 3240 duodecim;
2195 3172 2327 3243 quia
2352 3173 2544 3227 Graece
2562 3172 2725 3243 θρόνοι
2752 3172 2944 3227 Latine
2963 3172 3125 3226 sedes
3153 3171 3434 3227 dicuntur.

166 3265 297 3325 tum,
322 3266 386 3315 et
425 3260 573 3314 calix
617 3260 793 3330 ipsius
837 3260 978 3313 Novi
1015 3259 1392 3322 Testamenti:
1441 3262 1603 3331 cujus
1635 3278 1761 3332 pro-
1841 3260 1911 3314 Et
1937 3261 2229 3315 duodecim
2268 3262 2521 3325 thronos,
2547 3262 2618 3316 ad
2641 3260 2975 3332 judicandas
3010 3260 3303 3316 duodecim
3332 3260 3439 3319 tri-

164 3348 296 3404 !ecto
331 3349 637 3432 premium
686 3353 772 3403 est
816 3348 914 3402 illa
958 3348 1308 3418 regeneratio
1343 3366 1355 3403 :
1390 3349 1536 3403 sicut
1580 3354 1637 3403 et
1688 3350 1759 3403 il-
1840 3348 1963 3416 bus,
1986 3349 2043 3403 in
2065 3350 2361 3404 duodecim
2392 3350 2837 3421 patriarcharum
2868 3349 3109 3420 gloriam
3134 3350 3435 3421 copulavit,

166 3436 264 3492 lius
308 3439 582 3493 novitatis
630 3438 963 3509 mysterium
1017 3443 1103 3492 est
1139 3439 1256 3492 haec
1314 3438 1618 3492 renovatio.
1653 3437 1759 3492 Ubi
1840 3444 1905 3493 ut
1931 3439 1989 3492 in
2019 3438 2255 3493 circuitu
2279 3439 2468 3493 throni
2488 3439 2682 3509 viginti
2720 3445 2777 3493 et
2805 3444 3050 3510 quatuor
3067 3439 3317 3493 seniores
3346 3455 3441 3493 se-

168 3526 631 3583 considerandum
662 3527 855 3598 quales
885 3526 1005 3580 nati
1044 3543 1240 3581 sumus
1285 3543 1351 3580 ex
1387 3527 1587 3591 Adam,
1618 3543 1759 3598 qua-
1840 3528 1973 3582 dere
2001 3528 2279 3589 dicantur,
2302 3528 2398 3598 qui
2417 3529 2655 3583 adorant
2676 3528 3020 3582 viventemin
3042 3528 3244 3582 smeula
3263 3544 3441 3582 smcu-

166 3616 346 3687 lesque
382 3616 571 3671 renati
600 3617 660 3670 in
691 3616 930 3682 Christo,
957 3620 1015 3670 et
1045 3616 1238 3687 quales
1282 3616 1457 3670 futuri
1501 3616 1676 3670 simus
1702 3617 1761 3670 in
1842 3617 2045 3671 lorum.
2063 3617 2171 3670 Sed
2188 3617 2289 3670 soli
2312 3617 2605 3670 duodecim
2625 3617 3141 3685 hancjudiciariam
3159 3616 3441 3686 accipiunt

166 3703 256 3757 illa
279 3707 456 3760 tertia
506 3704 801 3759 nativitate
849 3710 1072 3759 {eterna
1112 3705 1573 3776 regenerationis.
1608 3706 1762 3769 Quoq
1842 3711 2197 3777 potestatem,
2229 3706 2667 3759 condemnantes
2710 3704 3005 3758 duodecim
3030 3704 3210 3758 tribus
3243 3704 3434 3770 Israel,

166 3793 306 3848 niam
324 3800 384 3860 8
401 3801 438 3861 Ι
457 3798 520 3860 3
535 3795 596 3847 in
615 3793 711 3847 illa
728 3794 910 3864 prima
927 3810 1048 3866 quae
1062 3799 1149 3849 est
1166 3794 1222 3849 in
1240 3795 1643 3860 Adam,omnes
1662 3794 1761 3849 ﬁlii
1843 3795 1941 3866 qui
1977 3794 2243 3865 apostolis
2272 3793 2627 3852 credentibus
2668 3793 2802 3864 ipsae
2836 3793 3065 3847 credere
3111 3793 3437 3869 noluerunt,

166 3881 253 3936 iras
278 3900 482 3937 sumus
510 3902 522 3936 :
557 3883 618 3937 in
637 3882 743 3936 hac
768 3884 1015 3938 secunda
1051 3900 1152 3955 per
1172 3899 1342 3955 quam
1375 3884 1446 3938 ad
1474 3884 1760 3939 Christum
1842 3883 2063 3953 illisque
2077 3881 2505 3953 praedicantibus
2519 3881 2688 3935 verba
2704 3881 2827 3935 vitae
2843 3881 3093 3951 recipere
3105 3886 3436 3936 renuerunt.

162 3972 543 4035 transivimus,
573 3970 679 4026 etsi
717 3971 913 4026 mundi
954 3988 989 4026 a
1035 3970 1292 4028 sordibus
1319 3973 1502 4028 renati
1541 3990 1755 4039 sumus,
1842 3973 2080 4042 Insuper
2139 3989 2234 4026 eos
2274 3972 2534 4037 oderunt,
2576 3972 2860 4040 ejecerunt
2903 3974 3175 4040 tanquam
3224 3969 3439 4023 malum

165 4058 337 4114 adhuc
389 4066 589 4115 tamen
640 4060 699 4114 in
752 4060 1175 4116 inﬁrmitatibus
1230 4078 1548 4119 versamur.
1602 4063 1763 4117 Unde
1844 4066 2074 4132 propter
2097 4061 2273 4114 ﬁlium
2305 4059 2568 4124 hominis,
2602 4065 2659 4113 et
2696 4059 2974 4130 persecuti
3002 4063 3153 4112 sunt.
3188 4058 3437 4130 Ideoque

162 4144 324 4203 David
356 4150 567 4204 animae
596 4165 712 4203 sua!
749 4150 1001 4221 loquitur
1026 4149 1252 4204 dicens:
1288 4152 1534 4217 Benedic,
1568 4154 1763 4205 anima
1844 4151 1952 4222 ipsi
1981 4150 2182 4204 merito
2202 4166 2396 4204 eorum
2422 4150 2639 4220 judices
2655 4155 2840 4212 erunt,
2865 4149 2961 4219 qui
2991 4148 3167 4203 secuti
3188 4142 3441 4202 suntDo—

162 4239 1765 4308 mea,Domino,quipropitiabituromnibusiniquitatibus
1845 4240 2082 4303 minum,
2132 4239 2277 4310 quod
2329 4239 2619 4310 proprium
2662 4239 3041 4309 apostolorum
3088 4237 3213 4292 fuit.
3261 4236 3440 4293 Judmi

162 4329 282 4391 tuis,
306 4332 414 4396 qui
431 4334 599 4381 sanat
629 4342 813 4381 omnes
834 4330 1191 4394 inﬁrmitates
1214 4334 1337 4382 tuas
1369 4328 1534 4396 (Psal.
1559 4343 1653 4394 cu,
1684 4327 1757 4397 3).
1779 4367 1829 4425 D
1845 4344 1975 4381 vero
1992 4333 2111 4381 tam
2134 4327 2418 4383 Christum
2442 4344 2610 4398 quam
2636 4338 2694 4381 et
2716 4343 2810 4381 eos
2839 4327 3048 4397 injuste
3068 4326 3438 4397 perimerunt.

162 4414 223 4469 Et
248 4416 376 4471 ideo
402 4416 631 4470 videtur
668 4415 827 4481 mihi,
852 4421 917 4470 ut
952 4412 1183 4486 quidam
1224 4417 1322 4483 ait,
1348 4417 1467 4472 haec
1497 4412 2042 4471 nativitas"Adhuc
2082 4422 2271 4471 autem
2311 4417 2538 4486 quidam
2582 4433 2648 4470 ex
2686 4417 2791 4470 hoc
2834 4415 3181 4470 subtiliorem
3211 4431 3442 4469 sensum

161 4519 265 4574 qua
283 4521 419 4560 vere
463 4504 813 4559 mundamur
849 4521 885 4558 a
926 4505 1204 4567 sordibus,
1229 4510 1286 4560 et
1324 4506 1674 4561 renascimur
1701 4506 1760 4560 in
1843 4505 2168 4567 introducit,
2203 4506 2390 4559 nescio
2427 4522 2501 4559 an
2535 4505 2894 4559 securiorem.
2936 4504 3085 4559 Dicit
3110 4504 3261 4557 enim
3290 4502 3441 4575 quod

160 4592 402 4661 Christo,
429 4610 498 4647 ac
518 4593 568 4647 si
588 4609 690 4664 per
715 4594 1004 4664 speculum
1032 4594 1154 4649 ﬁeri
1178 4594 1236 4648 in
1262 4594 1579 4665 amigmate.
1605 4596 1669 4650 In
1693 4595 1762 4648 il-

158 4679 262 4736 lam
310 4699 449 4738 vero
492 4682 979 4752 regenerationem
1025 4683 1121 4753 qui
1170 4684 1504 4754 pervenerit,
1555 4684 1613 4739 in
1653 4701 1765 4755 qua

160 4768 420 4826 Christus
441 4776 531 4826 est
550 4771 962 4842 primogenitus
986 4788 1052 4826 ex
1080 4772 1335 4838 mortuis,
1359 4773 1765 4827 mundissimus

162 4859 265 4914 erit
290 4860 567 4932 deinceps
596 4876 630 4914 a
659 4859 936 4925 sordibus,
958 4865 1016 4914 et
1042 4860 1112 4913 ab
1130 4861 1282 4915 omni
1312 4861 1644 4916 inﬁrmitate
1666 4879 1766 4917 seu

157 4948 522 5019 corruptione
562 4964 734 5002 sanus
772 4954 829 5002 et
858 4948 1233 5033 incorruptus.
1265 4950 1331 5004 In
1360 4967 1473 5022 qua
1499 4950 1766 5005 nimirum

156 5036 591 5107 regeneratione
620 5036 930 5092 conformes
959 5042 1125 5091 erunt
1153 5043 1346 5093 sancto
1377 5040 1595 5110 corpori
1640 5040 1763 5110 glo-

155 5124 297 5180 rioso
314 5126 537 5181 Christi
558 5125 806 5180 sedentis
821 5126 878 5181 in
899 5127 1029 5181 sede
1042 5128 1236 5198 gloria:
1253 5130 1549 5184 suae.'I‘unc
1575 5137 1766 5185 autem

157 5213 299 5269 ﬁlius
323 5216 583 5270 hominis
602 5215 674 5269 ad
691 5216 918 5288 plenum
940 5216 1157 5271 sedebit
1178 5234 1348 5289 super
1365 5219 1556 5273 sedem
1575 5219 1768 5289 gloriae

156 5319 286 5369 suae,
310 5320 452 5359 cum
471 5305 662 5359 nullus
682 5305 1116 5377 contemptibilis
1144 5312 1201 5361 et
1222 5307 1496 5379 inglorius
1524 5308 1696 5362 fuerit
1711 5309 1770 5362 in

157 5407 330 5463 regno
379 5394 530 5464 ejus.
563 5394 721 5449 Tunc
749 5394 917 5449 etiam
961 5399 1019 5450 et
1049 5396 1229 5451 oratio
1259 5399 1380 5467 ejus
1424 5398 1495 5451 ad
1545 5397 1772 5451 Patrem

157 5483 453 5555 completa
471 5483 897 5547 monstrabitur,
912 5501 1024 5556 qua
1038 5489 1190 5539 orat:
1214 5488 1396 5553 Pater,
1420 5488 1669 5554 clari/ica
1688 5503 1773 5541 me

154 5573 307 5640 apud
341 5576 700 5643 temetipsum
725 5575 998 5642 claritate,
1025 5589 1125 5628 seu
1153 5573 1354 5643 gloria,
1382 5588 1555 5644 quam
1600 5574 1773 5628 habui

1844 4610 1957 4647 non
1984 4595 2053 4647 de
2075 4594 2248 4648 futuri
2270 4594 2469 4664 judicii
2489 4600 2742 4665 tempore
2759 4593 3014 4647 Christus
3040 4593 3147 4647 ista
3168 4593 3437 4664 loquitur,

1845 4682 1943 4736 sed
1974 4683 2043 4736 de
2072 4682 2358 4736 vocatione
2385 4683 2640 4752 gentium
2671 4682 3078 4736 universarum.
3104 4681 3219 4735 Nec
3266 4681 3440 4748 enim,

1846 4770 2047 4841 inquit.
2081 4771 2226 4825 dixit
2260 4790 2271 4825 :
2305 4772 2446 4826 Cum
2482 4771 2699 4825 venerit
2750 4772 2897 4824 ﬁlius
2952 4770 3196 4825 hominis
3241 4770 3443 4835 sedens

1849 4878 2017 4933 super
2042 4861 2231 4915 sedem
2276 4860 2589 4930 majestatis
2632 4877 2779 4925 suae;
2812 4861 2929 4923 sed,
2961 4876 3087 4914 cum
3137 4859 3350 4915 sederit
3384 4858 3444 4913 in

1850 4953 1982 5006 sede
2013 4949 2325 5019 majestatis
2349 4966 2483 5003 suae.
2506 4949 2572 5003 In
2602 4949 2732 5003 sede
2761 4954 2950 5003 autem
2970 4950 3285 5019 majestatis
3305 4965 3440 5013 suae,

1849 5056 1913 5094 ex
1943 5056 2008 5093 eo
2031 5040 2168 5093 dicit
2198 5038 2481 5093 Christum
2504 5038 2736 5108 coepisse
2768 5038 2981 5103 sedere,
3015 5054 3078 5092 ex
3110 5055 3218 5108 quo
3245 5042 3444 5108 gentes

1849 5130 2077 5183 credere
2105 5132 2395 5198 cmperunt
2414 5128 2473 5180 in
2502 5143 2652 5181 eum.
2677 5128 2746 5181 Et
2768 5143 2833 5180 ex
2860 5144 2969 5198 quo
3009 5126 3263 5181 Christus
3287 5126 3446 5181 sedet

1852 5234 2020 5290 super
2039 5218 2229 5271 sedem
2259 5222 2509 5270 sanctam
2532 5233 2647 5271 sure
2668 5217 3001 5286 majestatis,
3025 5232 3091 5270 ex
3111 5231 3176 5269 eo
3206 5215 3445 5286 apostoli

1852 5307 2125 5362 sederunt
2142 5322 2313 5376 super
2333 5306 2565 5359 thronos
2585 5305 2897 5371 duodecim,
2916 5304 2971 5358 id
2993 5309 3079 5358 est
3106 5304 3165 5358 in
3187 5304 3449 5359 omnibus

1856 5394 2189 5451 Christianis
2208 5394 2515 5449 secundum
2544 5394 2894 5449 diversitates
2909 5395 3247 5449 animarum.
3277 5394 3452 5466 Expo-

1854 5485 1941 5539 nit
1960 5485 2128 5548 enim,
2147 5484 2295 5555 quod
2316 5483 2459 5538 sicut
2478 5484 2799 5538 Judaeorum
2821 5484 3062 5554 populus
3077 5483 3135 5537 in
3155 5482 3450 5537 duodecim

1856 5572 2036 5629 tribus
2063 5572 2171 5627 fuit
2199 5572 2411 5627 divisus
2437 5591 2449 5627 :
2478 5572 2559 5626 sic
2585 5577 2642 5626 et
2687 5572 2981 5625 universus
3016 5570 3255 5641 populus
3281 5567 3446 5622 Chri-
