3888 6172
437 327 536 385 671
1198 332 1256 391 S.
1295 333 1676 393 PASCHASII
1713 335 2076 394 RADBERTI
2110 330 2417 392 ABBATIS
2453 320 2943 386 CORBEIENSIS.
3602 308 3693 367 672

436 454 652 512 stianus
673 456 885 514 divisus
905 465 1010 527 est,
1024 465 1082 517 et
1098 461 1360 517 collectus
1380 479 1509 517 cum
1540 463 1750 518 eisdem
1783 464 1879 535 qui
1899 480 2028 519 cre-
2044 459 2437 524 Acenderunt,
2455 459 2514 512 et
2540 451 2957 509 comdiﬁcantur
2975 446 3036 502 in
3063 445 3289 501 civitate
3316 440 3420 535 illa
3445 438 3692 535 Hierusa-

439 542 709 601 diderunt
735 563 800 602 ex
828 546 1061 615 Judaeis,
1085 549 1144 603 in
1171 549 1463 604 duodecim
1494 550 1694 613 tribus,
1725 528 2032 607 secundum
2114 551 2246 617 lem,
2263 565 2386 620 quae
2407 551 2494 602 est
2514 540 2866 599 thronusDei
2885 543 2943 618 et
2964 531 3357 608 templum.Ad
3385 528 3537 620 quod
3566 544 3695 620 qua:

445 634 716 703 quasdam
735 636 1107 707 proprietates
1125 636 1460 703 animarum,
1475 644 1533 694 et
1551 640 1904 696 diversitates
1918 658 2036 696 cor-
2115 615 2352 694 randum
2373 635 2422 689 si
2450 648 2646 688 omnes
2670 629 2832 684 electi
2862 615 3247 698 apostolorum
3275 624 3413 676 sunt
3438 615 3695 707 sedes‘vel

443 721 627 791 dium;
651 740 790 794 quas
813 725 966 779 solus
995 726 1162 789 Deus,
1187 726 1280 796 qui
1309 727 1464 781 novit
1493 729 1683 783 omnia
1710 729 2036 785 abscondita
2117 742 2310 781 eorum
2330 719 2702 783 consortibus.
2719 716 2852 771 licet
2866 715 2935 769 ad
2957 728 3153 768 eorum
3167 724 3472 796 ηυηιθτιιιη
3492 705 3557 759 in
3581 703 3698 758 ἀπ’

443 810 642 876 cordis,
662 828 993 882 cognoscere
1012 818 1067 866 et
1111 795 1430 871 discernere
1459 822 1660 887 potest.
1685 819 1761 874 Ut
1779 819 2036 890 quaedam
2115 815 2295 871 decim
2318 809 2544 867 sedibus
2571 804 2844 878 dispositi,
2873 802 3009 873 quid
3038 806 3124 855 est
3161 798 3311 871 quod
3359 795 3495 890 ipsi.
3524 807 3698 890 9.111063

443 898 646 953 animae
672 881 784 953 sint
811 900 879 953 de
907 899 1058 954 tribu
1096 901 1313 969 Ruben,
1358 881 1613 975 quaedam
1644 907 1714 961 de
1748 881 1901 962 tribu
1948 907 2036 963 Si-
2117 919 2313 958 rursus
2344 897 2511 953 simul
2541 911 2669 951 cum
2698 892 2965 966 apostolis
2992 890 3052 944 in
3081 902 3323 961 persona
3360 881 3700 975 Christiani

445 986 726 1051 meon,vel
755 987 1004 1052 Levi,vel
1031 990 1194 1055 Juda,
1220 1007 1319 1045 seu
1347 999 1698 1049 ceterorum.
1722 995 1869 1050 Dicit
1887 995 2036 1050 enim
2118 991 2278 1047 sedes
2300 1006 2400 1045 seu
2432 988 2671 1043 thronus
2696 997 2817 1038 esse
2855 976 3160 1034 dicunt“?
3197 977 3315 1031 Nec
3351 973 3512 1028 enim
3542 969 3698 1024 dim:

445 1074 592 1143 quod
622 1074 764 1129 sicut
791 1092 985 1131 omnes
1004 1079 1182 1132 sancti
1204 1081 1451 1150 quinque
1471 1083 1715 1153 virgines
1734 1084 2037 1155 prudentes
2120 1083 2260 1137 Cum
2280 1077 2489 1133 sederit
2515 1075 2664 1129 ﬁlius
2681 1069 2927 1127 hominis
2944 1068 3004 1123 in
3023 1065 3249 1121 sedibus
3267 1063 3417 1130 suis;
3432 1059 3573 1155 sed.
3590 1074 3699 1112 cum

444 1176 566 1213 esse
595 1160 877 1231 dicuntur,
907 1165 1162 1235 quamvis
1187 1166 1302 1220 sint
1337 1150 1792 1235 innumerabiles,
1811 1176 2040 1243 propter
2117 1168 2328 1225 sederit
2355 1167 2414 1221 in
2434 1165 2566 1220 sede
2584 1159 2898 1231 majestatis
2918 1173 3052 1211 suac.
3067 1156 3194 1210 Non
3215 1153 3365 1207 enim
3390 1150 3588 1221 plures
3602 1163 3704 1200 esse

444 1249 692 1319 quinque
714 1267 912 1306 sensus
934 1253 1257 1324 spirituales
1280 1273 1291 1308 :
1326 1256 1406 1310 sic
1433 1263 1488 1312 et
1508 1274 1701 1331 omnes
1720 1239 2039 1331 peccatores
2119 1258 2403 1329 leguntur,
2431 1253 2531 1308 sed
2559 1267 2706 1317 una;
2735 1248 2869 1320 (ἰυίδ
2896 1262 3009 1301 non
3036 1260 3152 1299 una
3178 1239 3392 1331 (Ἀπίδῆ
3419 1244 3484 1331 eti
3507 1241 3708 1309 aposto-

446 1337 694 1409 quinque
723 1339 967 1409 virgines
1014 1342 1181 1398 fatum
1228 1328 1628 1416 accipiuntur:
1645 1327 1899 1419 quamvis
1927 1349 2041 1404 sint
2117 1327 2303 1401 lorum
2350 1341 2641 1415 equalitas
2680 1336 3034 1411 praedicatur-
3064 1330 3343 1397 Qlloniam
3380 1327 3491 1382 etSi
3530 1341 3708 1381 omnes

446 1425 908 1489 innumerabiles.
922 1436 1153 1502 prepter
1165 1432 1413 1504 quinque
1430 1451 1626 1491 sensus
1640 1438 1910 1503 carnis.8
1928 1444 1961 1503 |
1978 1444 2042 1504 5
2121 1433 2359 1507 apostoli
2384 1449 2501 1487 una
2525 1430 2800 1484 virtutum
2820 1441 3028 1497 genera
3043 1421 3385 1485 habuerunt,
3401 1432 3522 1507 00!}
3535 1420 3709 1470 tamen

447 1513 664 1569 Deinde
711 1517 955 1587 adjecit:
988 1520 1057 1574 Et
1103 1521 1250 1576 sicut
1298 1540 1493 1579 omnes
1540 1525 1796 1581 Ecclesia:
1834 1525 2042 1581 Christi
2126 1505 2319 1580 omnia
2338 1520 2725 1593 unusquisque
2755 1531 2950 1571 eorum
2973 1512 3045 1567 ad
3071 1505 3524 1583 perfectum,sed
3552 1520 3711 1593 unus-

450 1608 665 1673 septem
690 1621 812 1660 esse
832 1606 1097 1662 dicuntur
1123 1609 1399 1679 Ecclesia),
1418 1614 1673 1684 quamvis
1693 1615 1882 1669 multa}
1903 1615 2035 1679 sint,
2121 1613 2358 1684 quisque
2376 1590 2573 1664 eoru—m
2587 1608 2646 1661 in
2667 1605 2856 1676 aliquo
2882 1601 3098 1675 privato
3128 1598 3272 1652 bono
3300 1593 3607 1668 perfectior
3623 1590 3713 1684 fuit

449 1696 681 1792 propter
715 1694 1095 1799 septiformcm
1146 1681 1705 1772 donorum—gratiam
1728 1721 1742 1771 ;
1791 1709 1856 1758 ut
1904 1708 2043 1774 puta
2060 1740 2103 1799 Β
2123 1681 2293 1773 quani
2316 1700 2487 1765 alter;
2518 1701 2577 1751 et
2603 1695 2728 1749 ίίίθο
2747 1705 3103 1790 ηθίιαδξιυδω
3122 1686 3208 1741 vel
3237 1686 3389 1786 inter
3416 1698 3617 1799 021:3?
3630 1681 3722 1799 lfa-

452 1795 646 1835 omnes
666 1780 725 1835 in
750 1782 951 1852 quibus
976 1785 1229 1842 abundat
1249 1771 1491 1860 Spiritus
1510 1792 1797 1862 sapientiae
1815 1771 1931 1847 una
1948 1792 2044 1845 ha—
2061 1771 2103 1799 υ
2125 1771 2258 1843 bere
2283 1790 2590 1859 potuerunt
2615 1783 2765 1838 dona
2804 1779 3049 1852 Spiritus
3077 1774 3276 1839 sancti,
3311 1790 3439 1844 qua:
3472 1771 3713 1862 Christus

452 1865 659 1923 bentur
676 1871 954 1926 Ecclesia:
976 1873 1057 1928 sic
1076 1880 1133 1930 et
1151 1876 1209 1930 in
1234 1857 1449 1932 caiteris
1472 1857 1769 1935 virtutibus
1800 1880 2045 1953 Spiritus
2127 1878 2184 1931 in
2210 1857 2415 1932 throno
2440 1890 2542 1929 suo
2562 1872 2715 1927 solus
2734 1868 2997 1942 possidet.
3020 1865 3167 1931 Quia
3186 1863 3295 1935 ipsi
3322 1877 3527 1916 omnes
3546 1860 3606 1914 in
3621 1857 3715 1913 cir-

451 1958 649 2025 sancti,
672 1974 786 2014 una
805 1962 1089 2033 colligitur
1108 1981 1222 2019 una
1236 1966 1517 2036 generalis
1537 1968 1798 2031 Ecclesia.
1817 1973 2047 2041 propter
2127 1966 2282 2021 cuitu
2308 1963 2496 2020 throni
2524 1961 2738 2017 sedisse
2766 1959 3053 2028 leguntur,
3068 1952 3327 2041 Christus
3347 1960 3547 2041 autem
3548 1962 3716 2041 super

451 2044 728 2101 unitatem
759 2049 1013 2119 ejusdem
1053 2035 1296 2124 Spiritus
1343 2056 1542 2124 sancti,
1574 2074 1697 2128 quae
1742 2058 1801 2113 in
1817 2035 2047 2129 septem
2131 2070 2357 2109 omnem
2374 2051 2678 2107 Ecclesiam
2708 2053 2766 2102 et
2788 2061 2959 2118 super
2976 2059 3201 2099 omnem
3221 2040 3416 2129 sedem
3440 2038 3516 2092 ad
3548 2035 3715 2129 Patris

455 2132 965 2210 dividiturpropter
974 2140 1427 2199 distributionem
1441 2125 1738 2213 donorum,
1758 2152 1823 2202 ut
1832 2125 2046 2218 septem
2129 2143 2377 2198 elevatus
2390 2142 2676 2195 dexteram
2698 2136 2769 2192 ab
2779 2134 3041 2191 omnibus
3057 2127 3568 2218 adoratur.Verum
3585 2125 3715 2218 quod

450 2226 673 2279 tantum
702 2225 1079 2284 inveniantur.
1110 2232 1382 2287 Similiter
1410 2238 1467 2288 et
1507 2240 1736 2306 propter
1762 2214 1912 2290 dona
1945 2252 2046 2290 seu
2130 2232 2386 2287 Christus
2405 2245 2601 2284 omnes
2619 2227 2854 2282 virtutes
2879 2220 3174 2294 aequaliter
3199 2216 3569 2306 118130399“?
3587 2214 3711 2306 f0"?

450 2311 667 2380 gratias
678 2313 970 2371 duodecim
988 2320 1195 2389 quasin
1214 2338 1452 2391 persona
1464 2302 1754 2378 duodecim
1766 2324 2047 2395 virginum
2130 2321 2189 2375 in
2212 2326 2400 2391 partes
2420 2314 2769 2390 apostolisad
2788 2313 3020 2371 modum
3039 2308 3405 2379 singularem.
3418 2305 3481 2359 in
3499 2302 3716 2395 δίηειιιξε

453 2400 681 2470 exponit
708 2404 940 2474 angelus
959 2405 1017 2459 in
1045 2407 1186 2461 libro
1217 2410 1480 2464 Pastoris.
1514 2412 1572 2466 Si
1598 2412 1689 2467 cui
1709 2391 1900 2467 tamen
1926 2413 2049 2484 pla-
2129 2411 2453 2465 claruerunt
2479 2426 2489 2461 :
2523 2404 2781 2461 Christus
2806 2417 2937 2457 vero
2965 2400 3024 2454 in
3050 2397 3205 2453 omni
3223 2397 3437 2450 virtute
3464 2399 3525 2484 et
3548 2391 3716 2484 gratia

454 2493 578 2542 ceat
597 2490 943 2563 Scripturam
962 2496 1228 2568 recipere,
1251 2498 1614 2555 inveniuntur
1624 2502 1875 2555 omnium
1893 2480 2050 2557 Chri-
2130 2499 2422 2570 aequaliter
2435 2495 2713 2568 perfectus
2724 2492 2849 2558 fuit,
2865 2491 2999 2562 quia
3020 2488 3080 2542 in
3102 2488 3224 2558 ipso
3240 2484 3426 2539 omnis
3440 2480 3715 2554 plenitudo

455 2576 764 2634 stianorum
792 2581 1084 2639 duodecim
1118 2602 1239 2641 esse
1266 2588 1447 2642 tribus
1470 2590 1777 2644 secundum
1804 2592 2046 2661 gratiam
2130 2585 2439 2642 divinitatis
2468 2581 2836 2655 corporaliter
2871 2577 3217 2633 inhabitasse
3243 2573 3515 2639 creditur,
3551 2571 3716 2626 omni-

454 2665 688 2737 singulae
701 2669 996 2739 distinctae,
1014 2691 1152 2746 quas
1172 2676 1229 2731 in
1254 2676 1465 2732 eisdem
1488 2679 1798 2749 virginibus
1816 2681 2050 2751 angelus
2132 2693 2241 2748 que
2268 2674 2471 2746 gratia.
2499 2674 2569 2728 Et
2586 2671 2713 2726 ideo
2734 2670 2787 2724 εἰ
2821 2684 2935 2723 una
2952 2673 3039 2722 est
3057 2665 3219 2720 sedes
3239 2679 3368 2718 cum
3392 2663 3580 2726 Patre»
3600 2676 3715 2715 cum

453 2754 546 2809 ille
574 2756 857 2830 designat;
890 2762 971 2816 ita
1007 2770 1072 2818 ut
1110 2781 1305 2820 omnes
1349 2767 1550 2822 animae
1604 2769 1663 2822 in
1694 2768 1900 2839 quibus
1937 2786 2051 2841 prae
2133 2781 2244 2836 quo
2274 2763 2345 2818 ab
2375 2761 2638 2818 omnibus
2667 2759 2954 2825 adoretur,
2977 2761 3035 2811 et
3077 2752 3535 2825 congloriﬁcatur
3560 2751 3717 2805 Deus.

456 2846 670 2901 caeteris
698 2849 1000 2907 virtutibus
1024 2855 1292 2925 praecellit
1320 2856 1493 2911 virtus
1530 2858 1803 2922 veritatis,
1836 2874 1951 2912 una
1979 2858 2054 2912 sit
2134 2852 2402 2925 Sequitur
2434 2870 2447 2906 :

452 2933 652 3003 tribus,
681 2937 825 2993 sicut
880 2939 938 2995 in
977 2942 1190 2997 eisdem
1243 2960 1359 2998 una
1411 2946 1679 3015 praecellit
1716 2946 1912 3003 virtus.
1962 2947 2053 3002 Sic
2202 2943 2270 2997 Et
2291 2936 3233 3009 omnisquirelz’queritdomum,vel
3244 2933 3720 3000 fratres,autsor0-

455 3021 597 3076 etin
627 3025 877 3096 reliquis,
913 3029 1043 3099 quia
1072 3047 1185 3085 non
1224 3048 1418 3087 omnes
1461 3033 1658 3104 gratia:
1694 3033 1754 3089 in
1792 3034 2050 3091 omnibus
2075 3093 2112 3104 η
2134 3033 2699 3099 νειςβῑιεραενεπῑναυί
2714 3028 3078 3091 τηαενωηναυτ
3092 3022 3717 3087 υπονετηιαυίβιίθδναυί

457 3093 947 3183 aequaliter—sunt;-
969 3118 1067 3173 sed
1098 3136 1244 3175 unus
1269 3093 1497 3192 quidem
1523 3124 1811 3178 antecellit
1854 3124 1912 3178 in
1941 3124 1989 3178 is

2184 3093 2314 3184 nos,
2332 3093 2556 3187 propter
2580 3093 2780 3169 nomen
2807 3130 3012 3178 meum,
3043 3113 3366 3180 centuplum
3402 3111 3646 3191 acmjn'et,
3677 3113 3719 3161 et

458 3196 681 3263 virtute,
707 3201 853 3256 alter
871 3219 1000 3257 vero
1027 3201 1082 3260 in
1115 3207 1231 3261 illa.
1262 3209 1473 3264 Omnes
1502 3215 1692 3265 tamen
1724 3211 2046 3278 Christiani,
2132 3210 2307 3261 vitam
2334 3211 2600 3260 zternam
2641 3203 2951 3273 possidebit.
2978 3202 3158 3255 Locus
3180 3199 3289 3253 iste
3316 3197 3579 3268 congruit
3604 3212 3719 3250 cum

456 3284 518 3339 in
555 3287 756 3357 quibus
787 3290 1003 3348 habitat
1045 3295 1320 3363 Christus,
1346 3298 1506 3353 sedes
1550 3305 1684 3354 sunt
1724 3299 1951 3355 Christi.
1984 3300 2054 3355 Et
2130 3295 2241 3350 ista
2282 3294 2563 3349 sententia
2607 3309 2721 3364 qua
2770 3291 3025 3347 Salvator
3049 3290 3172 3343 ait:
3205 3289 3331 3342 Non
3375 3288 3505 3341 veni
3544 3300 3717 3355 pacem

456 3373 586 3428 hinc
607 3382 693 3430 est
711 3379 859 3449 quod
888 3382 998 3437 ait:
1023 3386 1092 3438 In
1112 3390 1520 3451 regeneratione
1539 3404 1665 3443 cum
1684 3391 1880 3443 sederit
1899 3393 1991 3458 ﬁli:

2181 3386 2368 3449 n’ttere,
2393 3385 2484 3437 sed
2519 3383 2774 3449 gladium
2803 3380 3017 3451 (Matth.
3044 3394 3100 3443 x,
3132 3375 3243 3445 34).
3273 3375 3419 3429 Veni
3455 3373 3605 3429 enim
3625 3372 3716 3426 ho—

456 3462 700 3520 homim’s
721 3470 784 3521 in
802 3471 921 3524 sede
943 3476 1248 3541 majestatis
1276 3491 1405 3541 suae,
1425 3480 1473 3529 et
1502 3492 1592 3530 eos
1620 3478 1870 3530 sedebz'tis
1888 3494 2052 3546 super
2132 3471 2343 3526 minem
2368 3485 2630 3542 separare
2658 3484 2694 3522 a
2730 3473 2890 3539 patre
2919 3481 3041 3530 suo.
3074 3469 3132 3519 et
3166 3468 3409 3518 matl‘em
3439 3479 3475 3516 8
3502 3461 3632 3527 mins
3667 3465 3719 3513 εἴ

459 3552 680 3609 thronos
694 3557 997 3614 duodecim.
1018 3562 1094 3615 Ex
1112 3579 1221 3633 quo
1241 3564 1522 3634 promittit
1540 3564 1621 3619 eis
1646 3570 1872 3637 tempus
1887 3566 2049 3620 Chri-
2130 3576 2336 3615 nurum
2394 3576 2429 3613 a
2482 3574 2643 3613 socru
2676 3572 2799 3622 sua,
2833 3560 2892 3609 et
2918 3552 3129 3608 inimici
3155 3552 3404 3607 hominis
3447 3547 3719 3605 domestici

457 3640 761 3699 stianitatis
788 3646 1040 3704 futurum
1068 3656 1197 3722 post
1213 3669 1374 3706 suam
1405 3653 2049 3724 ascensionem.quando
2132 3650 2274 3719 ejus,
2289 3649 2358 3703 de
2389 3664 2500 3719 quo
2522 3648 2643 3717 jam
2672 3661 2847 3716 supra
2878 3643 3008 3698 dixi.
3042 3641 3155 3697 Sed
3184 3641 3275 3695 hic
3304 3641 3475 3695 Ρθιΐο
3502 3639 3720 3693 intem

456 3745 653 3787 omnes
680 3739 1031 3808 susceperint
1059 3740 1290 3795 verbum
1313 3741 1693 3813 apostolorum
1726 3742 1783 3796 in
1803 3759 1882 3807 se,
1907 3742 2051 3797 sicut
2129 3743 2300 3809 gante
2343 3738 2402 3791 in
2440 3751 2680 3807 persona
2728 3733 2983 3788 omnium
3029 3729 3434 3803 apostolorum,
3467 3728 3599 3800 quia
3642 3740 3716 3779 νε·

455 3820 683 3877 verbum
714 3824 938 3881 Christi.
967 3828 1111 3884 Illud
1156 3835 1244 3885 est
1279 3812 1468 3886 autem
1498 3838 1723 3903 tempus
1750 3848 2049 3902 regenera-
2131 3842 2400 3898 sponsum
2445 3830 2550 3890 est,
2584 3840 2656 3878 ne
2684 3822 2828 3877 forte
2877 3826 3075 3893 postea
3099 3819 3353 3890 legentes
3380 3817 3501 3873 haec
3528 3812 3716 3872 Christi

454 3909 643 3979 tionis,
683 3916 908 3985 quando
949 3918 1203 3974 homines
1238 3921 1553 3991 regenerati
1582 3938 1682 3993 per
1708 3920 2051 3992 baptismum
2132 3913 2789 3986 Ρνοωὶδεετεεδίιίωατθηί
2802 3909 3071 3982 εροδίοιίδ
3088 3912 3309 3962 tantum
3333 3907 3446 3961 ίδίδ
3465 3904 3717 3978 promissa

454 3996 586 4053 facti
606 4008 756 4067 sunt,
785 4009 843 4057 et
860 4005 1122 4078 deinceps
1149 4025 1214 4062 ex
1235 4009 1367 4062 ﬁliis
1387 4009 1682 4063 hominum
1714 4008 1815 4062 ﬁlii
1834 4007 1950 4062 Dei.
1972 4008 2052 4062 Ex
2133 4003 2325 4069 fuisse,
2357 4002 2610 4057 consulte
2630 4000 2766 4055 satis
2786 3997 3177 4071 superaddidit
3204 3995 3396 4050 dicens
3421 4012 3438 4052 ε
3467 3996 3532 4050 Εἰ
3554 3994 3715 4048 omni:

457 4103 567 4156 quo
581 4093 834 4160 tempore
848 4094 1017 4165 cmpit
1030 4096 1286 4150 Christus
1297 4096 1490 4151 sedere
1514 4098 1572 4151 in
1588 4097 1720 4152 sede
1740 4096 2051 4167 majestatis
2132 4095 2233 4161 qui
2261 4093 2577 4161 reliquerit,
2603 4089 2661 4144 id
2691 4094 2779 4144 est
2804 4088 2919 4142 sive
2946 4086 3193 4151 Judwus,
3225 4084 3344 4140 sive
3359 4084 3603 4155 gentilis,
3629 4095 3712 4135 seu

456 4191 594 4240 suae,
623 4178 773 4232 sicut
799 4184 1039 4236 testatur
1056 4183 1341 4254 PrOpheta
1364 4185 1433 4238 de
1462 4185 1717 4255 gentium
1746 4186 1966 4239 unitate
1985 4201 2050 4239 ac
2133 4184 2279 4240 alius
2331 4182 2629 4254 cujuslibet
2685 4180 3023 4237 conditionis
3098 4178 3366 4243 Quamvis
3424 4178 3571 4231 enim
3618 4186 3713 4228 non

456 4262 609 4316 ﬁde:
644 4266 906 4332 Regnabit
936 4270 1076 4323 Deus
1103 4286 1268 4338 super
1293 4278 1475 4338 gentes
1503 4293 1518 4326 :
1544 4275 1686 4327 Deus
1724 4275 1866 4328 sedet
1887 4289 2049 4343 super
2134 4273 2215 4328 ita
2281 4271 2524 4345 perfecte
2583 4275 2649 4326 ut
2723 4269 2984 4341 apostoli,
3041 4273 3235 4321 tamen
3296 4266 3611 4337 quicunque
3666 4266 3713 4314 et

456 4351 633 4403 sedem
684 4358 935 4408 sanctam
987 4372 1151 4410 suam
1196 4357 1364 4426 (Psal.
1405 4372 1554 4424 XLVI,
1602 4359 1681 4421 9».
1724 4361 2634 4434 Quicunquenquantumcunque
2699 4358 3014 4430 reliquerit,
3068 4372 3183 4411 non
3237 4353 3308 4410 ob
3359 4354 3516 4408 aliud
3567 4364 3709 4424 quam

458 4453 590 4509 ergo
616 4439 904 4496 Christum
942 4443 998 4497 in
1029 4460 1090 4498 se
1133 4444 1411 4499 credendo
1441 4446 1683 4517 perfecte
1715 4450 2049 4520 suscipiunt,
2070 4437 2117 4465 υ
2137 4456 2195 4516 3
2213 4455 2320 4516 ιθ
2349 4454 2578 4521 propter
2613 4463 2820 4503 nomen
2847 4445 3076 4501 Christi.
3117 4442 3449 4514 centuplum
3508 4437 3712 4510 accipiet

456 4528 616 4584 sedes
632 4536 764 4585 sunt
775 4533 883 4602 maj
891 4532 1083 4586 estatis
1095 4534 1145 4603 ej
1153 4534 1387 4588 us.Nam
1400 4540 1458 4589 et
1470 4536 1849 4606 apostolorum
1864 4539 2054 4593 throni
2135 4538 2305 4592 etiam
2328 4535 2855 4609 impraesentiarum.
2875 4538 2933 4589 et
2955 4533 3124 4587 vitam
3142 4536 3413 4586 aetemam
3436 4525 3712 4603 possidebit

458 4623 608 4684 sunt,
643 4620 738 4690 qui
757 4635 953 4674 eorum
983 4628 1355 4693 susceperunt
1382 4622 1717 4689 doctrinam,
1742 4625 1889 4695 quod
1914 4626 2053 4681 bene
2134 4627 2195 4681 in
2237 4626 2446 4682 futuro.
2479 4626 2560 4680 De
2590 4640 2702 4696 qua
2751 4639 2888 4678 sane
2939 4620 3222 4676 sententia
3269 4620 3437 4674 multi
3486 4614 3711 4674 carnales

459 4708 856 4763 commendans
880 4710 1196 4781 Propheta:
1225 4714 1372 4778 Illic,
1399 4712 1601 4783 inquit,
1628 4715 1885 4769 sederunt
1912 4717 2056 4769 sedes
2136 4715 2414 4777 dubitant,
2449 4714 2584 4769 dum
2613 4728 2726 4767 non
2770 4710 3024 4766 sentiunt
3051 4707 3582 4780 impraesentiarum,
3612 4718 3713 4776 quae

462 4796 524 4848 ἱη
546 4797 760 4862 judicio
781 4797 1038 4868 (loquens
1058 4799 1128 4853 de
1148 4800 1523 4867 Hierusalem,
1548 4818 1671 4873 quae
1701 4810 1787 4856 est
1811 4803 2057 4858 Ecclesia
2134 4804 2283 4861 bona
2300 4803 2582 4875 spiritales
2606 4800 2921 4874 percipiant
2938 4797 3332 4869 centuplicata.
3358 4797 3438 4852 Ut
3455 4803 3606 4869 puta,
3636 4790 3713 4863 qui

458 4882 562 4937 Dei
592 4883 740 4954 vivi),
771 4887 914 4940 sedes
950 4904 1117 4956 super
1150 4890 1378 4942 domum
1404 4891 1581 4944 David
1614 4892 1776 4962 (Psal.
1802 4903 1946 4955 cxxx,
1979 4890 2053 4961 5);
2137 4898 2353 4964 patrem
2381 4889 2674 4963 reliquerit
2705 4888 3021 4954 mortalem,
3050 4883 3353 4957 cujuslibet
3378 4881 3710 4941 conditionis,

460 4970 531 5025 ad
587 4988 756 5044 quam
808 4975 1182 5039 Hierusalem,
1223 4994 1347 5048 quae
1375 4978 1685 5033 aediﬁcatur
1730 4984 1796 5033 ut
1840 4979 2053 5046 civitas,
2136 4996 2324 5035 nonne
2350 4979 2529 5050 magis
2557 4978 2664 5032 sibi
2695 4977 2885 5047 elegit,
2914 4991 3045 5029 cum
3094 4975 3277 5028 Deum
3303 4971 3413 5027 sibi
3446 4967 3715 5043 acquisivit

460 5062 831 5117 ascenderunt
842 5064 1041 5129 tribus,
1060 5065 1131 5119 tri
1141 5065 1241 5120 bus
1254 5066 1476 5121 Domini
1499 5067 1567 5121 de
1587 5068 1853 5137 gentibus
1864 5084 2058 5139 aggre-
2137 5069 2196 5123 in
2216 5073 2434 5139 patrem
2448 5066 2473 5121 ?
2490 5068 2690 5122 Nonne
2712 5065 2770 5120 in
2786 5065 2883 5119 illo
2897 5060 3593 5134 centuplicatapaternitas
3604 5070 3711 5111 con-

458 5156 591 5221 gata
621 5151 679 5206 in
708 5152 1095 5207 testimonium
1124 5154 1317 5218 Israel,
1343 5155 1475 5225 quia
1499 5156 1728 5210 credere
1752 5157 2058 5212 noluerunt
2137 5157 2285 5213 stat?
2313 5162 2378 5211 ut
2408 5156 2488 5210 illi
2528 5154 2872 5226 obsequatur
2906 5150 3105 5206 diebus
3135 5166 3202 5205 ac
3249 5149 3530 5213 noctibus,
3567 5146 3707 5215 cujus

460 5239 533 5293 ad
561 5241 941 5296 conﬁtendum
994 5242 1207 5322 nomini
1239 5243 1482 5308 Domini,
1514 5249 1571 5298 et
1600 5245 1671 5298 ad
1722 5245 2058 5300 condemna-
2137 5245 2524 5301 haereditatem
2571 5260 2700 5298 cum
2746 5239 3077 5313 perceperit,
3106 5254 3398 5310 nunquam
3427 5237 3710 5292 amissurus

461 5327 672 5382 tionem
693 5330 1056 5400 perﬁdorum.
1086 5330 1372 5386 Sedebunt
1398 5349 1531 5402 ergo
1558 5334 1720 5388 sedes
1735 5333 1793 5388 in
1816 5334 2052 5404 judicio;
2139 5342 2243 5390 est.
2259 5334 2367 5399 Qui
2387 5339 2685 5405 postquam
2705 5330 3081 5386 substantiam
3101 5326 3399 5382 tradiderit
3421 5326 3555 5390 suis,
3579 5337 3707 5377 nun-

464 5417 729 5487 quoniam
760 5418 868 5488 ipsi
897 5419 1134 5490 apostoli
1155 5436 1326 5492 super
1354 5437 1494 5492 quos
1523 5421 1768 5492 primum
1799 5423 2057 5477 Christus
2140 5440 2308 5494 quam
2333 5422 2591 5487 moritur,
2615 5427 2681 5475 ut
2708 5436 2841 5475 suos
2859 5418 2919 5473 in
2939 5423 3230 5490 posterum
3251 5416 3533 5487 orphanos
3560 5409 3708 5466 relin-

463 5506 639 5573 sedet,
660 5507 937 5563 sedebunt
960 5514 1017 5562 et
1036 5508 1142 5581 ipsi
1162 5526 1332 5581 super
1348 5510 1508 5565 sedes
1522 5527 1674 5577 suas,
1701 5511 1757 5565 id
1777 5518 1864 5565 est
1888 5528 2059 5583 super
2140 5518 2280 5583 quat
2307 5511 2673 5565 ﬁliosCPorro
2694 5509 2766 5564 de
2795 5506 3061 5563 fratribus
3079 5504 3217 5576 quid
3241 5504 3446 5572 dicam,
3467 5502 3548 5557 vel
3571 5511 3707 5553 soro-

467 5599 526 5660 8
542 5600 657 5662 ιθ
678 5596 902 5651 easdem
930 5596 1224 5653 duodecim
1239 5598 1425 5654 tribus
1453 5604 1511 5652 et
1536 5599 1790 5666 thronos,
1814 5616 1937 5671 quae
1966 5617 2057 5656 as-
2139 5599 2316 5668 ribus,
2349 5615 2479 5655 cum
2517 5597 2864 5669 germanitas
2904 5596 3061 5654 nulla
3082 5592 3316 5651 felicior.
3346 5607 3526 5667 neque
3549 5584 3707 5641 νθτίοτ
