3888 6172
212 254 316 310 673
989 245 1369 304 EXPOSITIO
1410 246 1491 302 IN
1526 243 1799 301 ΜΑΤΤΗΑ

1882 242 2062 298 ῐΜ.-
2089 247 2228 305 LIB.
2271 251 2367 321 1X,
2403 256 2562 314 CAP.
2595 260 2715 316 XX.

3386 283 3494 347 674

212 394 387 451 quam
423 378 524 432 illa
562 392 686 449 quae
713 375 771 430 in
797 373 1021 467 Christo
1046 371 1349 467 invenitur.
1370 370 1482 467 _Sic
1519 375 1577 427 et
1600 367 1893 467 reliqu-aA
1909 376 2105 467 contra
2130 381 2417 467 maturam
2460 381 2519 436 in
2566 400 2636 439 ea
2662 387 2808 445 oliva
2834 392 3033 451 inserti
3061 407 3212 456 sunt.
3243 404 3349 461 Ubi
3379 426 3493 467 non

209 468 423 535 omnia,
447 467 499 521 si
524 482 653 565 vere
692 468 933 518 matrem
972 461 1235 565 habuerit
1264 460 1572 565 Ecclesiaim
1592 456 1824 561 Christi,
1906 461 2170 565 audiendi
2199 472 2332 521 sunt
2360 469 2671 565 quivolunt
2687 480 2940 552 accipere
2960 485 3029 540 de
3043 456 3499 565 angelisvhocud'i;

207 572 479 652 cum-qua
497 559 555 609 et
572 554 634 652 in
649 568 967 652 quamquae
990 549 1352 652 Christi‘sunt
1368 550 1581 652 omnia,
1602 549 1824 620 imprze-
1907 553 2059 650 ctum
2089 569 2211 652 esse
2239 560 2563 652 apostaticis
2586 570 2644 619 et
2669 549 3005 638 hominibus,
3040 549 3199 647 quasi
3226 549 3497 652 qui

206 639 1395 747 senﬁaﬁumnhabebit'bojja.nniltiplicata:
1424 638 1567 692 Hinc
1596 653 1818 747 quoqge
1903 639 2127 738 quiores
2153 644 2266 699 sint
2284 648 2466 745 .creati
2491 650 2813 716 hominibus
2839 666 2896 714 et
2906 638 3265 732 gloriosiores
3289 689 3355 727 ac

204 734 504 805 apostolus
532 733 736 823 Petrus
761 729 994 823 gloriari
1009 728 1172 800 jubet
1192 744 1347 823 suos,
1374 724 1818 823 tanquam
1900 727 1996 823 mi,
2015 745 2182 823 nunc
2212 734 2328 788 suis
2356 738 2709 808 exigentibus
2735 724 3030 823 culpiquui
3069 754 3199 813 facti
3378 724 3496 820 rno-

206 821 488 877 habentes
508 826 568 876 et
586 820 780 875 omnia
800 818 1167 891 possidentes.
1192 818 1270 872 Ex
1293 832 1403 908 quo
1425 817 1546 870 loco
1585 814 1815 908 quidam
1896 816 2109 908 vissimi
2136 839 2149 886 ;
2182 828 2237 875 et
2262 823 2518 883 homines
2543 831 2637 901 qui
2663 814 3143 899 erant-novissimi
3174 814 3386 906 dudum
3397 814 3495 908 E-

204 911 518 967 carnaliter
543 909 827 981 sapientes
854 908 1222 996 introducunt
1247 906 1402 960 mille
1431 919 1709 996 annorum
1728 902 1814 957 fa-
1895 905 1970 959 cti
2020 914 2154 962 sunt
2201 911 2387 980 primi.
2423 916 2567 980 Quia
2594 922 2699 975 etsi
2747 926 2892 980 ratio
2925 935 3034 994 sl
3050 936 3117 996 9
3135 902 3494 996 ulla

202 1001 425 1066 bulam,
455 999 704 1054 dicentes
734 1003 862 1068 post
905 995 1375 1052 resurrectionem
1412 992 1576 1047 nobis
1615 1002 1812 1047 centu-
1895 1008 2038 1059 esse,
2062 1012 2173 1051 non
2204 1004 2394 1057 tamen
2424 1004 2513 1059 hic
2541 1025 2739 1066 sensus
2764 992 3198 1077 circumstantia:
3236 992 3491 1085 lectionis

206 1090 366 1161 plum
394 1088 646 1143 omnium
673 1104 864 1142 rerum
886 1103 1027 1158 quas
1051 1084 1369 1140 dimisimus
1388 1088 1447 1138 et
1462 1082 1636 1183 vitam
1656 1086 1814 1137 aeter-
1893 1083 2031 1184 satis
2060 1103 2367 1158 congruere
2398 1094 2634 1153 videtur.
2662 1101 2979 1161 Praesertim
3025 1111 3157 1180 quia
3187 1129 3310 1184 quae
3339 1082 3492 1173 retro

202 1195 338 1233 nam
366 1194 493 1232 esse
517 1175 883 1265 reddendam,
917 1191 1033 1265 non
1055 1172 1439 1265 intelligentes
1470 1171 1581 1265 nisi
1609 1187 1810 1265 carna-
1891 1171 2041 1227 dicta
2053 1183 2204 1243 sunt,
2230 1184 2287 1233 et
2311 1197 2434 1252 quae
2454 1193 2770 1255 sequuntur
2796 1192 2853 1246 in
2894 1171 3160 1265 parabola
3182 1171 3251 1256 de
3279 1171 3490 1261 Iudaeis

200 1267 301 1320 lia.
336 1265 416 1363 lit
454 1266 610 1363 quod.
633 1265 682 1319 si
710 1264 770 1319 in
1238 1261 1315 1316 sit
1334 1260 1715 1363 repromissio,
1750 1260 1809 1314 in
1891 1266 1949 1315 et
1972 1265 2254 1363 gentibus,
2288 1270 2467 1341 magis
2497 1290 2805 1347 congruere
2856 1260 3133 1342 videntur.
3167 1291 3281 1346 Nec
3310 1292 3489 1363 igitur

201 1353 477 1409 uxoribus
503 1353 651 1443 foeda
680 1356 917 1443 apparet
936 1350 1229 1443 turpitudo
1254 1368 1268 1417 ;
1291 1354 1357 1443 ut
1384 1349 1481 1443 qui
1509 1365 1806 1443 unum.pro
1887 1354 2181 1443 apostatici
2229 1360 2414 1429 angeli
2473 1370 2622 1419 recte
2675 1366 2733 1422 in
2778 1369 2881 1443 hac
2909 1374 3176 1443 parabola
3201 1349 3488 1438 novissimi

194 1443 444 1498 Domino
471 1442 769 1506 dimiserit,
801 1445 1025 1495 rentum
1051 1438 1286 1511 recipiat
1320 1438 1380 1492 in
1416 1438 1624 1492 futuro.
1659 1437 1802 1493 Cum
1885 1440 2170 1512 dicuntur,
2194 1462 2259 1501 eo
2288 1450 2434 1517 quod
2474 1468 2586 1507 non
2625 1458 2835 1512 suntin
2856 1437 3052 1517 ordine
3079 1469 3347 1536 corporis,
3382 1437 3488 1527 nec

194 1532 479 1587 Dominus
501 1531 652 1585 dicat
669 1530 728 1584 in
754 1530 858 1584 hoc
878 1528 998 1600 ipso
1013 1527 1318 1598 Evangelio
1350 1526 1498 1598 quod
1526 1529 1591 1581 in
1620 1542 1803 1581 resur-
1885 1530 2173 1589 salvantur
2196 1536 2343 1592 sicut
2358 1539 2583 1596 Iudaeos
2604 1545 2899 1602 salvandos
2919 1567 3040 1605 esse
3059 1526 3317 1611 dicimus.
3337 1526 3490 1622 'Quia
3572 1554 3579 1559 ’

198 1624 443 1675 notione
458 1636 631 1689 neque
653 1620 861 1673 nubent
886 1616 1646 1686 neqiteliubentur,wderunt
1659 1616 1865 1705 εἰδυίῃ
1887 1636 2013 1675 cum
2044 1624 2259 1679 venerit
2295 1628 2587 1697 plenitudo
2634 1636 2910 1705 gentium,
2939 1644 3075 1695 tunc
3103 1644 3286 1698 omnis
3314 1616 3489 1701 Israel

194 1711 389 1777 angeli
432 1710 497 1762 in
535 1678 674 1763 ὀωιο
717 1706 938 1776 (Matth.
961 1678 1125 1770 Ixxn,
1156 1702 1264 1773 30).
1301 1678 1511 1803 Idcirco
1558 1701 1690 1801 talis
1718 1678 2072 1801 egtBsalvus
2119 1713 2234 1767 ﬁet.
2281 1678 3494 1803 ἀεξιᾙξιξείΙῖρνιίζξιςξξτὲῖξοζζέῗ

193 1813 421 1894 sensus,
460 1802 527 1894 ut
556 1795 653 1894 qui
689 1811 793 1894 pro
820 1792 1338 1894 Domino‘carnalia
1363 1790 1654 1894 dimiserit.
1689 1789 1805 1894 Spi-
1885 1798 2325 1894 primosAd-ebere
2355 1789 2744 1878 intelligiieos
2784 1789 2880 1884 qui
2909 1789 3198 1874 salvantur
3225 1822 3335 1876 ﬁde
3360 1839 3486 1894 per-

192 1885 433 1940 ritualia
479 1885 538 1939 in
565 1885 672 1938 hac
711 1883 919 1939 Christi
966 1882 1209 1938 Ecclesia
1238 1880 1505 1953 percipiet
1535 1879 1808 1950 centupli—
1887 1892 2049 1958 cepta
2093 1890 2323 1957 Christi,
2370 1902 2601 1967 propter
2644 1879 3055 1960 observantiam
3084 1879 3486 1968 ωαηάειοξευω

192 1980 344 2041 cata,
379 1975 534 2029 salvo
562 1989 664 2028 suo
693 1974 959 2028 thesauro
997 1972 1056 2026 in
1087 1970 1402 2025 caelestibus
1449 1986 1558 2040 quo
1600 1972 1801 2023 cuncta

191 2063 474 2134 reposuit.
507 2063 643 2127 Quae
669 2062 941 2117 nimirum
969 2061 1137 2126 bona,
1169 2057 1587 2130 comparatione
1613 2062 1671 2111 et
1688 2074 1801 2111 me-

190 2152 307 2207 rito
336 2151 428 2206 sui
457 2152 539 2206 ita
561 2156 729 2206 erunt
750 2147 1268 2221 multiplicia,quasi
1285 2147 1334 2201 si
1353 2163 1521 2219 parvo
1539 2162 1795 2212 numero,

193 2240 561 2295 centenarius
576 2256 842 2295 numerus
867 2239 963 2311 qui
983 2237 1262 2309 perfectus
1271 2242 1575 2290 coronatur
1593 2234 1653 2288 in
1673 2234 1802 2288 dex-

187 2330 298 2385 tris
326 2334 708 2401 comparetur.
733 2328 844 2383 Sed
876 2327 926 2382 si
955 2326 1146 2382 omnia
1174 2340 1524 2397 quaecunque
1558 2321 1801 2394 relinqui

189 2423 437 2490 possunt
488 2418 548 2473 in
604 2419 709 2472 hoc
760 2416 983 2483 saeculo,
1017 2414 1410 2487 relinquimus,
1445 2413 1553 2467 nisi
1580 2412 1717 2466 vitia
1743 2415 1800 2465 et

1882 1975 1983 2030 Dei
2017 1994 2032 2042 ;
2064 1979 2395 2037 novissimos
2422 2001 2551 2040 vero
2581 1987 2677 2057 qui
2697 2005 2809 2044 non
2838 1999 2972 2047 sunt
2989 1994 3261 2065 dignitali
3284 2000 3482 2055 ordine

1880 2065 1967 2158 vel
2008 2072 2169 2158 tanta
2194 2070 2381 2139 gratia
2411 2073 2634 2141 salvari,
2669 2077 2765 2131 sed
2796 2086 2922 2149 post
2949 2098 3144 2152 poenas
3178 2091 3236 2140 et
3259 2088 3479 2158 suppli-

1880 2154 2002 2223 cia;
2043 2157 2140 2227 qui
2160 2158 2230 2212 de
2248 2160 2508 2229 gehenna
2539 2165 3090 2234 salvandisunt,cum
3108 2154 3487 2232 fuerintcom-

1882 2243 2033 2335 picta
2062 2250 2119 2298 et
2148 2248 2401 2304 exsoluta
2429 2268 2552 2322 quae
2578 2255 2821 2326 propriis
2852 2269 3184 2316 meruerunt
3212 2265 3477 2335 peccatis,

1882 2336 1940 2385 et
1964 2332 2089 2388 ideo
2149 2337 2437 2393 novissimi
2486 2341 2763 2399 dicantur.
2807 2346 2915 2410 Qui
2969 2332 3232 2421 profecto
3260 2370 3480 2422 sensus,

1881 2425 2001 2511 tam
2054 2422 2112 2477 in
2169 2425 2274 2480 hoc
2304 2428 2425 2483 loco
2464 2447 2633 2501 quam
2682 2434 2740 2488 in
2791 2436 2917 2491 aliis
2951 2439 3295 2509 quibuslibet
3320 2442 3482 2511 locis,

189 2514 430 2603 peccata
477 2507 724 2579 primum
751 2505 1144 2603 relinquamus
1173 2509 1232 2558 et
1252 2502 1507 2603 carnales
1536 2499 1803 2603 concupi-
1826 2570 1831 2577 κ
1882 2509 2240 2603 damnandus
2266 2522 2351 2571 est
2378 2536 2390 2570 :
2415 2499 2542 2573 ideo
2564 2521 2694 2576 etin
2719 2523 2825 2579 hac
2844 2499 3111 2597 parabola
3139 2546 3263 2601 quae
3300 2499 3483 2603 sequi:

190 2596 463 2661 scentias,
496 2611 694 2666 parum
733 2599 823 2648 est
849 2593 998 2664 quod
1024 2593 1264 2663 agimus.
1299 2591 1368 2645 Et
1394 2590 1520 2644 ideo
1556 2588 1800 2676 multum
1880 2603 1976 2654 tur
2001 2602 2163 2657 valde
2191 2610 2277 2659 ρει
2304 2612 2716 2676 μωρανθηάηε.
2750 2636 2760 2644 .

189 2689 299 2747 est,
332 2684 394 2738 in
423 2699 539 2755 quo
569 2683 770 2737 Petrus
796 2680 1144 2752 gloriabatur
1170 2680 1395 2735 dicens:
1436 2679 1554 2732 Nos
1581 2675 1675 2746 qui
1707 2691 1799 2729 re-

1950 2689 2267 2763 (CAP.XX.)
2286 2675 2953 2770 Simile,inquit,regnum
2978 2709 3237 2762 calorum
3260 2698 3482 2764 homini

189 2769 466 2844 liquimus
487 2776 546 2837 9
561 2776 673 2837 ιδ
691 2768 964 2835 omnia,et
982 2768 1159 2823 secuti
1177 2784 1372 2822 sumus
1401 2771 1480 2830 te,
1504 2764 1640 2837 quid
1666 2779 1799 2834 ergo

1882 2782 2304 2848 patrifamilias,
2340 2788 2442 2853 qui
2467 2790 2600 2842 αι’τί
2626 2793 2815 2857 primo
2834 2809 3021 2858 mane,
3054 2797 3480 2865 conducercope-

188 2864 300 2918 erit
309 2860 517 2917 nobis?
536 2859 804 2930 Sequitur
824 2874 837 2910 :
861 2859 1028 2913 Multi
1039 2860 1189 2912 enim
1199 2862 1367 2911 erunt
1374 2857 1558 2925 primi
1572 2854 1799 2935 novissi-

1882 2870 2063 2922 rarios
2090 2872 2154 2923 in
2182 2874 2397 2927 vineam
2416 2891 2598 2929 suam.
2627 2877 3026 2935 Parabolarum
3051 2881 3361 2939 obscuritas
3388 2884 3478 2939 ni-

188 2956 351 3018 mi,“
679 2948 1070 3046 pﬁmi.ange
1084 2947 1207 3046 jam
1226 2950 1377 3046 retro
1393 2944 1603 3046 ﬁguris
1620 2942 1689 3046 fle
1710 2957 1800 3046 γο·
1817 2986 1861 3046 c
1881 2956 1998 3010 mia
2024 2962 2111 3012 est
2139 2960 2298 3015 valde
2326 2979 2449 3033 quae
2478 2965 2750 3021 aChristo
2771 2969 2800 3023 J
2805 2985 2902 3023 esu
2926 2970 3156 3040 prolatae
3194 2978 3345 3038 sunt,
3378 2989 3483 3028 nec

188 3042 414 3099 οδείοηθ
440 3037 699 3129 εθῖξίίαξη
721 3042 780 3091 et
806 3036 1133 3129 V0991“me
1153 3034 1496 3129 Ῑαάωοηξωῤ
1542 3031 1799 3129 δεξινδδοτ
1819 3031 1861 3046 υ
1881 3046 2143 3117 exposita:
2174 3066 2187 3101 :
2222 3053 2289 3106 In
2315 3031 2421 3120 qin
2453 3060 2586 3108 sunt
2614 3073 2800 3111 omnes
2830 3031 3078 3112 thes-auri
3106 3031 3392 3129 sapientia:
3426 3067 3478 3116 et

188 3128 524 3194 introducit,
542 3120 617 3182 ut
640 3123 1202 3195 instruat‘discipulos
1227 3139 1359 3178 suos
1377 3122 1447 3176 de
1467 3120 1642 3176 tantis
1671 3137 1797 3192 my-

1882 3138 2119 3214 scientiag
2144 3141 2447 3195 absconditi
2478 3143 2690 3203 (001035.
2714 3162 2769 3211 II,
2798 3144 2871 3214 3).
2891 3147 3130 3202 Maxime
3160 3120 3482 3205 tamenhmc

194 3219 409 3284 steriis,
441 3216 597 3288 quod
635 3231 784 3270 nunc
810 3213 1062 3286 apertius
1087 3211 1246 3285 quasi
1279 3211 1590 3276 concludit;
1630 3210 1798 3265 miro-

1882 3208 2274 3283 obscurissima
2297 3235 2401 3296 est,
2424 3231 2494 3285 de
2519 3248 2632 3303 qua
2660 3208 2889 3304 quidam
2909 3236 3204 3307 specialius
3234 3238 3478 3309 prophe-

191 3325 303 3382 que
329 3306 505 3361 modo
536 3304 615 3359 sic
641 3303 809 3358 istam
839 3301 1102 3393 Ρτοροηίρ
1127 3300 1483 3393 εέηῐθηιίὸῐης
1509 3305 1572 3356 “t
1594 3304 1652 3355 et
1670 3315 1794 3370 (ιιιεε
1882 3318 1943 3368 ta
1969 3314 2174 3370 dixisse
2202 3322 2444 3373 testatur
2472 3337 2483 3372 :
2508 3300 2769 3389 aperiam
2798 3326 2862 3377 in
2892 3300 3172 3393 parabolis
3186 3300 3473 3392 armo-um,

189 3404 346 3454 retro
364 3395 728 3468 praeﬁgurata
754 3398 889 3447 sunt
904 3391 1253 3447 manifestius
1272 3392 1585 3451 conﬁrmet;
1606 3396 1664 3445 et
1676 3406 1799 3460 quae

1885 3405 2084 3471 loquar
2134 3410 2526 3475 propositiones
2557 3411 2626 3463 ab
2653 3414 2819 3466 initio
2878 3391 3320 3483 (Psalmxxvuﬂ).
3359 3415 3432 3472 Et

194 3488 456 3543 dicturus
485 3489 573 3539 est
597 3482 853 3554 sequenti
882 3481 1167 3553 parabola,
1198 3482 1257 3537 in
1276 3482 1384 3536 hoc
1408 3497 1524 3536 uno
1551 3480 1799 3534 versicu-

1883 3491 2156 3547 Eructabo
2189 3495 2560 3551 absconditaa
2593 3480 2981 3555 constitutione
3017 3480 3241 3557 mundi
3263 3480 3476 3572 (Matth.

195 3579 248 3631 lo
275 3575 552 3630 declaret
585 3572 727 3637 Quia
748 3571 952 3660 ludia,
986 3570 1081 3641 qni
1112 3570 1281 3660 Primi
1309 3576 1471 3625 erant
1508 3576 1566 3625 et
1589 3570 1800 3660 8101i?-
1883 3594 2004 3646 xm,
2049 3579 2156 3649 35).
2190 3582 2545 3655 Quapropter
2571 3585 2924 3658 imploranda
2968 3595 3054 3644 est
3077 3570 3276 3660 gratia
3293 3592 3480 3646 Salva-

198 3662 413 3718 bantur
438 3661 503 3716 in
546 3660 689 3731 lege,
729 3659 859 3714 facti
887 3664 1022 3748 sunt
1058 3659 1345 3714 novissimi
1375 3665 1605 3732 propter
1651 3658 1802 3714 duri-
1881 3669 2022 3723 toris
2065 3675 2129 3724 ut
2158 3687 2224 3725 eo
2252 3671 2455 3742 spiritu
2496 3673 2845 3745 intelligatur
2873 3693 2984 3747 quo
3015 3658 3234 3748 prolata
3280 3685 3366 3733 est
3409 3680 3480 3734 de

186 3751 328 3806 tiam
359 3749 553 3805 cordis
573 3748 659 3803 sui
685 3754 744 3802 et
770 3747 1143 3820 proditionem
1174 3748 1234 3802 in
1279 3748 1521 3804 Christo.
1552 3750 1801 3820 Populus

187 3846 385 3895 autem
437 3837 716 3909 gentium,
771 3837 865 3909 qui
911 3838 971 3892 in
1000 3838 1303 3893 novissima
1328 3839 1474 3893 hora
1506 3837 1799 3892 novissimi

186 3932 492 3992 venerunt,
545 3931 603 3980 et
649 3926 1009 3981 crediderunt
1058 3924 1119 3981 in
1167 3926 1472 3992 Christum,
1503 3925 1635 3981 facti
1666 3933 1802 3981 sunt

1880 3757 2150 3813 thesauro
2181 3760 2469 3831 sapientia:
2513 3768 2683 3834 atque
2710 3765 2956 3819 scientiae
2992 3766 3113 3820 Dei.
3148 3767 3291 3820 Nam
3322 3784 3477 3821 com-

1881 3847 2100 3917 paratio
2126 3849 2249 3918 ejus
2278 3850 2460 3905 omnis
2512 3869 2612 3922 per
2638 3870 2697 3906 se
2726 3852 2981 3907 absoluta
3010 3860 3118 3920 est,
3147 3855 3253 3908 etsi
3282 3871 3476 3925 perso-

1880 3934 1969 3989 nis
1998 3941 2085 3990 est
2110 3936 2522 4008 distinguenda,
2556 3941 2660 3995 etsi
2689 3941 3059 3997 discernenda
3094 3942 3470 4013 temporibus.

182 4016 378 4087 primi.
415 4013 531 4070 Sed
553 4014 846 4069 considera
874 4031 1044 4086 quam
1073 4014 1303 4086 provide
1332 4014 1589 4069 Salvator
1612 4014 1797 4085 loqui-
1880 4023 2041 4079 Unde
2068 4026 2471 4096 paterfamilias
2499 4045 2662 4083 nemo
2691 4029 2834 4084 alius
2862 4047 3033 4101 quam
3079 4031 3350 4086 Dominus
3379 4048 3477 4088 no-

188 4110 305 4161 tur.
350 4105 486 4159 Non
513 4103 665 4167 enim
709 4103 888 4157 dixit:
944 4106 1151 4161 Omnes
1193 4104 1290 4176 qui
1318 4114 1484 4159 erant
1510 4103 1797 4159 novissimi

1882 4118 1999 4168 ster
2021 4115 2050 4168 J
2055 4130 2185 4169 esus
2211 4115 2470 4171 Christus
2497 4122 2646 4172 recte
2675 4119 2983 4190 accipitur;
3034 4119 3168 4191 quia
3206 4126 3264 4175 et
3308 4120 3479 4175 homo

186 4193 385 4266 primi,
418 4192 539 4258 sed,
565 4192 757 4246 multi:
796 4192 927 4263 quia
952 4199 1086 4248 sunt
1111 4193 1341 4248 omnino
1371 4210 1438 4247 ex
1466 4192 1672 4248 Iudaeis
1702 4194 1799 4263 qui
1881 4208 1984 4268 est,
2034 4208 2092 4256 et
2127 4204 2300 4258 totius
2328 4205 2571 4261 humani
2616 4207 2842 4277 generis
2901 4225 3094 4263 curam
3122 4208 3302 4280 gerit;
3329 4216 3389 4265 et
3414 4209 3474 4265 in

193 4280 372 4353 primi
400 4279 653 4346 fuerunt,
699 4285 757 4334 et
784 4279 1150 4336 nihilominus
1189 4281 1322 4353 quia
1352 4280 1713 4336 crediderunt
1739 4283 1797 4338 in
1815 4290 2034 4369 “omni
2062 4297 2315 4364 tempore
2344 4295 2635 4351 universos
2690 4297 2761 4351 ad
2799 4297 3078 4352 culturam
3109 4279 3250 4369 legis
3277 4297 3477 4353 divinae

186 4370 489 4426 Christum
518 4374 951 4456 P¢Pman39runt
977 4369 1180 4441 Ρνίηιίῑ
1234 4370 1380 4426 Sicut
1406 4371 1645 4443 apostoli
1675 4371 1798 4426 fue-
1814 4369 2191 4436 “conducere
2220 4399 2511 4454 nunquam
2540 4390 2737 4440 cessat.
2761 4385 2895 4450 Quae
2908 4386 3174 4441 nimirum
3203 4388 3390 4456 ﬁgura
3409 4403 3476 4441 ex

188 4469 352 4523 runt,
388 4461 450 4511 et
477 4455 640 4510 multi
667 4456 989 4546 Iudaeorum
1018 4457 1089 4512 de
1106 4456 1321 4513 semine
1347 4457 1585 4514 Abrahae
1609 4469 1823 4514 secun-'
1881 4469 1970 4524 his
1999 4486 2124 4541 quae
2143 4472 2432 4542 praemissa
2450 4479 2584 4528 sunt
2602 4473 2957 4545 intelligitur,
2996 4474 3145 4546 quod
3162 4455 3271 4529 aitt
3306 4477 3476 4529 Multi

185 4543 327 4599 dum
363 4560 626 4611 carnem;
668 4546 766 4616 qui
817 4544 988 4599 etiam
1038 4562 1189 4601 nunc
1217 4546 1386 4618 primi
1410 4547 1561 4603 inter
1587 4549 1800 4620 primos
1881 4565 2049 4613 erunt
2070 4563 2253 4628 primi
2272 4565 2577 4627 novissimi,
2605 4568 2655 4617 et
2675 4543 2963 4617 novissimi
2992 4543 3191 4631 primi.
3238 4561 3343 4617 Ubi
3363 4578 3476 4617 non

186 4639 687 4689 connumerantur
713 4639 774 4687 et
802 4632 1081 4689 habentur
1104 4635 1165 4690 in
1193 4636 1319 4691 ﬁde-
1357 4637 1513 4693 Sicut
1549 4644 1607 4693 et
1631 4638 1797 4694 ωυὶῆ
1879 4648 2149 4719 temporis
2168 4665 2203 4702 a
2230 4649 2469 4704 Domino
2497 4650 2817 4705 differentia
2839 4650 3197 4722 praedicatur,
3224 4650 3321 4705 sed
3344 4650 3476 4706 ﬁdei

182 4740 252 4779 ex
277 4722 553 4795 gentibus
573 4728 708 4779 sunt
734 4723 1040 4791 novissimi,
1072 4725 1440 4782 nihilominus
1466 4743 1799 4799 permanen-
1879 4735 2083 4790 merita
2100 4742 2290 4803 βω
2305 4737 2728 4809 distinguuntur
2755 4740 2992 4810 Propter
3004 4739 3153 4810 quod
3167 4739 3349 4799 omnis
3359 4740 3477 4795 hac

181 4819 273 4868 tes
300 4810 635 4880 novissimi;
671 4812 805 4884 quia
858 4818 960 4868 aut
985 4814 1187 4870 nolunt
1213 4816 1460 4883 credere,
1510 4822 1610 4872 aut
1664 4817 1799 4888 quia

1882 4823 2148 4897 parabola
2170 4825 2392 4880 videtur
2403 4843 2523 4881 esse
2544 4832 2923 4898 assumpta.ut
2936 4827 3218 4882 discamus
3238 4844 3474 4899 quomo-

182 4903 344 4957 male
375 4917 438 4956 se
463 4906 730 4967 tractant,
764 4902 872 4956 etsi
899 4902 1162 4959 videntur
1181 4921 1303 4959 esse
1321 4904 1381 4959 in
1401 4905 1645 4960 Ecclesia
1670 4922 1799 4960 cum

180 5007 302 5046 non
330 4989 467 5044 sint.
494 4989 655 5045 Unde
675 4990 746 5044 de
775 4991 1034 5063 utrisque
1061 4991 1199 5047 dicit
1225 4993 1547 5065 Apostolus,
1580 4998 1639 5048 et
1667 4993 1804 5064 quia

181 5096 254 5135 ex
278 5078 500 5135 Judmis
527 5077 784 5150 reliquie
807 5081 972 5136 salvae
1002 5080 1179 5146 factae,
1200 5086 1258 5136 et
1285 5082 1419 5153 quia
1447 5098 1515 5136 ex
1538 5082 1803 5153 gentibus

180 5170 322 5225 licet
351 5168 414 5223 in
440 5167 629 5242 radice
675 5167 835 5225 bonae
864 5170 1021 5225 oliva;
1063 5169 1262 5225 inserti
1291 5169 1588 5227 videantur
1632 5172 1799 5227 multi

181 5260 462 5330 pereunt.
495 5256 643 5312 Nam
672 5257 757 5331 illi
782 5275 910 5313 cum
931 5265 1120 5315 essent
1145 5260 1290 5316 rami
1318 5277 1433 5317 suae
1452 5262 1801 5333 olivae,prop-

173 5350 273 5402 ter
315 5345 784 5401 incredulitatem
831 5363 992 5423 suam
1037 5347 1199 5404 fracti
1244 5356 1379 5406 sunt
1424 5369 1553 5409 cum
1611 5361 1804 5411 essent

187 5435 470 5500 oleaster,
503 5450 578 5489 ne
601 5441 659 5490 et
679 5435 786 5507 ipsi
812 5436 1164 5509 frangantur.
1196 5440 1342 5506 Quia
1367 5443 1416 5497 si
1446 5444 1803 5502 naturalibus

166 5528 363 5585 ramis
388 5544 508 5584 non
538 5529 804 5602 pepercit,
846 5548 918 5587 ne
943 5532 1090 5617 forte
1126 5550 1239 5615 non
1264 5542 1461 5609 parcat
1488 5543 1549 5607 et
1597 5540 1678 5601 eis
1698 5544 1806 5616 qui

1881 4914 1954 4969 do
1975 4915 2233 4970 Salvator
2250 4920 2443 4970 noster
2462 4916 2751 4971 universos
2768 4915 2828 4970 in
2851 4916 2957 4970 hoc
2984 4917 3194 4972 mundo
3231 4917 3479 4988 possidet

1882 5002 2182 5074 subjectos,
2215 5009 2273 5059 et
2304 5004 2465 5076 quasi
2492 5004 2762 5061 Dominus
2790 5004 2851 5059 in
2879 5005 3047 5060 domo
3091 5022 3195 5061 sua
3228 5005 3477 5077 disponit

1884 5092 2107 5159 electos,
2141 5093 2237 5165 qui
2265 5093 2512 5164 profecto
2550 5094 2822 5148 Dominus
2862 5110 2927 5148 ac
2954 5093 3353 5165 paterfamilias
3384 5093 3481 5147 ha-

1882 5180 1979 5236 bet
2010 5181 2243 5246 vineam,
2280 5182 2598 5237 universam
2645 5182 2859 5238 scilicet
2894 5183 3217 5247 Ecclesiam,
3256 5198 3378 5253 qua:
3406 5180 3479 5248 ab

1884 5271 2024 5328 Abel
2046 5272 2202 5341 justo
2229 5288 2407 5344 usque
2432 5272 2505 5326 ad
2535 5272 2698 5328 illum
2726 5271 2994 5337 ultimum
3026 5272 3263 5326 electum
3294 5269 3391 5343 qui
3418 5270 3491 5334 in_

1886 5361 2000 5416 ﬁne
2021 5361 2215 5416 mundi
2243 5366 2511 5416 venturus
2538 5366 2626 5416 est
2645 5361 2947 5431 colligitur.
2973 5361 3099 5432 Ipse
3123 5375 3368 5432 namque
3396 5366 3484 5416 est

1888 5449 2291 5523 paterfamilias
2319 5450 2602 5526 Christus,
2638 5451 2736 5523 qui
2763 5450 2834 5505 de
2865 5449 3047 5522 seipso
3075 5450 3135 5505 in
3178 5448 3482 5521 Evangelio

1890 5539 2081 5605 dicit
2112 5539 2229 5607 Ego
2259 5555 2385 5593 sum
2405 5541 2534 5595 vitis
2560 5555 2711 5607 vera,
2734 5544 2784 5594 et
2810 5555 2898 5595 vos
2912 5541 3168 5608 palmites
3191 5540 3366 5609 (Joan.
3390 5552 3477 5606 xv,
