3888 6172
471 226 579 313 eis
1263 244 1326 308 s.
1366 234 1748 310 PABCHASII
1786 228 2152 308 uincendi
2187 232 2493 309 saliuis
2524 234 3028 312 (immensis.
3569 250 3651 325 55¢

474 381 524 453 5)
540 410 554 439 ι
590 383 672 436 Ac
698 382 799 453 per
824 382 931 436 hoc
968 381 1286 452 quicunque
1328 378 1399 433 ab
1437 362 1598 432 initio
1639 372 1837 432 mundi
1864 376 2065 432 salvati
2081 354 2323 436 ΑΡοίτο
2342 372 2551 433 setiam
2575 382 2637 432 et
2663 382 2872 434 nonum
2902 379 3028 457 ideo
3047 380 3212 438 Simul
3230 384 3648 457 junsi‘smﬁdetur,

472 476 626 537 sunt,
649 471 710 525 in
741 471 857 526 haec
883 478 1016 525 vere
1037 468 1195 541 quasi
1218 468 1476 539 palmites
1502 468 1561 521 i‘n
1574 466 1689 521 vite
1714 472 2063 521 manserunt.
2150 464 2285 534 quia
2312 463 2408 519 illo
2430 462 2490 519 in
2521 466 2775 538 tempore
2800 466 2871 522 ab
2902 454 3183 525 Abraham
3206 454 3368 544 usque
3409 475 3469 531 ad
3497 454 3648 548 David,

474 560 622 625 Quia
649 560 770 614 sine
799 560 909 614 ﬁde
940 558 1147 613 Christi
1177 556 1394 609 nullum
1419 556 1568 609 ferre
1596 556 1837 611 fructum
1868 560 2068 626 potue-
2150 552 2332 622 major
2379 553 2495 606 Deo
2540 551 2860 624 frequentia
2902 556 3011 611 ibit
3055 572 3178 613 cum
3211 562 3399 616 sanctis
3431 564 3650 627 Pattibus,

473 655 626 705 runt.
660 649 731 702 Et
752 648 880 702 ideo
916 643 1056 701 Abel
1103 645 1316 716 primus
1360 644 1420 697 in
1466 633 1648 714 figura
1697 643 1905 699 Christi
1934 661 1998 697 ac
2022 644 2067 698 si
2150 652 2277 690 cum
2306 636 2508 707 quibus
2555 638 2804 694 decrevit
2840 628 3142 712 disponere
3172 648 3473 702 testamenta
3499 649 3650 705 salutis

472 739 752 811 propheta
790 736 1156 807 justissim1is,
1209 744 1416 801 agnum
1449 735 1565 788 Deo
1607 734 1763 788 Patri
1800 732 2068 788 obtulisse
2148 725 2428 791 humanae,
2457 720 2620 789 sicut,
2645 728 2838 796 lector,
2866 726 3193 801 diligentius
3211 737 3651 804 potesenumetane.

474 834 644 899 atque
661 821 983 881 immolasse
1002 823 1209 893 legitur
1232 842 1244 890 ;
1266 824 1568 879 ostendens
1582 840 1713 879 eum
1735 825 1845 878 fide
1868 826 1924 877 et
1943 838 2070 893 ope-
2152 812 2296 878 ΟυῘᾶ
2321 818 2449 886 post
2464 814 2581 872 N06
2610 818 2684 871 ad
2706 819 2991 873 hominem
3016 821 3249 891 legimus
3278 823 3437 878 Deum
3459 825 3652 880 locutum

472 914 626 971 n'bus
662 916 780 969 suis
826 918 1036 983 agnum
1072 929 1192 967 esse
1234 918 1554 977 venturum,
1609 912 1703 984 qui
1753 913 2069 967 offerendus
2149 901 2340 969 fuisse,
2374 904 2483 958 nisi
2505 905 2749 976 primum
2782 906 2848 960 ’ad
2866 906 3377 974 Abraham,deinde
3392 912 3455 964 ad
3472 913 3657 968 lsa‘aeet

471 1006 597 1057 erat
624 1018 725 1073 pro
755 999 937 1055 salute
967 1001 1142 1055 totius
1188 1001 1387 1056 mundi
1434 1002 1549 1057 Deo
1593 999 1748 1056 Patri
1801 995 1987 1055 hostia
2013 1001 2071 1054 in
2146 990 2315 1045 Iacob
2335 1008 2509 1073 quam
2535 993 2859 1064 frequenter
2890 1013 2902 1045 ε
2935 1006 2999 1049 ac
3024 1002 3137 1050 non
3166 1002 3287 1069 pust
3312 1000 3522 1053 multum
3542 1006 3653 1054 tems

469 1091 698 1144 odorem
727 1090 1215 1144 suavitutis.Unde
1236 1091 1425 1161 etipse
1451 1088 1589 1145 Abel
1612 1106 1744 1161 qula
1774 1090 1982 1144 mansit
2011 1090 2069 1143 in
2148 1080 2301 1152 Poris
2332 1082 2402 1135 ad
2428 1074 2659 1154 Moysen
2676 1086 2733 1137 et
2759 1084 2944 1139 Amen
2971 1085 3174 1157 quibus
3204 1088 3373 1158 legem
3396 1077 3556 1156 dedit;
3576 1089 3651 1143 sic.

468 1179 579 1234 ﬁde
604 1181 833 1247 Christi,
867 1196 932 1235 ac
959 1181 1007 1235 si
1054 1181 1268 1251 palmes
1297 1181 1356 1233 in
1384 1181 1518 1245 vite,
1551 1180 1763 1234 occisus
1794 1182 1879 1233 est
1902 1180 1961 1232 in
2000 1180 2068 1232 fi-
2150 1189 2258 1244 que
2284 1171 2359 1227 ad
2391 1171 2583 1228 Jesum
2614 1173 2769 1230 Nave
2798 1182 2997 1249 usque,
3034 1195 3202 1249 quam
3228 1180 3516 1251 frequenter
3537 1182 3662 1235 exivit

466 1280 611 1337 gnra
637 1267 834 1339 ipsius,
867 1268 1130 1341 Bt‘fact’us
1159 1273 1245 1321 est
1270 1276 1519 1339 propago
1557 1284 1622 1322 ex
1652 1269 1785 1331 vite,
1818 1285 1882 1321 ac
1906 1267 2067 1321 testis
2150 1262 2459 1315 conducere
2487 1263 2774 1333 operarios
2798 1282 2811 1331 ;
2846 1280 2913 1319 ac
2944 1265 3203 1338 deinceps
3222 1268 3289 1322 ad
3320 1269 3594 1323 Samuele
3620 1274 3663 1323 et

468 1356 671 1411 ﬁdelis.
701 1358 906 1428 Sicque
931 1357 1195 1427 deinceps
1215 1357 1461 1411 Ecclesia
1484 1355 1696 1412 Christi
1727 1356 2069 1427 propagatur
2150 1347 2325 1404 David
2357 1366 2535 1421 usque
2554 1353 2828 1422 pervenit,
2850 1346 3073 1424 quando
3090 1355 3288 1411 choius
3312 1358 3658 1428 prophetarum;

470 1452 527 1500 et
553 1448 843 1513 excolitur,
868 1462 934 1501 ac
960 1446 1007 1500 si
1038 1446 1203 1499 vinea
1225 1458 1261 1499 a
1286 1446 1402 1500 suis
1431 1446 1758 1511 cultoribus,
1791 1462 1930 1515 quos
1950 1445 2067 1515 ipse
2151 1455 2215 1491 ac
2239 1439 2288 1491 si
2318 1455 2461 1493 nova
2483 1438 2597 1506 lux,
2630 1440 2688 1494 in
2718 1442 2928 1496 mundo
2948 1444 3207 1511 emicuit;
3224 1456 3345 1499 cum
3372 1444 3546 1516 quibus
3558 1454 3665 1500 nova

469 1536 631 1607 quasi
669 1536 1073 1606 paterfamilias
1123 1550 1228 1605 pro
1266 1536 1522 1589 mercede
1572 1540 1793 1590 aeternae
1835 1534 1961 1589 vitae
1998 1554 2004 1587 :

2151 1543 2346 1581 rursus
2365 1526 2581 1582 foedera
2598 1527 2860 1585 ﬁrmavit.
2886 1531 3100 1595 QuibUS
3131 1530 3313 1599 βῶξ
3337 1533 3551 1604 profecto
3569 1542 3664 1603 spa-

452 1618 831 1674 'éxcolendam
863 1619 1085 1672 vineam
1112 1619 1377 1672 conduxit
1404 1620 1709 1690 operarios.
1732 1622 1811 1673 Ac
1840 1636 1942 1690 per
1961 1619 2069 1673 hoc
2150 1616 2267 1685 tiis,
2288 1633 2352 1670 ac
2381 1615 2429 1671 si
2454 1617 2512 1671 in
2542 1616 2760 1671 duabus
2789 1618 2946 1673 horis
2968 1620 3138 1674 simul
3160 1621 3378 1690 junctis,
3400 1634 3510 1675 cum
3522 1621 3665 1690 singu-

468 1707 540 1763 ab
567 1708 731 1762 initio
760 1707 969 1774 saeculi,
994 1712 1130 1778 quot
1151 1713 1393 1771 sanctos,
1411 1709 1569 1778 quasi
1591 1710 1678 1762 tot
1696 1707 1954 1779 palmites
1969 1706 2068 1761 mi—
2083 1703 2130 1763 B
2148 1698 2217 1759 lis
2232 1694 2545 1777 quibusque
2558 1706 3015 1777 generationibus
3029 1710 3327 1764 instantius
3336 1713 3665 1763 testamentum

469 1800 885 1871 sit.Hicitaque
906 1790 1823 1870 paterfamilias,adelaboranda'm
1845 1800 2066 1853 vineam
2148 1795 2479 1865 composuit,
2513 1802 2685 1867 seque
2732 1800 3028 1852 venturum
3072 1798 3132 1853 in
3180 1804 3341 1875 carne
3381 1797 3664 1869 apertissime

470 1902 650 1955 suam,
685 1890 868 1961 primo
890 1903 1055 1942 mane
1078 1894 1136 1942 et
1162 1889 1303 1942 hora
1318 1889 1509 1955 tertia,
1536 1895 1711 1953 sexta,
1731 1905 1991 1959 nonaque
2010 1894 2067 1943 et
2146 1882 2486 1955 repromisit.
2513 1882 2673 1939 Unde
2700 1885 2747 1939 si
2765 1882 2908 1940 bene
2928 1886 3266 1951 consideres,
3294 1884 3469 1949 lector,
3486 1882 3667 1939 totidem

465 1974 766 2035 undecima
793 1978 1079 2050 operarios
1114 1978 1395 2032 conducit.
1436 1978 1579 2042 Quia
1606 1996 1640 2032 a
1670 1977 1866 2031 mundi
1894 1978 2064 2049 hujus
2146 1976 2487 2027 testamenta
2504 1972 2752 2029 humano
2780 1975 2971 2045 generi
2995 1976 3315 2041 Constituto,
3358 1975 3574 2052 invenies
3592 1975 3664 2045 per

464 2068 629 2124 initio
656 2078 835 2139 usque
861 2067 920 2121 in
944 2069 1135 2133 ﬁnem,
1170 2067 1240 2121 ad
1281 2067 1646 2121 erudienda'm
1683 2067 1902 2138 plebem
1934 2068 2066 2121 ﬁde-
2146 2061 2413 2132 singulos,
2449 2062 2732 2134 quoﬁdem
2764 2064 2833 2117 ad
2857 2064 3041 2119 forum
3071 2066 3430 2121 enumeratur
3451 2077 3668 2135 egressus.

464 2157 626 2224 lium,
659 2156 1052 2228 praedicatores
1081 2170 1423 2226 congregare
1453 2163 1509 2210 et
1530 2155 1800 2210 advocare
1831 2170 1943 2210 non
1969 2157 2065 2210 de-
2148 2145 2257 2204 Sed
2284 2166 2410 2204 cum
2435 2150 2589 2205 nullo
2618 2153 2822 2207 horum
2846 2164 2911 2207 ex
2941 2153 3175 2209 denario
3194 2154 3454 2219 convenit,
3475 2150 3563 2206 nisi
3576 2160 3670 2204 cum

465 2241 658 2301 stitit:
689 2260 805 2300 non
834 2245 983 2315 quod
1009 2244 1105 2297 alii
1138 2244 1252 2297 sint
1278 2245 1384 2315 ipsi
1407 2250 1730 2316 operatores
1759 2261 1823 2299 ac
1850 2261 2063 2299 merce-
2148 2237 2346 2309 primis
2376 2256 2515 2310 quos
2543 2240 2728 2307 misit;
2762 2250 2888 2296 cum
2916 2244 3131 2298 caeteris
3160 2250 3309 2312 'vero,
3336 2244 3537 2297 tantum
3558 2238 3672 2312 quod

464 2334 615 2388 uarii
644 2333 739 2404 qui
754 2332 1163 2399 conducuntur,
1190 2337 1245 2386 et
1263 2329 1376 2386 alia
1404 2334 1526 2404 ipsa
1552 2334 1734 2399 vinea,
1750 2334 1847 2388 sed
1869 2349 2062 2387 omnes
2140 2328 2359 2398 justum
2381 2334 2528 2384 esset
2548 2346 2608 2384 se
2638 2329 2900 2385 daturum
2922 2332 3244 2403 spopondit.
3263 2330 3560 2387 Nevis‘simis
3577 2338 3672 2381 vero

465 2422 637 2477 simul
668 2420 764 2493 qui
793 2428 1064 2476 vocantur
1105 2422 1175 2475 ad
1223 2422 1443 2476 vineam
1490 2438 1605 2477 una
1634 2408 1877 2478 Ecclesia
1906 2426 2058 2488 sunt,
2144 2418 2273 2487 post
2309 2414 2746 2489 increpationem
2776 2419 3097 2487 otiositatis,
3145 2418 3501 2483 solummodo,
3542 2419 3607 2473 ne
3638 2420 3672 2469 et

465 2522 693 2583 unaque
712 2512 876 2565 vinea
890 2510 958 2564 de
978 2511 1111 2575 vite,
1133 2526 1255 2580 quae
1271 2500 1527 2565 Christus
1539 2517 1643 2575 est,
1667 2510 2057 2583 propaginata.
2143 2523 2232 2561 vos
2260 2510 2325 2561 in
2351 2511 2571 2561 vineam
2592 2514 2792 2574 meam,
2826 2506 2978 2574 dicit,
3001 2508 3135 2580 quia
3160 2509 3403 2581 gratuita
3429 2508 3518 2562 Dei
3534 2504 3673 2578 gratia

465 2601 533 2679 In
561 2617 670 2673 qua
702 2606 758 2655 et
787 2600 856 2654 ad
887 2616 1056 2671 quam
1089 2600 1185 2670 qui
1234 2600 1424 2663 intrat,
1470 2601 1550 2655 vel
1580 2602 1677 2669 qui
1705 2600 2055 2665 conducitur,
2144 2598 2249 2665 est,
2278 2597 2427 2668 quod
2459 2613 2575 2662 eos,
2607 2592 2738 2651 licet
2762 2597 2821 2651 in
2849 2598 3151 2653 undecima
3181 2598 3339 2667 hora,
3364 2597 3429 2652 de
3452 2596 3556 2650 foro
3579 2608 3674 2648 con-

465 2690 631 2744 nenio
662 2689 1006 2757 otiosus,sed
1029 2705 1222 2743 omnes
1242 2690 1485 2760 operarii
1507 2707 1627 2744 esse
1652 2689 1876 2746 debent.
1915 2689 2062 2753 Quia
2144 2684 2348 2740 ducere
2365 2685 2628 2756 dignatus
2649 2689 2754 2740 est.
2778 2682 2885 2741 Sed
2905 2687 3039 2757 quia
3058 2687 3118 2741 in
3142 2687 3249 2742 hac
3268 2685 3529 2758 parabole,
3547 2691 3674 2736 omne

465 2790 631 2834 nemo
661 2783 766 2844 est,
800 2777 905 2831 etsi
936 2793 1045 2830 non
1079 2776 1239 2839 alios,
1281 2777 1376 2847 qui
1414 2777 1659 2848 seipsum
1704 2794 1959 2831 exercere
2007 2782 2064 2831 ot
2145 2789 2389 2845 praesens
2415 2775 2699 2840 saeculum,
2733 2769 2803 2828 ab
2832 2764 2994 2829 initio
3024 2776 3225 2831 mundi
3254 2776 3425 2847 usque
3449 2772 3672 2832 adﬁnem,

465 2867 717 2920 excolere
744 2877 857 2919 non
884 2864 1106 2929 debeat,
1138 2870 1205 2917 ut
1229 2864 1472 2918 fructum
1501 2865 1646 2918 ferat
1665 2864 1905 2931 Christo,
1927 2865 2061 2919 etin
2144 2861 2319 2915 voluit
2346 2877 2411 2915 ac
2435 2862 2483 2916 si
2512 2877 2687 2916 unum
2713 2859 2863 2939 diem
2891 2860 3152 2934 intelligi,
3177 2863 3303 2919 ideo
3326 2863 3418 2928 ait,
3448 2860 3561 2933 quia
3576 2861 3677 2912 ait“!

463 2955 577 3009 vite
605 2959 848 3008 maneat.
883 2950 1051 3006 Novit
1084 2964 1219 3022 ergo
1259 2952 1579 3022 quicunque
1623 2964 1751 3006 vere
1781 2960 1975 3008 manet
2002 2955 2058 3010 in
2134 2952 2324 3018 primo
2354 2966 2535 3017 mane,
2568 2958 2631 3006 ut
2657 2966 2770 3005 non
2805 2948 2877 3004 ad
2907 2949 3165 3007 ordinem
3193 2958 3409 3007 tantum
3429 2949 3550 3003 illm!
3575 2940 3678 3000 refe-

464 3042 709 3107 Christo,
733 3046 976 3111 quantus
1000 3040 1248 3110 qualisve
1278 3040 1352 3094 sit
1380 3046 1502 3105 ετ
1520 3047 1555 3104 ι
1583 3041 1752 3109 hujus
1778 3040 1949 3095 vineae
1973 3043 2057 3097 la-
2075 3057 2119 3118 ρ
2141 3054 2253 3103 ras,
2279 3029 2426 3110 quod
2440 3041 2536 3105 ait,
2552 3044 2967 3111 primo,verum
2991 3042 3165 3096 etiam
3183 3043 3253 3097 ad
3273 3040 3484 3096 initium
3503 3032 3675 3095 mundi;

460 3130 883 3200 bor,qualisque
901 3129 1139 3192 cultura,
1156 3142 1226 3181 ne
1247 3129 1460 3199 palmes
1475 3128 1739 3194 luxuriet,
1758 3133 1816 3182 et
1836 3145 1905 3183 ne
1925 3131 2059 3187 vitia
2142 3126 2385 3198 quando,
2418 3134 2484 3183 ut
2509 3125 2642 3195 dixi,
2674 3130 2920 3201 primum
2965 3122 3219 3186 condidit
3267 3135 3428 3202 atque
3461 3122 3675 3202 instita“:

462 3218 802 3289 subrepant;
834 3223 1117 3288 quantave
1140 3217 1397 3271 custodia
1416 3218 1808 3272 mandatorum
1840 3208 1961 3287 Dei,
1985 3235 2058 3274 ne
2139 3218 2206 3270 ut
2235 3223 2486 3272 servaret
2522 3221 2579 3272 et
2597 3200 2902 3273 custodiret
2918 3218 3063 3290 quod
3094 3219 3148 3274 ei
3170 3200 3412 3291 primum
3427 3200 3677 3272 commisit.

460 3306 749 3360 fructuosa
772 3305 902 3359 vitis
930 3311 1180 3363 maneat.
2140 3300 2244 3359 Ubi
2275 3320 2476 3360 moneo
2502 3304 2789 3362 auditores
2824 3307 2896 3361 de
2924 3307 3029 3362 hac
3056 3306 3171 3373 die,
3209 3322 3310 3380 per
3354 3318 3511 3379 quam
3550 3308 3679 3357 omne

532 3393 645 3448 Sed
675 3393 809 3463 quid
834 3397 922 3447 est
942 3392 1089 3464 quod
1116 3393 1196 3447 ait
1227 3411 1240 3448 :
1269 3392 1421 3447 Em'it
1452 3398 1640 3463 primo
1672 3400 1875 3449 mane?
1902 3396 2057 3448 Nun-
2137 3400 2361 3466 tempus
2390 3396 2682 3467 praesentis
2699 3396 2825 3450 vitae
2838 3395 3231 3467 intelligimus,
3258 3404 3327 3452 ne
3349 3400 3589 3466 magnum
3601 3390 3680 3445 alis

463 3481 596 3555 quid
626 3499 739 3537 non
769 3483 904 3537 satis
933 3487 1083 3537 esset
1110 3484 1295 3538 dicere
1325 3506 1335 3540 :
1367 3484 1514 3538 Exiit
1542 3484 1753 3539 mane?
1783 3486 1891 3541 Sed
1924 3488 2057 3558 quia
2138 3482 2272 3555 quid
2300 3500 2400 3539 seu
2428 3480 2772 3556 impossibile
2798 3466 3195 3556 percenseam;
3217 3487 3351 3558 quia
3373 3486 3612 3557 quantum
3628 3466 3679 3532 ad

460 3568 695 3635 addidit,
731 3571 911 3642 primo
936 3582 1120 3630 mane,
1157 3572 1334 3626 voluit
1362 3572 1573 3643 aliquid
1604 3573 1856 3632 innuero.
1889 3575 2055 3630 Forte
2137 3589 2259 3635 nos,
2286 3573 2429 3627 forte
2458 3586 2663 3644 magna
2688 3572 2831 3637 dies,
2858 3573 2956 3628 sed
2988 3576 3264 3645 quantum
3294 3574 3363 3628 ad
3402 3571 3495 3628 Dei
3524 3569 3680 3631 Patris,

459 3667 525 3715 ut
547 3659 988 3730 intelligeremus
1017 3660 1087 3713 de
1115 3659 1277 3713 initio
1323 3661 1511 3714 saeculi
1556 3652 1780 3727 dixisse,
1829 3665 2053 3734 quando
2137 3666 2196 3716 et
2213 3658 2339 3715 Filii
2364 3667 2417 3716 et
2442 3662 2682 3734 Spiritus
2702 3662 2879 3717 sancti
2900 3663 3296 3729 aeternitatem,
3323 3661 3525 3716 modica
3548 3662 3681 3727 atque

455 3749 703 3821 primum
730 3748 868 3802 exiit
887 3750 946 3801 et
964 3748 1169 3801 creavit
1190 3748 1495 3811 hominem,
1520 3757 1584 3803 ac
1607 3750 1795 3820 posuit
1813 3751 1872 3804 in
1898 3759 2055 3821 p‘ara-
2135 3751 2336 3821 exigua
2365 3757 2451 3806 est
2478 3746 2596 3806 dies
2622 3751 2799 3806 totius
2827 3750 3120 3823 temporis.
3137 3746 3287 3816 Quia
3309 3750 3366 3805 in
3396 3750 3484 3804 illa
3503 3743 3683 3803 mmini.

454 3837 597 3903 disc,
627 3842 693 3891 ut
716 3843 1049 3908 cperaretur
1078 3843 1135 3890 et
1158 3838 1467 3891 custodiret
1481 3848 1608 3892 eum
1631 3856 1643 3903 ;
1670 3839 1895 3909 quando
1908 3839 2052 3895 dice-
2134 3842 2249 3892 tate
2278 3853 2387 3893 non
2417 3840 2526 3893 nisi
2555 3852 2671 3894 una
2698 3844 2785 3893 est
2804 3840 2942 3903 dies,
2975 3838 3044 3894 de
3067 3848 3180 3909 qua
3200 3839 3434 3893 dicitur:
3465 3837 3682 3903 Quicm-

452 3925 551 3980 bat
582 3936 683 3997 per
709 3926 933 3996 singula
978 3939 1152 3996 Opera
1186 3936 1291 3980 sua
1323 3945 1334 3978 :
1371 3927 1440 3981 Et
1486 3924 1695 3981 factum
1739 3932 1828 3981 est
1861 3944 2045 3986 mane.
2134 3915 2245 3979 Hor
2272 3932 2348 3980 est
2376 3927 2489 3981 dies
2516 3943 2635 3981 una
2666 3929 2729 3981 in
2749 3929 2917 3980 atriis
2958 3929 3095 3992 suis,
3136 3933 3305 3996 super
3343 3926 3519 3980 milia:
3550 3919 3680 3991 (M-

455 4015 615 4079 Quod
642 4026 833 4083 mane,
862 4012 998 4069 licet
1015 4016 1145 4084 jure
1171 4015 1414 4085 primum
1438 4007 1964 4085 intelligatur,me
1978 4004 2052 4069 ad
2133 4018 2358 4081 Lxxxm,
2394 4013 2501 4086 ll).
2552 4013 2695 4069 Etsi
2734 4002 2835 4069 illa
2874 4014 3164 4069 aeternitas
3206 4022 3325 4070 una
3363 4016 3446 4068 est
3480 4002 3601 4073 dies,
3626 4012 3681 4059 ne

452 4105 931 4174 comparationem
952 4109 1279 4158 amararum
1309 4101 1525 4158 dierum
1551 4103 1796 4175 primum
1822 4094 2048 4159 dicitur.
2133 4101 2356 4157 mireris
2375 4104 2422 4158 si
2445 4108 2611 4159 omne
2628 4104 2738 4159 hoc
2755 4108 3002 4176 praesens
3020 4103 3289 4157 saeculum
3300 4091 3682 4176 prounaposuil

454 4191 729 4255 Quoniam
752 4202 857 4262 per
884 4191 1107 4261 singula
1130 4192 1396 4245 horarum
1426 4192 1627 4262 spatia,
1644 4193 1700 4246 in
1724 4193 1926 4264 quibus
1947 4198 2047 4264 pa-
2132 4190 2249 4260 die;
2273 4193 2330 4246 in
2362 4206 2475 4264 qua
2492 4193 2766 4247 nimirum
2795 4193 2887 4247 die
2908 4181 3319 4263 paterfamilias
3334 4184 3607 4261 quinquies
3620 4175 3682 4234 di‘

451 4278 785 4334 mmmam
816 4290 884 4332 ac
914 4279 962 4333 si
985 4279 1074 4333 sol
1102 4279 1340 4344 refulsit,
1378 4285 1437 4333 et
1470 4280 1606 4333 exiit
1634 4282 1705 4334 ad
1728 4283 2052 4337 conducen-
2130 4280 2280 4336 citur
2311 4281 2491 4337 exisse
2520 4281 2832 4337 conducere
2859 4281 3149 4354 Operar‘ios
3188 4281 3252 4335 in
3296 4274 3508 4333 vineam
3531 4274 3677 4327 suam.

453 4367 556 4423 dos
572 4366 878 4438 operarios.
895 4368 1078 4431 Mane,
1100 4378 1231 4420 cum
1259 4367 1341 4421 eis
1361 4368 1456 4420 lux
1472 4368 1677 4421 diurna
1696 4383 1838 4424 nova
1859 4360 2116 4428 eXOrtaD
2134 4368 2294 4433 Quod
2322 4373 2436 4424 non
2464 4369 2676 4442 absque
2702 4369 2917 4424 dictum
2946 4372 3069 4425 esse
3102 4368 3325 4423 testium
3354 4363 3679 4421 sacramento.

451 4460 558 4519 es't,
586 4453 763 4509 donec
786 4454 875 4508 sol
898 4454 1135 4525 justitise
1153 4452 1482 4508 obscuratus
1500 4455 1562 4508 in
1580 4454 1840 4511 cordibus
1861 4460 2050 4530 εἰπε-ιι-
2131 4458 2265 4522 Quae
2305 4459 2558 4514 curiosus
2599 4459 2776 4513 lector
2808 4454 2954 4513 forte
3003 4460 3190 4530 potest
3220 4458 3468 4527 quaerere
3499 4470 3510 4504 :
3541 4451 3681 4520 qum

450 4546 654 4610 lorum,
689 4543 850 4614 quasi
880 4542 1196 4597 declinante
1242 4542 1350 4608 die,
1402 4543 1474 4596 ad
1512 4556 1773 4598 occasum
1818 4555 2049 4618 propter
2131 4547 2360 4618 quidam
2392 4547 2634 4620 operarii
2670 4552 2838 4603 mane
2877 4546 3138 4602 conducti
3169 4551 3334 4611 sunt;
3366 4548 3423 4597 et
3448 4543 3564 4612 poet
3584 4537 3680 4594 1106i

449 4632 781 4687 delictorum
811 4631 1129 4702 caliginem,
1149 4637 1463 4687 verteretur
1481 4632 1540 4687 in
1562 4638 1803 4689 noctem.
1825 4632 1902 4689 Et
1920 4637 2045 4692 ideo
2130 4646 2242 4689 non
2268 4635 2418 4690 circa
2441 4634 2640 4691 horam
2656 4636 2984 4702 secundam,
3004 4634 3103 4689 sed
3118 4633 3267 4688 circa
3279 4633 3476 4686 horam
3492 4623 3679 4681 ιθηίιιω

448 4734 552 4793 per
578 4720 828 4790 singulas
865 4721 1036 4776 horas
1076 4720 1237 4792 quasi
1277 4733 1443 4775 mane
1466 4721 1580 4776 fuit
1610 4737 1625 4777 ε
1659 4721 1741 4777 ita
1768 4729 1835 4778 ut
1860 4724 2045 4795 primo
2128 4724 2277 4790 exiit,
2309 4730 2368 4779 et
2390 4712 2649 4781 conducti
2688 4726 2821 4780 sunt
2861 4712 2990 4792 alii;
3038 4726 3168 4795 post
3214 4730 3464 4793 quorum
3505 4711 3682 4769 condﬂ‘

448 4821 617 4862 mane
642 4814 793 4864 recte
812 4810 993 4864 exisse
1022 4808 1259 4876 dicatur,
1284 4810 1508 4880 quando
1535 4811 1735 4877 Adam,
1779 4820 1836 4869 et
1879 4813 2037 4881 Abel,
2126 4814 2389 4881 ctionem,
2416 4820 2593 4885 quam
2613 4824 2726 4869 non
2746 4810 2894 4868 circa
2920 4813 3119 4866 horam
3150 4815 3439 4881 quartam.
3457 4797 3535 4859 vel
3555 4799 3686 4872 quiﬂ‘

449 4896 507 4952 et
534 4902 763 4952 caeteros
791 4893 986 4953 Patres
1023 4897 1095 4953 ad
1120 4900 1461 4969 operandam
1491 4905 1547 4954 ct
1573 4901 1935 4957 excolendam
1953 4904 2042 4956 via-
2124 4905 2263 4966 tam,
2295 4902 2392 4955 sed
2422 4903 2575 4957 circa
2600 4903 2799 4957 horam
2823 4906 3041 4956 sextam
3071 4896 3227 4963 exiit,
3249 4902 3313 4952 et
3336 4895 3477 4951 alios
3490 4885 3681 4947 misitin

446 4996 633 5051 neam,
658 4978 716 5038 id
747 4991 834 5039 est
854 4985 1157 5055 justitiam,
1190 4986 1474 5040 conduxit.
1509 4987 1620 5042 Sed
1636 4998 1800 5042 nemo
1818 5002 2033 5057 eorum,
2121 4988 2375 5057 vineam;
2416 4991 2498 5046 ita
2526 4998 2710 5063 neque
2737 4990 2885 5045 circa
2913 4989 3208 5060 septimam
3224 4986 3315 5040 vel
3335 4971 3681 5063 οοωναωβεᾳ

444 5074 556 5129 nisi
596 5074 692 5145 qui
735 5074 1022 5129 novissimi
1066 5075 1249 5129 vocati
1284 5081 1437 5145 sunt,
1492 5072 1783 5147 respondit
1822 5096 1835 5130 :
1893 5079 2040 5142 Quia
2120 5081 2269 5136 circa
2293 5096 2522 5135 nonam.
2553 5060 2946 5135 Eis—novissime
2976 5086 3090 5132 non
3116 5076 3268 5131 circa
3290 5073 3576 5131 decimam,
3598 5060 3678 5118 Sed

444 5176 609 5218 nemo
639 5178 741 5218 nos
769 5163 1071 5229 conduxit;
1131 5163 1397 5234 quoniam
1446 5178 1641 5219 omnes
1689 5165 1773 5220 illi
1820 5167 2037 5223 Veteris
2120 5169 2191 5225 ad
2211 5170 2568 5225 undecimam
2596 5170 2749 5235 exiit,
2782 5169 3006 5240 quando
3036 5160 3253 5221 invenlt
3265 5168 3478 5219 stantes
3491 5163 3597 5214 tota
3609 5152 3683 5206 die

441 5252 797 5323 Testamenti
816 5253 1013 5307 Patres
1037 5252 1294 5306 conducti
1335 5251 1577 5322 merant,
1616 5259 1674 5311 et
1712 5255 2040 5313 habuerunt
2120 5261 2347 5325 otiosos,
2374 5272 2440 5315 eo
2462 5260 2611 5331 quod
2635 5261 2756 5330 jam
2780 5259 2845 5313 in
2873 5257 3177 5312 novissinia
3199 5246 3344 5309 hora
3373 5251 3568 5307 essent.
3588 5242 3683 5299 Νεδ

443 5340 708 5395 notitiam
740 5341 861 5408 Dei,
883 5347 942 5396 et
959 5340 1206 5396 scierunt
1232 5341 1333 5395 Dei
1358 5343 1653 5412 promissa,
1681 5350 1879 5414 gentes
1906 5360 2036 5404 vero
2121 5356 2404 5423 quaquam
2421 5345 2612 5416 sua
2626 5348 2803 5420 igitur
2816 5348 3028 5419 absque
3048 5344 3268 5401 ratione
3290 5342 3496 5397 factm
3523 5331 3680 5423 οηάσ)

442 5436 625 5499 neque
650 5429 829 5485 Deum
859 5430 1324 5502 sciebant,neque
1343 5430 1619 5503 promissa
1646 5436 1800 5506 ejus;
1830 5442 1893 5492 et
1908 5438 2035 5494 ideo
2117 5414 2182 5494 iis
2198 5414 2494 5494 lnterilled
2510 5414 2681 5494 mis;
2692 5442 2753 5493 et
2770 5414 3018 5501 tsi-iisin,
3036 5414 3682 5499 meammeam,“

442 5519 1255 5593 ommbilitermsponderunt
1270 5538 1281 5575 :
1298 5520 1443 5585 Quia
1457 5536 1613 5578 nemo
1631 5538 1729 5579 nos
1744 5528 2029 5583 condam-it.
2115 5538 2233 5584 una
2254 5529 2396 5585 hora
2420 5528 2736 5599 intercepta
2758 5527 2852 5592 sit,
2883 5531 2945 5583 et
2971 5533 3087 5580 non
3117 5519 3431 5578 secundum
3455 5518 3682 5581 toum
