3888 6172
169 174 272 245 επ

921 185 1304 244 mue
1341 186 1422 242 IN
1453 185 1904 244 MATTIUEW;
1935 195 2002 227 ω
2032 186 2175 244 [ιω.
2215 188 2311 254 1X,
2348 189 2512 244 CAP;
2550 190 2671 246 XX.

3325 188 3436 253 678

167 328 281 383 quae
309 311 502 382 posita
521 316 679 375 sunt,
703 311 859 365 inter
880 311 1112 366 tertiam
1147 316 1206 365 et
1245 316 1482 372 sextam,
1518 310 1614 364 ubi
1653 308 1821 369 du-A
1835 315 2058 366 tantum
2089 320 2158 366 ex
2178 313 2412 367 denario
2440 315 2644 369 diiu'no
2666 316 3092 371 conventionem
3108 317 3258 373 fecit.
3291 320 3435 383 Quid

166 403 314 472 plum
347 400 652 455 intervenit
681 406 904 471 tempus
934 400 1201 464 medium,
1215 400 1361 453 sicut
1384 405 1449 454 ut
1467 400 1614 454 inter
1631 415 1758 454 sex-

165 496 271 544 tam
293 495 356 544 et
381 489 708 545 nonam.Ad
730 489 991 543 ultimum
1011 500 1141 543 vero
1167 505 1361 543 rursus
1380 489 1527 542 inter
1550 498 1757 542 nonam

166 585 215 632 et
233 579 602 633 undecimam
627 595 742 632 una
758 582 842 632 est
864 578 1019 642 hora,
1045 578 1191 632 sicut
1209 584 1267 631 et
1291 579 1447 648 prius
1477 579 1625 632 inter
1643 595 1758 631 mu-

163 669 403 722 tutinam
452 672 508 720 et
549 667 797 720 tertiam.
847 667 911 720 In
943 666 1142 736 quibus
1171 666 1416 738 quinque
1446 665 1752 732 ordinibus,

1842 399 2166 468 prtesciebat
2195 401 2422 456 omnino
2451 402 2599 456 Deus
2628 405 2777 474 quod
2822 405 3285 475 praevaricewrus
3315 415 3438 463 erat

1838 488 2040 552 Adam,
2076 494 2302 559 pactum
2332 490 2456 545 vitze
2499 508 2624 544 cum
2655 491 2903 557 haberet,
2937 511 3099 564 posse
3127 512 3241 548 non
3271 498 3438 566 mori,

1840 582 1897 630 et
1924 594 2117 632 omnes
2142 579 2497 649 postmodum
2527 580 2584 632 in
2615 580 2821 635 diluvio
2851 589 3037 636 essent
3068 584 3337 654 perituri;
3379 590 3439 638 et

1836 664 1962 719 ideo
1991 673 2207 720 certum
2237 668 2307 721 ad
2339 684 2468 721 eum
2497 669 2628 721 fecit
2650 675 2894 738 pactum,
2921 672 3080 742 quasi
3111 690 3176 726 ex
3205 671 3436 727 denario

163 756 343 811 nescio
372 756 510 826 quid
539 756 815 809 musicum
835 755 1056 809 videtur
1073 771 1302 821 sonare;
1335 761 1400 808 ut
1425 754 1550 808 duae
1580 762 1756 809 extre-
1835 759 2058 808 aeternae
2099 756 2242 821 vita},
2276 758 2573 826 nequando
2611 758 2864 812 dicerent
2909 760 3062 813 illius
3109 761 3260 815 horae
3301 779 3435 832 ope-

162 846 385 900 mitates
421 843 622 898 mediae
657 843 920 914 simplum
965 843 1209 897 habeant
1253 854 1553 898 numerum
1586 849 1755 914 atque

164 951 354 999 unum,
417 934 542 987 duae
594 948 723 986 vero
770 932 1100 986 medietates
1136 931 1338 985 medim
1383 932 1648 1002 duplum;
1693 938 1759 986 ut

163 1023 396 1092 singulm
426 1021 756 1075 medietate‘s
802 1021 983 1091 duplze
1009 1037 1114 1074 suo
1145 1021 1519 1091 reSpondeant
1555 1021 1756 1091 simple

163 1117 214 1166 et
241 1111 458 1164 faciant
485 1111 633 1180 quod
661 1109 932 1180 diapason
960 1109 1148 1162 Greece
1175 1115 1418 1163 vocatur.
1444 1110 1604 1164 Unde
1632 1110 1758 1180 qui-

161 1201 285 1254 dam
347 1199 594 1270 permoti
657 1199 912 1252 doctores
971 1198 1075 1251 has
1141 1199 1388 1268 quinque
1443 1198 1758 1252 vocationes

159 1289 366 1343 Christi
419 1288 491 1341 ad
547 1287 796 1357 quinque
847 1299 1046 1340 sensus
1093 1287 1408 1341 retulerunt
1439 1288 1756 1354 heminam,

159 1377 359 1448 quibus
401 1375 912 1446 impraesentiarum
961 1392 1062 1429 nos
1103 1377 1312 1430 sentire
1349 1376 1755 1445 cognoscimus.

157 1466 221 1520 Et
245 1466 516 1519 dixerunt
545 1465 605 1518 in
632 1465 818 1534 prima
845 1465 1132 1518 vocatione
1163 1471 1376 1518 tactum
1406 1465 1718 1520 instituisse
1743 1485 1756 1531 ;

157 1571 216 1609 eo
243 1554 396 1624 quod
427 1554 630 1607 mulier
655 1553 861 1607 dixerit
890 1554 1136 1624 serpenti
1161 1554 1308 1623 quod
1335 1554 1485 1608 Deus
1509 1555 1714 1608 dixerit
1737 1573 1748 1607 :

1837 844 1992 907 rarii,
2027 852 2324 914 prepterea
2353 862 2449 898 eos
2493 847 2802 915 neglexisse
2842 848 2944 901 Dei
2982 850 3270 916 mandata,
3303 851 3439 920 quia

1839 932 2161 986 nesciebant
2201 951 2324 1003 quae
2361 934 2592 1003 prmmia
2626 936 2849 989 fuerant
2874 938 3212 1007 neprom-issa
3247 938 3432 1004 bonis,

1842 1031 2030 1090 quisve
2077 1031 2245 1091 paena
2294 1022 2500 1092 impiis.
2555 1023 2823 1094 Deinceps
2875 1032 3064 1079 autem
3119 1043 3247 1080 cum
3302 1028 3436 1080 reli-

1840 1109 1966 1178 quis
2015 1111 2286 1180 Operariis
2331 1111 2484 1163 nulla
2530 1113 2738 1165 mentio
2780 1113 2928 1166 facta
2952 1120 3041 1168 est
3069 1115 3302 1181 denarii,
3334 1129 3437 1169 ne:-

1842 1206 1949 1268 que
1977 1215 2103 1252 cum
2135 1199 2214 1252 eis
2255 1205 2472 1252 eertum
2515 1205 2744 1270 pactum
2791 1202 2935 1267 iniit,
2966 1213 3148 1273 neque
3182 1209 3436 1258 taxatum

1839 1287 2132 1356 praemium
2152 1289 2490 1358 repromisit,
2509 1290 2606 1342 sed
2627 1291 2770 1357 quod
2779 1293 2999 1356 justum
3015 1293 3209 1357 fuerit,
3231 1293 3433 1362 inquit,

1841 1378 1977 1430 dabo
2012 1380 2177 1430 vobis.
2208 1378 2430 1432 Sciebat
2456 1379 2608 1432 enim
2647 1378 3084 1448 benignissimus
3113 1381 3438 1450 paterfami-

1841 1465 1945 1518 lias
1970 1466 2288 1535 largitatem
2307 1484 2469 1520 suam
2491 1473 2549 1520 et
2577 1467 3035 1534 misericordiam,
3061 1469 3192 1538 quia
3218 1475 3441 1523 tantum

1841 1561 2070 1624 paratus
2118 1563 2204 1609 est
2251 1556 2360 1608 illis
2409 1555 2719 1609 retribuere
2774 1562 3048 1626 quantum
3107 1559 3440 1611 mercenarii

160 1622 281 1698 Non
337 1642 754 1697 manducabitis
807 1659 872 1696 ex
920 1622 1004 1707 eo,
1050 1622 1232 1712 neque
1287 1643 1533 1712 tangatis
1587 1661 1745 1701 eum.
1773 1622 1820 1681 Β
1841 1622 2130 1713 nunquam
2161 1644 2464 1714 sperabant
2493 1645 2760 1714 recipere.
2790 1622 2991 1715 _Sicque
3016 1646 3279 1700 conducti
3307 1650 3441 1700 sunt

164 1732 448 1785 Oderatu's
467 1736 660 1786 autem
684 1731 744 1785 in
769 1731 1013 1786 secundo
1039 1747 1076 1784 a
1103 1731 1342 1785 Domino
1367 1738 1752 1800 consecratur;

153 1825 388 1891 propter
415 1821 566 1890 quod
598 1825 656 1874 et
677 1820 797 1874 Noe
817 1820 1155 1873 sacriﬁcium
1178 1819 1311 1874 boni
1341 1821 1527 1874 odoris
1551 1822 1757 1875 obtulit

155 1908 396 1963 Domino
421 1920 436 1954 ε
465 1908 618 1962 unde
647 1909 862 1962 dictum
891 1914 978 1962 est
1007 1926 1018 1961 :
1058 1910 1431 1978 OdoratuSque
1462 1916 1534 1964 est
1564 1912 1755 1964 Domi-

154 2013 259 2052 nus
288 1999 513 2052 odorem
540 2000 834 2052 suavitatis
875 1998 1018 2066 (Gen.
1051 2011 1165 2062 Vill,
1205 1996 1317 2063 21:.
1351 1999 1525 2052 Porro
1557 2003 1757 2069 gustus

150 2085 338 2141 fuitin
372 2085 657 2140 Abraham
677 2086 1037 2156 gratissimus
1066 2087 1182 2140 Deo
1209 2106 1222 2153 ;
1265 2093 1494 2158 propter
1523 2090 1671 2159 quod
1697 2095 1759 2143 et

149 2175 300 2246 pavit
325 2175 585 2246 angelos,
635 2175 749 2229 imo
791 2175 973 2228 Deum
1017 2175 1075 2228 in
1107 2176 1307 2245 angelo
1337 2194 1351 2228 ς
1384 2177 1646 2247 apposuit
1671 2179 1752 2233 eis

148 2280 322 2334 panes
388 2263 746 2322 absconditos
804 2263 889 2317 vel
937 2263 1340 2318 subcine'ricios
1405 2266 1474 2319 de
1539 2267 1751 2320 simila--

146 2352 315 2423 gine;
364 2358 423 2407 et
452 2352 691 2407 vitulum
720 2357 981 2408 tenerum
1011 2353 1107 2423 qui
1138 2354 1352 2408 ccciSus
1381 2361 1468 2408 est
1494 2356 1566 2408 ad
1615 2371 1752 2427 epu-

147 2442 260 2496 lum
290 2447 528 2513 propter
567 2441 841 2512 gaudium
880 2441 1017 2512 quia
1061 2442 1258 2495 revixit
1287 2448 1345 2496 et
1385 2443 1645 2498 inventus
1671 2451 1756 2499 est

151 2532 243 2600 qui
275 2531 529 2602 perierat
554 2538 613 2585 et
647 2536 906 2585 mortuus
936 2531 1142 2596 fuerat,
1176 2531 1443 2601 prodigiis
1473 2532 1640 2590 ﬁlius.
1673 2535 1755 2588 De

147 2637 257 2690 quo
284 2636 427 2674 sane
451 2624 629 2689 gustu
658 2619 874 2673 dictum
898 2623 989 2673 est
1021 2633 1032 2667 :
1060 2621 1283 2675 Gustata
1315 2626 1367 2673 et
1396 2623 1586 2684 videte,
1613 2639 1754 2691 ηαυ-

147 2712 306 2762 πὸαγη
337 2711 526 2762 σπανίας
573 2713 646 2762 est
679 2710 950 2762 ﬂamina:
971 2709 1152 2768 (Ρεαῑ.
1191 2723 1374 2774 xxxm,
1407 2708 1483 2772 9).
1512 2711 1754 2766 Auditus

143 2803 363 2862 autem,
383 2803 448 2851 ut
469 2797 698 2867 quidam
723 2797 933 2862 volunt,
956 2797 1022 2850 in
1053 2797 1243 2867 Moyse
1273 2814 1307 2850 a
1335 2799 1573 2853 Domino
1603 2800 1756 2854 dedi-

142 2891 322 2950 catur,
347 2886 578 2956 quando
599 2885 670 2939 de
688 2885 827 2940 ctelo
849 2885 918 2938 ab
935 2901 1004 2938 eo
1030 2902 1128 2938 vox
1147 2885 1250 2939 Dei
1269 2887 1464 2940 audita
1484 2893 1588 2953 est,
1604 2889 1756 2944 facta

1839 1733 2078 1802 operarii
2088 1733 2239 1786 horae
2252 1733 2403 1786 illius
2413 1750 2590 1803 usque
2603 1733 2672 1786 ad
2686 1734 2955 1786 diluvium
2965 1734 3041 1799 ,in
3051 1752 3162 1804 quo
3173 1735 3443 1789 nimirum

1837 1825 2090 1891 tempore
2103 1821 2198 1891 qui
2219 1821 2766 1883 laboraverunt,cum
2782 1822 2922 1875 Abel
2936 1823 3090 1891 justo
3108 1829 3443 1892 receperunt

1840 1912 2032 1974 825
2055 1911 2174 1980 jam
2204 1910 2466 1964 eumdem
2489 1909 2803 1972 denarium,
2829 1910 3052 1978 quando
3074 1909 3327 1963 Christus
3347 1910 3446 1963 de-

1839 2000 2055 2053 scendit
2085 2000 2155 2052 ad
2182 1999 2411 2062 inferos,
2435 2004 2492 2052 et
2516 1998 2801 2067 recepturi
2831 2003 2966 2051 sunt
2981 1998 3163 2052 adhuc
3191 1998 3439 2068 plenum,

1841 2105 1966 2143 cum
2017 2092 2138 2142 tota
2159 2088 2238 2141 eis
2279 2087 2674 2141 immortalitas
2714 2087 2885 2140 fuerit
2919 2087 3181 2140 restituta
3209 2086 3266 2140 in
3295 2103 3441 2158 pm-

1836 2178 2031 2232 mium.
2073 2179 2225 2232 Hora
2269 2193 2393 2231 vero
2442 2179 2605 2230 tertia
2629 2176 2757 2242 fuit,
2791 2176 3012 2246 quando
3057 2175 3169 2229 exit
3209 2177 3280 2229 ad
3322 2177 3442 2230 Noe

1834 2267 2100 2320 innovate
2148 2265 2378 2330 mundo,
2428 2269 2657 2336 prepbe'r
2695 2277 2872 2334 aquas
2915 2264 3128 2330 diluvii,
3158 2272 3288 2318 cum
3325 2275 3440 2335 quo

1836 2371 2033 2410 rursus
2053 2361 2278 2425 pactum
2298 2354 2427 2407 iniit
2447 2371 2674 2417 novum,
2695 2353 2911 2406 foedera
2939 2354 3270 2424 composuit,
3301 2369 3440 2424 prim
3541 2407 3544 2411 .

1837 2449 1998 2515 cepta
2027 2443 2198 2506 dedit,
2231 2443 2341 2512 ipsi
2365 2448 2422 2496 et
2450 2443 2650 2496 semini
2685 2443 2806 2511 ejus
2827 2459 3005 2512 usque
3027 2443 3097 2495 ad
3121 2442 3438 2510 Abraham;

1837 2549 1976 2603 quos
2005 2531 2163 2602 quasi
2190 2532 2259 2585 de
2285 2531 2404 2584 foro
2441 2531 2513 2584 ad
2552 2532 2773 2584 vineam
2803 2531 3093 2600 operarios
3137 2531 3313 2596 misit,
3346 2529 3441 2585 ubi

1835 2637 1932 2675 eos
1963 2620 2122 2690 quasi
2149 2619 2503 2688 negotiantes
2523 2624 2582 2672 et
2608 2619 2765 2672 lucra
2801 2619 3096 2688 praesentis
3136 2618 3325 2672 saeculi
3347 2635 3441 2671 se-

1836 2715 2072 2774 ctantes,
2105 2709 2313 2762 otiosos
2341 2708 2573 2762 invenit.
2602 2708 2825 2761 Otiosos
2857 2707 3101 2777 quidem,
3139 2707 3272 2777 quia
3299 2706 3441 2770 nihil

1839 2799 1988 2870 quod
2031 2798 2321 2869 prodesset
2369 2797 2449 2850 eis
2479 2801 2776 2866 operantes
2807 2795 3056 2861 invenit;
3109 2795 3310 2866 quibus
3339 2795 3436 2861 ait,

1851 2891 1928 2942 Ite
1967 2893 2013 2940 et
2054 2903 2142 2940 eos
2185 2889 2248 2939 in
2277 2888 2493 2940 vineam
2521 2899 2718 2938 meam.
2751 2886 2816 2938 In
2853 2883 2972 2938 foro
3007 2884 3231 2954 quidem
3257 2890 3439 2950 erant,

139 2974 468 3041 aDomjne.
489 2974 668 3037 Quem
691 2973 790 3027 alii
816 2988 1041 3028 sensum
1060 2981 1164 3044 per
1191 2974 1386 3041 David,
1407 2981 1470 3029 et
1496 2977 1557 3030 in
1585 2977 1762 3032 David
1785 2978 1830 3038 Ο
1847 2981 1902 3030 et
1935 2977 2060 3030 ideo
2093 2981 2250 3029 extra
2279 2974 2530 3038 vineam;
2563 2973 2620 3026 id
2648 2978 2752 3037 est,
2784 2975 2919 3043 quia
2946 2974 3104 3027 lucra
3128 2973 3324 3026 mundi
3352 2989 3442 3027 se-

139 3061 256 3116 Deo
267 3067 668 3118 consecratum
685 3061 983 3132 accipiunt.
998 3062 1144 3126 Quia
1161 3079 1261 3133 per
1276 3068 1546 3129 eum,non
1559 3067 1749 3121 minus

139 3163 314 3222 quam
339 3163 452 3222 ‘per
473 3154 719 3222 Moysen,
743 3151 1002 3206 Christus
1024 3152 1402 3222 repromissus
1423 3154 1495 3207 ad
1521 3165 1625 3209 nos
1655 3169 1751 3210 ex-

135 3239 239 3294 ivit
263 3241 341 3294 de
369 3243 559 3294 fructu
582 3239 790 3293 ventris
813 3240 954 3309 ejus.
988 3240 1058 3294 Et
1081 3240 1202 3310 ipse
1229 3241 1291 3294 in
1323 3241 1609 3312 Euphrate
1637 3245 1756 3303 hinc

137 3328 334 3382 omnia
353 3328 640 3399 completa
656 3327 887 3393 audivit,
909 3333 967 3382 et
985 3327 1199 3382 invenit
1219 3341 1480 3400 sponsam
1498 3332 1674 3402 ipsius
1693 3337 1752 3391 in

133 3417 358 3487 campis
383 3415 560 3480 silvae,
593 3431 765 3485 quam
801 3415 1022 3484 Moyses
1062 3415 1224 3486 prius
1261 3417 1664 3489 «Ethiopissam
1693 3423 1754 3476 in

133 3505 326 3575 ﬁgura
343 3504 560 3559 Christi
581 3503 741 3558 duxit
765 3518 1019 3558 uxorem.
1037 3510 1229 3570 su
1246 3505 1426 3560 Porro
1453 3507 1623 3574 visus,
1655 3512 1755 3581 qui

132 3610 316 3666 supra
351 3605 560 3648 omnes
599 3607 798 3647 sensus
842 3592 1222 3646 honorabilior
1250 3599 1354 3656 est,
1404 3594 1465 3648 in
1511 3597 1756 3654 adventu

133 3683 357 3737 Christi
389 3687 544 3736 totus
571 3682 942 3735 iliuminatur.
966 3681 1047 3735 De
1071 3681 1275 3752 quibus
1302 3683 1499 3750 oculis,
1519 3687 1656 3756 quia
1681 3689 1758 3741 vi-

127 3771 352 3826 derunt
385 3770 696 3833 Christum,
727 3769 950 3823 dicebat
984 3770 1104 3840 ipse
1133 3771 1205 3823 ad
1231 3773 1514 3842 apostolos
1546 3794 1558 3829 :
1598 3778 1754 3830 Beati

129 3862 287 3913 οουιε
307 3862 423 3929 qui
448 3861 639 3913 vident
665 3867 784 3927 qua:
811 3875 900 3912 vos
925 3861 1142 3913 οίάσιίε.

199 3947 348 4002 Hec
373 3947 592 4001 idcirco
619 3946 875 4013 dixerim,
904 3952 971 4000 ut
1009 3947 1291 4017 intelligat
1316 3949 1562 4019 prudens
1591 3953 1756 4007 audia-

123 4041 238 4099 tor,
268 4034 417 4106 quia
428 4051 610 4106 opera
627 4035 730 4090 Dei
754 4046 813 4089 et
836 4035 1004 4089 verba
1022 4037 1190 4106 plena
1203 4042 1341 4090 sunt
1364 4042 1754 4096 ammentis.

1840 3065 2156 3131 otabantur,
2189 3064 2248 3118 in
2280 3063 2659 3133 negotiatione
2701 3063 2888 3116 sai-culi
2918 3062 3105 3132 positi.
3136 3063 3444 3132 Propterea

1839 3155 1898 3208 in
1919 3154 2040 3207 foro
2063 3169 2166 3206 eos
2193 3152 2475 3206 invenisse
2506 3167 2675 3221 quam
2707 3157 2856 3205 recte
2885 3151 3112 3204 dicitur.
3145 3149 3252 3205 Ubi
3277 3152 3444 3221 juxta

1842 3243 2012 3297 aliam
2035 3241 2367 3313 parabolam
2395 3256 2536 3294 uxor
2555 3240 2767 3293 venalis
2787 3240 3030 3304 ducitur,
3052 3240 3183 3293 villa
3209 3240 3438 3307 emitur,

1841 3338 1898 3385 et
1920 3331 2060 3400 juga
2106 3330 2274 3383 boum
2315 3329 2564 3399 quinque
2601 3327 2932 3397 probantur.
2962 3328 3173 3382 Idcirco
3200 3329 3338 3382 dum
3379 3329 3442 3382 in

1837 3421 1957 3474 foro
1986 3423 2118 3473 sunt
2146 3419 2308 3482 tales,
2349 3430 2531 3487 neque
2563 3417 2634 3470 ad
2676 3417 2899 3486 nuptias
2923 3417 3133 3487 sponsi,
3163 3433 3344 3486 neque
3382 3416 3442 3471 in

1837 3509 2056 3562 vineam
2080 3507 2306 3572 Christi,
2326 3505 2666 3575 temporalia
2682 3510 2903 3558 tantum
2929 3507 3226 3568 sectantes,
3247 3505 3441 3560 venire

1839 3603 1897 3652 et
1925 3596 2145 3667 operari
2176 3596 2232 3648 in
2262 3611 2329 3648 ea
2356 3599 2608 3664 possunt.
2635 3594 2808 3647 Porro
2837 3594 2909 3646 ad
2938 3593 3222 3646 Abraham
3248 3599 3440 3662 pater-

1839 3685 2083 3740 familias
2113 3683 2291 3754 quasi,
2324 3684 2459 3736 hora
2488 3687 2637 3736 rea-ta
2668 3685 2797 3745 erit,
2831 3697 2958 3735 cum
2983 3697 3115 3734 eum
3145 3681 3316 3734 etiam
3346 3681 3443 3734 ho-

1845 3774 2012 3846 spitio
2042 3771 2304 3842 suscepit.
2347 3787 2413 3824 ac
2444 3769 2646 3824 deinde
2693 3787 2838 3824 nova
2865 3774 3142 3840 praecepta
3179 3769 3350 3833 dedit,
3385 3775 3442 3823 et

1840 3863 2034 3917 multis
2054 3877 2180 3915 eum
2203 3860 2446 3914 erudivit
2465 3859 2751 3922 doctrinis,
2767 3865 2823 3912 et
2844 3858 3094 3912 instituit
3109 3857 3436 3928 disciplinis,

1840 3966 1966 4006 cum
1989 3966 2098 4022 quo
2126 3955 2352 4021 pactum
2371 3947 2695 4001 testamenti
2715 3947 2864 4012 fecit,
2884 3947 3113 4016 etquod
3140 3947 3200 4000 in
3223 3946 3442 4000 semine

1842 4042 1964 4112 ejus
1985 4037 2298 4094 benedictio
2319 4036 2574 4091 omnium
2593 4035 2852 4106 gentium
2871 4035 3061 4089 futura
3076 4042 3245 4102 eset,
3267 4036 3442 4089 etiam

121 4121 282 4178 Nam
315 4125 477 4178 sicut
502 4124 718 4191 anima,
747 4141 878 4178 cum
903 4125 981 4179 sit
1003 4125 1058 4179 in
1089 4142 1340 4196 corpore,
1357 4143 1463 4198 per
1480 4128 1768 4201 hos-quin“-
1849 4146 1977 4185 cum
2013 4130 2336 4199 iuramento
2381 4124 2645 4178 ﬁrmavit.
2683 4124 2774 4178 Sic
2801 4124 2948 4194 quod
2975 4140 3126 4190 eum,
3156 4129 3210 4178 et
3245 4141 3444 4179 omnes

130 4229 247 4282 que
277 4229 500 4268 sensus
527 4213 782 4285 corporis
810 4214 962 4268 foras
994 4215 1128 4280 exit,
1167 4222 1228 4269 et
1250 4217 1424 4270 sentit
1449 4227 1718 4289 corporea
1743 4240 1760 4274 ε

1850 4220 2045 4273 Patres
2074 4223 2132 4272 et
2178 4213 2676 4287 pahiamhas,'qui
2717 4229 2781 4267 eo
2828 4212 3058 4267 fuerunt
3101 4213 3162 4267 in
3190 4217 3444 4285 tempore

125 4302 213 4357 ita
238 4303 521 4358 Christus
545 4283 652 4374 per
680 4304 782 4357 has
811 4304 1058 4374 quinque
1086 4309 1302 4370 states,
1335 4315 1402 4359 ac
1425 4307 1478 4360 si
1514 4283 1617 4378 per
1635 4311 1767 4364 toti.
1784 4283 2027 4378 Dusque
2057 4305 2125 4360 ad
2169 4283 2420 4376 hioysen,
2451 4304 2539 4357 vel
2584 4283 2785 4356 melius
2814 4317 2994 4372 usque
3041 4301 3111 4355 ad
3153 4283 3350 4366 David,
3381 4302 3443 4355 in

122 4390 263 4445 dem
296 4393 502 4457 horas,
521 4392 681 4458 exiit,
701 4409 836 4446 cum
863 4393 938 4447 sit
981 4392 1188 4462 ubique
1216 4398 1388 4459 totus,
1447 4394 1582 4450 dum
1613 4399 1762 4470 seip‘
1844 4397 2061 4450 vineam
2087 4411 2249 4449 suam
2287 4393 2460 4460 misit,
2485 4403 2601 4446 non
2629 4397 2694 4445 ut
2727 4391 2840 4445 otio
2874 4391 2934 4444 in
2965 4406 3030 4444 ea
3055 4389 3224 4444 locati
3251 4395 3443 4459 torpe-

120 4493 256 4535 sum
311 4480 678 4534 manifestius
704 4481 967 4546 innotuit,
990 4486 1050 4534 et
1075 4481 1294 4551 legibus
1322 4482 1440 4536 suis
1469 4497 1564 4538 eos
1589 4484 1759 4539 insti-
1841 4493 1988 4551 rent,
2017 4484 2117 4539 sed
2149 4489 2212 4537 ut
2238 4483 2561 4536 laborarent
2583 4487 2638 4535 et
2663 4480 2978 4534 excolerent
2996 4489 3142 4533 eam.
3166 4479 3380 4533 Deinde
3408 4494 3445 4533 Β.

116 4576 328 4634 tuens,
370 4569 530 4624 venit
556 4569 869 4624 'conducere
911 4570 1196 4640 operarios
1235 4571 1296 4624 in
1323 4571 1547 4626 vineam
1577 4582 1756 4642 suam,
1841 4577 2046 4645 Moyse,
2079 4573 2164 4625 vel
2193 4587 2226 4625 a
2253 4570 2447 4636 David,
2482 4571 2643 4639 cujus
2682 4569 2754 4622 de
2797 4569 3012 4622 semine
3048 4574 3106 4622 et
3143 4568 3216 4622 de
3256 4567 3442 4622 fructu

117 4659 221 4731 qui
262 4675 388 4713 nos
419 4675 521 4729 per
549 4659 652 4712 hos
679 4659 935 4729 quinque
973 4675 1175 4713 sensus
1203 4660 1352 4714 male
1385 4667 1442 4715 et
1474 4663 1761 4718 exteriora
1842 4662 2051 4716 ventris
2080 4662 2202 4730 ejus
2230 4656 2603 4730 mpromissus
2631 4662 2718 4711 est
2747 4657 3021 4723 Christus,
3046 4672 3142 4711 eos
3162 4663 3223 4711 et
3248 4666 3442 4712 omnes

109 4749 401 4812 diffusos,
427 4747 586 4801 intus
611 4747 686 4802 ad
713 4765 775 4802 se
806 4747 1206 4817 benignissime
1246 4755 1550 4816 revocaret,
1580 4766 1652 4806 ne
1672 4753 1758 4806 fo-
1843 4753 2084 4806 cui-tores
2111 4749 2261 4814 ﬁdei,
2289 4764 2355 4801 ac
2383 4747 2432 4801 si
2461 4747 2769 4817 operarios,
2802 4747 2925 4817 ipse
2950 4747 3011 4800 in
3033 4747 3257 4800 vineam
3279 4762 3442 4801 suam

110 4854 211 4892 ras
243 4837 428 4891 inde
457 4837 736 4908 prolapsae
779 4836 982 4891 animae
1009 4837 1236 4908 penitus
1259 4837 1605 4908 deperirent.
1640 4841 1758 4896 Hoc
1840 4839 2120 4895 condux-it.
2150 4838 2283 4902 Qum
2310 4838 2492 4901 vinea,
2523 4841 2669 4891 teste
2699 4836 2998 4906 Propheta,
3034 4837 3235 4890 domus
3267 4835 3445 4890 Israel

108 4928 352 4998 quippe
394 4927 568 4978 exisse
617 4924 743 4988 fuit,
795 4941 924 4979 cum
963 4941 1069 4995 per
1109 4925 1358 4995 aliquam
1393 4925 1756 4982 efﬁcientiam
1840 4935 1962 4983 erat
1981 4944 2046 4983 ex
2061 4927 2300 4997 .IEgypto
2322 4927 2598 4980 translata
2618 4930 2676 4979 et
2692 4919 3265 4996 trans'plantataquze
3283 4925 3443 4979 vinea

107 5028 252 5071 cum
307 5014 540 5070 sanctis
585 5013 866 5080 Patribus,
912 5030 1058 5068 nova
1087 5013 1336 5068 instituit
1365 5015 1520 5083 jura,
1556 5020 1614 5068 et
1656 5032 1758 5086 pa-
1841 5017 2143 5071 vocabatur
2171 5016 2388 5079 Sorech,
2421 5014 2478 5067 id
2507 5020 2594 5068 est
2617 5018 2804 5068 electa.
2841 5015 2908 5068 in
2939 5029 3052 5084 qua
3079 5015 3245 5085 plane
3279 5014 3444 5068 vinea

104 5107 190 5160 cis
239 5104 492 5160 foedera
535 5103 893 5175 repromisit;
949 5103 1034 5156 ita
1074 5108 1139 5157 ut
1177 5101 1384 5156 visibili
1431 5103 1613 5157 forma
1645 5103 1758 5157 eis.

105 5195 250 5248 dem
271 5191 544 5257 salictis,
577 5209 643 5246 eo
671 5192 732 5246 in
762 5197 1015 5262 tempore
1049 5196 1368 5262 appareret.
1395 5192 1540 5246 Nam
1568 5195 1754 5260 primo

105 5297 296 5338 "me
319 5283 500 5343 coiit,
522 5280 751 5350 quando
780 5288 906 5336 eum
929 5281 1112 5334 Adam
1133 5279 1487 5350 .protOplasto
1511 5295 1647 5335 suas
1673 5281 1756 5334 le-

102 5385 212 5450 ges
229 5373 519 5431 instituit
539 5379 600 5428 et
611 5380 893 5446 precepts
908 5374 1090 5440 dedit;
1123 5379 1290 5446 quem
1308 5373 1498 5443 posuit
1515 5374 1574 5427 in
1596 5383 1755 5445 parn-

101 5469 242 5526 ἀίω
291 5469 391 5522 ut
429 5467 767 5536 operaretur
803 5464 870 5518 et
899 5463 1214 5519 mstodivet
1237 5463 1437 5531 illum;
1480 5475 1615 5518 eum
1639 5476 1756 5534 quo

1840 5106 2022 5160 omnis
2043 5103 2137 5158 ille
2165 5104 2434 5173 antiquus
2463 5109 2524 5156 et
2551 5101 2862 5157 Hebruicus
2897 5101 2998 5157 Dei
3029 5103 3266 5174 pOpulus
3295 5102 3444 5158 labo-

1835 5195 2013 5260 ravit;
2067 5208 2206 5263 quos
2245 5192 2367 5262 ipse
2394 5191 2820 5261 paterfamilias,
2855 5193 3110 5246 Christus
3154 5192 3438 5255 videlicet,

1839 5284 1908 5338 ab
1936 5284 2056 5353 ipso
2087 5281 2281 5335 mundi
2328 5281 2552 5334 exordio
2578 5280 2767 5350 elegit,
2800 5287 2968 5352 atque
2999 5281 3245 5335 instituit
3273 5281 3344 5335 ad
3373 5284 3442 5334 ﬁa-

1839 5374 1987 5427 dem.
2011 5371 2083 5426 Et
2111 5369 2272 5440 quasi
2296 5374 2485 5423 erecta
2509 5369 2678 5436 linea,
2705 5383 2808 5440 per
2827 5385 3022 5424 omnes
3044 5371 3239 5425 Patres
3260 5375 3318 5424 et
3343 5382 3440 5441 pa-

1835 5461 2109 5517 triarchas
2128 5463 2306 5530 usque
2325 5458 2395 5512 ad
2412 5457 2677 5514 eumdem
2692 5458 2998 5525 Christum,
3023 5472 3222 5515 eorum
3235 5471 3444 5530 genea-
