3888 6172
521 224 630 283 679

523 460 625 515 per
652 442 876 497 eosdem
922 440 1197 504 laborare,
1226 438 1492 498 excolere.
1525 435 1781 491 eamdem
1820 440 2011 500 seu
2036 435 2118 489 vi-

523 548 687 586 neam
719 531 951 586 minime
978 528 1231 583 cessavit.
1253 528 1337 581 Ad
1357 527 1708 578 undecimam
1739 540 1881 589 vero,
1899 525 2022 593 jam
2045 523 2116 577 ad

522 626 719 691 gentes
750 617 1054 673 secundum
1077 615 1376 686 Scriptura:
1397 618 1601 667 sanctae
1634 612 2113 683 repromissiones,

526 709 848 763 incarnatus
892 705 1041 769 exiit,
1075 709 1132 758 et
1178 702 1330 756 venit
1377 702 1437 755 in
1483 701 1774 766 mundum,
1806 700 2117 755 conducere

524 796 807 868 operarios
853 794 913 848 in
960 791 1215 846 eamdem
1262 791 1483 845 vineam
1528 790 1762 844 electam
1814 805 1981 860 quam
2010 788 2115 842 sibi

523 883 820 956 acquisivit
842 882 902 936 in
928 880 1155 935 brachio
1174 878 1517 933 fortitudinis
1536 895 1670 944 sum,
1693 884 1752 932 et
1782 894 1846 931 ex
1875 877 2114 948 Egypto

521 973 756 1026 educere
780 969 1013 1034 curavit,
1046 975 1111 1024 ut
1138 985 1253 1023 una
1280 973 1429 1022 esset
1459 967 1638 1032 vinea,
1667 966 1915 1036 sociique
1941 966 2115 1020 culto-

519 1060 696 1115 resin
742 1060 873 1125 ﬁde,
915 1064 974 1113 et
1013 1057 1439 1129 comparticipes
1468 1055 1685 1127 pnemii
1729 1054 1893 1109 sicuti
1931 1060 1989 1108 et
2030 1054 2113 1108 la-

524 1148 695 1203 boris.
740 1149 825 1203 Ad
873 1164 1013 1219 quos
1056 1163 1183 1201 cum
1223 1145 1468 1200 venisset
1516 1145 1664 1199 Deus
1706 1143 1873 1197 homo
1916 1142 2114 1208 factus,

518 1237 733 1292 invenit
751 1254 847 1291 eos
867 1237 937 1290 de
954 1235 1218 1306 gentibus
1236 1239 1452 1288 stantes
1470 1237 1630 1287 extra
1647 1232 1865 1286 vineam
1905 1231 2118 1295 Quibus

517 1325 653 1380 dicit
684 1343 695 1378 :
733 1327 878 1393 Quid
921 1326 1011 1378 hic
1058 1328 1216 1378 statis
1255 1328 1364 1376 tota
1394 1324 1482 1376 die
1510 1324 1709 1375 otiosi?
1745 1322 2116 1391 Nequaquam

520 1414 790 1468 sectanda
818 1418 951 1467 sunt
969 1412 1339 1465 deliramenta
1359 1410 1749 1464 hereticorum
1775 1408 1869 1480 qui
1899 1409 2110 1474 dicunt,

521 1501 671 1571 quod
715 1501 841 1555 ideo
881 1499 1062 1571 parati
1109 1499 1369 1553 dicantur
1404 1504 1555 1552 stare
1596 1497 1667 1551 ad
1697 1514 1838 1569 opus
1865 1502 1985 1551 tota
2025 1497 2117 1551 die

525 1589 712 1655 otiosi,
754 1606 820 1644 eo
863 1588 1011 1660 quod
1041 1587 1100 1642 in
1138 1585 1457 1641 coelestibus
1498 1585 1700 1640 animae
1737 1592 1966 1640 remota:
2005 1601 2119 1639 non
2143 1657 2167 1660 _
2201 1603 2309 1658 que
2330 1588 2492 1658 juxta
2515 1603 2683 1658 opera
2712 1602 2834 1641 sua.
2868 1586 3207 1642 Procurator
3223 1591 3398 1640 autem
3423 1584 3529 1655 quis
3546 1580 3692 1645 simul

521 1676 746 1731 fuerant
772 1657 1056 1731 condch
1075 1675 1133 1729 in
1163 1675 1352 1729 labore
1373 1675 1575 1745 operis,
1593 1673 1691 1727 sed
1720 1678 1930 1744 parata
1952 1678 2014 1727 ut
2045 1672 2117 1727 ad
2142 1657 2342 1729 Bdicit
2362 1657 2764 1746 paterfamilias
2791 1694 2803 1729 :
2851 1676 2979 1729 Voca
3006 1679 3303 1745 operarios,
3328 1679 3381 1728 et
3405 1672 3600 1742 reliqua,
3618 1686 3693 1723 non

522 1782 759 1836 corpora
775 1765 1046 1819 venirent.
1072 1763 1232 1818 Unde
1254 1762 1351 1827 ita,
1372 1761 1654 1833 inquiunt,
1676 1761 1926 1832 loquitur
1944 1762 2119 1815 Evan-

518 1854 749 1923 gelium,
774 1853 929 1924 quasi
951 1851 1181 1922 plurimi
1203 1855 1387 1905 essent
1409 1849 1505 1921 qui
1523 1849 1984 1915 conducerentur,
2003 1866 2117 1905 non

520 1947 710 1997 autem
756 1947 814 1995 et
852 1941 947 2012 qui
988 1939 1385 1994 conducerent.
1417 1938 1585 1993 Multa
1630 1938 1855 2009 quidem
1900 1955 1966 1992 ex
2012 1938 2119 1992 hoc

519 2030 787 2102 parabole
824 2029 906 2085 illi
935 2029 1015 2084 sic
1038 2028 1156 2083 suis
1197 2027 1561 2099 allegorizant
1596 2025 1877 2095 sensibus,
1906 2034 1973 2082 ut
2008 2026 2117 2081 mi-

519 2126 713 2175 sceant
739 2136 871 2175 suos
911 2135 1130 2173 errores
1167 2117 1369 2171 divinis
1405 2115 1820 2187 aenigmatibus.
1870 2116 1980 2171 Sed
2015 2132 2117 2171 nos

516 2224 612 2263 eos
651 2214 771 2264 tota
799 2208 891 2262 die
929 2207 1138 2262 otiosos
1182 2206 1403 2261 stetisse
1443 2204 1699 2272 dicimus,
1735 2205 1867 2276 quia
1907 2221 2022 2259 non
2050 2205 2108 2259 in

516 2296 709 2351 labore
738 2297 876 2367 legis
904 2296 1148 2360 fuerunt,
1179 2312 1292 2350 non
1320 2296 1378 2349 in
1403 2294 1593 2365 aliqua
1619 2294 1721 2349 Dei
1749 2294 1986 2359 cultura,
2011 2294 2111 2348 sed

522 2386 667 2440 male
694 2384 921 2440 stabant
946 2384 1110 2439 otiosi
1136 2384 1255 2439 suis
1287 2383 1512 2454 juribus
1540 2383 1908 2449 decertantes,
1940 2382 2112 2437 erecti

518 2479 716 2528 contra
745 2474 925 2528 Deum
952 2489 1024 2527 ne
1051 2473 1363 2527 crederent.
1391 2471 1628 2527 Stabant
1650 2477 1839 2526 autem
1869 2488 1934 2525 ac
1962 2471 2009 2525 si
2038 2471 2115 2525 la-

518 2561 674 2633 pides
717 2562 907 2629 erecti,
946 2578 1088 2633 quos
1134 2560 1447 2615 adorabunt
1490 2561 1548 2615 in
1588 2561 1743 2624 deos,
1780 2560 1990 2614 similes
2033 2560 2113 2615 eis

515 2650 678 2717 facti;
712 2667 814 2705 nec
832 2649 1344 2722 proficiscebantur,
1368 2649 1466 2703 sed
1496 2648 2116 2721 permanebantimmo-

516 2739 655 2793 biles
680 2746 800 2794 tota
826 2739 937 2803 die,
970 2756 1035 2794 ac
1060 2739 1107 2794 si
1131 2739 1200 2793 ab
1230 2738 1392 2793 initio
1422 2739 1608 2794 saeculi
1636 2755 1813 2810 usque
1842 2738 1898 2792 in
1935 2739 2114 2792 novis-

515 2828 721 2882 simum
750 2835 975 2899 tempus
1004 2829 1277 2882 adventus
1307 2828 1534 2881 Christi.
1561 2828 1720 2881 Unde
1748 2835 1806 2881 et
1832 2828 2107 2882 Joannes:

518 2918 722 2981 Filioli,
756 2894 1053 2971 novissima
1093 2917 1229 2970 hom
1274 2922 1350 2969 est
1396 2917 1444 2982 (Ι
1469 2918 1627 2969 Joan.
1662 2929 1723 2980 ιι,
1763 2913 1863 2985 l8).
1893 2917 1958 2971 In
1998 2894 2171 2987 quaC
2192 2894 2366 2969 vineae
2400 2930 2465 2969 ac
2492 2915 2547 2988 si.
2568 2894 2885 2986 subjectum
2910 2894 3090 2982 vocat,
3129 2933 3203 2971 ne
3230 2894 3371 2970 torte
3398 2914 3453 2967 in
3487 2907 3715 2965 Trinitate»

516 3005 563 3059 si
581 3004 711 3077 quid
719 3021 808 3059 em
824 3005 963 3059 hora
974 3009 1297 3059 constanter
1307 3003 1678 3074 interroganti
1696 3004 1781 3058 vel
1797 3004 2108 3075 increpanti

514 3092 727 3154 dicunt.
755 3092 889 3163 quia
918 3108 1075 3146 nemo
1107 3107 1204 3144 nos
1235 3092 1516 3145 conduxit.
1549 3091 1749 3145 Nullus
1786 3091 1991 3163 quippe
2037 3092 2110 3146 ad

514 3198 609 3237 eos
633 3181 970 3253 patriarcha,
1008 3179 1198 3235 nullus
1223 3179 1497 3251 propheta
1532 3185 1778 3245 venerat,
1809 3181 2109 3251 nullusque

513 3271 709 3326 doctor
743 3269 884 3336 vitae,
927 3269 1115 3323 nullus
1160 3267 1491 3339 praedicator
1530 3268 1746 3322 salutis.
1792 3269 1937 3333 Quid
1975 3285 2110 3339 ergo

514 3365 598 3414 est
625 3358 811 3413 dicere
835 3376 847 3411 :
878 3359 1049 3413 Nemo
1079 3373 1191 3411 non
1221 3358 1520 3410 conduxit?
1545 3356 1655 3411 nisi
1685 3357 1818 3427 quia
1842 3357 1966 3412 vitae
1993 3357 2111 3411 vias

513 3465 679 3503 nemo
724 3446 885 3501 nobis
932 3444 1274 3517 praedicavit.
1317 3445 1385 3499 Et
1430 3445 1740 3499 notandum
1769 3446 1919 3517 quod
1964 3461 2111 3501 unus

510 3534 915 3607 paterfamilias
934 3540 1038 3599 est,
1062 3532 1156 3604 qui
1181 3549 1282 3604 per
1298 3549 1464 3588 omne
1489 3539 1713 3604 tempus
1741 3533 1926 3587 szeculi
1948 3533 2107 3605 quin-

512 3624 670 3695 quies
708 3628 794 3678 est
835 3638 1109 3693 egressus,
1144 3628 1201 3676 et
1240 3621 1298 3675 in
1342 3621 1642 3676 novissima
1668 3622 1785 3677 vice
1819 3627 2002 3676 totum
2045 3638 2105 3677 se

511 3712 763 3768 exhibuit
788 3718 853 3767 ut
893 3711 1077 3765 fuerat
1116 3710 1489 3782 repromissus
1525 3711 1676 3765 Deus
1703 3710 1871 3765 homo
1900 3710 2099 3776 factus,

510 3807 575 3856 ut
600 3800 1021 3856 incontusibilcs
1040 3800 1324 3871 operarios
1342 3800 1569 3854 doceret
1585 3798 1812 3853 verbum
1828 3799 2101 3867 veritatis,

510 3896 569 3946 et
597 3890 848 3946 mitteret
890 3890 951 3944 in
1000 3889 1217 3943 vineam
1267 3904 1449 3955 suam,
1482 3889 1602 3960 ipse
1648 3887 1774 3942 vitis
1818 3904 1968 3954 vera,
2001 3904 2104 3958 pro

508 3980 765 4034 mercede
795 3978 1013 4033 denarii
1051 3977 1444 4042 mercenarios,
1479 3984 1544 4031 ut
1580 3994 1684 4048 per
1721 3993 1893 4047 opera
1928 3976 2104 4031 vineae

507 4068 616 4137 ipsi
635 4068 943 4122 transirent
964 4067 1024 4120 in
1045 4066 1401 4138 adoptionem
1422 4066 1664 4121 ﬁliorum
1681 4066 1803 4133 Dei,
1823 4070 1880 4120 et
1906 4066 2106 4122 fierent

508 4171 611 4226 per
637 4171 787 4220 eum,
827 4155 922 4226 qui
962 4171 1125 4208 verus
1165 4171 1231 4208 ac
1261 4155 1519 4225 proprius
1560 4161 1647 4209 est
1693 4156 1860 4221 ﬁlius,
1906 4155 2102 4210 aeterni

510 4242 694 4345 Patris
718 4242 838 4296 filii.
866 4244 982 4298 Nec
1009 4243 1291 4298 immerito
1317 4248 1500 4308 δεῖ
1522 4243 1698 4312 igitur
1721 4261 1822 4313 per
1849 4244 2164 4345 singulosD

509 4328 647 4394 dies,
662 4330 865 4384 harum
884 4331 1173 4395 horarum,
1197 4330 1442 4383 Ecclesia
1458 4331 1686 4396 Christi,
1707 4332 1866 4401 quasi
1894 4333 1954 4387 in
1979 4350 2099 4388 me-

507 4419 766 4486 moriam,
790 4418 985 4473 laudes
1009 4419 1125 4473 Deo
1143 4417 1511 4484 concelebrat,
1529 4425 1594 4472 ut
1611 4435 1672 4472 se
1693 4426 1914 4475 revocet
1938 4422 2010 4476 ad
2029 4439 2096 4476 ea

507 4524 631 4580 quae
656 4508 810 4563 intus
838 4512 988 4573 sunt,
1019 4512 1077 4561 et
1098 4506 1169 4560 ad
1188 4506 1367 4560 Deum
1388 4522 1546 4560 mens
1564 4511 1683 4560 tota
1705 4508 1914 4563 redeat.
1938 4510 2097 4564 Unde

500 4600 689 4666 primo
708 4613 870 4651 mane
897 4601 1018 4650 tota
1044 4595 1328 4666 colligitur
1350 4594 1409 4649 in
1436 4594 1715 4663 laudibus,
1739 4598 1962 4668 quando
1983 4615 2099 4652 ma-

505 4684 720 4739 tutinos
755 4684 941 4739 dicere
981 4684 1220 4756 hymnos
1258 4683 1563 4751 consuevit,
1604 4701 1733 4740 cum
1775 4686 2098 4757 eisdemque

501 4775 753 4844 primam
794 4775 1059 4844 jungens,
1092 4790 1152 4828 se
1185 4778 1364 4828 totam
1391 4774 1508 4829 Deo
1547 4781 1854 4829 consecrat.
1898 4775 2098 4847 Sicque

508 4864 748 4928 tertiam,
781 4867 830 4916 et
871 4868 1101 4927 sextam,
1142 4878 1453 4932 nonamque
1493 4879 1788 4935 peragens,
1824 4864 2100 4934 passionis

506 4950 715 5007 Christi
752 4967 1047 5006 recurrens
1085 4950 1336 5021 vestigia,
1370 4952 1700 5023 vespertinis
1728 4952 2006 5020 laudibus,
2034 4970 2099 5007 ac

504 5041 552 5095 si
580 5040 640 5094 in
668 5039 970 5095 novissima
996 5040 1136 5094 hora
1165 5039 1293 5107 diei,
1321 5040 1637 5110 quinariam
1663 5041 1966 5096 vocationis
1989 5058 2093 5097 no-

502 5135 636 5185 strae
679 5129 915 5185 formam
958 5128 1018 5182 in
1058 5127 1319 5183 laudibus
1361 5130 1579 5201 explet;
1630 5137 1694 5185 ut
1738 5147 1839 5202 per
1874 5130 1980 5185 hoc
2021 5131 2093 5185 ad

502 5217 725 5279 laudem
754 5234 820 5272 ac
836 5216 1075 5288 gloriam
1101 5216 1382 5271 Creatoris
1401 5217 1490 5272 sui
1515 5218 1901 5291 unusquisque
1924 5235 1984 5274 se
2008 5235 2095 5274 re-

500 5306 671 5365 ferat...
967 5379 970 5381 Α

575 5395 714 5449 Cum
733 5411 850 5454 sero
867 5400 1055 5448 autem
1080 5396 1296 5462 factum
1315 5399 1461 5460 esset,
1485 5396 1628 5450 dixit
1645 5398 1904 5451 dominus
1923 5400 2092 5452 vines

496 5486 855 5553 procuratori
879 5499 1013 5537 suo:
1055 5484 1184 5538 Voca
1212 5485 1512 5554 operarios,
1534 5488 1583 5537 et
1613 5487 1771 5540 redde
1800 5488 1916 5541 illis
1945 5500 2091 5540 mer-

1290 224 1349 279 S.
1390 221 1765 279 PASCHASII
1805 220 2166 279 RADBERTI
2203 220 2509 278 ABBATIS
2549 218 3044 280 CORBEIENSIS‘.

522 353 731 424 logiam
761 351 986 408 erudire
1001 354 1056 406 et
1080 350 1375 406 instituere
1392 348 1463 403 ad
1483 347 1651 402 tidem
1671 362 1784 401 non
1802 346 2036 413 destitit,
2060 351 2119 401 et
2133 349 2184 408 Α
2203 349 2381 402 cedem
2398 364 2580 415 suam,
2599 350 2870 417 incipiens
2893 349 3030 401 aissi
3044 351 3248 403 normis
3269 366 3412 419 usque
3424 356 3485 407 ad
3494 359 3663 423 primm,

3589 228 3663 293 680

2202 436 2506 505 Considera
2539 436 2673 507 quia
2690 453 2808 491 sero
2833 435 3060 502 dicitur,
3082 452 3205 491 cum
3230 438 3342 493 ﬁnis
3361 440 3423 494 sit
3438 440 3576 512 ipsius
3587 445 3669 501 diei

2199 540 2311 595 qua
2337 524 2495 579 missi
2539 530 2673 579 sunt
2698 524 2940 596 operarii
2969 524 3027 578 in
3065 524 3291 592 vineam,
3317 532 3368 580 et
3396 543 3488 583 non
3520 530 3565 583 in
3592 532 3671 585 alio

2180 629 2383 668 .mane.
2412 613 2572 668 Unde
2600 613 2658 667 in
2688 614 2808 684 ipso
2834 613 3142 684 eademque
3169 614 3271 668 ﬁne
3294 616 3533 686 temporis,
3557 625 3673 673 ante-

2199 718 2366 773 quam
2395 701 2493 756 illa
2520 702 2684 757 beata
2722 703 3010 757 illucescat
3046 701 3183 767 dies,
3208 703 3449 773 judicium
3473 711 3541 759 est
3565 706 3676 760 futu-

2196 807 2342 845 rum.
2388 792 2456 846 Et
2484 790 2834 845 discernendi
2866 796 2999 845 sunt
3020 791 3160 861 justi
3199 808 3231 844 a
3268 791 3598 862 peccatoribus,
3631 802 3678 847 ut

2195 880 2430 934 tollatur
2451 879 2659 950 impius
2686 896 2757 933 ne
2784 879 2972 933 videat
2994 879 3228 949 gloriam
3249 879 3358 933 Dei.
3386 880 3443 934 In
3468 897 3556 951 quo
3586 897 3678 950 pro-

2195 968 2339 1022 fecto
2363 967 2597 1038 judicio,
2624 967 2831 1038 singuli
2869 984 2973 1022 sua
3000 967 3266 1038 recipient
3302 984 3411 1038 qua
3441 976 3676 1037 gesserunt,

2195 1056 2407 1111 scilicet
2433 1056 2674 1128 operarii
2700 1056 2889 1121 vineae,
2923 1057 3009 1111 vel
3034 1056 3237 1127 singuli
3256 1056 3484 1126 palmites
3503 1056 3683 1110 (metum

2199 1144 2406 1199 laboris
2434 1145 2531 1216 qui
2559 1151 2890 1199 manserunt
2912 1144 2970 1199 in
3000 1145 3129 1210 vite,
3153 1143 3341 1216 quibus
3359 1143 3685 1198 reddendusest

2197 1232 2480 1298 denarius,
2517 1232 2575 1286 id
2605 1238 2691 1287 est
2723 1232 2822 1286 illa
2858 1238 3068 1287 aeterna
3095 1232 3227 1295 vita,
3256 1231 3490 1302 quoniam
3512 1231 3610 1301 ipsa
3627 1234 3687 1283 est

2198 1337 2413 1376 merces
2450 1321 2763 1385 beatorum,
2797 1338 2922 1392 qua:
2952 1321 3212 1376 omnibus
3238 1337 3299 1375 ac
3323 1320 3524 1391 singulis
3547 1335 3633 1373 una
3651 1325 3688 1372 et

2197 1409 2539 1481 sempiterna
2566 1410 2692 1464 erit.
2734 1410 2843 1465 Sed
2888 1409 2945 1464 in
2987 1426 3055 1464 ea
3082 1408 3281 1463 diversi
3314 1408 3496 1479 gradus
3519 1406 3689 1461 merito-

2199 1515 2346 1565 rum,
2369 1506 2599 1570 propter
2618 1498 2757 1553 illud
2785 1498 2931 1569 quod
2957 1498 3182 1562 dicitur,
3202 1498 3329 1569 quia
3349 1497 3520 1552 reddet
3538 1494 3693 1549 unicui-

2199 1763 2478 1818 immerito
2514 1764 2804 1834 quaeritur.
2838 1764 3156 1819 Praesertim
3199 1780 3321 1818 cum
3346 1760 3515 1817 Ariani
3542 1775 3594 1813 ex
3626 1758 3694 1811 hoc

2196 1852 2319 1906 loco
2349 1852 2604 1907 laborent
2627 1869 2792 1908 suum
2819 1854 3045 1907 ﬁrmare
3070 1850 3562 1918 errorem,dicentes
3574 1846 3698 1900 alium

2199 1946 2618 2011 procuratorem
2637 1941 2815 2012 ipsius
2831 1941 3101 2012 Spiritum
3125 1946 3375 1996 sanctum
3389 1957 3401 2007 ;
3423 1954 3480 1992 eo
3491 1935 3611 2008 quod
3622 1948 3698 1987 non

2198 2028 2390 2094 unius,
2420 2028 2702 2100 inquiunt,
2734 2029 3061 2085 substantiae
3102 2035 3336 2101 possunt
3373 2042 3498 2090 esse,
3524 2040 3607 2078 nec
3624 2036 3702 2076 una

2199 2133 2457 2188 persona,
2489 2134 2671 2189 neque
2700 2117 2781 2173 eis
2808 2134 2923 2173 una
2950 2124 3039 2173 est
3075 2118 3336 2190 dignitas.
3363 2116 3419 2171 Si
3444 2120 3616 2175 autem,
3642 2110 3702 2163 in-

2198 2205 2421 2276 quiunt,
2444 2206 2589 2261 alter
2614 2207 3018 2279 paterfamilias
3047 2212 3151 2272 est,
3178 2212 3236 2262 et
3276 2206 3410 2260 alter
3433 2205 3705 2277 procumtor,

2191 2309 2303 2348 non
2340 2300 2427 2348 est
2466 2295 2547 2349 eis
2593 2296 2884 2366 aequalitas
2913 2312 3041 2350 cum
3088 2296 3277 2350 Patre.
3308 2292 3492 2365 quibus
3523 2305 3607 2345 nec
3627 2301 3704 2342 una

2193 2381 2508 2437 substantia
2541 2389 2645 2438 est.
2680 2384 2748 2439 Et
2792 2384 2919 2439 ideo
2966 2384 3155 2440 minor
3197 2383 3369 2439 Filius
3393 2395 3544 2453 quam
3572 2378 3708 2435 Pater.

2195 2471 2379 2525 minor
2405 2472 2575 2526 etiam
2603 2478 2662 2527 et
2699 2473 2943 2544 Spiritus
2981 2479 3211 2529 sanctus
3246 2488 3408 2544 quam
3442 2470 3548 2541 ipse
3569 2464 3708 2520 Filius.

2196 2560 2345 2614 Proh
2388 2560 2586 2615 dolor!
2637 2556 2807 2633 quam
2855 2568 3057 2634 parata
3101 2567 3193 2617 est
3245 2559 3490 2616 heretica
3529 2553 3711 2628 pravitas

2195 2664 2417 2720 semper
2444 2666 2567 2719 qua
2598 2656 2754 2705 recta
2782 2656 2916 2706 sunt
2945 2651 3274 2722 depravare.
3306 2655 3364 2705 et
3401 2646 3530 2702 veris
3558 2655 3714 2696 venena

2195 2736 2454 2792 falsitatis
2502 2738 2757 2795 miscere.
2807 2740 2877 2794 Et
2924 2738 3051 2794 ideo
3099 2738 3423 2811 diligentius
3463 2730 3714 2808 perquirere

2193 2832 2432 2897 oportet,
2482 2826 2589 2882 iste
2636 2828 2762 2899 quis
2791 2828 2867 2882 sit
2910 2835 3264 2899 procurator,
3317 2842 3473 2898 quem
3511 2819 3716 2877 Dominus

2192 3019 2315 3072 quze
2360 3003 2509 3058 Deus
2550 3009 2654 3069 est,
2695 3004 2907 3073 gradus
2946 3005 3116 3075 (quod
3162 3004 3335 3073 absit)
3372 3008 3433 3057 ut
3468 2997 3631 3055 Ariani
3653 3008 3719 3046 vo-

2191 3091 2332 3157 lunt,
2353 3091 2438 3145 vel
2453 3092 2570 3146 ulla
2586 3091 2902 3147 differentia
2917 3094 3368 3163 ﬁngaturszs
3382 3091 3517 3145 inter
3530 3089 3713 3144 Patrem.

2191 3184 2248 3233 et
2274 3179 2496 3247 Filium,
2521 3186 2580 3235 et
2600 3181 2871 3252 Spiritum
2901 3187 3184 3245 sanctum,
3206 3199 3335 3237 eum
3360 3181 3433 3235 sit
3454 3193 3556 3233 una
3575 3171 3720 3233 deitas,
3810 3214 3811 3217 η

2191 3283 2305 3322 una
2325 3267 2661 3329 substantia.
2683 3270 2870 3336 Pater,
2898 3275 2957 3324 et
2974 3270 3170 3334 Filius,
3196 3277 3257 3326 et
3277 3269 3509 3341 Spiritus
3532 3266 3719 3320 sanctus,
3810 3308 3811 3327 η

2192 3372 2417 3428 unaque
2435 3358 2745 3429 aequalitas.
2768 3359 3127 3431 Quapropter
3148 3361 3283 3414 licet
3307 3355 3538 3430 Spiritus
3553 3353 3724 3406 sanctus
3810 3348 3811 3359 ‘

2186 3445 2316 3515 jure
2344 3445 2452 3501 dici
2482 3446 2661 3517 possit
2687 3453 3037 3518 procurator,
3071 3447 3223 3504 sicut
3250 3454 3310 3503 et
3344 3444 3641 3501 consolator.
3661 3443 3722 3489 ta-

2185 3550 2314 3588 men
2330 3533 2642 3590 absolutius
2663 3535 2759 3589 ille
2773 3536 2910 3590 ordo
2921 3537 3214 3607 angelicus
3228 3538 3543 3608 procurator
3551 3526 3722 3585 dicitur,

2187 3620 2283 3690 qui
2302 3637 2495 3675 curam
2513 3622 2664 3693 gerit
2683 3623 3052 3677 Ecclesiarum
3075 3624 3203 3678 Dei.
3229 3622 3518 3688 Quoniam,
3535 3617 3655 3671 sicut
3668 3609 3726 3664 ait

2184 3710 2504 3780 Apostolus,
2519 3716 2730 3782 quanto
2744 3717 2996 3783 tempore
3012 3712 3195 3768 haeres
3211 3711 3474 3784 parvulus
3490 3713 3583 3771 est,
3594 3715 3726 3771 usque

2185 3798 2253 3851 ad
2286 3799 2622 3868 praefinitum
2655 3805 2878 3871 tempus
2906 3818 2942 3854 a
2966 3806 3127 3871 patre
3158 3801 3267 3856 sub
3308 3797 3572 3855 tutoribus
3598 3794 3727 3847 estet

2184 3886 2555 3953 curatoribus,
2608 3888 2690 3942 ita
2741 3894 2801 3943 et
2856 3888 3100 3943 Ecclesia
3154 3889 3368 3945 Christi
3418 3884 3514 3941 sub
3566 3877 3729 3936 eisdem

2185 3975 2639 4045 procuratoribus
2683 3983 2938 4032 servatur
2993 3978 3311 4050 spiritibus,
3367 3976 3460 4049 qui
3497 3962 3727 4028 constituti

2184 4069 2318 4119 sunt
2339 4080 2375 4117 a
2402 4064 2626 4119 Christo
2660 4064 2721 4119 in
2749 4066 3066 4121 ministerio
3095 4074 3444 4131 sanctorum,
3473 4077 3598 4135 quos
3622 4068 3727 4112 ποθ’

2183 4167 2381 4207 nomos
2407 4154 2537 4224 jure
2565 4170 2844 4221 vocamus,
2878 4160 3107 4227 propter
3135 4173 3238 4211 eos
3266 4156 3366 4228 qui
3405 4148 3728 4208 hereditatem

2182 4241 2465 4313 accepturi
2492 4247 2625 4297 sunt
2661 4243 2877 4298 salutis.
2910 4244 3027 4298 Nec
3049 4244 3304 4313 mireris,
3343 4244 3391 4298 si
3418 4256 3555 4297 unus
3577 4245 3727 4290 eorum

2180 4346 2283 4401 pro
2296 4329 2489 4385 multis
2505 4329 2882 4386 introducitur
2893 4337 3249 4402 procurator,
3265 4331 3525 4403 quoniam
3541 4331 3591 4380 et
3602 4324 3647 4377 in
3661 4335 3735 4372 sa:-

2179 4417 2462 4473 cularibus
2480 4418 2702 4486 litteris,
2717 4436 2887 4491 quam
2907 4436 3054 4492 saepe
3070 4436 3224 4476 unus
3245 4437 3350 4492 pro
3368 4416 3550 4474 multis
3564 4408 3731 4480 tropice

2179 4506 2385 4562 dicitur
2418 4507 2522 4562 Cui
2540 4507 2765 4575 dicitur,
2803 4510 2930 4563 Voca
2949 4512 3257 4578 operarios,
3277 4508 3538 4581 quoniam
3558 4502 3607 4556 in
3627 4495 3731 4552 tuba

2178 4595 2305 4663 Dei,
2330 4602 2389 4651 et
2429 4596 2489 4650 in
2530 4612 2664 4651 voce
2703 4597 3043 4668 archangeli,
3075 4599 3293 4653 mortui
3331 4596 3428 4668 qui
3469 4595 3523 4648 in
3553 4586 3730 4645 Christo

2178 4689 2329 4751 sunt,
2350 4691 2647 4755 resurgant
2665 4686 2853 4756 primi,
2877 4687 3025 4757 quod
3045 4691 3134 4740 est
3171 4703 3306 4742 sero
3342 4699 3535 4740 vocare
3554 4678 3613 4734 ad
3631 4688 3736 4748 pm"

2179 4773 2376 4827 mium.
2400 4774 2653 4838 Quorum
2671 4774 2854 4829 officio
2879 4775 3047 4829 etiam
3068 4780 3127 4830 et
3143 4792 3323 4842 nunc,
3339 4772 3554 4846 quando
3572 4765 3730 4821 animi

2180 4866 2503 4917 sanctorum
2530 4863 2601 4918 ad
2626 4863 2878 4935 requiem
2906 4863 3262 4929 deferuntur,
3300 4860 3530 4919 denario
3552 4861 3730 4913 aeterni:

2177 4950 2305 5006 vitae
2320 4957 2773 5025 remunerantur.
2790 4952 2898 5007 Sed
2913 4969 3013 5023 per
3024 4953 3256 5007 eosdem
3276 4951 3523 5022 angelos,
3538 4943 3729 5018 jubente

2174 5043 2473 5109 Domino,a
2487 5044 2801 5100 novissimis
2814 5045 2933 5100 haec
2944 5045 3333 5100 remuneratio
3343 5042 3616 5115 incipitur;
3625 5030 3730 5106 quia

2174 5130 2387 5202 priores
2408 5132 2539 5187 facti
2563 5140 2714 5199 sunt,
2733 5134 2828 5205 qui
2847 5133 2951 5189 sub
2969 5133 3154 5205 gratia
3177 5133 3485 5188 novissime
3502 5122 3731 5183 venerunt

2172 5221 2240 5275 ad
2257 5220 2671 5293 vineam,quam
2684 5222 2781 5294 qui
2795 5222 2901 5277 sub
2909 5223 3031 5293 lege
3041 5238 3215 5278 onera
3230 5221 3379 5294 legis
3389 5213 3729 5294 portaverant,

2172 5315 2231 5365 et
2257 5310 2498 5381 propriis
2524 5310 2873 5368 desudarunt
2900 5311 3204 5366 laboribus.
3240 5311 3521 5376 Quoniam
3555 5304 3731 5372 majora

2171 5403 2306 5454 sunt
2332 5398 2481 5453 dona
2507 5398 2732 5465 Christi,
2776 5416 2947 5471 quam
2974 5416 3185 5455 merces
3221 5399 3409 5471 legis;
3454 5402 3513 5452 et
3545 5393 3657 5450 ideo
3679 5384 3735 5442 ab
3786 5426 3797 5435 ι

2169 5487 2437 5559 Apostolo
2455 5486 2873 5545 inaestimabiles
2885 5488 3093 5555 divitiae
3107 5486 3331 5545 Christi
3342 5488 3602 5545 dicuntur
3616 5480 3739 5536 dona
