3888 6172
164 210 281 318 est

912 266 1296 323 EXPOSITIO
1334 268 1412 324 IN
1449 264 1892 323 MATTHAZUM.
1937 297 2002 308 —
2041 265 2179 323 LIB.
2222 262 2317 335 IX,
2358 267 2516 324 CAP.
2559 269 2677 325 XX.

3318 282 3429 344 682

161 382 558 477 misericordia;
672 384 940 477 bonitatis
968 390 1107 461 ejus.
1133 391 1274 445 Nam
1297 407 1510 445 merces
1531 407 1596 445 ex
1610 390 1756 445 dono
1772 392 1822 450 A
1838 395 1952 445 tem
1974 389 2105 457 diei,
2137 395 2306 446 aestus
2334 407 2400 445 ac
2428 392 2689 463 ponderis
2717 402 3101 468 portaverunt,
3122 407 3429 477 unusquig-

160 471 313 525 nulla
337 476 442 537 est,
458 474 593 544 quia
620 474 858 530 debetur
880 495 946 532 ex
960 495 1126 550 Opere
1144 498 1157 547 ;
1177 480 1274 534 sed
1293 479 1599 549 gratuitam
1618 495 1750 549 gra-

159 558 294 612 tiam
315 560 469 614 Deus
485 561 744 616 omnibus
765 581 829 618 ex
851 565 977 630 tide,
1012 572 1069 620 et
1082 567 1547 636 justificationem
1576 567 1749 633 dedit,

160 651 210 700 et
237 664 352 702 non
381 666 448 703 ex
478 651 735 705 mercede
766 653 904 722 legis
941 659 1186 709 tantum.
1220 656 1292 710 Et
1318 656 1444 709 ideo
1474 656 1606 726 quia
1632 671 1754 708 cre-

157 735 298 789 didit
323 736 608 792 Abraham
640 740 772 803 Deo,
810 748 1133 813 reputatum
1164 749 1251 797 est
1279 743 1329 798 ei
1358 744 1426 797 ad
1446 743 1748 814 justitiam.

158 826 417 889 Attende,
461 843 668 896 qumso,
699 845 869 899 quam
920 832 1195 885 naturalis
1232 833 1377 886 ratio
1408 832 1749 903 praetexitur,

157 930 280 967 cum
312 913 383 967 ab
414 914 503 968 his
540 915 807 987 incipitur
850 920 1251 984 remuneratio,
1299 920 1394 991 qui
1427 920 1531 973 sub
1567 920 1754 989 gratia

157 1010 469 1058 versantur.
504 1005 738 1075 Semper
765 1006 914 1060 enim
944 1008 1212 1063 libentius
1233 1009 1431 1062 damus
1446 1008 1654 1080 aliquid
1670 1009 1751 1063 eis

157 1089 359 1162 quibus
392 1109 493 1162 pro
522 1094 641 1147 solo
680 1095 892 1149 honore
930 1102 987 1150 et
1018 1096 1267 1151 bonitate
1296 1104 1490 1151 nostra
1528 1098 1748 1164 damus,

157 1196 322 1251 quam
356 1180 442 1234 his
472 1181 675 1252 quibus
696 1191 930 1253 cogente
962 1186 1214 1240 mercede
1248 1185 1536 1257 quidpiam
1563 1186 1751 1240 reddi-

158 1286 295 1324 mus.
316 1270 463 1324 Nam
480 1287 675 1325 omnes
695 1272 790 1342 qui
819 1282 951 1328 ante
962 1274 1261 1328 adventum
1277 1274 1484 1329 Christi
1503 1274 1749 1337 fuerunt,

157 1359 319 1431 quasi
358 1376 425 1413 ex
448 1360 709 1430 operibus
728 1362 888 1432 legis,
920 1362 1094 1418 etiam
1126 1364 1183 1417 in
1211 1364 1319 1418 ﬁde
1348 1362 1556 1417 Christi
1580 1362 1751 1432 justi-

158 1450 413 1503 licantur.
458 1449 669 1502 Gentes
728 1466 855 1503 vero
911 1467 1011 1521 pro
1067 1452 1186 1505 sola
1234 1450 1616 1505 misericordia
1649 1448 1751 1503 Dei

156 1536 300 1589 dona
350 1543 724 1608 perceperunt
772 1538 990 1592 salutis.
1043 1539 1203 1593 Unde
1272 1539 1353 1593 ait
1406 1538 1747 1609 Apostolus:

157 1622 344 1680 Gentes
369 1631 557 1678 autem
593 1642 759 1694 super
798 1628 1239 1681 misericordiam
1275 1629 1548 1680 honorare
1575 1628 1748 1680 Deum

1835 496 1943 551 que
1967 485 2137 551 prout
2161 484 2389 534 vocatus
2425 488 2528 547 est,
2564 483 2872 539 secundum
2904 503 3227 548 mensuram
3255 493 3426 551 hora-

1834 583 1958 621 rum
1986 574 2043 622 et
2057 568 2241 639 spatia
2267 574 2379 622 tem
2389 570 2556 638 poris.
2576 570 2646 625 Et
2672 571 2799 625 ideo
2818 575 2914 646 qui
2935 577 3101 647 primi
3126 589 3420 649 venerunt,

1834 672 1961 709 cum
1978 656 2179 726 quibus
2197 658 2489 711 conventio
2508 658 2652 714 facta
2682 668 2769 715 est
2789 679 2852 716 ex
2882 664 3132 734 denario,
3166 686 3425 726 murmu-

1836 761 1989 798 rasse
2016 744 2279 799 dicuntur
2300 764 2313 805 ;
2346 747 2601 818 quamvis
2624 749 2810 804 nullus
2835 758 3023 820 8:30
3042 773 3427 829 murmurans,

1836 839 1935 887 aut
1957 834 2195 899 invidus,
2229 851 2463 905 regnum
2487 837 2752 891 caelorum
2776 839 3027 911 accipere
3052 846 3252 914 possit.
3281 848 3428 911 Quia

1836 928 1893 974 et
1922 921 2029 975 ista
2058 922 2248 991 itaque
2278 924 2670 989 murmuratio,
2696 942 2807 980 non
2826 926 2895 980 de
2919 929 3163 998 justitia,
3182 933 3282 987 sed
3303 951 3427 1004 pro-

1835 1011 1977 1063 fecto
2023 1027 2088 1063 ex
2125 1010 2334 1063 invidia
2362 1012 2636 1078 nascitur;
2687 1029 2752 1066 eo
2802 1016 2951 1085 quod
3001 1018 3287 1074 novissimi
3326 1038 3422 1076 co-

1832 1104 2127 1169 aequantur
2145 1097 2226 1151 eis
2243 1098 2302 1152 in
2323 1099 2671 1170 prwmio,qui
2694 1102 2873 1171 prima
2888 1104 3026 1158 hora
3036 1107 3298 1163 conducti
3310 1107 3427 1164 fuec

1832 1191 1980 1250 rant,
2002 1185 2247 1257 licetipsi
2276 1187 2594 1257 acceperint
2622 1188 2937 1255 denarium,
2961 1193 3030 1247 de
3060 1211 3169 1266 quo
3182 1212 3425 1253 conven-

1833 1274 1913 1328 tio
1939 1275 2084 1329 tacta
2111 1274 2309 1329 fuerat.
2343 1275 2409 1328 In
2437 1274 2638 1345 quibus
2666 1276 2912 1346 profecto
2931 1279 3097 1336 rebus
3124 1299 3191 1337 ac
3219 1283 3421 1352 verbis,

1834 1362 2012 1417 nimia
2040 1362 2349 1416 obscuritas
2378 1368 2482 1427 est,
2512 1362 2621 1417 nisi
2643 1363 2965 1433 diligentius
2996 1368 3130 1434 haec,
3164 1380 3230 1426 ut
3258 1388 3425 1442 para-

1833 1450 1962 1504 bola
1981 1450 2334 1505 discutiatur.
2350 1449 2623 1513 Quoniam
2642 1467 2753 1505 non
2768 1469 3135 1522 personarum
3153 1459 3421 1529 acceptio,

1832 1539 1930 1592 sed
1954 1545 2073 1592 tota
2097 1537 2320 1607 justitia
2348 1542 2452 1594 est.
2485 1555 2615 1593 cum
2645 1540 2740 1593 uni
2772 1540 3018 1596 reddidit
3042 1544 3191 1613 quod
3210 1530 3453 1612 debuit,

1831 1633 1886 1680 et
1915 1626 2076 1680 alteri
2102 1624 2331 1679 donavit
2356 1624 2505 1694 quod
2537 1626 2738 1692 voluit;
2772 1632 2830 1681 et
2856 1628 2962 1682 hoc
2980 1635 3069 1684 est
3074 1630 3229 1699 juste
3243 1632 3429 1687 facere

158 1713 328 1778 (Rom.
387 1729 476 1778 xx,
519 1711 598 1781 9).
644 1713 713 1767 Et
761 1713 887 1768 ideo
935 1715 1162 1785 quidem
1211 1715 1282 1767 ad
1332 1731 1453 1769 rem
1502 1714 1980 1794 peninethuod
2010 1714 2149 1767 volo.
2180 1714 2459 1783 Utrosque
2490 1717 2684 1767 tamen
2707 1715 2886 1784 gratis
2913 1717 3146 1782 vocavit,
3179 1724 3235 1773 et
3262 1720 3319 1774 in
3350 1720 3429 1775 la-

154 1798 423 1853 bonitatis
466 1800 587 1866 Dei,
618 1806 684 1855 ut
727 1801 1014 1855 novissimi
1053 1801 1360 1871 gratuitam
1399 1801 1751 1872 perciperent

154 1886 418 1958 gratiam,
469 1888 603 1942 dum
635 1888 776 1942 nihil
803 1888 1083 1960 prioribus
1111 1889 1171 1944 in
1202 1890 1505 1955 δωθίιιο
1533 1889 1753 1943 defrau-

156 1976 341 2041 datur,
401 1976 488 2030 vel
535 1976 814 2032 minuitur
865 1994 1099 2032 merces.
1136 1979 1282 2048 Ergo
1337 1984 1400 2032 ut
1432 1978 1753 2032 ostenderet

155 2065 300 2122 Deus
350 2064 799 2120 inaestimabilem
829 2066 1267 2120 misericordiam
1306 2082 1487 2131 suam,
1521 2070 1577 2119 et
1619 2065 1753 2118 divi-

156 2152 256 2207 tias
300 2152 576 2207 bonitatis
613 2170 746 2218 suae,
796 2155 1049 2208 ordinem
1090 2171 1202 2208 non
1249 2154 1466 2225 aspexit
1492 2154 1752 2207 humanae

158 2241 631 2313 praesumptionis.
672 2242 831 2297 Unde
868 2258 996 2297 cum
1034 2243 1319 2297 venissent
1354 2242 1539 2314 primi,
1572 2248 1629 2296 et
1671 2241 1753 2294 vi-

156 2330 374 2384 dissent
420 2347 517 2384 eos
563 2329 660 2401 qui
702 2330 849 2385 circa
887 2330 1244 2385 undecimam
1281 2335 1569 2394 venerant,
1608 2328 1753 2383 acci-

154 2435 281 2489 pere
311 2418 573 2488 singulos
602 2419 880 2483 denarios,
913 2421 1182 2473 arbitrati
1200 2425 1333 2472 sunt
1362 2420 1507 2487 quod
1528 2421 1656 2486 plus
1678 2435 1755 2471 es-

155 2510 267 2559 sent
292 2509 603 2574 accepturi,
636 2523 749 2561 non
787 2506 1160 2577 recogitantes
1189 2523 1257 2560 ex
1288 2505 1654 2559 conventione
1684 2504 1754 2558 de

156 2594 392 2647 denario
420 2594 494 2647 ad
518 2611 614 2648 eos
634 2593 799 2659 facta,
832 2611 959 2649 cum
978 2594 1250 2648 vidissent
1268 2592 1574 2647 bonitatem
1609 2594 1751 2663 ejus,

157 2682 247 2753 qui
282 2682 548 2752 singulos
589 2683 812 2753 quando
849 2683 1025 2737 voluit
1049 2682 1409 2737 conduxerat.
1453 2682 1567 2735 Nec
1604 2680 1756 2734 enim

159 2771 524 2825 considerant
554 2786 666 2840 qua
695 2770 941 2825 bonitate
962 2771 1080 2836 Dei,
1101 2788 1279 2841 quave
1307 2769 1670 2840 dispositione
1700 2775 1758 2823 et

158 2864 442 2929 potestate
473 2858 732 2912 conducti
756 2865 890 2913 sunt
916 2859 1156 2929 singuli;
1181 2860 1313 2930 quia
1339 2876 1450 2913 non
1482 2859 1540 2912 in
1560 2874 1756 2912 corum

1831 1802 1965 1857 bore
1992 1802 2256 1873 praefecit,
2286 1806 2352 1855 ut
2374 1807 2729 1855 mererentur
2750 1801 3018 1873 accipere.
3053 1805 3158 1860 Ubi
3185 1812 3304 1862 tota
3331 1809 3429 1864 Ju-

1831 1891 1991 1945 daica
2014 1890 2188 1955 natio,
2221 1906 2344 1961 qum
2366 1892 2560 1942 vocata
2587 1895 2672 1942 est
2689 1905 2790 1959 per
2814 1890 2913 1944 hos
2942 1892 3191 1963 quinque
3215 1895 3427 1964 gradus

1832 1980 1904 2033 ad
1930 1979 2209 2033 culturam
2242 1977 2433 2042 vineae,
2454 1976 2622 2030 simul
2651 1976 2991 2047 depingitur,
3011 1996 3076 2034 ac
3101 1981 3149 2036 si
3174 1998 3287 2036 uno
3308 1999 3430 2038 cor-

1833 2083 1988 2137 pore,
2012 2065 2068 2119 in
2098 2082 2207 2137 quo
2237 2071 2295 2120 et
2335 2069 2753 2119 murmurantes
2797 2064 2987 2132 fuisse,
3021 2066 3163 2122 nulli
3192 2067 3428 2125 dubium

1834 2160 1937 2220 est,
1972 2161 2142 2225 atque
2165 2153 2400 2208 invidos.
2432 2152 2540 2216 Qui
2580 2151 2740 2223 quasi
2765 2153 2954 2207 senior
2979 2153 3171 2223 frater,
3210 2173 3277 2212 ex
3313 2157 3428 2213 alia

1834 2243 2102 2314 parabola
2129 2242 2187 2296 in
2213 2258 2349 2311 agro
2379 2240 2591 2311 positus
2628 2246 2683 2294 et
2713 2239 2922 2307 labore,
2950 2258 3172 2314 semper
3210 2261 3270 2299 se
3298 2261 3429 2300 cum

1836 2337 1995 2401 patre
2023 2329 2194 2384 fuisse
2221 2334 2501 2395 causatur,
2535 2335 2593 2383 et
2621 2345 2912 2400 nunquam
2946 2329 3277 2387 mandatum
3306 2334 3429 2404 ejus

1837 2418 2169 2490 prreterisse.
2223 2417 2332 2471 Sed
2379 2417 2513 2488 quia
2534 2416 2730 2487 junior
2772 2417 2965 2484 frater,
2999 2435 3127 2474 cum
3156 2419 3263 2475 istc
3292 2421 3431 2476 foris

1838 2513 2005 2572 esset,
2038 2507 2191 2560 intus
2210 2506 2515 2559 clementer
2541 2521 2576 2558 a
2604 2514 2764 2575 patre
2795 2506 3083 2577 recipitur,
3110 2507 3273 2578 eique
3294 2525 3430 2563 con-

1836 2595 2042 2648 vivium
2070 2599 2320 2664 paratur,
2344 2593 2450 2647 iste
2468 2592 2769 2662 indignans
2795 2593 3008 2648 intrare
3038 2596 3347 2650 contemnit
3367 2612 3432 2650 ac

1837 2681 2383 2737 murmuratinvidia
2407 2686 2715 2751 permotus.
2748 2681 2873 2735 Non
2899 2682 3048 2752 quod
3076 2688 3238 2753 pater
3256 2684 3434 2738 nollet

1839 2788 1966 2825 eum
1998 2771 2280 2840 suscipere
2307 2768 2453 2822 inter
2490 2769 2684 2839 epulas
2713 2774 2770 2823 et
2794 2769 3020 2839 gaudia,
3053 2771 3151 2825 sed
3182 2770 3312 2841 quia
3334 2772 3432 2843 ju-

1840 2859 1965 2913 nior
1989 2858 2180 2922 frater,
2210 2857 2268 2910 id
2299 2862 2386 2911 est
2414 2856 2715 2910 novissima
2738 2856 3047 2926 gentilitas.
3088 2864 3429 2930 comquatur,

160 2947 260 3002 fuit
284 2946 531 3002 arbitrio
572 2952 637 3001 ut
678 2946 843 3018 primi
871 2954 1254 3011 nascerentur,
1289 2948 1434 3002 sicut
1477 2963 1579 3000 nec
1621 2947 1759 3000 isto-
1778 2961 1822 3020 ο
1842 2949 2054 3002 intrare
2079 2945 2278 3000 noluit.
2313 2944 2706 3015 Propterquod
2727 2944 2902 2998 ethoc
2928 2944 3051 2998 loco
3077 2944 3228 3000 idem
3254 2963 3436 3018 popu-

158 3052 281 3090 rum
310 3040 385 3091 ut
413 3034 732 3092 novissimi.
770 3034 844 3089 Et
870 3035 997 3091 ideo
1024 3052 1136 3090 non
1164 3037 1338 3106 juste.
1383 3039 1758 3101 murmurant,

163 3124 290 3196 quia
319 3131 384 3179 et
404 3128 747 3195 acceperunt
771 3124 892 3195 ipse
917 3125 1167 3195 singulos
1191 3123 1471 3179 denarios.
1500 3122 1763 3193 Alioquin

158 3213 203 3266 si
222 3213 281 3268 in
309 3212 569 3268 hominis
587 3218 735 3267 esset
759 3218 1034 3284 potestate
1060 3212 1283 3283 quando
1302 3218 1646 3278 nasceretur,
1676 3211 1762 3265 vel

159 3318 266 3371 quo
285 3301 497 3356 ordine
516 3300 588 3354 ad
608 3301 828 3355 vineam
850 3302 1056 3356 Christi
1076 3302 1365 3373 operarius
1385 3301 1631 3366 veniret;
1656 3300 1763 3353 for-

158 3390 321 3444 tassis
346 3390 580 3460 exigere
611 3388 840 3444 deberet
867 3395 931 3443 ut
960 3389 1149 3460 priora
1194 3390 1489 3460 acciperet,
1522 3388 1617 3459 qui
1655 3387 1762 3457 pri-

158 3495 280 3532 mus
305 3479 372 3532 in
402 3494 578 3549 apere
605 3478 779 3532 vineae
798 3478 1056 3531 venisset.
1079 3482 1476 3534 Verumtamen
1498 3476 1601 3530 etsi
1618 3492 1764 3529 unus

160 3566 421 3620 omnibus
451 3565 711 3620 redditur
738 3566 1021 3631 denarius,
1062 3566 1120 3619 in
1162 3583 1272 3636 quo
1309 3564 1527 3619 cunctis
1555 3562 1763 3618 Christi

160 3654 342 3725 imago
374 3654 721 3717 ostenditur,
756 3660 814 3709 et
839 3654 952 3708 vita
983 3660 1282 3725 praestatur
1310 3661 1545 3719 acterna;
1580 3650 1765 3723 profe-

161 3749 246 3796 cto
275 3743 336 3797 in
365 3743 500 3815 ipsa
529 3742 841 3812 eademque
860 3742 971 3797 vita
990 3751 1201 3796 aeterna
1220 3743 1449 3797 diversae
1469 3747 1601 3795 sunt
1614 3756 1769 3795 man-

1845 3038 1952 3103 lus,
1991 3036 2135 3090 forte
2175 3033 2509 3106 parabolice,
2544 3048 2903 3087 murmurans
2945 3031 3343 3097 introducitur,
3369 3051 3439 3090 ex

1845 3141 2001 3179 more
2026 3123 2205 3194 magis
2230 3138 2422 3176 eorum
2440 3121 2535 3192 qui
2563 3136 2787 3192 semper
2808 3120 2865 3173 in
2890 3120 3011 3192 lege
3028 3120 3435 3191 gloriabantur,

1844 3220 1902 3268 et
1926 3211 2348 3267 arbitrabantur
2385 3226 2445 3263 se
2474 3209 2733 3263 meliores
2761 3208 2977 3262 cunctis
3010 3208 3295 3279 gentibus,
3325 3226 3442 3266 non

1841 3300 2025 3371 gratia
2044 3299 2165 3365 Dei,
2190 3298 2289 3351 sed
2317 3296 2434 3350 suis
2462 3295 2743 3367 operibus.
2790 3296 2949 3351 Unde
2977 3302 3037 3350 et
3063 3296 3119 3351 hi
3145 3314 3211 3353 ex
3230 3298 3312 3354 eis
3341 3298 3440 3369 qui

1842 3388 2130 3442 salvantur
2158 3402 2269 3439 non
2299 3385 2479 3438 solum
2505 3400 2571 3437 ex
2591 3382 2851 3455 operibus
2868 3383 3025 3455 legis,
3044 3402 3236 3441 verum
3268 3385 3442 3442 etiam

1844 3492 1909 3529 ex
1941 3473 2051 3528 ﬁde
2073 3471 2387 3544 justiﬁcati,
2420 3488 2546 3525 cum
2581 3471 2731 3525 fideli
2777 3472 3098 3543 patriarcha
3129 3473 3436 3541 Abraham,

1846 3563 2131 3617 interdum
2163 3561 2268 3616 etsi
2311 3576 2692 3614 murmurasse
2720 3559 2987 3614 dicuntur
3016 3577 3173 3616 more
3215 3562 3440 3633 generis

1847 3656 2138 3714 notantur,
2186 3664 2299 3702 non
2342 3647 2468 3701 ideo
2497 3652 2688 3700 tamen
2731 3646 2811 3699 ita
2839 3646 3224 3717 accipiendum
3264 3653 3352 3703 est
3378 3655 3444 3703 ut

1847 3753 2210 3794 murmurans
2224 3740 2324 3789 aut
2348 3732 2587 3798 invidus,
2612 3738 2676 3787 ut
2695 3733 2958 3803 praemisi,
2978 3734 3181 3805 aliquis
3204 3751 3443 3806 regnum

161 3831 366 3901 siones,
384 3831 701 3886 secundum
726 3824 926 3885 merita
952 3832 1322 3902 singulorum.
1346 3832 1415 3885 Et
1439 3830 1564 3886 ideo
1591 3835 1770 3883 atten-
1851 3828 1953 3884 Dei
1986 3826 2219 3881 introire
2254 3822 2456 3877 debeat
2486 3838 2498 3874 :
2546 3821 2645 3875 sed
2689 3836 3072 3875 murmurasse
3101 3838 3297 3877 eorum
3335 3823 3445 3879 fuit

163 3920 291 3974 dere
319 3926 557 3992 oportet
579 3937 701 3990 qua:
730 3919 869 3973 dixit
896 3920 1168 3974 Dominus
1201 3920 1371 3973 vinea:
1419 3917 1769 3989 procuratori
1851 3915 2177 3971 dilationem
2208 3912 2279 3967 ad
2318 3926 2554 3980 regnum
2577 3925 2753 3980 usque
2784 3908 2855 3962 ad
2882 3908 3089 3964 Christi
3118 3909 3438 3978 adventum,

162 4025 279 4075 suo,
303 4016 373 4065 ut
418 4008 698 4079 inciperet
733 4024 769 4061 a
797 4008 1132 4077 novissimis,
1168 4009 1358 4078 sicque
1397 4006 1765 4071 ascendendo,
1852 4004 2018 4075 longe
2036 4003 2245 4073 diuque
2273 4000 2450 4054 multo
2478 4014 2606 4053 eum
2637 3996 2915 4050 desiderio
2944 3997 3297 4054 sustinuisse.

166 4112 464 4169 quousque
517 4096 837 4168 perveniret
867 4097 937 4150 ad
972 4096 1211 4168 primos;
1245 4102 1309 4149 ut
1339 4096 1505 4167 primi
1543 4095 1774 4166 quidem
1923 4093 2048 4157 Qua
2075 4091 2144 4144 de
2173 4105 2341 4144 causa
2371 4085 2752 4159 quaerendum,
2789 4101 2963 4155 quare
2994 4102 3105 4141 non
3150 4086 3221 4141 ad
3249 4102 3446 4163 omnes

163 4186 447 4257 accipiant
468 4185 568 4257 qui
597 4185 743 4240 circa
773 4183 1127 4239 undecimam
1156 4190 1289 4238 sunt
1314 4183 1594 4248 conducti,
1630 4182 1776 4237 sicut
1855 4181 1951 4253 qui
1979 4178 2147 4252 primi
2170 4181 2460 4241 venerunt,
2484 4180 2542 4229 et
2571 4172 2991 4228 aestimaverunt
3018 4175 3165 4245 quod
3193 4175 3319 4247 plus
3356 4193 3447 4230 es-

165 4273 307 4327 latro
348 4274 453 4328 ille
494 4274 565 4327 de
600 4290 801 4340 cruce;
850 4272 1079 4327 secundi
1109 4278 1317 4336 autem,
1353 4272 1449 4345 qui
1486 4272 1633 4326 circa
1669 4273 1983 4367 no-Dsent
2010 4265 2310 4337 accepturi,
2344 4268 2507 4334 pater
2551 4260 2794 4315 familias
2823 4262 3192 4332 responderit,
3224 4280 3351 4319 cum
3390 4269 3450 4318 et

166 4378 293 4418 nam
317 4382 332 4430 ;
370 4361 555 4427 tertii,
586 4362 683 4432 qui
710 4361 857 4416 circa
883 4366 1131 4427 sextam;
1155 4359 1362 4432 quarti,
1381 4359 1476 4430 qui
1500 4359 1646 4413 circa
1666 4347 1835 4412 ter-"
1858 4371 2239 4411 murmurasse
2255 4351 2550 4407 dicantur?
2566 4349 2671 4404 Sed
2695 4347 2794 4404 uni
2821 4365 3016 4419 eorum
3037 4350 3178 4407 dixit
3201 4370 3212 4406 :
3236 4351 3442 4419 Amice,

165 4451 332 4518 tiam;
356 4449 661 4505 novissimi
689 4466 837 4515 vero,
871 4448 968 4521 qui
989 4466 1171 4504 mane.
1216 4450 1333 4503 Hoc
1367 4447 1515 4502 enim
1545 4446 1779 4500 dederat

168 4555 229 4593 cx
258 4556 329 4595 eo
362 4537 527 4611 quod
563 4536 727 4606 dicit,
754 4540 926 4594 Redde
959 4539 1077 4592 illis
1100 4539 1415 4603 mercedem,
1441 4537 1712 4602 incipiens
1742 4550 1779 4587 α

167 4630 496 4681 novissimis
520 4642 692 4695 usque
715 4627 788 4679 ad
810 4642 1046 4694 primos,
1062 4625 1158 4696 qui
1179 4631 1390 4696 quanto
1411 4624 1781 4695 proximiores

163 4716 363 4786 gratis
392 4713 807 4785 redemptionis
834 4720 1057 4778 nostrae,
1081 4720 1239 4767 tanto
1268 4713 1481 4784 priores
1500 4711 1780 4782 accipiant

165 4820 262 4872 per
283 4804 530 4858 easdem
546 4803 726 4857 lineas
744 4803 1053 4857 vocationis
1073 4802 1467 4857 humanaePer
1486 4817 1625 4872 quas
1642 4816 1778 4853 sane

166 4891 346 4947 lineas
378 4898 446 4947 et
473 4892 745 4947 horarum
773 4892 976 4963 spatia,
1007 4897 1072 4946 ut
1098 4907 1269 4961 supra
1305 4891 1426 4960 jam
1457 4889 1591 4954 di'xi,
1618 4888 1779 4959 quasi

165 4995 308 5035 nova
335 4982 446 5035 lux
469 4984 666 5035 exorta
693 4985 819 5051 post
850 4979 1107 5035 tenebras
1130 4978 1392 5033 caecitatis
1424 4977 1683 5031 humanae
1710 4976 1783 5030 ad

169 5082 267 5122 nos
295 5068 504 5131 exivit,
538 5073 604 5121 ut
619 5067 959 5122 conduceret
979 5067 1263 5138 operarios
1283 5065 1339 5119 in
1364 5067 1583 5119 vineam
1613 5079 1782 5134 quam

167 5156 468 5227 plantavit
494 5155 722 5211 dextera
756 5172 878 5211 sua.
912 5155 1021 5210 Sed
1056 5171 1168 5209 non
1199 5170 1393 5208 omnes
1418 5155 1786 5223 portaverunt

165 5248 389 5313 pondus
410 5246 533 5299 diei
552 5236 806 5312 et'astus,
829 5249 889 5299 et
914 5243 1039 5298 ideo
1072 5260 1183 5298 non
1212 5258 1405 5297 omnes
1430 5243 1787 5298 murnurant

169 5334 456 5389 adversus
490 5332 971 5404 patremfamilias.
996 5333 1123 5387 Non
1152 5331 1234 5385 illi
1265 5331 1361 5403 qui
1386 5331 1533 5384 circa
1560 5329 1785 5383 tertiam

172 5429 225 5476 et
243 5430 507 5487 sextam,
539 5438 722 5495 neque
746 5422 827 5478 illi
858 5422 954 5495 qui
996 5422 1145 5476 circa
1173 5436 1379 5476 nonam
1422 5417 1689 5489 quoniam
1727 5416 1785 5471 hi

170 5528 281 5570 non
299 5511 636 5571 totius’diei
664 5512 885 5585 pondus
913 5510 1322 5568 sustinuerunt.
1355 5506 1463 5563 Sed
1492 5507 1635 5562 torte
1657 5521 1786 5577 par-

479 5608 748 5699 Psrnot,
775 5607 957 5693 CXX,

1860 4462 1971 4499 non
1986 4446 2130 4512 facio
2151 4443 2252 4496 tibi
2265 4443 2563 4509 injuriam,
2586 4455 2643 4492 eo
2658 4439 2803 4507 quod
2811 4455 2880 4492 ea:
2904 4441 3133 4493 denario
3146 4442 3451 4496 convenisti

1863 4549 2095 4586 mecum.
2128 4530 2252 4595 Ubi,
2296 4533 2571 4599 quantum
2602 4525 2740 4579 mihi
2771 4525 3006 4591 videtur,
3036 4526 3140 4581 etsi
3169 4543 3314 4582 unus
3343 4544 3446 4600 pro

1863 4619 2120 4674 omnibus
2148 4618 2472 4689 accipiatur,
2496 4615 2651 4686 prior
2669 4614 2805 4669 ordo
2818 4614 3164 4685 designatur,
3185 4615 3315 4671 licet
3327 4634 3448 4672 om-

1858 4726 1957 4764 nes
1972 4708 2147 4763 Judazi
2175 4704 2520 4778 portaverint
2538 4702 2882 4772 oneralegis,
2908 4711 2965 4757 et
2989 4702 3207 4774 pondus
3226 4721 3451 4761 omnes-

1862 4814 1970 4869 que
2008 4801 2182 4861 εκιι
2221 4800 2388 4849 aestus
2425 4790 3001 4863 concupiscentiarum
3042 4807 3293 4847 suarum.
3337 4794 3453 4850 Soli

1862 4902 1973 4941 non
2004 4884 2339 4955 injuriarum
2364 4882 2445 4936 illi
2465 4886 2523 4936 et
2539 4879 2831 4935 denarium
2852 4879 3133 4951 accipiunt
3151 4883 3457 4954 repromis-

1864 4991 1987 5029 sum
2008 4990 2109 5045 pro
2136 4969 2419 5026 laboribus
2435 4970 2553 5025 suis
2565 4968 2755 5039 justis,
2770 4966 2864 5039 qui
2891 4977 3221 5025 manserunt
3246 4971 3306 5025 in
3334 4971 3457 5027 uni-

1863 5068 1981 5117 tate
2012 5062 2140 5115 ﬁdei
2171 5058 2376 5114 Christi
2404 5074 2528 5112 cum
2562 5054 2821 5113 Patribus
2852 5062 2909 5110 et
2938 5056 3285 5127 patriarchis.
3325 5058 3452 5131 qui-

1869 5146 1971 5201 bus
1986 5146 2145 5204 nulla
2173 5144 2330 5198 illata
2358 5140 2746 5211 estinjustitize
2766 5139 2993 5210 injuria,
3016 5158 3143 5198 cum
3171 5142 3455 5213 reciproco

1864 5236 2046 5307 gradu
2061 5241 2118 5287 et
2138 5231 2271 5303 ipsis
2297 5231 2497 5285 collata
2514 5235 2600 5283 est
2626 5228 2813 5299 gratia
2840 5228 3068 5295 Christi,
3086 5230 3215 5301 quia
3234 5247 3300 5286 ex
3319 5247 3457 5304 ope-

1868 5324 2023 5378 ribus
2042 5322 2204 5393 legis,
2218 5324 2362 5374 teste
2380 5317 2664 5389 Apostolo,
2687 5332 2851 5372 nemo
2862 5318 3280 5389 justillcabitur.
3295 5320 3459 5387 Quod

1867 5411 2113 5485 profecto
2142 5408 2361 5481 pondus
2388 5413 2445 5462 et
2472 5411 2641 5461 aestus
2667 5404 2779 5462 diei
2802 5412 3073 5478 portasse,
3090 5424 3203 5466 non
3221 5409 3347 5467 ideo
3370 5408 3459 5465 di-

1869 5506 2090 5567 cuntur,
2132 5497 2291 5570 quasi
2328 5496 2532 5569 aliquis
2560 5509 2751 5550 eorum
2786 5509 2887 5568 per
2914 5511 3080 5559 omne
3106 5498 3212 5557 hoc
3237 5503 3461 5572 tempus

3152 5599 3232 5663 22
