3888 6172
1290 229 1348 304 s,
1387 226 1767 307 PASCHASII
1803 225 2050 307 napus:

2161 226 2165 280 ἶ
2199 225 2504 283 ABBATIS
2543 228 3036 307 COBBEISNSIS,
3615 235 3696 309 68ft

514 336 657 433 legis
671 359 873 430 jugum
892 358 951 437 et
968 352 1441 423 concupiscentias
1455 352 1769 423 pertulerit,
1792 351 1993 423 quibus
2020 351 2104 404 al-
2125 352 2177 410 A
2194 357 2325 405 sunt
2352 355 2545 439 vocati,
2577 355 2749 422 pauci
2774 369 2898 409 vero
2916 358 3086 410 electi.
3122 355 3276 411 Unde
3297 355 3571 427 fatendum,
3596 360 3700 439 quia

513 431 802 510 ternatim,
821 431 958 500 Caro
988 444 1322 511 concupiscit
1341 442 1599 495 adversus
1624 443 1909 509 spiritum,
1931 446 1981 493 et
2003 441 2111 508 spi-
2190 455 2302 493 non
2313 438 2617 495 secundum
2634 441 2922 496 electionis
2940 443 3181 513 gratiam
3205 445 3372 511 vocati
3396 452 3513 500 sunt
3530 431 3698 515 omnes;

516 540 664 591 ritus
692 518 1201 605 adversuscarnem
1234 530 1435 598 (Galat.
1475 547 1523 589 v,
1565 526 1667 593 17).
1699 529 1806 584 Sed
1835 529 1963 600 quia
1995 545 2111 583 om-
2190 545 2373 603 neque
2410 547 2627 596 omnes,
2677 530 2773 585 sed
2815 531 2979 586 multi
3018 533 3193 588 vocati
3230 540 3371 597 sunt,
3420 540 3472 588 et
3509 550 3565 589 ex
3596 535 3701 607 ipsis

514 622 724 679 nis‘illa
751 621 926 685 natio,
968 618 1145 674 donec
1186 618 1395 673 Christi
1424 618 1609 690 gratia
1635 618 1991 690 refrigeravit
2020 635 2109 672 eo-
2189 618 2353 689 pauci
2382 619 2561 673 electi.
2579 618 2855 683 Quoniam
2884 626 2941 674 et
2970 621 3146 676 Judaei
3174 637 3361 676 omnes
3390 623 3449 676 ad
3478 623 3702 677 culturam

516 724 644 767 rum
673 709 919 775 ardores,
955 714 1012 763 et
1039 707 1303 763 relevavit
1330 708 1580 778 pondera
1606 707 1959 771 delictorum,
1994 707 2103 760 im-
2184 708 2361 761 vinea:
2380 708 2561 761 vocati
2590 720 2740 772 sunt,
2767 713 2823 762 et
2840 713 3031 763 tamen
3054 711 3186 781 quia
3214 727 3322 765 non
3346 718 3705 782 permanserunt

515 799 727 876 mensis
764 798 999 873 ihtigata
1035 803 1123 852 est
1165 796 1740 867 concupiscentiarum
1773 795 2022 855 aestibus.
2052 800 2109 849 et
2188 796 2247 850 in
2279 795 2386 849 ﬁde
2417 794 2867 867 patriarcharum
2889 797 3193 864 Abraham,
3224 799 3372 853 Isaac
3392 805 3443 853 et
3458 800 3705 863 Jacob,ne-

515 882 781 961 depressa
819 892 1175 959 peccatorum
1214 884 1497 940 oneribus.
1536 883 1697 939 Unde
1745 884 2001 939 Salvator
2036 884 2107 938 ad
2191 900 2299 954 que
2323 885 2381 938 in
2402 884 2836 955 repromissione
2862 901 2984 957 qua:
3014 888 3085 940 ad
3125 903 3219 941 eos
3246 886 3386 942 facta
3412 893 3503 955 est,
3532 888 3634 947 ideo
3663 896 3706 944 et

515 990 610 1033 eos
637 978 742 1051 ait:
776 976 1045 1032 Ve'm’tead
1073 990 1156 1029 me
1177 988 1361 1029 omnes
1390 977 1490 1043 qui
1519 973 1784 1027 laboratis
1814 979 1863 1026 et
1892 976 2110 1026 onerati
2189 973 2296 1043 ipsi
2318 973 2525 1045 repulsi
2549 979 2698 1039 sunt,
2722 979 2780 1028 et
2799 991 2994 1029 omnes
3013 975 3109 1046 qui
3130 992 3241 1030 non
3269 977 3705 1048 perseveraruntin

513 1068 658 1137 estis,
683 1068 733 1119 et
752 1080 844 1139 ego
875 1064 1122 1133 reﬁciam
1146 1078 1234 1117 vos
1249 1060 1461 1133 (Matth.
1494 1074 1569 1128 χι,
1603 1059 2007 1132 18).Quoniam
2028 1066 2110 1115 to-
2189 1063 2467 1115 culturam
2497 1062 2687 1128 vineae,
2716 1069 2782 1117 ut
2798 1071 3195 1136 permanerent
3215 1067 3271 1120 in
3300 1065 3593 1121 ﬁdeChristi
3615 1083 3707 1143 qua

510 1155 626 1209 tius
650 1150 761 1208 diei
774 1151 1022 1225 pondera
1039 1152 1288 1223 graviter
1305 1150 1571 1216 tulerant,
1600 1166 1723 1220 qua:
1742 1166 1843 1203 nec
1872 1150 1980 1220 ipsi
2004 1167 2107 1205 nec
2189 1166 2290 1221 per
2316 1149 2670 1204 dilectionem
2700 1158 2984 1222 operatur.
3016 1153 3228 1208 Idcirco
3248 1171 3355 1209 non
3381 1155 3445 1209 de
3470 1156 3583 1217 solis
3602 1172 3708 1227 gen-

511 1247 702 1314 patres
732 1256 925 1297 eorum
959 1244 1185 1317 portare
1214 1244 1477 1311 poterant
1509 1256 1521 1291 :
1567 1232 1692 1293 ideo
1721 1243 1779 1293 et
1824 1238 1930 1310 ipsi
1958 1238 2107 1309 grati
2188 1239 2339 1292 tibus
2366 1239 2421 1292 id
2450 1239 2834 1310 accipiendum
2859 1245 2962 1309 est,
2985 1247 3047 1297 ut
3073 1242 3180 1314 ipsi
3197 1243 3709 1308 voluntbaeretici,sed

512 1347 638 1387 esse
656 1326 969 1386 debuerant
991 1328 1169 1403 magis
1195 1343 1363 1399 quam
1385 1327 1611 1398 ingrati,
1633 1342 1697 1381 eo
1717 1327 1863 1396 quod
1892 1332 1948 1381 et
1971 1328 2106 1398 ipsis
2190 1327 2259 1381 de
2289 1328 2440 1381 omni
2471 1328 2757 1383 vocatione
2789 1330 3035 1402 quinque
3063 1330 3348 1397 horarum,
3385 1347 3445 1386 ex
3482 1331 3649 1403 quibus
3669 1338 3711 1386 et

509 1417 697 1499 gratia
721 1416 962 1473 dabatur
993 1433 1115 1488 quae
1143 1422 1202 1470 et
1235 1416 1515 1487 gentibus,
1557 1421 1621 1469 ut
1658 1430 1851 1469 omnes
1889 1432 2002 1470 non
2038 1416 2107 1469 de
2189 1416 2411 1487 reprobi
2438 1416 2816 1482 inveniuntur,
2843 1424 2901 1473 et
2924 1419 3116 1474 ﬁdeles
3145 1426 3313 1491 atque
3335 1420 3484 1474 electi
3514 1420 3580 1474 Eo
3595 1420 3709 1499 quod

512 1492 641 1581 suis
658 1504 897 1581 meritis,
919 1505 1017 1561 sed
1036 1505 1107 1577 de
1133 1505 1385 1559 bonitate
1401 1504 1501 1558 Dei
1518 1504 2107 1576 praesumerentUnde
2188 1522 2353 1558 nemo
2376 1507 2783 1561 mercenarium
2801 1507 2870 1561 ad
2891 1523 3030 1578 opus
3040 1508 3301 1563 conducit
3316 1513 3520 1563 tantum
3532 1492 3712 1563 utman-

511 1578 594 1652 ait
621 1582 687 1651 ac
709 1578 757 1651 si
777 1594 991 1650 invido:
1024 1597 1112 1649 An
1147 1597 1335 1648 oculus
1353 1597 1481 1646 tuus
1504 1608 1739 1662 nequam
1757 1596 1991 1661 est,quz‘a
2012 1610 2162 1667 ego_
2188 1594 2353 1648 ducet
2378 1600 2434 1649 et
2463 1593 2617 1649 bibat
2644 1601 2813 1666 atque
2843 1602 3065 1667 torpeat
3093 1597 3227 1661 otio,
3260 1596 3354 1651 sed
3373 1604 3432 1652 ut
3457 1595 3639 1651 laboret
3667 1603 3709 1659 et

513 1688 686 1740 bonus
704 1688 867 1739 sum?
896 1684 1129 1761 Semper
1150 1696 1392 1752 namque
1412 1661 1631 1735 invidus
1651 1681 1820 1746 dolet,
1847 1682 2005 1753 quasi
2025 1661 2169 1736 to-B
2189 1684 2402 1737 excolat
2433 1683 2580 1754 quod
2609 1683 2660 1737 ei
2688 1661 3003 1753 injunctu-m
3035 1691 3137 1740 est.
3170 1685 3315 1761 Nam
3342 1687 3397 1740 in
3428 1689 3551 1753 ioro,
3579 1686 3625 1740 id
3649 1690 3712 1741 est

508 1777 635 1855 tum
662 1772 770 1827 sibi
806 1772 882 1837 sit
924 1760 1272 1835 subtractum
1305 1768 1575 1841 quidquid
1612 1769 1773 1825 alteri
1805 1777 1891 1824 est
1918 1787 2109 1841 super-
2188 1772 2247 1825 in
2273 1772 2513 1843 negotiis
2541 1772 2711 1842 hujus
2731 1772 2936 1832 saeculi,
2955 1788 2989 1827 a
3012 1790 3123 1845 quo
3143 1760 3321 1829 vocati
3335 1775 3626 1835 sunt,multi
3638 1781 3711 1829 aut

510 1862 786 1935 additum.
830 1862 1032 1916 Totum
1065 1864 1228 1931 putat
1256 1856 1359 1911 sibi
1397 1857 1576 1911 minui
1607 1872 1733 1911 cum
1761 1857 1965 1912 viderit
2000 1859 2106 1911 ali-
2187 1859 2396 1914 mortui
2443 1864 2592 1926 sunt,
2648 1865 2748 1914 aut
2800 1860 2914 1915 otio
2958 1865 3205 1933 torpent.
3263 1864 3326 1918 In
3378 1863 3574 1935 cultura
3613 1879 3710 1923 vero

512 1964 680 2022 quem
703 1964 763 2004 se
792 1948 915 2013 ﬂeri
954 1947 1243 2013 ditiorem;
1278 1945 1365 1999 vel
1404 1946 1573 1999 etiam
1607 1946 1654 2000 si
1682 1946 1884 1999 viderit
1913 1962 2104 2019 quem-
2186 1946 2357 2003 vineae
2406 1948 2613 2003 Christi
2669 1964 2837 2017 nemo
2895 1949 3107 2005 otiosus
3150 1967 3272 2006 esse
3324 1952 3496 2018 debet,
3543 1950 3584 2006 si
3623 1951 3713 2006 vult

505 2037 644 2096 libet
671 2040 778 2105 sibi
806 2039 1103 2113 coaequari.
1137 2038 1206 2103 Et
1228 2037 1334 2092 hoc
1363 2041 1545 2092 totum
1574 2036 1626 2091 ei
1664 2053 1729 2091 ex
1756 2054 1899 2091 vana
1921 2039 2103 2108 gloria
2184 2052 2413 2091 manere
2458 2038 2518 2091 in
2563 2037 2692 2092 vite.
2725 2036 2991 2109 Alioquin
3036 2044 3094 2092 et
3144 2040 3265 2111 ipse
3310 2040 3586 2107 excidetur,
3609 2039 3707 2093 licet

505 2117 776 2199 nascitur.
804 2130 884 2183 Ac
906 2144 1007 2205 per
1027 2127 1133 2183 hoc
1152 2124 1330 2199 magis
1351 2143 1417 2180 ex
1434 2143 1585 2181 more
1616 2131 1673 2185 et
1698 2126 2100 2184 consuetudine
2182 2125 2397 2196 palmes
2426 2142 2547 2180 esse
2576 2124 2849 2191 videatur,
2898 2132 2956 2180 et
2994 2124 3052 2181 in
3100 2126 3293 2199 ignem
3335 2128 3583 2193 mittetur,
3610 2128 3709 2199 quia

505 2205 707 2297 eorum.
727 2214 998 2295 loquitur,
1012 2216 1107 2287 qui
1132 2215 1432 2275 carnaliter
1458 2215 1517 2271 in
1542 2216 1665 2284 lege
1690 2215 2095 2284 gloriabantur,
2181 2214 2415 2289 negligit
2462 2214 2607 2269 ferre
2659 2213 2903 2270 fructum
2946 2214 3079 2269 boni
3121 2216 3327 2289 operis.
3355 2216 3548 2278 Idcirco
3572 2218 3711 2297 prima

504 2323 677 2387 quam
717 2323 784 2379 ea
822 2305 1024 2384 affectu
1062 2303 1287 2357 illorum
1333 2303 1429 2377 qui
1478 2307 1929 2368 remunerantur,
1971 2304 2102 2358 licet
2181 2302 2304 2361 laus
2359 2308 2445 2356 est
2481 2302 2799 2358 Christiano
2845 2303 3093 2358 alienum
3123 2322 3249 2367 esse
3290 2324 3325 2367 a
3350 2304 3480 2372 foro,
3510 2313 3561 2360 et
3580 2322 3711 2381 nego-

505 2394 635 2471 post
659 2395 886 2471 longam
905 2391 1359 2448 dilationem.Si‘c
1382 2397 1567 2457 erunt,
1594 2390 1796 2464 inquit,
1814 2394 2101 2446 novissimi
2181 2388 2278 2443 tiis
2332 2391 2502 2461 hujus
2560 2392 2766 2459 saeculi,
2815 2406 2879 2446 ac
2921 2392 3253 2461 fraudibus;
3292 2394 3494 2451 nullam
3535 2409 3711 2450 causam

505 2485 705 2561 primi,
722 2480 959 2561 etprimz'
976 2478 1773 2557 n.0vissz'mz'.Repetiteamdem
1786 2498 1952 2555 quam
1966 2497 2102 2551 pra»
2186 2484 2372 2544 833
2400 2479 2605 2535 habere
2635 2497 2762 2534 cum
2788 2480 2905 2535 ullo
2935 2481 3132 2552 litigio,
3166 2483 3303 2552 quia
3335 2477 3509 2545 nullus
3533 2483 3583 2535 in
3604 2482 3707 2544 foro,

502 2552 661 2649 misit
686 2552 1042 2649 sententiam,
1074 2568 1143 2623 de
1172 2568 1378 2623 Iudaeis
1408 2574 1464 2622 et
1488 2568 1777 2647 gentibus;
1810 2552 1941 2643 quia
1970 2569 2101 2625 licet
2182 2560 2290 2620 nisi
2324 2567 2463 2621 lucri
2493 2585 2683 2635 causa,
2708 2569 2977 2633 decertat,
3004 2586 3038 2623 a
3058 2587 3170 2643 quo
3188 2588 3380 2628 omnes
3398 2576 3457 2625 ut
3471 2586 3711 2645 operemur

502 2648 681 2735 Judaei
709 2648 768 2713 in
796 2658 978 2739 primo
1006 2656 1127 2712 loco
1148 2657 1262 2712 sint
1289 2657 1468 2711 vocati
1498 2663 1628 2711 ante
1654 2664 1871 2728 gentes,
1898 2664 2096 2729 gentes
2180 2655 2361 2709 vocati
2392 2673 2603 2711 sumus.
2640 2656 2746 2711 Sed
2777 2658 2911 2731 quia
2946 2657 3128 2723 omnis
3161 2660 3280 2715 haec
3313 2659 3558 2739 parabole
3580 2659 3711 2713 hare-

500 2753 698 2804 tamen
724 2736 926 2827 quibus
946 2751 1033 2807 est
1058 2745 1431 2820 repromissus
1460 2763 1590 2801 eum
1628 2753 2011 2818 susceperunt,
2044 2752 2102 2800 et
2180 2744 2421 2800 ticorum
2451 2745 2739 2799 fraudibus
2768 2751 2854 2799 est
2880 2736 3455 2819 depravata,cavenda
3472 2753 3708 2805 estcomm

498 2827 632 2915 iacti
660 2842 793 2915 sunt
810 2836 1065 2915 in‘gratia
1085 2834 1268 2906 primi.
1294 2834 1363 2890 Et
1381 2850 1509 2889 cum
1533 2834 1821 2906 plenitudo
1843 2836 2098 2906 gentium
2180 2833 2555 2905 intelligentia
2584 2850 2696 2906 qua
2723 2835 2941 2901 dicunt;
2974 2840 3256 2909 quotquot
3279 2837 3451 2901 vocati
3469 2841 3583 2915 sunt
3599 2836 3711 2890 inter

496 2908 797 2991 introierit,
832 2908 960 2999 tum
1004 2924 1233 2981 demum
1270 2921 1447 2976 Judaei
1486 2922 1771 2977 novissimi
1809 2922 2154 2999 salvabun-n
2182 2921 2469 2991 operarios
2500 2921 2691 2986 vineae,
2727 2939 2838 2976 non
2874 2908 3327 2983 numerabuntur
3373 2925 3439 2999 ad
3473 2912 3713 2999 premium

497 3002 612 3089 tur,
656 3013 755 3087 qui
799 3016 961 3089 erant
989 3010 1123 3066 olim
1162 3009 1346 3082 primi.
1392 3009 1519 3064 Haec
1558 3009 1762 3083 quippe
1801 3017 1883 3065 est
1923 3002 2156 3066 totius”
2176 3008 2327 3063 inter
2347 3026 2441 3063 eos
2469 3010 2516 3063 si
2546 3010 2792 3083 prolapsi
2828 3011 2959 3077 sint,
2981 3016 3038 3065 et
3058 3013 3275 3083 egressi
3291 3014 3359 3071 de
3377 3014 3541 3082 vinea,
3562 3015 3716 3085 etrur-

495 3086 778 3179 parabolai
796 3086 1045 3166 summa;
1078 3097 1195 3153 haec
1210 3097 1391 3151 omnis
1414 3099 1463 3168 ej
1473 3115 1537 3151 us
1555 3097 2096 3173 absolutio.Propter
2177 3113 2272 3153 sus
2302 3098 2372 3152 ad
2409 3098 2594 3155 forum
2619 3100 2893 3156 redierint
2917 3100 3073 3159 lucra
3097 3103 3400 3177 voluptatis
3420 3120 3523 3156 suae
3548 3106 3714 3165 sectan-

499 3186 650 3285 qqod
680 3192 738 3261 et
768 3185 1055 3263 novissimi
1084 3190 1416 3257 acceperunt
1456 3185 1768 3253 denarium,
1812 3188 1905 3260 qui
1933 3195 2096 3243 erant
2175 3193 2297 3254 tes;
2338 3204 2439 3241 nec
2484 3204 2645 3259 posse
2688 3205 2884 3244 rursus
2921 3190 3081 3267 quasi
3126 3192 3459 3267 poenitentes
3498 3188 3559 3261 ab
3592 3186 3714 3261 initio

496 3271 867 3357 plrimiv.Forte
894 3288 1007 3333 nOn
1033 3278 1098 3331 ut
1122 3271 1409 3329 novissimi
1441 3275 1746 3329 sanctiores
1785 3293 1851 3331 ac
1879 3275 2094 3349 dignio-
2174 3275 2397 3329 vineam
2430 3277 2820 3347 operari.Quia
2842 3295 2955 3343 non
2985 3286 3227 3355 possunt
3236 3279 3355 3355 jam
3384 3278 3551 3355 dicere
3578 3276 3715 3357 patri-

496 3380 597 3433 res
623 3363 925 3443 credantur
960 3362 1241 3429 Patribus,
1280 3362 1379 3416 sed
1406 3366 1470 3416 ut
1499 3368 1855 3437 coaequentur
1883 3365 1942 3419 in
1980 3382 2093 3421 una
2173 3362 2434 3425 familias,
2470 3365 2602 3437 quia
2649 3383 2806 3420 nemo
2862 3384 2960 3422 nos
2998 3369 3288 3428 conduxit.
3318 3365 3567 3429 Conducti
3600 3364 3712 3420 enim

496 3444 601 3525 spe,
620 3448 946 3533 vocationis,
979 3451 1351 3543 quianullam
1382 3448 1756 3507 differentiam
1786 3450 1919 3509 facit
1943 3458 2092 3509 tem-
2174 3452 2399 3508 fuerant
2413 3453 2720 3508 secundum
2750 3460 2975 3527 tempus
2997 3456 3275 3527 primum,
3295 3457 3507 3535 quando
3524 3458 3633 3510 sunt
3649 3468 3715 3504 v0-

495 3541 654 3613 poris.
672 3557 857 3619 causa,
877 3539 975 3607 sed
1001 3538 1331 3611 meritorum
1359 3539 1562 3613 gratia.
1581 3539 1941 3599 Undeomnes
1961 3559 2092 3596 san-
2175 3540 2288 3595 cati
2334 3538 2405 3597 ad
2447 3542 2635 3598 ﬁdem.
2687 3542 2795 3596 Sed
2838 3542 3021 3614 neque
3072 3543 3296 3606 dicetur
3344 3547 3438 3612 eis,
3482 3542 3710 3619 inquiunt,

496 3622 579 3705 eti.
601 3628 769 3710 quasi.
787 3645 993 3705 corona
1018 3632 1153 3697 sunt
1179 3627 1238 3687 in
1266 3644 1436 3681 manu
1466 3628 1566 3682 Dei
1591 3648 1604 3697 ;
1629 3632 1818 3701 83$
1849 3647 1913 3684 eo
1945 3630 2094 3703 quod
2178 3628 2320 3711 Quid
2338 3629 2590 3683 hz'cstate's
2606 3636 2715 3684 tota
2732 3632 2818 3685 die
2835 3636 3033 3686 otiosi?
3061 3632 3383 3711 Praesertim
3403 3634 3523 3709 quia
3540 3632 3713 3686 inmor-

495 3716 643 3799 sicut
766 3734 991 3799 corona,
1024 3733 1146 3797 quae
1173 3715 1332 3788 quasi
1363 3717 1549 3789 cyclus
1581 3717 1639 3771 in
1665 3734 1805 3791 gyro
1832 3718 2091 3786 volvitur,
2179 3710 2294 3770 tem
2314 3718 2559 3791 prolapsi
2594 3724 2744 3783 sunt,
2771 3720 3026 3775 nolentes
3047 3721 3190 3779 illud
3219 3710 3572 3790 causiderare,
3601 3714 3712 3795 quod

496 3804 641 3871 nihil
660 3806 909 3881 invenies
932 3804 1080 3883 quod
1114 3804 1431 3861 inveniatur
1460 3804 1724 3876 primum,
1761 3811 1861 3861 aut
1888 3806 2097 3863 habere
2179 3806 2226 3857 si
2254 3805 2476 3876 regredi
2500 3804 2779 3863 voluerint
2807 3813 2865 3862 et
2891 3826 3122 3883 surgere
3152 3812 3285 3867 inde
3312 3812 3405 3869 ubi
3425 3808 3709 3881 corruerant.

496 3884 731 3975 initium
750 3892 840 3967 vel.
865 3896 1035 3971 finem
1059 3912 1072 3949 :
1107 3893 1186 3949 sic
1214 3899 1270 3948 et
1298 3894 1446 3947 inter
1465 3899 1707 3963 sanctos,
1733 3901 2004 3967 quantum
2027 3897 2098 3952 ad
2182 3894 2331 3967 quod
2359 3894 2417 3948 in
2439 3895 2776 3969 Apocalypsi
2797 3895 3008 3951 dictum
3038 3898 3281 3975 legimus
3307 3918 3319 3953 :
3349 3901 3588 3954 Memento
3604 3893 3713 3948 unde

496 3974 731 4057 tempus
758 3989 973 4075 spectat
1013 3982 1072 4037 in
1102 3981 1197 4037 illo
1226 3982 1452 4051 saeculo,
1480 3988 1537 4036 et
1564 3982 1664 4037 illa
1692 3982 1806 4037 vita
1836 4002 1958 4055 quae
1998 4002 2099 4057 per
2181 3984 2456 4049 cecideris,
2481 3989 2530 4037 et
2546 4001 2644 4053 age
2652 3974 3120 4055 paenitentiam,th
3137 3991 3340 4058 priora
3359 4005 3512 4059 opera
3540 3992 3620 4051 tua
3648 3982 3713 4075 [af

498 4066 1117 4153 denarium'ﬁguratur,
1133 4087 1298 4124 nemo
1322 4070 1656 4149 novissimus
1682 4070 1907 4135 dicitur,
1929 4089 2095 4129 nemo
2181 4073 2357 4143 (Apoc.
2396 4087 2453 4136 II,
2488 4070 2562 4136 5).
2580 4074 2689 4131 Seu
2717 4078 2774 4128 et
2802 4075 2862 4129 in
2887 4075 3321 4152 quamplurimis
3351 4078 3469 4132 aliis
3485 4074 3618 4139 locis,
3638 4066 3709 4125 ubi

499 4160 737 4239 primus.
768 4156 838 4219 Et
864 4150 993 4243 ideo
1022 4174 1191 4232 quam
1220 4156 1482 4215 decenter
1513 4159 1607 4231 qui
1640 4159 1794 4233 prius
1818 4160 1935 4214 nati
1964 4170 2098 4216 sunt
2178 4159 2616 4237 benignissimus
2640 4163 2895 4217 Salvator
2910 4150 3048 4243 post
3076 4166 3275 4241 culpas
3298 4167 3369 4223 ad
3394 4164 3590 4227 veniam
3607 4156 3713 4231 invi-

502 4238 561 4311 ξι
584 4238 1097 4313 vacati,novissime
1123 4250 1586 4311 remunerantur;
1613 4251 1669 4299 et
1698 4247 1794 4317 qui
1810 4248 2096 4313 novissimi
2114 4309 2161 4329 ἢ
2178 4253 2279 4305 tat.
2306 4249 2464 4314 Quod
2507 4250 2555 4308 si
2585 4251 2673 4305 cui
2694 4252 2917 4325 prolixa
2938 4238 3067 4307 illaec
3113 4238 3388 4327 expositio
3408 4243 3711 4329 displicuerit.

501 4309 637 4399 sunt
663 4309 846 4395 renati
874 4332 934 4389 in
966 4332 1188 4419 Christo
1226 4330 1410 4403 primi,
1445 4309 1673 4403 denario
1711 4309 1841 4389 vitae
1889 4342 1947 4390 et
1991 4309 2416 4411 ipsiDaccipiat
2434 4336 2681 4413 singulas
2694 4309 3162 4397 ietatesliumanaa
3180 4309 3328 4419 idne;
3348 4349 3402 4397 et
3419 4309 3712 4415 pnfmaehom

501 4426 956 4505 remunerantur.
999 4418 1075 4476 Ut
1121 4418 1203 4475 illi
1240 4418 1479 4489 primam
1518 4421 1762 4491 gratiam
1803 4422 2092 4493 habentes,
2180 4428 2462 4500 operarios
2542 4427 2822 4505 intelligat
2879 4428 3219 4500 Samuelem,
3290 4429 3588 4505 Ieremiam,
3640 4435 3712 4475 seu

499 4498 759 4609 istisper
782 4510 926 4609 hanc
954 4513 1331 4607 cpaqucntur,
1372 4504 1517 4608 sicut
1544 4514 1611 4609 ~et
1647 4509 1742 4564 isti
1780 4529 1879 4583 per
1917 4513 2097 4585 ipsam
2178 4498 2450 4571 Joannem
2471 4498 2803 4589 Baptistain,
2827 4518 2915 4575 vel
2930 4519 3070 4576 tales
3082 4498 3407 4595 hujusmodi
3427 4498 3513 4609 qui
3529 4510 3712 4590 possunt

501 4596 771 4679 eamdem,
791 4595 998 4665 Christi
1014 4594 1256 4673 gratiam
1276 4596 1579 4663 novissimi,
1600 4605 1662 4653 ut
1683 4598 1850 4671 primi
1874 4604 2011 4657 (iant
2038 4605 2097 4660 in
2181 4603 2366 4658 dicere
2418 4624 2429 4657 :
2479 4605 2561 4660 Ex
2597 4611 2752 4661 utero
2792 4610 2993 4679 metiris
3039 4625 3169 4664 mea
3225 4611 3364 4664 Deus
3392 4592 3549 4663 mea:
3582 4618 3626 4657 es
3668 4600 3710 4650 iu

502 4686 727 4769 Christo
752 4691 1243 4772 concorporantur.
1287 4684 1394 4741 Sed
1422 4687 1555 4758 quia
1581 4692 1696 4742 tam
1727 4690 1941 4762 priores
1965 4709 2098 4765 ope-
2183 4694 2344 4761 (Psal.
2370 4708 2497 4761 Lxx,
2531 4693 2605 4763 7).
2630 4694 2830 4750 Tertiae
2858 4713 2988 4751 vero
3016 4694 3168 4752 horae
3198 4696 3440 4772 operarii
3466 4681 3711 4769 eruilt_.¢1ui

500 4774 640 4853 rarii
661 4792 831 4853 quam
863 4770 1170 4845 novissimi,
1204 4792 1398 4830 omnes
1426 4775 1484 4829 in
1516 4776 1736 4831 vineam
1764 4780 2100 4849 patrisfami-
2179 4798 2215 4835 a
2249 4780 2543 4854 pubertate
2573 4781 2688 4841 Deo
2732 4784 2940 4847 servire
2967 4770 3276 4858 coeperunt.
3321 4770 3495 4842 Sextia
3539 4786 3710 4859 quoque

500 4862 625 4941 lias,
650 4860 721 4931 ad
753 4862 1107 4927 excolendam
1130 4879 1253 4951 eam
1274 4869 1407 4920 sunt
1425 4865 1701 4933 conducti,
1724 4881 1837 4919 non
1858 4873 1991 4922 sunt
2009 4886 2105 4924 au-
2185 4868 2340 4925 horae
2375 4876 2507 4927 sunt
2528 4872 2586 4925 hi
2616 4872 2731 4951 qui,
2759 4874 2878 4946 jam
2898 4874 3144 4949 perfecta
3174 4878 3360 4951 atate,
3389 4874 3443 4939 id
3462 4874 3555 4939 est,
3580 4861 3711 4939 inlju'

500 4940 693 5020 diendi
731 4951 996 5033 hgretici,
1026 4949 1601 5015 Jovinianusscilicet
1637 4958 1693 5007 et
1739 4955 1943 5021 czeteri,
2004 4956 2098 5028 qui
2182 4964 2427 5024 ventute,
2475 4940 2843 5034 susceperunt
2886 4940 3091 5034 iugum
3122 4940 3355 5034 Christi.
3398 4961 3555 5034 Porro
3588 4965 3709 5009 nona?

499 5038 714 5118 nullam
728 5040 878 5128 inter
892 5056 988 5119 eos
1010 5038 1387 5094 diiferentiam
1404 5041 1599 5113 volunt
1622 5040 1837 5108 haberi,
1860 5059 1924 5097 eo
1947 5046 2095 5117 quod
2178 5044 2329 5101 horae
2360 5048 2600 5120 operarii
2648 5032 2750 5104 nec
2794 5032 3076 5125 immerito
3120 5032 3484 5128 accipiuntur,
3509 5032 3595 5124 qui
3613 5052 3708 5097 cum

500 5146 697 5199 omnes
722 5126 781 5191 in
808 5125 1027 5203 vineam
1051 5126 1486 5191 sinttransmissi
1505 5136 1560 5183 et
1584 5130 1653 5183 ad
1667 5130 1944 5186 culturam
1966 5149 2092 5207 con-
2174 5133 2289 5201 iam
2317 5134 2595 5191 declinare
2623 5138 2883 5192 videntur
2901 5122 2971 5199 ad
2992 5122 3358 5205 senectutem,
3387 5139 3454 5206 ad
3480 5122 3622 5207 ﬁdem
3646 5141 3710 5179 ἴθ’
3786 5192 3787 5207 1

500 5214 672 5293 ducti.
696 5217 856 5295 Unde
874 5222 932 5275 et
953 5233 1078 5277 sero
1108 5233 1283 5281 unum
1304 5234 1497 5293 omnes
1514 5218 1826 5302 denarium,
1843 5219 1961 5274 sine
1979 5206 2094 5275 ulla
2175 5223 2356 5279 niunt.
2384 5225 2584 5298 Sicque
2614 5225 2815 5280 deinde
2832 5226 2983 5283 horae
3006 5206 3318 5291 undecimae
3347 5204 3568 5302 operarii
3592 5218 3639 5274 in
3661 5226 3706 5302 Πξ
3782 5204 3787 5302 ]

508 5272 635 5293 τμη
710 5272 729 5274 γρ
823 5272 851 5295 δ.
886 5272 927 5275 .-
1063 5272 1067 5277 τ
1267 5272 1272 5281 .
1316 5272 1324 5275 ἡ
1378 5272 1381 5273 ν
1438 5288 1443 5293 ζ
1566 5272 1593 5273 η
1648 5272 1651 5273 ν
1816 5272 1861 5284 ,κ
2386 5272 2469 5279 ν--
2520 5272 2584 5279 κ-
2616 5272 2815 5280 nu.--
2832 5272 2982 5283 ..νην
3010 5272 3317 5291 ...μννηυνν
3420 5272 3604 5291 --τεὴ

500 5306 822 5387 exceptione
853 5304 1153 5381 accipiunt,
1188 5311 1243 5371 et
1277 5322 1441 5361 nemo
1485 5299 1678 5385 eorum
1710 5308 2026 5381 excluditur
2060 5326 2095 5364 a
2176 5310 2271 5364 illa
2315 5272 2683 5387 accipiuntur,
2727 5315 2824 5385 qui
2869 5315 3030 5381 valde
3052 5333 3211 5377 senes
3238 5272 3544 5389 sunifquos
3780 5272 3785 5347 i

497 5386 733 5479 manlio,
755 5399 845 5474 (ut.
864 5394 975 5465 ipsi
1001 5393 1217 5471 volunt)
1240 5393 1561 5469 quicunque
1582 5397 2092 5463 vowtisunt.Quod
2173 5416 2285 5457 non
2329 5400 2705 5474 presbyteros,
2743 5404 2840 5457 sed
2867 5404 3146 5477 gerondas
3171 5390 3391 5479 vocant,
3424 5386 3477 5457 id
3502 5402 3577 5463 est
3599 5386 3705 5479 ωιιξ·

496 5468 657 5558 ὧρθ
672 5470 791 5567 haec
809 5468 1097 5565 sententia;
1112 5468 1459 5560 Contradicit,
1477 5500 1605 5543 cum
1625 5485 1705 5542 ait
1730 5505 1741 5540 :
1766 5489 1909 5556 Quia
1922 5490 2092 5543 multi
2170 5488 2292 5569 tum
2314 5468 2625 5561 decrepitos
2652 5511 2663 5546 :
2690 5468 2753 5563 et
2779 5468 2973 5558 tanien
3002 5468 3445 5571 omnes:
3600 5474 3705 5545 θοοὶ·
