3888 6172
487 220 594 281 687
1238 219 1299 276 S.
1337 218 1717 295 PASCHASII
1755 215 2117 274 RADBERTI
2153 215 2458 271 ABBATIS
2495 212 2992 272 CORBEIENSIS.
3583 223 3665 281 538

487 361 683 403 eorum
703 346 801 419 qui
827 344 1110 417 petebant,
1137 342 1298 416 quasi
1326 342 1573 414 religiosi
1601 347 1660 397 et
1682 341 1922 397 caelestis
1948 341 2071 413 glo-
2090 342 2137 403 Α
2161 340 2312 394 enim
2353 356 2515 395 suam
2561 339 2804 412 denegat
2847 341 3109 396 Christus
3156 347 3468 413 potestatem
3516 346 3669 416 dandi,

486 435 585 491 rim
611 439 913 499 amatores,
935 438 1125 487 tamen
1145 448 1258 486 non
1285 432 1447 502 quasi
1466 431 1758 487 scientiam
1784 430 2073 486 habentes.
2159 429 2414 500 quamvis
2459 430 2687 484 haeresis
2725 430 3006 485 Feliciana
3043 432 3289 502 gaudens
3337 433 3421 487 hic
3466 444 3673 507 assurgat

2159 524 2355 572 contra
2382 518 2549 572 fidem
2578 518 2943 586 catholicam;
2980 521 3140 590 quasi
3180 521 3308 592 quia
3332 525 3672 594 nuncupativus

2159 613 2281 661 erat
2305 607 2405 661 Dei
2435 608 2608 662 Filius
2636 607 2719 661 vel
2749 608 3047 679 adoptivus
3089 610 3383 664 secundum
3408 611 3668 667 hominem:

2158 697 2285 751 ideo
2314 696 2496 750 dicat:
2531 698 2652 751 Non
2681 703 2755 750 est
2784 714 2971 751 meum
3014 700 3151 752 dare
3195 701 3351 765 vobis,
3398 717 3509 754 cum
3546 702 3674 773 longe

2159 785 2325 839 aliter
2349 785 2467 856 ipse
2500 785 2683 839 dicat:
2738 787 2861 839 Non
2905 791 2979 840 est
3026 803 3229 841 meum.
3276 789 3350 842 Ac
3398 789 3439 842 si
3474 788 3671 844 diceret:

2158 875 2285 928 Mea
2311 873 2492 927 forma
2519 872 2578 926 in
2606 890 2719 944 qua
2745 874 2913 929 homo
2939 891 3083 941 sum,
3117 881 3182 930 ut
3209 892 3299 930 vos
3342 876 3558 943 creditis,
3589 894 3675 932 non

2159 968 2246 1016 est
2270 979 2408 1016 mea;
2433 961 2819 1032 possibilitatis
2848 964 2985 1017 dare
3016 980 3139 1035 quae
3167 964 3401 1036 poscitis.
3431 964 3554 1036 Ergo
3579 982 3676 1020 cum

487 522 564 577 Et
586 522 713 577 ideo
742 538 869 576 cum
898 521 996 575 illa
1032 520 1312 592 poposcit:
1356 521 1458 574 Dic
1492 526 1554 574 ut
1593 521 1818 575 sedeant
1862 521 1925 573 hi
1969 521 2078 574 duo

486 612 601 677 ﬁlii
627 613 752 674 mei,
779 626 928 664 unus
946 611 1020 663 ad
1037 611 1289 663 dextram
1311 614 1468 662 tuam
1480 611 1543 662 in
1560 625 1726 677 regno
1743 615 1855 673 tuo,
1869 611 2077 662 elatius

486 700 561 752 ad
576 701 889 752 sinistram.
914 698 1179 763 Quamvis
1193 697 1275 751 eis
1288 696 1537 751 caalestia
1547 697 1818 768 petiisset,
1838 696 2077 751 caelestis

488 786 701 841 arbiter
719 803 833 841 non
861 787 933 841 ad
960 785 1130 840 verba
1154 785 1425 853 mulieris,
1456 786 1554 840 sed
1574 786 1645 840 ad
1687 786 1982 841 consilium
2021 791 2079 840 et

485 875 901 948 suggestionem
924 874 1169 929 ﬁliorum
1197 873 1488 945 respondit
1526 893 1538 929 :
1573 875 1819 940 Nescitis,
1871 874 2073 944 inquit,

484 967 624 1034 quid
638 968 852 1034 petatis.
863 965 945 1018 Ac
956 963 1004 1018 si
1019 963 1249 1030 diceret,
1266 963 1535 1034 Nunquid
1554 979 1668 1017 non
1678 963 1914 1017 audistis
1927 963 2077 1033 quod

486 1054 583 1124 qui
612 1069 648 1107 a
698 1052 941 1108 sinistris
970 1056 1141 1107 erunt
1168 1051 1454 1106 maledicti
1500 1056 1667 1106 erunt
1707 1056 1766 1106 et
1810 1050 2077 1122 reprobi?
2158 1051 2239 1105 ita
2257 1051 2332 1105 sit
2356 1050 2805 1121 intelligendum,
2828 1068 2940 1106 non
2956 1052 3201 1107 attendit
3215 1069 3354 1107 caeca
3378 1054 3679 1125 praesumptio

480 1138 694 1197 Idcirco
719 1157 818 1197 vos
837 1141 1026 1196 vocavi
1045 1141 1115 1194 de
1132 1139 1377 1195 sinistris
1393 1140 1464 1194 ad
1483 1140 1755 1205 dextram,
1778 1144 1844 1194 ut
1855 1156 2078 1210 semper
2158 1155 2384 1194 causam
2415 1156 2517 1193 cur
2537 1140 2642 1194 hoc
2672 1140 2876 1195 dixerit
2917 1141 3190 1207 Salvator,
3233 1142 3320 1196 cui
3362 1145 3530 1196 omnia
3566 1144 3677 1196 dedit

480 1229 541 1285 in
568 1229 779 1284 dextris
806 1228 1205 1300 permaneatis.
1237 1228 1307 1283 Et
1333 1227 1468 1299 quid
1497 1233 1584 1283 est
1610 1228 1759 1299 quod
1777 1244 1874 1282 vos
1891 1233 2074 1282 vestro
2156 1229 2319 1281 Pater
2338 1230 2404 1281 in
2434 1244 2637 1282 manus
2670 1230 2849 1297 (Joan.
2877 1242 3001 1296 xm,
3039 1228 3115 1298 3).
3148 1230 3273 1284 Non
3303 1230 3440 1284 enim
3466 1229 3571 1283 ideo
3594 1246 3679 1284 non

480 1317 714 1373 consilio
741 1334 939 1373 rursus
960 1331 1251 1371 recurrere
1276 1315 1445 1371 vultis
1469 1316 1541 1370 ad
1566 1316 1892 1370 sinistram?
1908 1317 2075 1370 Forte
2158 1321 2281 1369 erat
2308 1333 2474 1370 suum
2503 1316 2658 1382 dare,
2692 1333 2758 1370 eo
2784 1317 2934 1388 quod
2961 1334 3075 1372 non
3101 1318 3293 1389 possit,
3331 1318 3423 1372 sed
3447 1318 3560 1388 quia
3598 1318 3681 1389 ipsi

478 1405 737 1462 diabolus
762 1422 866 1478 per
891 1405 1187 1461 mulierem
1212 1404 1285 1459 ad
1323 1410 1592 1460 consueta
1626 1404 1865 1459 recurrit
1893 1421 2069 1471 arma,
2157 1404 2304 1458 male
2332 1404 2617 1475 petebant.
2644 1405 2787 1459 Hinc
2806 1422 3031 1477 quoque
3048 1407 3301 1477 protinus
3319 1407 3682 1461 causamintulit

479 1499 547 1550 ut
562 1511 666 1567 per
678 1493 981 1549 muliebres
1000 1494 1233 1548 affectus
1252 1493 1435 1547 locum
1452 1493 1702 1547 inveniat
1714 1509 1889 1547 error.
1921 1492 2074 1547 Alias
2157 1493 2790 1560 manifestiusNescitis,
2813 1496 3018 1567 inquit,
3045 1499 3182 1566 quid
3197 1500 3406 1566 petatis.
3432 1498 3547 1551 Haec
3562 1513 3684 1551 nam-

478 1587 700 1650 autem;
723 1583 856 1655 quia
873 1582 1164 1653 preprium
1203 1586 1287 1636 est
1316 1581 1481 1636 unico
1527 1581 1629 1635 Dei
1673 1581 1812 1636 Filio
1849 1581 2072 1635 Christo
2088 1645 2134 1657 __
2157 1599 2266 1652 que
2289 1600 2461 1637 causa
2490 1582 2959 1654 impossibilitatis
2979 1586 3106 1651 fuit,
3128 1591 3186 1640 et
3200 1603 3309 1641 non
3335 1586 3425 1640 illa
3444 1602 3585 1657 quam
3603 1585 3682 1639 iste

476 1645 711 1739 Jesu,ut
726 1645 1056 1741 sedeatipse
1076 1670 1150 1725 ad
1163 1670 1416 1725 dextram
1438 1669 1540 1725 Dei
1556 1670 1759 1734 Patris,
1791 1670 2071 1739 quomodo
2088 1645 2135 1706 Β
2155 1645 2327 1725 miser
2354 1672 2414 1725 in
2444 1645 2801 1742 adoptionem
2830 1674 2956 1727 Filii
2984 1645 3102 1727 Dei,
3128 1674 3351 1729 retorsit
3388 1645 3683 1739 de.Christo,

477 1761 700 1816 sederet
717 1760 920 1831 aliquis
946 1776 1143 1814 eorum
1159 1760 1230 1813 ad
1250 1758 1539 1813 sinistram
1560 1758 1705 1823 Filii,
1722 1758 1833 1812 nisi
1853 1758 2073 1830 medius
2156 1759 2303 1829 quod
2323 1776 2600 1830 nusquam
2622 1766 2680 1814 et
2703 1778 2994 1832 nunquam
3013 1763 3170 1833 legit.
3193 1764 3538 1835 Nequaquam
3548 1763 3682 1833 igitur

474 1850 699 1905 sederet
711 1851 860 1904 inter
871 1849 1094 1903 Patrem
1115 1854 1172 1902 et
1182 1847 1405 1911 Filium,
1431 1847 1579 1917 quod
1590 1847 1745 1901 nefas
1766 1852 1851 1901 est
1864 1846 2069 1914 dicere,

474 1953 542 1992 ac
568 1936 876 2009 proximior
901 1936 1025 1991 illi?
1055 1937 1124 1991 Et
1164 1935 1290 1991 ideo
1320 1935 1576 1991 Salvator
1626 1951 1773 2000 mox,
1814 1936 2070 2003 Nescitis,

470 2025 676 2097 inquit,
706 2027 843 2096 quid
879 2027 1100 2095 petatis.
1142 2024 1299 2079 Licet
1351 2022 1500 2077 enim
1555 2021 1765 2077 bonum
1817 2023 2073 2077 videatur

471 2114 835 2180 desiderium,
868 2114 967 2168 sed
1002 2112 1418 2168 inconsiderata
1465 2116 1552 2166 est
1593 2111 1811 2182 petitio,
1866 2127 2067 2182 quam-

469 2202 554 2258 vis
580 2202 651 2257 de
695 2218 889 2257 amore
916 2200 1143 2256 Domini
1187 2206 1322 2254 nata
1365 2204 1617 2271 putatur.
1672 2204 1730 2254 et
1772 2205 2068 2270 propterea

470 2306 588 2346 non
624 2290 989 2356 voluntatem,
1033 2304 1148 2343 non
1194 2288 1563 2359 propositum,
1616 2287 1761 2341 forte
1801 2287 2062 2357 culpavit,

471 2377 572 2433 sed
625 2376 1002 2448 ignorantiam
1049 2376 1354 2448 petitionis.
1411 2375 1571 2431 Unde
1613 2392 1727 2430 non
1772 2375 2067 2430 confundi-

469 2470 581 2532 tur,
641 2482 746 2520 nec
795 2463 1161 2520 exacerbatur
1198 2464 1421 2531 mulier,
1479 2464 1579 2519 sed
1625 2469 1923 2519 revocatur
1971 2480 2065 2518 er-

470 2568 584 2621 ror,
616 2560 677 2609 et
699 2553 1021 2625 ignorantia
1058 2552 1507 2625 reprehenditur.
1555 2555 1799 2617 Potestis,
1858 2552 2061 2623 inquit,

468 2644 695 2698 calicem
727 2644 921 2710 bibere,
951 2658 1113 2713 quem
1137 2657 1229 2709 ego
1275 2642 1553 2695 bibiturus
1590 2658 1714 2695 sum
1734 2646 1758 2694 ?
1796 2641 1928 2696 Ideo
1976 2640 2065 2695 in-

464 2734 739 2802 terrogat,
796 2736 863 2786 ut
915 2746 981 2785 ex
1044 2746 1142 2785 ore
1194 2728 1558 2783 confessionis
1614 2744 1807 2783 eorum
1871 2745 2066 2799 perse-

466 2826 677 2893 quatur
704 2820 854 2891 quod
873 2819 1127 2873 futurum
1145 2824 1305 2884 erat;
1338 2832 1404 2870 ac
1423 2816 1472 2870 si
1493 2816 1737 2871 diceret:
1779 2816 1901 2871 Nisi
1932 2834 2063 2871 eum

2155 1864 2281 1902 cum
2309 1848 2574 1902 dixisset:
2605 1850 2730 1903 Non
2756 1856 2831 1903 est
2850 1867 3035 1905 meum
3056 1853 3193 1906 dare
3212 1854 3373 1918 vobis,
3397 1852 3621 1906 continuo
3637 1854 3684 1904 ut

2153 1952 2500 2005 consequens
2529 1942 2670 1998 erat,
2698 1937 3016 2007 subjunxit:
3050 1940 3155 1995 Sed
3182 1942 3377 2010 quibus
3404 1942 3546 1994 Pater
3569 1954 3683 1992 meus

2153 2026 2305 2078 dabit
2336 2027 2501 2089 illud,
2536 2042 2732 2080 eorum
2759 2029 2885 2080 erit.
2914 2027 3112 2098 Neque
3138 2027 3221 2081 ita
3256 2028 3334 2083 sic
3371 2027 3573 2090 diceret,
3608 2042 3683 2097 per

2152 2112 2511 2183 adoptionem
2538 2114 2744 2168 Filium
2773 2114 2875 2168 Dei
2906 2113 3096 2169 Patris
3130 2133 3253 2171 esse
3294 2134 3352 2171 se
3399 2115 3678 2179 ostenderet,

2151 2207 2361 2271 quanto
2393 2205 2574 2271 magis
2602 2218 2753 2256 nunc
2778 2219 2906 2257 cum
2935 2203 3051 2262 ait:
3077 2204 3184 2259 Sed
3211 2208 3403 2274 quibus
3431 2209 3591 2270 838
3604 2219 3681 2272 pa-

2149 2294 2343 2342 ratum
2362 2294 2437 2343 est
2462 2306 2497 2342 a
2522 2292 2686 2344 Patre
2706 2307 2822 2344 meo
2834 2310 2850 2355 ;
2875 2308 2940 2345 ex
2959 2308 3069 2362 quo
3086 2292 3476 2347 insinuatnibil
3492 2292 3536 2346 ei
3552 2291 3682 2345 fuisse

2149 2375 2513 2446 impossibile,
2544 2394 2726 2449 neque
2754 2378 2813 2432 in
2855 2379 3040 2434 dando
3069 2380 3315 2446 difﬁcile,
3361 2381 3452 2435 sed
3493 2380 3682 2451 qualitas

2148 2464 2434 2535 petitionis
2462 2465 2853 2520 difﬁcultatem
2879 2468 3080 2538 genuit
3105 2470 3469 2540 poscentibus.
3517 2468 3681 2524 Idcirco

2150 2553 2511 2623 quaerendum
2542 2555 2701 2624 prius
2729 2560 2816 2609 est
2842 2556 2900 2609 in
2931 2557 3215 2625 omnibus,
3246 2565 3430 2613 utrum
3468 2562 3595 2612 recte
3628 2571 3681 2609 an

2148 2655 2261 2693 non
2290 2646 2441 2695 recte
2469 2642 2619 2712 quod
2648 2642 2847 2697 salutis
2876 2650 2963 2698 est
2986 2650 3174 2717 petas.
3209 2647 3463 2718 Alioquin
3488 2643 3681 2700 nemoin

2148 2730 2377 2783 nomine
2405 2730 2708 2786 Salvatoris
2736 2733 2895 2803 petit,
2927 2734 2985 2788 ni
3014 2735 3110 2806 qui
3141 2737 3291 2807 quod
3331 2735 3510 2791 salutis
3531 2740 3615 2797 est,
3637 2737 3679 2786 et

2146 2813 2293 2882 quod
2315 2819 2552 2884 oportet,
2583 2821 2641 2869 et
2667 2822 2834 2887 prout
2853 2825 3076 2889 oportet
3124 2823 3287 2893 petit.
3319 2822 3412 2877 Sin
3431 2821 3567 2886 alias,
3593 2834 3678 2873 non

464 2909 652 2980 parati
697 2908 823 2962 sitis
878 2906 1180 2978 suscipere,
1233 2911 1291 2960 et
1335 2904 1716 2959 consummari
1767 2906 2122 2976 martyrio,c
2145 2906 2233 2955 est
2252 2903 2374 2972 ejus
2394 2903 2527 2956 dare
2556 2903 2637 2957 illi
2658 2905 2754 2975 qui
2785 2907 2933 2961 male
2979 2908 3140 2979 petit.
3187 2911 3257 2965 Et
3299 2910 3420 2966 ideo
3460 2908 3678 2964 Dominus

465 2997 539 3051 ad
566 2997 821 3051 dextram
849 3011 1036 3049 meam
1061 2994 1296 3048 minime
1339 2993 1536 3048 sedere
1587 2992 1837 3063 potestis.
1900 2993 2062 3058 Quod

466 3083 727 3139 omnibus
755 3098 1082 3138 concessum
1111 3087 1197 3136 est
1237 3081 1579 3151 generaliter
1622 3085 1688 3135 ut
1739 3081 1800 3134 in
1850 3081 2061 3136 dextris

464 3172 600 3239 sint,
658 3171 793 3227 licet
845 3171 952 3225 hoc
1005 3168 1161 3224 vobis
1212 3168 1531 3240 specialiter
1587 3169 1870 3223 vindicare
1922 3170 2061 3225 veli-

466 3261 560 3328 tis,
594 3265 778 3327 δατ
810 3263 876 3314 ut
895 3259 953 3313 in
970 3259 1176 3313 throno
1200 3258 1443 3313 sedeatis
1461 3257 1585 3323 soli,
1613 3256 1709 3312 ubi
1739 3258 1795 3311 in
1824 3258 2062 3313 circuitu

463 3348 652 3422 angeli
689 3352 875 3403 astare
903 3347 1188 3402 dicuntur.
1216 3347 1450 3402 Calicem
1471 3347 1691 3415 quidem
1719 3362 1903 3401 meum
1925 3349 2062 3401 bibe-

465 3440 555 3507 tis,
575 3440 754 3493 sedere
771 3442 959 3493 autem
978 3437 1052 3490 ad
1069 3437 1323 3490 dextram
1342 3450 1521 3489 meam
1541 3437 1623 3489 vel
1633 3436 1925 3489 sinistram
1947 3451 2060 3490 non

461 3532 539 3583 est
564 3543 748 3582 meum
776 3527 910 3581 dare
935 3525 1101 3590 vobis,
1135 3525 1227 3578 sed
1236 3524 1435 3592 quibus
1456 3528 1726 3592 paratum
1752 3529 1827 3577 est
1849 3540 1885 3577 a
1901 3525 2058 3578 Patre

461 3631 599 3670 meo.
632 3613 899 3671 Mirabilis
927 3610 1252 3683 responsio!
1284 3610 1550 3681 Nunquid
1590 3626 1704 3664 non
1751 3609 1922 3666 habet
1963 3628 2059 3682 po-

460 3708 724 3761 testatem
751 3707 1021 3775 praestare
1044 3699 1183 3755 illud
1208 3699 1300 3754 cui
1325 3699 1489 3754 vult?
1507 3699 1654 3763 Quid
1673 3704 1759 3753 est
1793 3700 1942 3770 quod
1970 3700 2057 3754 di-

460 3794 555 3859 cit,
589 3794 715 3849 Non
735 3797 810 3846 est
829 3795 1052 3844 meum?
1078 3788 1348 3860 Nunquid
1378 3804 1489 3842 non
1519 3788 1688 3842 Pater
1732 3788 1915 3859 diligit
1962 3789 2055 3843 Fi-

459 3882 621 3949 lium,
644 3885 711 3935 ut
730 3878 864 3934 alibi
893 3878 1009 3933 ait:
1043 3877 1113 3933 Et
1133 3877 1322 3932 omnia
1369 3876 1526 3931 dedit
1568 3876 1628 3930 in
1674 3892 1845 3930 manu
1892 3877 2057 3947 ejus?

461 3971 573 4027 Sed
600 3976 657 4025 et
682 3970 803 4041 ipse
827 3968 898 4023 de
927 3984 987 4023 se
1015 3967 1220 4021 Filius:
1250 3965 1454 4021 Omnia
1481 3964 1684 4030 Patris,
1699 3964 1901 4035 inquit,
1926 3981 2055 4019 mea

459 4062 612 4114 sunt.
647 4056 807 4121 Quod
836 4055 885 4109 si
910 4054 1100 4109 omnia
1127 4056 1251 4124 ejus
1280 4058 1431 4117 sunt,
1456 4053 1734 4124 quomodo
1762 4068 1876 4107 non
1931 4054 2054 4123 ejus

463 4150 567 4210 est,
600 4150 666 4197 ut
693 4144 790 4197 det
820 4143 1014 4196 sedere
1034 4142 1093 4196 in
1121 4143 1325 4196 throno
1362 4158 1464 4195 suo
1500 4141 1571 4195 ad
1612 4142 1864 4196 dextram
1893 4158 2055 4196 suam

459 4232 548 4287 vel
578 4230 864 4285 sinistram
892 4230 982 4284 cui
1009 4230 1168 4283 vult?
1189 4230 1333 4283 Nam
1354 4229 1460 4283 etsi
1493 4235 1751 4300 paratum
1783 4235 1871 4284 est
1892 4246 1925 4283 a
1955 4232 2057 4285 Pa-

2145 3005 2258 3043 non
2284 2992 2627 3060 generaliter
2639 2993 2708 3047 de
2722 2994 2985 3049 omnibus
3004 2997 3164 3062 dixit,
3190 2999 3285 3070 qui
3302 3015 3460 3070 quam
3474 2998 3678 3068 frequen-

2142 3085 2232 3131 ter
2258 3084 2409 3132 recte
2424 3080 2563 3134 satis
2575 3088 2745 3152 prout
2760 3089 2983 3154 oportet
2996 3092 3214 3156 petunt,
3233 3095 3298 3142 ut
3332 3088 3525 3142 diceret
3543 3104 3554 3140 :
3579 3086 3674 3140 Non

2145 3171 2231 3220 est
2258 3183 2447 3221 meum
2470 3168 2604 3223 dare
2621 3170 2851 3225 cuilibet
2868 3172 3185 3239 hominum,
3204 3177 3300 3231 sed
3318 3177 3580 3247 signanter
3604 3188 3673 3226 v0-

2143 3252 2249 3309 bis.
2268 3257 2347 3309 Ac
2363 3256 2410 3309 si
2428 3262 2686 3328 patenter
2707 3259 2916 3315 diceret
2940 3280 2951 3314 :
2986 3262 3160 3319 Vobis
3181 3266 3389 3337 utique,
3421 3265 3506 3336 qui
3528 3260 3671 3317 nesci-

2140 3342 2216 3396 tis
2245 3343 2376 3415 quid
2397 3354 2587 3415 petere
2602 3347 2685 3401 vel
2705 3350 2982 3419 quomodo
2998 3357 3193 3422 petere
3214 3353 3452 3409 debeatis
3469 3372 3481 3421 ;
3498 3353 3580 3425 qui
3606 3364 3674 3403 me

2141 3432 2325 3487 adhuc
2340 3435 2565 3490 nescitis
2602 3444 2771 3508 prout
2816 3446 3055 3511 oportet,
3103 3445 3256 3516 apud
3297 3460 3455 3515 quem
3494 3439 3671 3513 petatis.

2139 3521 2334 3593 Neque
2361 3523 2440 3577 sic
2468 3525 2742 3581 conclusit
2764 3530 3103 3585 sententiam
3149 3532 3441 3587 locutionis
3478 3546 3591 3594 suae,
3627 3530 3675 3580 ut

2138 3608 2245 3664 sibi
2272 3610 2578 3682 abnegaret
2592 3614 2735 3669 hanc
2754 3623 3111 3687 potestatem,
3133 3621 3234 3675 sed
3249 3620 3455 3676 addidit
3475 3639 3485 3672 :
3510 3619 3672 3686 Quibus

2135 3706 2401 3767 paratum
2432 3706 2505 3755 est
2534 3719 2570 3756 a
2600 3705 2763 3758 Patre
2788 3721 2924 3760 meo.
2957 3716 3039 3763 Ac
3083 3708 3131 3762 si
3188 3710 3429 3765 diceret:
3467 3707 3567 3763 Illis
3609 3710 3673 3758 est

2138 3803 2329 3842 meum
2358 3788 2513 3855 dare,
2546 3790 2748 3861 quibus
2776 3799 2863 3848 est
2890 3802 3149 3866 paratum
3172 3816 3208 3853 a
3234 3800 3415 3865 Patre,
3428 3803 3486 3852 ut
3499 3808 3673 3849 mecre-

2135 3874 2273 3929 dant
2301 3881 2357 3929 et
2381 3875 2700 3949 intelligant
2717 3883 2989 3953 aequalem
3011 3884 3127 3939 Deo
3148 3886 3324 3950 Patri,
3346 3886 3529 3958 quibus
3541 3883 3673 3937 Pater

2134 3978 2294 4018 meus
2323 3966 2534 4019 revelat
2564 3967 2710 4022 sicut
2728 3969 2918 4038 Petro,
2958 3977 3023 4027 ut
3048 3975 3420 4030 conﬁteantur
3446 3989 3526 4027 me
3551 3967 3672 4025 Chri-

2135 4055 2284 4105 stum
2314 4052 2417 4107 Dei
2447 4053 2552 4108 vivi
2581 4055 2807 4124 Filium,
2830 4059 2964 4130 quia
2986 4066 3121 4116 tunc
3148 4063 3260 4118 erit
3286 4079 3464 4118 meum
3501 4064 3551 4113 et
3585 4054 3669 4110 illis

2136 4139 2290 4204 dare,
2314 4141 2461 4196 sicut
2474 4143 2603 4197 dedi
2635 4151 2693 4199 et
2714 4146 2882 4202 Petro
2912 4147 3317 4207 beatitudinem
3365 4156 3600 4206 aeternam
3627 4146 3669 4196 et

2137 4228 2317 4283 claves
2344 4231 2503 4301 regni
2522 4231 2810 4292 caelorum.
2836 4236 3049 4300 Quibus
3064 4255 3199 4310 ergo
3210 4246 3368 4312 parat
3387 4240 3539 4294 Pater
3552 4246 3670 4287 men-

457 4326 566 4385 tre,
597 4324 663 4372 ut
687 4317 920 4372 sedeant
946 4316 1023 4371 ibi
1044 4317 1141 4387 qui
1164 4316 1371 4371 sessuri
1391 4322 1542 4382 sunt,
1564 4317 1758 4387 utique
1778 4324 1834 4373 et
1848 4319 1918 4372 ab
1933 4313 2245 4390 ipsoDtes,
2274 4324 2338 4372 ut
2367 4320 2610 4390 perfecte
2638 4324 2871 4378 credant
2907 4331 2965 4380 et
3004 4332 3155 4383 recte
3213 4333 3422 4401 petant,
3470 4324 3564 4380 illis
3606 4324 3670 4374 est

457 4408 577 4464 ﬁlio
605 4406 729 4479 ipsa
754 4410 987 4478 paratur
1005 4404 1197 4460 sessio.
1232 4404 1383 4459 Dicit
1409 4404 1560 4458 enim
1590 4404 1754 4458 alibi:
1799 4409 1868 4461 In
1895 4409 2053 4462 domo
2134 4405 2405 4462 Filiidare
2425 4424 2660 4479 regnum
2675 4413 2961 4469 caelorum.
2986 4416 3131 4480 Quia
3144 4434 3307 4473 nemo
3329 4416 3536 4472 Patrem
3550 4414 3666 4465 recte

456 4499 643 4554 Patris
675 4499 786 4551 mei
811 4497 1125 4549 mansiones
1152 4496 1342 4548 multa:
1364 4499 1516 4559 sunt,
1563 4498 1612 4547 et
1655 4497 1708 4549 si
1755 4499 2051 4563 quominus
2133 4495 2310 4550 credit
2338 4497 2458 4552 sine
2488 4498 2646 4565 Filio,
2695 4518 2878 4572 neque
2915 4503 3118 4561 Filium
3162 4506 3285 4562 sine
3330 4505 3505 4561 Patre.
3546 4496 3667 4555 Unde

456 4588 718 4641 dixissem
745 4585 892 4638 vobis
908 4602 925 4648 ;
951 4583 1088 4637 vado
1104 4597 1309 4651 parare
1336 4583 1484 4637 vobis
1513 4584 1692 4637 locum
1718 4584 1903 4655 (Joan.
1934 4599 2047 4652 xlv,
2132 4585 2267 4640 dicit
2294 4587 2416 4659 ipse
2441 4590 2675 4661 loquens
2689 4592 2760 4646 ad
2776 4592 3032 4648 Patrem:
3054 4596 3177 4651 Haec
3220 4602 3296 4652 est
3339 4599 3447 4650 vita
3486 4596 3663 4647 eterna,

457 4673 533 4736 2).
568 4673 923 4744 Quapropter
948 4671 1067 4743 ipse
1092 4670 1264 4736 locus,
1312 4670 1397 4725 vel
1434 4671 1631 4738 sessio,
1686 4689 1786 4727 seu
1828 4673 2049 4729 mansio

456 4762 829 4833 singulorum,
854 4766 941 4815 est
957 4760 1077 4831 jam
1101 4758 1172 4814 ab
1190 4759 1353 4815 initio
1376 4760 1437 4814 in
1459 4760 1810 4832 praescientia
1829 4762 1932 4816 Dei
1954 4779 2050 4834 pa-

455 4855 582 4906 rata
607 4848 866 4920 singulis,
906 4854 962 4903 et
989 4854 1221 4921 paratur
1250 4848 1501 4920 quotidie
1531 4865 1631 4920 per
1660 4850 1829 4905 ﬁdem
1851 4867 2046 4905 eorum

457 4938 556 5011 qui
581 4937 818 4993 credunt
842 4943 908 4993 ut
934 4937 1281 5009 perveniant.
1317 4938 1387 4993 Et
1417 4938 1543 4993 ideo
1582 4943 1731 4993 recte
1746 4938 1883 4993 dicit
1896 4939 2046 5010 quod

452 5044 570 5085 non
597 5032 685 5083 est
704 5043 870 5083 suum
900 5026 1054 5093 dare,
1086 5026 1185 5081 sed
1222 5042 1420 5081 eorum
1458 5031 1545 5082 est
1591 5026 1901 5099 promereri
1946 5044 2047 5099 per

453 5117 645 5183 ﬁdem,
675 5115 772 5187 qui
800 5114 1084 5188 accepturi
1114 5120 1266 5182 sunt,
1315 5114 1464 5187 quod
1512 5114 1592 5170 eis
1624 5117 1745 5186 jam
1783 5121 2045 5187 paratum

451 5210 541 5261 est
568 5221 604 5260 a
654 5205 842 5272 Patre,
890 5210 949 5259 et
1000 5202 1247 5275 quotidie
1302 5208 1535 5275 paratur
1589 5204 1757 5259 etiam
1806 5203 1876 5259 ab
1924 5205 2046 5277 ipso

448 5293 614 5349 Filio.
659 5294 820 5349 Unde
870 5293 1123 5348 dicturus
1172 5292 1383 5362 legitur
1434 5292 1496 5347 in
1548 5292 1887 5348 novissimo:
1957 5296 2046 5349 Ve-

452 5384 589 5449 nite,
605 5382 869 5436 benedicti
883 5384 1068 5436 Patris
1079 5383 1205 5447 mei,
1222 5383 1487 5449 percipite
1495 5396 1730 5449 regnum
1745 5384 1889 5451 quod
1900 5384 2045 5437 vobis

444 5475 717 5549 paratum
735 5474 811 5527 est
837 5470 908 5527 ab
934 5471 1150 5542 origine
1163 5470 1367 5525 mundi
1394 5469 1606 5543 (Matth.
1627 5485 1760 5539 xxv,
1793 5468 1899 5546 34).
1918 5470 2046 5526 Non

2131 4679 2193 4727 ut
2231 4678 2457 4731 credant
2500 4683 2548 4733 te
2574 4683 2758 4734 solum
2786 4697 2982 4737 verum
3006 4684 3203 4752 Deum,
3239 4691 3288 4740 et
3316 4700 3466 4756 quem
3505 4670 3666 4733 misisti

2127 4764 2315 4818 Jesum
2347 4765 2629 4821 Christum
2658 4770 2838 4832 (Joan.
2893 4786 3027 4838 xvn,
3074 4772 3149 4844 3).
3195 4773 3315 4829 Hoc
3358 4772 3544 4844 quippe
3584 4763 3665 4816 iste
3738 4785 3750 4796 ·

2128 4852 2263 4920 quia
2275 4869 2388 4909 non
2406 4855 2688 4923 credebat,
2711 4859 2858 4914 male
2879 4860 3125 4933 desipuit
3134 4867 3193 4917 et
3202 4862 3573 4918 condemnatus
3581 4854 3659 4905 est.

2128 4939 2244 4995 Nec
2272 4958 2406 5015 ergo
2432 4943 2516 4999 illi
2554 4946 2811 5003 Christus
2840 4949 2911 5003 ad
2929 4949 3157 5005 Patrem
3185 4950 3514 5008 ascenderat.
3550 4941 3662 4995 είευί

2126 5045 2230 5083 nec
2250 5031 2467 5099 Mariae;
2502 5038 2561 5089 et
2582 5035 2709 5090 ideo
2734 5038 3174 5109 nuncupativum
3203 5056 3333 5095 eum
3370 5035 3464 5093 Dei
3499 5028 3659 5087 Filium

2127 5116 2365 5185 dicebat,
2397 5122 2866 5197 veladoptivum.
2914 5125 3035 5184 Nec
3071 5128 3222 5185 enim
3273 5127 3519 5197 tetigerat
3560 5128 3662 5171 eum

2130 5206 2361 5277 (infelix)
2382 5226 2485 5280 per
2499 5196 2692 5280 iidem,
2716 5230 2883 5285 quem
2896 5232 3000 5272 nec
3017 5233 3145 5272 vere
3163 5216 3358 5275 Deum.
3386 5196 3498 5268 inec
3514 5200 3661 5263 omni'

2126 5300 2411 5366 potentem
2437 5300 2718 5364 credebat,
2739 5304 2837 5358 sed
2856 5303 3139 5360 dividebat
3164 5321 3336 5361 unum
3365 5300 3459 5357 Dei
3497 5293 3661 5352 Filium

2126 5384 2185 5438 in
2210 5385 2370 5440 duos.
2397 5387 2583 5443 Unum
2599 5390 2877 5462 siquidem
2898 5392 3089 5448 dicens
3120 5393 3421 5465 proprium.
3460 5390 3511 5441 et
3547 5380 3658 5434 ³1⁸⁸⁸

2126 5488 2253 5528 rum
2285 5473 2646 5555 adoptivum;
2674 5482 2741 5536 ut
2763 5480 2887 5555 jam
2913 5496 3029 5545 non
3064 5480 3307 5545 Tﬁnims
3348 5478 3488 5540 Deus
3521 5467 3652 5527 esset,
