3888 6172
225 271 330 350 689
1027 294 1406 354 EXPOSITIO
1444 300 1521 356 IN
1558 301 2002 361 MATTHEUM.
2034 335 2097 348 -
2123 307 2260 363 LIB.
2301 308 2397 375 ιχ,
2436 306 2593 361 CAP.
2635 303 2750 360 xx.
3396 298 3505 358 690

223 420 320 476 sed
349 422 702 494 quaternitas
728 438 742 488 ;
779 421 930 493 quod
961 423 1058 494 qui
1085 423 1250 495 sapit,
1272 428 1427 480 totus
1453 425 1675 499 desipit.
1836 434 1887 492 Α
1907 447 1971 486 ac
1999 433 2184 488 caeteri
2208 431 2556 496 erudiantur,
2585 435 2643 485 et
2667 431 2818 484 inter
2844 428 3045 484 fratres
3064 426 3410 483 unanimitas
3437 430 3499 481 et

295 513 430 566 Haec
453 513 662 566 idcirco
691 513 961 584 prolixius
984 513 1238 579 dixerim,
1277 521 1338 568 ut
1367 517 1611 585 prudens
1627 518 1818 583 lector,
1903 538 2175 590 germana
2198 521 2440 575 charitas
2468 537 2581 574 non
2611 525 3022 590 corrumpatur.
3043 519 3130 574 Ad
3159 518 3265 572 hoc
3291 517 3501 588 quippe

223 607 342 655 tam
363 601 425 655 in
453 603 560 655 hoc
587 603 708 655 loco
731 618 900 672 quam
931 602 987 654 in
1018 602 1144 655 aliis
1173 605 1622 674 quamplurimis,
1647 606 1823 661 haere-
1906 609 2073 662 etiam
2097 627 2267 680 supra
2287 610 2614 678 interrogat.
2638 611 2859 662 Potestis
2879 610 3052 661 bibere
3079 609 3500 674 calicem,quem

224 691 465 745 ticorum
507 707 723 744 venena
758 689 971 759 fugiat;
1022 696 1080 744 et
1124 708 1246 762 quae
1287 693 1528 763 petenda
1555 701 1705 758 sunt,
1740 696 1825 748 vel
1906 715 1998 766 ego
2031 699 2306 751 bibiturus
2338 703 2498 751 sum?
2518 697 2589 751 Ut
2611 696 2720 750 illis
2741 693 3206 766 respondentibus
3231 693 3366 765 quia
3380 708 3500 761 pos-

227 780 530 850 quomodo,
551 780 636 833 vel
653 780 800 850 apud
824 781 1260 851 quem,petenda
1281 787 1428 846 sunt,
1450 787 1601 836 caste
1622 783 1825 837 intelli—
1905 788 2116 850 smnus,
2149 787 2383 840 audiant
2411 792 2469 840 et
2496 786 2682 840 caeteri
2710 802 2774 838 ac
2820 785 3237 855 conquiescant.
3280 780 3497 838 Intelli-

224 875 324 940 gat
353 875 410 923 et
437 869 635 922 devote
665 875 895 940 quaerat.
919 869 1064 932 Quia
1077 863 1150 924 ‘in
1181 870 1284 923 hac
1313 870 1553 924 duorum
1584 872 1824 926 fratrum
1903 878 2100 942 gentes
2129 875 2278 944 quod
2309 875 2353 927 si
2385 879 2442 927 et
2470 874 2575 946 ipsi
2604 874 2786 944 parati
2816 873 2930 927 sint
2958 873 3100 926 mori
3119 889 3221 944 pro
3249 871 3493 936 Christo,

223 958 520 1029 petitione,
537 958 789 1012 omnium
818 958 933 1012 fere
961 975 1072 1012 non
1094 964 1244 1012 recte
1266 961 1573 1030 petentium
1603 977 1824 1015 summa

223 1047 483 1102 consistit
494 1052 552 1101 et
564 1048 940 1118 repercutitur
949 1049 1313 1119 praesumptio
1326 1050 1470 1102 male
1486 1050 1816 1120 petentium.

229 1141 422 1202 839
441 1136 727 1190 Celsitudo
750 1153 971 1208 quoque
991 1137 1297 1191 divinitatis
1317 1138 1366 1207 ej
1376 1154 1438 1191 us
1455 1144 1817 1205 monstratur,

225 1242 355 1279 cum
385 1226 659 1296 mqualem
689 1242 747 1279 se
768 1225 922 1279 Patri
949 1226 1070 1280 vult
1097 1226 1372 1292 confiteri,
1404 1227 1539 1280 dum
1569 1227 1704 1280 istos
1733 1245 1824 1281 re-

224 1314 403 1385 pellit,
424 1314 520 1385 qui
543 1315 702 1385 quasi
731 1315 1018 1368 hominem
1037 1315 1429 1369 tantummodo
1446 1315 1624 1369 Deum
1646 1317 1824 1386 sapie-

225 1402 393 1468 bant;
421 1401 627 1472 quibus
651 1403 819 1472 juxta
845 1403 1028 1457 cordis
1055 1403 1426 1458 intentionem
1458 1421 1572 1458 suae
1593 1420 1823 1474 respon-

224 1491 420 1556 sionis,
455 1491 732 1562 sapientia
761 1491 862 1546 Dei
893 1493 1077 1546 Patris
1123 1493 1202 1547 sic
1251 1493 1589 1564 temperavit
1617 1510 1826 1548 sermo-

224 1596 377 1645 nem,
411 1587 479 1634 ut
505 1597 575 1635 ex
605 1581 708 1635 hoc
737 1582 917 1652 magis
942 1582 1119 1636 Deum
1141 1582 1535 1654 intelligerent.
1559 1587 1636 1642 Ac
1665 1589 1714 1643 si
1744 1586 1825 1641 di-

224 1675 423 1723 ceret:
462 1669 606 1734 Qula
643 1687 740 1724 vos
778 1687 867 1723 me
905 1671 1188 1726 hominem
1235 1673 1438 1738 adhuc,
1473 1682 1531 1730 et
1575 1679 1822 1732 nondum

1906 962 2268 1017 nihilominus
2292 970 2528 1034 possunt
2550 969 2606 1017 et
2635 964 2741 1034 ipsi
2766 964 2927 1033 juxta
2956 962 3246 1016 Christum
3279 961 3500 1028 sedere,

1906 1067 2261 1121 nequaquam
2284 1052 2489 1105 exclusi
2519 1068 2619 1123 pro
2641 1051 2874 1106 duobus.
2897 1051 3005 1105 Sed
3030 1051 3175 1104 sicut
3200 1049 3500 1120 repromis-

1907 1155 2031 1193 sum
2063 1145 2146 1193 est
2177 1156 2278 1210 per
2306 1139 2643 1210 Prophetam
2671 1155 2737 1192 ex
2773 1155 3014 1210 persona
3038 1138 3264 1193 Domini
3290 1153 3303 1189 :
3339 1138 3498 1192 Oculi

1906 1232 2017 1282 mei
2043 1230 2116 1282 ad
2142 1231 2322 1296 ﬁdeles
2351 1233 2509 1282 terra;
2545 1233 2606 1280 ut
2635 1229 2851 1281 sedeant
2882 1244 3093 1281 mecum
3133 1229 3298 1296 (Psal.
3332 1238 3385 1291 c,
3421 1224 3494 1294 6).

1906 1317 2012 1372 Ubi
2033 1317 2396 1388 quaerendum
2419 1316 2552 1388 quid
2573 1317 2646 1371 sit
2665 1315 2814 1387 quod
2842 1317 3055 1370 Marcus
3077 1331 3204 1369 cum
3225 1313 3458 1368 dixisset
3478 1336 3494 1369 :

1906 1408 2133 1460 Potestis
2173 1409 2348 1460 bibere
2374 1409 2596 1460 calicem
2626 1422 2787 1474 quem
2828 1420 2921 1472 ego
2962 1405 3099 1468 bibo,
3131 1402 3346 1457 addidit
3373 1419 3387 1455 :
3423 1403 3490 1456 Et

1909 1497 2172 1564 baptismo
2197 1512 2300 1564 quo
2323 1512 2418 1561 ego
2449 1497 2680 1563 baptizo,
2709 1495 2988 1562 baptizari
3009 1497 3032 1546 ?
3059 1493 3258 1559 (Marc.
3299 1507 3354 1558 x,
3384 1487 3494 1557 39.)

1907 1585 2067 1648 Quod
2097 1585 2392 1639 Mattlueus
2421 1584 2650 1638 omnino
2681 1581 3063 1654 praetermisit.
3093 1581 3162 1636 Et
3197 1579 3501 1635 videndum

1905 1689 1975 1727 ne
2004 1674 2146 1727 forte
2179 1681 2417 1744 uterque
2441 1690 2642 1727 sensus
2659 1673 2717 1726 in
2746 1672 2850 1726 hac
2877 1688 2990 1726 una
3017 1669 3298 1725 sententia
3322 1667 3500 1738 expli-

224 1757 473 1829 perfecte
502 1759 749 1819 creditis,
773 1775 886 1813 non
916 1766 1002 1814 est
1021 1777 1230 1825 meum,
1264 1761 1320 1815 id
1350 1770 1432 1817 est
1463 1781 1574 1818 non
1603 1773 1688 1820 est
1716 1767 1822 1820 hu-
1841 1751 1886 1810 Β
1905 1764 2047 1816 citus
2067 1763 2341 1828 videatur,
2372 1779 2537 1834 quem
2569 1764 2785 1817 Marcus
2807 1761 2867 1814 in
2888 1759 3105 1813 duabus
3125 1757 3376 1829 apertius
3402 1772 3500 1810 ex-

223 1864 408 1901 manae
424 1848 737 1918 potestatis,
763 1864 944 1920 neque
958 1849 1218 1903 humanae
1238 1857 1453 1906 natura;
1472 1853 1661 1920 solius,
1685 1855 1823 1910 illud

226 1935 381 1993 dare.
405 1936 514 1991 Sed
543 1937 676 2007 quia
689 1937 856 1991 simul
877 1939 1025 1992 Deus
1048 1944 1104 1992 et
1128 1939 1297 1993 homo
1319 1958 1444 1994 sum
1478 1944 1535 1996 in
1559 1960 1672 1998 una
1694 1962 1820 2014 per-

223 2042 384 2091 sona,
419 2042 610 2080 meum
633 2031 720 2080 est
746 2027 912 2089 dare;
940 2027 1038 2081 scd
1068 2027 1268 2098 quibus
1298 2037 1554 2100 paratum
1578 2050 1610 2086 a
1633 2034 1818 2102 Patre,

221 2120 284 2168 ut
318 2113 402 2168 ita
429 2115 664 2169 credant
700 2119 758 2168 et
808 2120 958 2169 recte
1013 2122 1226 2187 petant.
1259 2118 1365 2172 Sed
1401 2121 1533 2190 quia
1579 2139 1721 2192 pene
1765 2123 1824 2177 in

220 2202 483 2256 omnibus
526 2202 946 2274 Scripturarum
995 2207 1150 2272 locis,
1183 2207 1430 2262 haeretici
1478 2226 1581 2264 sua
1611 2228 1825 2266 venena

221 2292 568 2356 diffundunt,
602 2293 842 2347 maxime
867 2294 962 2348 ubi
984 2295 1052 2349 de
1081 2296 1222 2350 Filio
1245 2298 1570 2368 loquuntur,
1603 2317 1826 2371 semper

223 2381 572 2436 observanda
590 2389 677 2436 est
695 2383 969 2437 catholica
997 2384 1152 2450 ﬁdes,
1194 2387 1667 2456 quemadmodum
1697 2390 1819 2460 ipsa

223 2471 518 2541 Scriptura
540 2471 746 2536 divina,
771 2471 916 2526 sicut
944 2473 1151 2527 Paulus
1171 2474 1239 2528 de
1264 2492 1323 2528 se
1350 2492 1414 2528 ac
1432 2477 1501 2529 de
1522 2477 1637 2530 suis
1669 2477 1820 2532 dice-

218 2557 312 2612 bat
344 2575 358 2612 :
392 2560 542 2614 alius
573 2565 659 2614 est
684 2561 817 2614 odor
840 2564 962 2614 vita
988 2563 1062 2615 ad
1091 2566 1283 2629 vitam,
1319 2569 1374 2617 et
1403 2565 1545 2618 alius
1577 2571 1661 2618 est
1690 2568 1823 2620 odor

217 2651 414 2700 mortis
440 2649 517 2702 ad
545 2653 774 2701 mortem
809 2650 892 2715 (II
907 2649 1028 2703 Cor.
1057 2664 1120 2713 II,
1156 2650 1278 2718 16);
1311 2652 1444 2722 quia
1472 2659 1622 2706 recte
1651 2654 1820 2708 intel-

219 2735 524 2806 ligentibus
568 2736 743 2790 vitam
772 2743 1001 2807 praestat
1041 2744 1328 2806 aeternam,
1362 2741 1822 2811 depravatoribus

217 2833 408 2882 autem
470 2825 586 2880 suis
615 2831 673 2880 et
703 2819 848 2881 male
888 2828 1328 2899 intelligentibus
1363 2837 1605 2885 mortem
1651 2832 1822 2887 infert

216 2921 571 2987 perpetuam.
588 2916 652 2970 In
674 2915 933 2971 omnibus
949 2923 1141 2972 tamen
1161 2920 1568 2974 sententiarum
1589 2938 1819 2976 suarum

1905 1853 2166 1922 plicuisse
2194 1851 2479 1922 probatur.
2515 1852 2660 1905 Nam
2695 1849 2836 1904 calix
2885 1865 2997 1902 non
3052 1846 3336 1901 immerito
3368 1844 3502 1899 dici-

1903 1946 2016 2004 tur,
2032 1940 2191 1994 dolor
2208 1941 2296 1994 vel
2316 1939 2502 2011 passio
2525 1957 2646 2011 quae
2667 1940 2732 1993 ﬁt
2746 1944 2876 1992 ante
2897 1945 3135 1991 mortem
3154 1955 3166 2003 ;
3185 1934 3498 2005 baptismus

1903 2049 2034 2086 vero
2064 2032 2187 2102 ipsa
2215 2047 2383 2097 mors,
2413 2047 2514 2101 per
2541 2046 2710 2100 quam
2743 2027 3056 2082 renascitur
3083 2025 3274 2080 anima
3301 2025 3361 2078 in
3407 2041 3496 2078 sa-

1905 2121 2100 2174 lutem.
2134 2120 2352 2174 Dicitur
2385 2125 2573 2173 autem
2613 2119 2865 2188 βᾶπτισμα
2896 2116 3106 2181 Graece,
3141 2114 3339 2168 Latine
3367 2129 3498 2167 vero

1908 2212 2118 2275 tinctio,
2150 2209 2458 2263 secundum
2512 2205 2936 2261 similitudinem
2996 2205 3139 2258 lana:
3185 2203 3396 2271 tinctae,
3433 2207 3500 2256 ut

1906 2303 2045 2370 puta
2073 2298 2388 2353 naturalem
2401 2295 2612 2350 habens
2630 2295 2870 2349 colorem
2887 2310 3015 2348 cum
3032 2292 3272 2364 tingitur
3296 2296 3355 2345 et
3380 2307 3498 2345 ver-

1904 2388 2046 2441 titur
2068 2387 2126 2439 in
2152 2403 2479 2457 purpuram,
2504 2385 2588 2438 vel
2617 2384 2854 2454 alicujus
2883 2382 3084 2437 coloris
3113 2380 3390 2451 accipiens
3409 2379 3498 2434 di-

1903 2477 2178 2545 gnitatem
2205 2493 2216 2526 :
2249 2476 2328 2528 sic
2356 2481 2415 2528 et
2441 2491 2568 2528 cum
2588 2473 2755 2526 homo
2784 2489 2910 2526 cum
2932 2471 3155 2525 Christo
3177 2469 3236 2523 in
3257 2473 3501 2523 mortem

1902 2564 2134 2630 venerit,
2189 2564 2294 2618 etsi
2345 2563 2516 2617 fuerit
2556 2562 2742 2632 aliquo
2783 2561 3021 2614 infectus
3061 2559 3244 2614 colore
3283 2557 3498 2628 peccati

1902 2655 1989 2707 vel
2035 2651 2427 2724 corruptionis,
2474 2656 2628 2705 totus
2657 2649 2725 2703 ad
2775 2650 3063 2704 Christum
3089 2646 3295 2700 transit
3337 2660 3502 2699 mun-

1904 2743 2029 2809 dus,
2075 2747 2132 2796 et
2160 2743 2474 2804 innovatus,
2502 2741 2622 2810 jam
2669 2737 2937 2810 spiritalis
2967 2736 3214 2801 effectus,
3243 2734 3390 2789 sicut
3417 2733 3499 2787 ait

1903 2831 2202 2902 Apostolus
2226 2848 2236 2883 :
2265 2830 2592 2886 Seminalur
2619 2831 2684 2881 in
2705 2829 3055 2894 inﬁrmitate,
3078 2826 3260 2893 surgit
3288 2825 3354 2877 in
3376 2824 3500 2877 vir-

1905 2926 2043 2983 tute;
2097 2922 2410 2974 seminatur
2456 2921 2520 2972 in
2565 2917 2928 2984 ignobilitate,
2965 2915 3147 2981 surgit
3188 2915 3254 2966 in
3290 2913 3497 2979 gloria,

216 3005 397 3068 dictis,
421 3003 638 3058 bonum
668 3022 734 3058 ex
762 3005 896 3068 Deo,
931 3005 1090 3060 bonis
1132 3013 1189 3060 et
1235 3008 1400 3062 rectis
1431 3009 1616 3074 corde,
1665 3010 1734 3063 de
1762 3027 1821 3064 se
1839 3025 1881 3084 ί]
1905 3011 2218 3064 seminatur
2233 3023 2429 3076 corpus
2443 3008 2708 3064 anim-ale,
2731 3005 2914 3070 surgit
2930 3002 3182 3070 spiritale
3203 3003 3252 3064 (Ι
3267 3002 3388 3057 Cor.
3407 3015 3494 3064 xv,

217 3093 431 3162 praebet
459 3092 690 3146 odorem
737 3109 748 3144 :
784 3099 842 3146 et
869 3109 979 3146 non
1017 3094 1162 3148 sicut
1196 3095 1394 3149 Ariani
1422 3097 1684 3165 garriunt
1715 3097 1820 3152 hoc

217 3181 335 3235 loco
366 3181 550 3235 Filius
572 3179 758 3234 minor
783 3182 950 3235 Patre
982 3182 1350 3252 praedicatur;
1381 3185 1479 3238 sed
1502 3185 1580 3238 sic
1613 3191 1824 3256 tempe-

215 3271 359 3324 ravit
379 3269 824 3340 benignissimus
843 3271 1110 3341 Magister
1125 3273 1464 3326 sententiam
1485 3291 1664 3336 suam,
1689 3281 1752 3328 ut
1767 3281 1825 3329 et

211 3360 522 3413 stultitiam
543 3375 738 3412 eorum
757 3359 1101 3423 retunderet,
1134 3367 1191 3414 et
1213 3362 1293 3415 eis
1313 3379 1434 3432 qua:
1454 3363 1750 3434 petierant,
1773 3363 1821 3417 si

212 3463 447 3518 cperam
504 3447 897 3518 impenderent
948 3448 1099 3513 ﬁdei,
1154 3467 1266 3503 non
1311 3457 1561 3521 negaret.
1602 3452 1670 3506 Et
1707 3469 1819 3508 non

211 3537 397 3590 solum
417 3541 654 3590 caeteros
674 3536 844 3589 etiam
868 3537 1294 3608 condiscipulos,
1321 3556 1513 3593 verum
1538 3546 1596 3594 et
1627 3557 1821 3596 omnes

213 3626 541 3695 quicunque
562 3641 662 3694 per
681 3625 850 3678 fidem
874 3626 1182 3692 salvantur,
1199 3628 1456 3698 egregius
1480 3630 1746 3698 Magister
1764 3631 1822 3684 in

211 3713 314 3767 hac
336 3713 726 3784 responsione,
751 3731 823 3767 ne
839 3715 985 3768 ullus
1006 3717 1368 3770 scandalizari
1390 3725 1580 3788 posset
1599 3719 1667 3772 de
1690 3720 1824 3774 duo-

209 3800 314 3855 bus
329 3802 626 3862 fratribus,
641 3801 808 3855 simul
825 3803 1063 3872 collegit,
1085 3811 1142 3858 et
1163 3805 1352 3859 docuit
1375 3823 1443 3859 ne
1465 3807 1611 3860 ullus
1629 3824 1822 3862 eorum

210 3890 349 3945 illud
381 3891 547 3944 vanis
592 3897 882 3961 appeteret
923 3892 1169 3947 ausibus.
1222 3895 1279 3948 Si
1311 3895 1460 3948 enim
1493 3897 1813 3967 competitio

209 3996 411 4035 eorum
442 3996 559 4033 non
604 3985 690 4033 est
715 3985 976 4051 suscepta
1005 3997 1037 4034 a
1088 3982 1347 4047 Domino,
1383 3984 1635 4053 quamvis
1667 3985 1814 4040 bona

209 4069 315 4122 sibi
346 4074 632 4139 peterent,
666 4069 852 4122 caeteri
882 4069 1120 4139 apostoli
1151 4070 1426 4140 indignati
1458 4078 1610 4136 sunt,
1643 4091 1818 4144 quare

207 4159 294 4211 vel
313 4159 430 4211 hoc
471 4157 577 4227 ipsi
608 4157 664 4210 id
689 4163 879 4228 petere
909 4160 1031 4212 ausi
1057 4165 1207 4224 sunt,
1243 4167 1452 4230 quanto
1493 4163 1669 4232 magis
1697 4163 1821 4218 fue-

1905 3096 1993 3163 43,
2015 3096 2121 3166 44).
2141 3095 2336 3151 Omnis
2362 3093 2588 3165 quidem
2610 3108 2780 3157 mors,
2800 3091 2997 3162 utique
3016 3089 3187 3144 habet
3202 3089 3262 3143 in
3290 3104 3351 3143 se
3375 3103 3501 3160 pas-

1904 3186 2140 3249 sionem,
2166 3200 2279 3238 non
2299 3189 2356 3237 et
2368 3189 2558 3237 tamen
2577 3180 2740 3234 habet
2761 3185 3000 3234 mortem
3021 3179 3078 3233 in
3094 3195 3154 3232 se
3173 3178 3357 3233 omnis
3377 3193 3502 3248 pas-

1906 3273 2006 3327 sio.
2035 3272 2197 3326 Multi
2219 3271 2495 3343 siquidem
2521 3269 2751 3323 fuerunt
2794 3269 2890 3339 qui
2939 3267 3087 3339 passi
3113 3272 3265 3331 sunt,
3297 3272 3354 3320 et
3383 3281 3500 3320 non

1906 3368 2038 3416 sunt
2057 3361 2244 3428 occisi,
2257 3361 2450 3430 quales
2474 3360 2703 3413 fuerunt
2715 3357 2878 3412 multi
2903 3356 3248 3410 confessores
3263 3354 3495 3420 Christi,

1905 3450 2000 3522 qui
2030 3467 2224 3504 omnes
2250 3449 2478 3503 calicem
2508 3446 2731 3500 Domini
2758 3445 3041 3511 biberunt,
3075 3443 3353 3515 baptismo
3395 3458 3501 3497 au-

1902 3545 2018 3594 tem
2039 3541 2180 3610 ejus,
2197 3539 2254 3592 id
2285 3543 2370 3592 est
2400 3537 2597 3590 mortis
2624 3551 2736 3589 non
2764 3534 3030 3604 baptizati
3050 3539 3200 3597 sunt,
3218 3531 3326 3586 nisi
3346 3530 3404 3585 in
3430 3547 3497 3586 eo

1904 3645 2014 3699 quo
2045 3629 2198 3699 prius
2244 3625 2426 3680 renati
2473 3629 2625 3679 sunt.
2657 3623 2733 3678 Et
2773 3622 2898 3676 ideo
2928 3623 3191 3685 Joannes,
3223 3619 3354 3672 licet
3382 3635 3497 3673 non

1905 3717 1978 3771 sit
2006 3734 2106 3788 per
2153 3726 2393 3770 mortem
2423 3714 2608 3768 carnis
2635 3710 2907 3782 martyrio
2935 3713 3377 3770 consummatus,
3404 3712 3495 3762 ta-

1905 3823 2034 3862 men
2055 3806 2284 3860 calicem
2301 3803 2525 3858 Domini
2549 3801 2706 3864 bibit,
2723 3816 2849 3855 cum
2873 3799 2931 3852 in
2956 3797 3150 3852 multis
3169 3801 3256 3850 est
3275 3812 3496 3867 passus.

1900 3898 2009 3952 Sed
2039 3902 2096 3950 et
2124 3896 2245 3966 ipsa
2274 3911 2424 3948 mors
2455 3909 2566 3946 non
2588 3890 2871 3945 immerito
2899 3888 3040 3942 calix
3068 3887 3402 3958 appellatur,
3424 3884 3496 3940 de

1900 4003 2011 4057 qua
2032 3984 2302 4040 Dominus
2321 3999 2449 4037 cum
2471 3981 2540 4035 ad
2563 3981 2757 4034 horam
2780 3977 3054 4050 passionis
3075 3975 3338 4038 venisset,
3371 3974 3454 4029 ait
3479 3991 3494 4025 :

1903 4078 2082 4140 Pater,
2114 4076 2165 4127 si
2189 4073 2439 4142 possibile
2454 4076 2548 4132 est,
2570 4073 2812 4122 transeat
2830 4070 2981 4122 calix
2999 4069 3096 4120 iste
3125 4081 3160 4119 a
3176 4081 3260 4118 me
3277 4064 3494 4131 (Matth.

1903 4177 2046 4227 xxvt,
2107 4159 2212 4231 39).
2248 4165 2312 4215 ut
2352 4161 2694 4213 monstraret
2739 4156 2857 4210 suis
2901 4155 3052 4226 quia,
3105 4155 3211 4209 etsi
3241 4153 3497 4207 dolorem

208 4254 340 4301 rant
363 4245 765 4307 conturbandi,
784 4246 830 4300 si
848 4247 1043 4316 petitio
1062 4265 1253 4302 eorum
1278 4267 1312 4302 a
1337 4249 1574 4305 Domino
1599 4269 1820 4323 suscep-
1903 4258 2022 4316 ῃ..
2045 4259 2077 4316 |
2105 4251 2277 4304 habet
2299 4249 2502 4321 passio,
2531 4262 2798 4317 magnum
2822 4252 3012 4299 tamen
3041 4245 3304 4298 timorem
3336 4241 3500 4296 aﬂ'ert

200 4342 260 4389 ta
287 4336 519 4390 fuisset.
557 4336 701 4388 Nam
724 4335 770 4388 si
799 4352 993 4389 eorum
1019 4338 1308 4391 temeritas
1338 4339 1422 4392 vel
1456 4342 1819 4412 priesumptio
1901 4341 2141 4394 tentatio
2172 4339 2384 4394 mortis.
2418 4339 2599 4402 Quem
2626 4336 2768 4390 forte
2807 4334 3067 4388 timorem
3111 4332 3296 4386 adhuc
3334 4331 3495 4384 inex-

204 4425 411 4479 audita
443 4428 611 4488 esset,
645 4423 741 4493 qui
770 4423 906 4476 talia
935 4425 1056 4477 sine
1084 4427 1291 4480 auxilio
1312 4429 1396 4480 vel
1424 4429 1608 4497 gratia
1643 4419 1888 4500 Spiri-D
1908 4431 2053 4501 perti
2100 4436 2262 4484 erant
2291 4429 2403 4487 isti.
2438 4433 2495 4480 et
2530 4426 2656 4480 ideo
2702 4429 2820 4478 tam
2861 4423 3036 4477 libere
3082 4419 3414 4490 interrogati
3448 4420 3497 4474 si

201 4520 295 4567 tus
323 4513 516 4567 sancti
547 4511 869 4582 poscebant,
913 4514 1100 4566 caeteri
1134 4514 1316 4569 adhuc
1352 4516 1482 4586 quia
1513 4519 1824 4573 carnaliter

201 4601 532 4672 sapiebant,
586 4605 849 4671 poterant
879 4601 1061 4670 magis
1104 4604 1487 4672 scandalizari,
1524 4607 1569 4660 si
1603 4607 1821 4661 duobus

199 4692 642 4756 concederetur,
693 4689 841 4759 quod
875 4689 1134 4744 omnibus
1180 4691 1507 4760 debebatur,
1541 4701 1598 4748 et
1628 4712 1822 4751 omnes

199 4797 446 4850 sperare
473 4778 773 4832 debebant.
802 4778 1012 4832 Verum
1035 4781 1180 4850 quod
1203 4782 1462 4836 omnibus
1483 4785 1641 4854 regni
1669 4785 1822 4839 illius

198 4871 475 4930 facultas,
510 4873 570 4923 et
593 4868 777 4938 gloria
807 4867 993 4922 danda
1021 4874 1108 4923 est
1136 4871 1526 4938 communiter,
1560 4878 1615 4926 et
1647 4891 1759 4928 non
1789 4893 1824 4929 a

197 4960 437 5014 duobus
459 4957 842 5028 subripienda.
873 4957 1085 5011 Idcirco
1105 4958 1381 5029 sapientia
1402 4978 1570 5030 quam
1597 4963 1822 5033 sapien-

197 5057 287 5103 ter
314 5048 445 5103 illis
493 5047 849 5117 respondeat,
896 5047 1054 5117 pium
1100 5053 1186 5101 est
1229 5049 1493 5118 cogitare.
1529 5051 1620 5106 Sic
1668 5053 1821 5107 enim

196 5136 558 5192 sententiam
587 5141 883 5206 temperat,
917 5141 982 5190 ut
1023 5137 1241 5190 nullum
1291 5138 1570 5192 offendere
1619 5143 1816 5212 possit.

196 5228 330 5282 Non
363 5225 527 5280 enim
549 5225 727 5278 dixit:
763 5229 953 5290 s40
981 5225 1281 5296 Nunquam
1315 5225 1391 5280 ibi
1431 5228 1715 5293 sedebitis,
1749 5248 1820 5285 ne

193 5318 344 5372 duos
377 5313 790 5380 confunderet;
823 5330 1004 5385 neque
1028 5315 1300 5369 concessit
1318 5322 1381 5371 ut
1409 5317 1639 5379 diceret,
1664 5319 1818 5372 sede-

192 5406 352 5468 bitis,
393 5419 474 5457 ne
501 5408 734 5457 caeteros
761 5402 1013 5457 irritaret
1056 5403 1126 5457 ad
1173 5405 1516 5458 scandalum.
1550 5407 1657 5460 Sed
1684 5409 1817 5477 quid

192 5496 333 5550 dicit
369 5512 383 5544 :
416 5492 546 5547 Non
573 5496 647 5545 est
675 5508 859 5545 meum
887 5494 1022 5546 dare
1047 5495 1195 5546 vobis
1219 5500 1242 5546 ?
1262 5494 1348 5549 Sic
1367 5511 1610 5564 namque
1627 5494 1820 5565 benig-

1905 4525 2133 4590 possent
2164 4519 2349 4573 bibere
2377 4517 2555 4581 illum,
2587 4513 2993 4586 responderunt
3023 4525 3325 4580 possumus.
3344 4508 3499 4563 Felix

1905 4626 2081 4674 error,
2113 4614 2178 4663 ut
2205 4609 2286 4662 ita
2327 4607 2528 4671 dicam,
2552 4605 2808 4668 istorum,
2847 4604 2941 4673 qui
2966 4605 3187 4655 tantum
3213 4615 3248 4654 a
3272 4598 3500 4654 creden-

1904 4698 2056 4752 tibus
2083 4697 2232 4752 tollit
2247 4711 2514 4751 errorem.
2540 4693 2684 4758 Quia
2703 4692 2811 4746 nisi
2831 4692 2925 4745 isti
2946 4694 3246 4755 errassent,
3268 4705 3382 4743 non
3402 4705 3497 4760 po-

1904 4794 2154 4842 teramus
2191 4801 2522 4857 cognoscere
2568 4783 2716 4853 quod
2746 4797 2858 4835 non
2890 4796 3054 4834 omne
3085 4779 3234 4850 quod
3275 4778 3498 4832 videtur

1905 4876 2113 4931 bonum
2138 4882 2350 4930 temere
2379 4871 2757 4944 appetendum
2789 4875 2891 4924 est.
2925 4868 3202 4933 Quoniam
3227 4867 3380 4922 aliud
3411 4870 3498 4920 est

1907 4983 2048 5036 opus
2070 4966 2295 5029 bonum,
2329 4962 2480 5018 aliud
2507 4961 2783 5032 primatus
2813 4958 3063 5021 honoris,
3095 4973 3262 5028 quem
3291 4971 3496 5010 concu-

1906 5056 2120 5126 piscere
2148 5053 2364 5107 vanitas
2394 5056 2497 5105 est.
2529 5049 2688 5105 Unde
2716 5048 3018 5120 Apostolus
3051 5063 3062 5098 :
3097 5046 3203 5112 Qui
3228 5047 3497 5112 episcopa-

1909 5150 2048 5208 tum,
2079 5143 2280 5214 inquit,
2314 5142 2601 5205 desiderat,
2627 5140 2829 5192 bonum
2842 5153 2974 5206 opus
2992 5135 3262 5189 desiderat
3283 5134 3330 5199 (Ι
3353 5133 3496 5186 Tim.

1904 5247 1990 5297 In,
2028 5233 2075 5296 1)
2102 5251 2113 5292 ;
2147 5232 2280 5302 quia
2310 5230 2426 5285 vult
2443 5235 2508 5284 ut
2527 5245 2639 5283 non
2659 5227 2949 5290 honorem,
2966 5223 3063 5279 sed
3083 5227 3147 5277 ut
3165 5238 3306 5294 opus
3325 5222 3500 5277 hono-

1904 5322 1982 5374 ris
2027 5321 2151 5392 quis
2182 5319 2410 5374 ambiat.
2446 5319 2590 5384 Quia
2627 5319 2732 5371 hoc
2771 5315 2980 5370 bonum
3026 5313 3263 5383 implere
3293 5316 3499 5366 nostra:

1904 5409 2208 5463 voluntatis
2256 5415 2342 5463 est
2371 5425 2404 5462 a
2430 5409 2546 5463 Deo
2574 5423 2868 5469 concessa,
2901 5402 3192 5473 nostrique
3221 5401 3406 5471 operis
3433 5416 3499 5453 ac

1902 5497 2136 5566 laboris;
2163 5499 2468 5569 primatum
2494 5503 2685 5552 autem
2703 5494 2966 5564 consequi
2988 5493 3046 5546 in
3070 5491 3171 5545 Dei
3192 5506 3314 5543 esse
3334 5487 3502 5541 debet

195 5583 495 5638 missimus
514 5579 781 5651 Magister
799 5581 1026 5651 provide
1049 5581 1240 5636 omnia
1259 5581 1524 5652 disponit,
1543 5589 1607 5636 ut
1627 5589 1694 5637 et'
1711 5585 1819 5660 ipsi
1896 5587 2129 5655 judicio,
2165 5594 2225 5658 et
2252 5604 2366 5661 non
2385 5589 2444 5659 in
2468 5592 2659 5641 nostro
2691 5582 2988 5640 desiderio.
3020 5578 3181 5634 Unde
3209 5575 3496 5645 sequitur:
