  <div class='ocr_page' id='page_1' title='image "/cluster/home/n/w/nwhite01/storage/ocr_20150623/120/hvd.32044054759824/351.png"; bbox 0 0 3888 6172; ppageno 0'>
   <div class='ocr_carea' id='block_1_1' title="bbox 502 407 604 463">
    <p class='ocr_par' dir='ltr' id='par_1_1' title="bbox 502 407 604 463">
     <span class='ocr_line' id='line_1_1' title="bbox 502 407 604 463; baseline -0.02 0"><span class='ocrx_word' id='word_1_1' title='bbox 502 407 604 463; x_wconf 62' lang='grc'>691</span> 
     </span>
    </p>
   </div>
   <div class='ocr_carea' id='block_1_2' title="bbox 1272 397 3019 456">
    <p class='ocr_par' dir='ltr' id='par_1_2' title="bbox 1272 397 3019 456">
     <span class='ocr_line' id='line_1_2' title="bbox 1272 397 3019 456; baseline -0.003 -2"><span class='ocrx_word' id='word_1_2' title='bbox 1272 403 1333 454; x_wconf 80' lang='lat' dir='ltr'>S.</span> <span class='ocrx_word' id='word_1_3' title='bbox 1371 397 1748 454; x_wconf 75' lang='lat' dir='ltr'>PASCHASJI</span> <span class='ocrx_word' id='word_1_4' title='bbox 1787 401 2146 456; x_wconf 77' lang='lat' dir='ltr'>RADBERTI</span> <span class='ocrx_word' id='word_1_5' title='bbox 2185 400 2488 455; x_wconf 75' lang='lat' dir='ltr'>ABBATIS</span> <span class='ocrx_word' id='word_1_6' title='bbox 2525 397 3019 454; x_wconf 78' lang='lat' dir='ltr'>CORBEIENSIS.</span> 
     </span>
    </p>
   </div>
   <div class='ocr_carea' id='block_1_3' title="bbox 3580 399 3654 457">
    <p class='ocr_par' dir='ltr' id='par_1_3' title="bbox 3580 399 3654 457">
     <span class='ocr_line' id='line_1_3' title="bbox 3580 399 3654 457; baseline 0.041 -3"><span class='ocrx_word' id='word_1_7' title='bbox 3580 399 3654 457; x_wconf 73' lang='lat'>69!</span> 
     </span>
    </p>
   </div>
   <div class='ocr_carea' id='block_1_4' title="bbox 573 519 3657 591">
    <p class='ocr_par' dir='ltr' id='par_1_4' title="bbox 573 519 3657 591">
     <span class='ocr_line' id='line_1_4' title="bbox 573 519 3657 591; baseline -0.003 -7"><span class='ocrx_word' id='word_1_8' title='bbox 573 529 928 584; x_wconf 59' lang='lat' dir='ltr'>Studeamus</span> <span class='ocrx_word' id='word_1_9' title='bbox 953 527 1106 578; x_wconf 70' lang='lat' dir='ltr'>Jews</span> <span class='ocrx_word' id='word_1_10' title='bbox 1134 523 1414 576; x_wconf 71' lang='lat' dir='ltr'>duodecim</span> <span class='ocrx_word' id='word_1_11' title='bbox 1444 523 1757 586; x_wconf 70' lang='lat' dir='ltr'>discipulos,</span> <span class='ocrx_word' id='word_1_12' title='bbox 1791 525 1870 575; x_wconf 86' lang='lat' dir='ltr'>ait</span> <span class='ocrx_word' id='word_1_13' title='bbox 1912 525 2025 576; x_wconf 80' lang='lat' dir='ltr'><em>illis</em></span> <span class='ocrx_word' id='word_1_14' title='bbox 2072 523 2599 582; x_wconf 82' lang='lat' dir='ltr'>:Acondemnatur.</span> <span class='ocrx_word' id='word_1_15' title='bbox 2635 520 2988 591; x_wconf 77' lang='lat' dir='ltr'>Quapropter</span> <span class='ocrx_word' id='word_1_16' title='bbox 3018 519 3143 590; x_wconf 79' lang='lat' dir='ltr'>quis</span> <span class='ocrx_word' id='word_1_17' title='bbox 3179 524 3262 573; x_wconf 89' lang='lat' dir='ltr'>est</span> <span class='ocrx_word' id='word_1_18' title='bbox 3285 519 3368 590; x_wconf 90' lang='lat' dir='ltr'>qui</span> <span class='ocrx_word' id='word_1_19' title='bbox 3404 521 3512 575; x_wconf 75' lang='lat' dir='ltr'>velit</span> <span class='ocrx_word' id='word_1_20' title='bbox 3530 537 3657 576; x_wconf 67' lang='lat' dir='ltr'>sucu-</span> 
     </span>
    </p>
   </div>
   <div class='ocr_carea' id='block_1_5' title="bbox 501 611 2092 687">
    <p class='ocr_par' dir='ltr' id='par_1_5' title="bbox 501 611 2092 687">
     <span class='ocr_line' id='line_1_5' title="bbox 501 611 2092 687; baseline -0.006 -12"><span class='ocrx_word' id='word_1_21' title='bbox 501 621 668 676; x_wconf 69' lang='lat' dir='ltr'>Sco&#39;tis</span> <span class='ocrx_word' id='word_1_22' title='bbox 686 615 836 687; x_wconf 77' lang='lat' dir='ltr'>quod</span> <span class='ocrx_word' id='word_1_23' title='bbox 855 615 1135 682; x_wconf 70' lang='lat' dir='ltr'>principes</span> <span class='ocrx_word' id='word_1_24' title='bbox 1153 613 1403 679; x_wconf 76' lang='lat' dir='ltr'>gentium</span> <span class='ocrx_word' id='word_1_25' title='bbox 1421 611 1789 664; x_wconf 76' lang='lat' dir='ltr'>dominantur</span> <span class='ocrx_word' id='word_1_26' title='bbox 1807 627 2017 677; x_wconf 82' lang='lat' dir='ltr'>eorum,</span> <span class='ocrx_word' id='word_1_27' title='bbox 2043 617 2092 665; x_wconf 83' lang='lat' dir='ltr'>et</span> 
     </span>
    </p>
   </div>
   <div class='ocr_carea' id='block_1_6' title="bbox 494 701 2091 778">
    <p class='ocr_par' dir='ltr' id='par_1_6' title="bbox 494 701 2091 778">
     <span class='ocr_line' id='line_1_6' title="bbox 494 701 2091 778; baseline 0.004 -31"><span class='ocrx_word' id='word_1_28' title='bbox 494 712 601 778; x_wconf 55' lang='lat' dir='ltr'>qui</span> <span class='ocrx_word' id='word_1_29' title='bbox 629 710 863 774; x_wconf 57' lang='lat' dir='ltr'>majora</span> <span class='ocrx_word' id='word_1_30' title='bbox 884 707 1018 754; x_wconf 70' lang='lat' dir='ltr'>sunt</span> <span class='ocrx_word' id='word_1_31' title='bbox 1042 703 1356 769; x_wconf 72' lang='lat' dir='ltr'>potestatem</span> <span class='ocrx_word' id='word_1_32' title='bbox 1380 703 1627 752; x_wconf 70' lang='lat' dir='ltr'>exercent</span> <span class='ocrx_word' id='word_1_33' title='bbox 1653 702 1714 752; x_wconf 87' lang='lat' dir='ltr'><em>in</em></span> <span class='ocrx_word' id='word_1_34' title='bbox 1731 715 1830 752; x_wconf 78' lang='lat' dir='ltr'>eos.</span> <span class='ocrx_word' id='word_1_35' title='bbox 1866 701 1990 754; x_wconf 89' lang='lat' dir='ltr'>Non</span> <span class='ocrx_word' id='word_1_36' title='bbox 2012 704 2091 754; x_wconf 85' lang='lat' dir='ltr'>ita</span> 
     </span>
    </p>
   </div>
   <div class='ocr_carea' id='block_1_7' title="bbox 497 788 2093 857">
    <p class='ocr_par' dir='ltr' id='par_1_7' title="bbox 497 788 2093 857">
     <span class='ocr_line' id='line_1_7' title="bbox 497 788 2093 857; baseline -0.006 -7"><span class='ocrx_word' id='word_1_37' title='bbox 497 799 610 850; x_wconf 66' lang='lat' dir='ltr'>erit</span> <span class='ocrx_word' id='word_1_38' title='bbox 631 798 780 848; x_wconf 81' lang='lat' dir='ltr'>inter</span> <span class='ocrx_word' id='word_1_39' title='bbox 805 807 913 845; x_wconf 76' lang='lat' dir='ltr'>vos.</span> <span class='ocrx_word' id='word_1_40' title='bbox 930 788 1034 843; x_wconf 82' lang='lat' dir='ltr'>Sed</span> <span class='ocrx_word' id='word_1_41' title='bbox 1057 791 1370 857; x_wconf 71' lang='lat' dir='ltr'>quicunque</span> <span class='ocrx_word' id='word_1_42' title='bbox 1389 790 1623 841; x_wconf 81' lang='lat' dir='ltr'>voluerit</span> <span class='ocrx_word' id='word_1_43' title='bbox 1640 790 1785 840; x_wconf 84' lang='lat' dir='ltr'>inter</span> <span class='ocrx_word' id='word_1_44' title='bbox 1801 805 1889 841; x_wconf 79' lang='lat' dir='ltr'>vos</span> <span class='ocrx_word' id='word_1_45' title='bbox 1912 791 2093 857; x_wconf 68' lang='lat' dir='ltr'>major</span> 
     </span>
    </p>
   </div>
   <div class='ocr_carea' id='block_1_8' title="bbox 493 878 2093 953">
    <p class='ocr_par' dir='ltr' id='par_1_8' title="bbox 493 878 2093 953">
     <span class='ocr_line' id='line_1_8' title="bbox 493 878 2093 953; baseline -0.003 -18"><span class='ocrx_word' id='word_1_46' title='bbox 493 886 640 953; x_wconf 71' lang='lat' dir='ltr'>ﬁeri,</span> <span class='ocrx_word' id='word_1_47' title='bbox 668 884 781 935; x_wconf 77' lang='lat' dir='ltr'>erit</span> <span class='ocrx_word' id='word_1_48' title='bbox 797 882 1054 933; x_wconf 79' lang='lat' dir='ltr'>omnium</span> <span class='ocrx_word' id='word_1_49' title='bbox 1077 880 1362 939; x_wconf 70' lang='lat' dir='ltr'>minister;</span> <span class='ocrx_word' id='word_1_50' title='bbox 1381 880 1431 929; x_wconf 81' lang='lat' dir='ltr'>et</span> <span class='ocrx_word' id='word_1_51' title='bbox 1452 878 1552 944; x_wconf 84' lang='lat' dir='ltr'>qui</span> <span class='ocrx_word' id='word_1_52' title='bbox 1571 879 1806 929; x_wconf 74' lang='lat' dir='ltr'>voluerit</span> <span class='ocrx_word' id='word_1_53' title='bbox 1837 879 1984 931; x_wconf 78' lang='lat' dir='ltr'>inter</span> <span class='ocrx_word' id='word_1_54' title='bbox 2006 895 2093 931; x_wconf 79' lang='lat' dir='ltr'>vos</span> 
     </span>
    </p>
   </div>
   <div class='ocr_carea' id='block_1_9' title="bbox 490 963 2093 1044">
    <p class='ocr_par' dir='ltr' id='par_1_9' title="bbox 490 963 2093 1044">
     <span class='ocr_line' id='line_1_9' title="bbox 490 963 2093 1044; baseline -0.004 -17"><span class='ocrx_word' id='word_1_55' title='bbox 490 975 717 1044; x_wconf 73' lang='lat' dir='ltr'>primus</span> <span class='ocrx_word' id='word_1_56' title='bbox 739 986 870 1034; x_wconf 64' lang='lat' dir='ltr'>esse,</span> <span class='ocrx_word' id='word_1_57' title='bbox 888 970 998 1022; x_wconf 74' lang='lat' dir='ltr'>erit</span> <span class='ocrx_word' id='word_1_58' title='bbox 1028 972 1196 1021; x_wconf 75' lang='lat' dir='ltr'>vester</span> <span class='ocrx_word' id='word_1_59' title='bbox 1218 981 1422 1018; x_wconf 80' lang='lat' dir='ltr'>servus.</span> <span class='ocrx_word' id='word_1_60' title='bbox 1441 963 1683 1018; x_wconf 86' lang='lat' dir='ltr'>Revocat</span> <span class='ocrx_word' id='word_1_61' title='bbox 1700 971 1888 1018; x_wconf 90' lang='lat' dir='ltr'>autem</span> <span class='ocrx_word' id='word_1_62' title='bbox 1912 982 2006 1019; x_wconf 88' lang='lat' dir='ltr'>eos</span> <span class='ocrx_word' id='word_1_63' title='bbox 2021 967 2093 1020; x_wconf 90' lang='lat' dir='ltr'>ad</span> 
     </span>
    </p>
   </div>
   <div class='ocr_carea' id='block_1_10' title="bbox 2171 608 3656 680">
    <p class='ocr_par' dir='ltr' id='par_1_10' title="bbox 2171 608 3656 680">
     <span class='ocr_line' id='line_1_10' title="bbox 2171 608 3656 680; baseline 0 -16"><span class='ocrx_word' id='word_1_64' title='bbox 2171 612 2368 664; x_wconf 80' lang='lat' dir='ltr'>lariter</span> <span class='ocrx_word' id='word_1_65' title='bbox 2397 615 2659 680; x_wconf 75' lang='lat' dir='ltr'>appetere</span> <span class='ocrx_word' id='word_1_66' title='bbox 2707 625 2829 678; x_wconf 77' lang='lat' dir='ltr'>quae</span> <span class='ocrx_word' id='word_1_67' title='bbox 2857 608 3133 662; x_wconf 73' lang='lat' dir='ltr'>Dominus</span> <span class='ocrx_word' id='word_1_68' title='bbox 3155 608 3400 678; x_wconf 47' lang='lat' dir='ltr'>etj’udex,</span> <span class='ocrx_word' id='word_1_69' title='bbox 3422 609 3542 664; x_wconf 86' lang='lat' dir='ltr'>ultor</span> <span class='ocrx_word' id='word_1_70' title='bbox 3569 627 3656 664; x_wconf 85' lang='lat' dir='ltr'>om-</span> 
     </span>
    </p>
   </div>
   <div class='ocr_carea' id='block_1_11' title="bbox 2173 697 3660 771">
    <p class='ocr_par' dir='ltr' id='par_1_11' title="bbox 2173 697 3660 771">
     <span class='ocr_line' id='line_1_11' title="bbox 2173 697 3660 771; baseline -0.001 -17"><span class='ocrx_word' id='word_1_71' title='bbox 2173 701 2352 764; x_wconf 88' lang='lat' dir='ltr'>nium,</span> <span class='ocrx_word' id='word_1_72' title='bbox 2383 699 2661 771; x_wconf 86' lang='lat' dir='ltr'>prohibet,</span> <span class='ocrx_word' id='word_1_73' title='bbox 2683 698 2792 751; x_wconf 83' lang='lat' dir='ltr'><em>nisi</em></span> <span class='ocrx_word' id='word_1_74' title='bbox 2817 697 2914 767; x_wconf 83' lang='lat' dir='ltr'>qui</span> <span class='ocrx_word' id='word_1_75' title='bbox 2944 697 3218 768; x_wconf 85' lang='lat' dir='ltr'>judicium</span> <span class='ocrx_word' id='word_1_76' title='bbox 3243 714 3336 768; x_wconf 86' lang='lat' dir='ltr'>pro</span> <span class='ocrx_word' id='word_1_77' title='bbox 3364 698 3442 751; x_wconf 87' lang='lat' dir='ltr'>his</span> <span class='ocrx_word' id='word_1_78' title='bbox 3474 699 3660 753; x_wconf 77' lang='lat' dir='ltr'>futurum</span> 
     </span>
    </p>
   </div>
   <div class='ocr_carea' id='block_1_12' title="bbox 2174 785 3657 857">
    <p class='ocr_par' dir='ltr' id='par_1_12' title="bbox 2174 785 3657 857">
     <span class='ocr_line' id='line_1_12' title="bbox 2174 785 3657 857; baseline -0.001 -13"><span class='ocrx_word' id='word_1_79' title='bbox 2174 807 2287 844; x_wconf 92' lang='lat' dir='ltr'>non</span> <span class='ocrx_word' id='word_1_80' title='bbox 2315 790 2530 843; x_wconf 83' lang='lat' dir='ltr'>credit?</span> <span class='ocrx_word' id='word_1_81' title='bbox 2557 785 2768 842; x_wconf 84' lang='lat' dir='ltr'>Idcirco</span> <span class='ocrx_word' id='word_1_82' title='bbox 2803 803 2968 840; x_wconf 89' lang='lat' dir='ltr'>nemo</span> <span class='ocrx_word' id='word_1_83' title='bbox 3005 787 3076 840; x_wconf 89' lang='lat' dir='ltr'>de</span> <span class='ocrx_word' id='word_1_84' title='bbox 3107 803 3169 840; x_wconf 89' lang='lat' dir='ltr'>se</span> <span class='ocrx_word' id='word_1_85' title='bbox 3187 792 3460 857; x_wconf 78' lang='lat' dir='ltr'>praesumat</span> <span class='ocrx_word' id='word_1_86' title='bbox 3481 788 3657 853; x_wconf 79' lang='lat' dir='ltr'>incaute,</span> 
     </span>
    </p>
   </div>
   <div class='ocr_carea' id='block_1_13' title="bbox 2175 875 3665 940">
    <p class='ocr_par' dir='ltr' id='par_1_13' title="bbox 2175 875 3665 940">
     <span class='ocr_line' id='line_1_13' title="bbox 2175 875 3665 940; baseline -0.002 -7"><span class='ocrx_word' id='word_1_87' title='bbox 2175 880 2276 933; x_wconf 83' lang='lat' dir='ltr'>etsi</span> <span class='ocrx_word' id='word_1_88' title='bbox 2291 884 2518 932; x_wconf 87' lang='lat' dir='ltr'>sanctus</span> <span class='ocrx_word' id='word_1_89' title='bbox 2532 877 2804 930; x_wconf 86' lang='lat' dir='ltr'>videatur.</span> <span class='ocrx_word' id='word_1_90' title='bbox 2821 875 2968 940; x_wconf 84' lang='lat' dir='ltr'>Quia</span> <span class='ocrx_word' id='word_1_91' title='bbox 2980 875 3443 930; x_wconf 75' lang='lat' dir='ltr'>etsiditferentiam</span> <span class='ocrx_word' id='word_1_92' title='bbox 3455 876 3665 930; x_wconf 73' lang='lat' dir='ltr'>interean-</span> 
     </span>
    </p>
   </div>
   <div class='ocr_carea' id='block_1_14' title="bbox 2175 963 3666 1038">
    <p class='ocr_par' dir='ltr' id='par_1_14' title="bbox 2175 963 3666 1038">
     <span class='ocr_line' id='line_1_14' title="bbox 2175 963 3666 1038; baseline -0.004 -16"><span class='ocrx_word' id='word_1_93' title='bbox 2175 973 2294 1022; x_wconf 89' lang='lat' dir='ltr'>ctos</span> <span class='ocrx_word' id='word_1_94' title='bbox 2314 984 2520 1038; x_wconf 85' lang='lat' dir='ltr'>negare</span> <span class='ocrx_word' id='word_1_95' title='bbox 2542 983 2652 1020; x_wconf 89' lang='lat' dir='ltr'>non</span> <span class='ocrx_word' id='word_1_96' title='bbox 2681 982 2981 1036; x_wconf 81' lang='lat' dir='ltr'>possumus</span> <span class='ocrx_word' id='word_1_97' title='bbox 3001 971 3060 1019; x_wconf 87' lang='lat' dir='ltr'>et</span> <span class='ocrx_word' id='word_1_98' title='bbox 3076 963 3334 1036; x_wconf 83' lang='lat' dir='ltr'>plebeios,</span> <span class='ocrx_word' id='word_1_99' title='bbox 3354 970 3516 1018; x_wconf 86' lang='lat' dir='ltr'>tamen</span> <span class='ocrx_word' id='word_1_100' title='bbox 3537 971 3587 1018; x_wconf 78' lang='lat' dir='ltr'>ut</span> <span class='ocrx_word' id='word_1_101' title='bbox 3606 981 3666 1016; x_wconf 88' lang='lat' dir='ltr'>co-</span> 
     </span>
    </p>
   </div>
   <div class='ocr_carea' id='block_1_15' title="bbox 495 1052 3666 1127">
    <p class='ocr_par' dir='ltr' id='par_1_15' title="bbox 495 1052 3666 1127">
     <span class='ocr_line' id='line_1_15' title="bbox 495 1052 3666 1127; baseline -0.003 -11"><span class='ocrx_word' id='word_1_102' title='bbox 495 1052 836 1116; x_wconf 68' lang='lat' dir='ltr'>humilitatis</span> <span class='ocrx_word' id='word_1_103' title='bbox 851 1055 1314 1117; x_wconf 70' lang='lat' dir='ltr'>satisfactionem,</span> <span class='ocrx_word' id='word_1_104' title='bbox 1337 1069 1463 1106; x_wconf 90' lang='lat' dir='ltr'>cum</span> <span class='ocrx_word' id='word_1_105' title='bbox 1490 1052 1733 1122; x_wconf 82' lang='lat' dir='ltr'>fructum</span> <span class='ocrx_word' id='word_1_106' title='bbox 1753 1055 2089 1109; x_wconf 83' lang='lat' dir='ltr'>humilitatis</span> <span class='ocrx_word' id='word_1_107' title='bbox 2167 1062 2406 1127; x_wconf 84' lang='lat' dir='ltr'>gnoscat</span> <span class='ocrx_word' id='word_1_108' title='bbox 2427 1074 2486 1110; x_wconf 89' lang='lat' dir='ltr'>se</span> <span class='ocrx_word' id='word_1_109' title='bbox 2517 1055 2922 1125; x_wconf 86' lang='lat' dir='ltr'>unusquisque,</span> <span class='ocrx_word' id='word_1_110' title='bbox 2945 1059 3136 1108; x_wconf 87' lang='lat' dir='ltr'>utrum</span> <span class='ocrx_word' id='word_1_111' title='bbox 3167 1054 3355 1108; x_wconf 81' lang='lat' dir='ltr'>melior</span> <span class='ocrx_word' id='word_1_112' title='bbox 3378 1054 3443 1107; x_wconf 87' lang='lat' dir='ltr'>sit</span> <span class='ocrx_word' id='word_1_113' title='bbox 3475 1069 3536 1106; x_wconf 84' lang='lat' dir='ltr'>sn</span> <span class='ocrx_word' id='word_1_114' title='bbox 3557 1053 3666 1106; x_wconf 80' lang='lat' dir='ltr'>dete-</span> 
     </span>
    </p>
   </div>
   <div class='ocr_carea' id='block_1_16' title="bbox 493 1141 2091 1221">
    <p class='ocr_par' dir='ltr' id='par_1_16' title="bbox 493 1141 2091 1221">
     <span class='ocr_line' id='line_1_16' title="bbox 493 1141 2091 1221; baseline -0.004 -16"><span class='ocrx_word' id='word_1_115' title='bbox 493 1149 686 1221; x_wconf 73' lang='lat' dir='ltr'>pesuit</span> <span class='ocrx_word' id='word_1_116' title='bbox 711 1148 1020 1219; x_wconf 78' lang='lat' dir='ltr'>primatum</span> <span class='ocrx_word' id='word_1_117' title='bbox 1050 1145 1359 1198; x_wconf 63' lang='lat' dir='ltr'>caelestem:</span> <span class='ocrx_word' id='word_1_118' title='bbox 1386 1141 1532 1197; x_wconf 86' lang='lat' dir='ltr'>sicut</span> <span class='ocrx_word' id='word_1_119' title='bbox 1548 1149 1605 1196; x_wconf 90' lang='lat' dir='ltr'>et</span> <span class='ocrx_word' id='word_1_120' title='bbox 1624 1144 1683 1196; x_wconf 89' lang='lat' dir='ltr'>in</span> <span class='ocrx_word' id='word_1_121' title='bbox 1712 1144 1957 1214; x_wconf 82' lang='lat' dir='ltr'>primatu</span> <span class='ocrx_word' id='word_1_122' title='bbox 1980 1156 2091 1198; x_wconf 85' lang='lat' dir='ltr'>ter-</span> 
     </span>
    </p>
   </div>
   <div class='ocr_carea' id='block_1_17' title="bbox 496 1231 2090 1294">
    <p class='ocr_par' dir='ltr' id='par_1_17' title="bbox 496 1231 2090 1294">
     <span class='ocr_line' id='line_1_17' title="bbox 496 1231 2090 1294; baseline -0.005 0"><span class='ocrx_word' id='word_1_123' title='bbox 496 1238 623 1294; x_wconf 71' lang='lat' dir='ltr'>reni</span> <span class='ocrx_word' id='word_1_124' title='bbox 665 1235 896 1292; x_wconf 76' lang='lat' dir='ltr'>honoris</span> <span class='ocrx_word' id='word_1_125' title='bbox 931 1233 1176 1287; x_wconf 81' lang='lat' dir='ltr'>fructum</span> <span class='ocrx_word' id='word_1_126' title='bbox 1213 1231 1461 1285; x_wconf 74' lang='lat' dir='ltr'>ostendit</span> <span class='ocrx_word' id='word_1_127' title='bbox 1496 1231 1881 1286; x_wconf 81' lang='lat' dir='ltr'>confusionem</span> <span class='ocrx_word' id='word_1_128' title='bbox 1931 1233 2090 1286; x_wconf 76' lang='lat' dir='ltr'>cmle-</span> 
     </span>
    </p>
   </div>
   <div class='ocr_carea' id='block_1_18' title="bbox 492 1319 2085 1395">
    <p class='ocr_par' dir='ltr' id='par_1_18' title="bbox 492 1319 2085 1395">
     <span class='ocr_line' id='line_1_18' title="bbox 492 1319 2085 1395; baseline -0.005 -12"><span class='ocrx_word' id='word_1_129' title='bbox 492 1332 658 1382; x_wconf 79' lang='lat' dir='ltr'>stem.</span> <span class='ocrx_word' id='word_1_130' title='bbox 685 1327 761 1380; x_wconf 86' lang='lat' dir='ltr'>Ut</span> <span class='ocrx_word' id='word_1_131' title='bbox 782 1323 1101 1395; x_wconf 74' lang='lat' dir='ltr'>quicunque</span> <span class='ocrx_word' id='word_1_132' title='bbox 1131 1319 1413 1374; x_wconf 85' lang='lat' dir='ltr'>desiderat</span> <span class='ocrx_word' id='word_1_133' title='bbox 1429 1320 1760 1389; x_wconf 83' lang='lat' dir='ltr'>dignitatem</span> <span class='ocrx_word' id='word_1_134' title='bbox 1787 1322 2085 1389; x_wconf 83' lang='lat' dir='ltr'>caelestem,</span> 
     </span>
    </p>
   </div>
   <div class='ocr_carea' id='block_1_19' title="bbox 490 1409 2089 1486">
    <p class='ocr_par' dir='ltr' id='par_1_19' title="bbox 490 1409 2089 1486">
     <span class='ocr_line' id='line_1_19' title="bbox 490 1409 2089 1486; baseline -0.004 -16"><span class='ocrx_word' id='word_1_135' title='bbox 490 1419 767 1486; x_wconf 75' lang='lat' dir='ltr'>aequatur</span> <span class='ocrx_word' id='word_1_136' title='bbox 815 1411 1236 1476; x_wconf 78' lang='lat' dir='ltr'>humilitatem;</span> <span class='ocrx_word' id='word_1_137' title='bbox 1279 1414 1336 1462; x_wconf 88' lang='lat' dir='ltr'>et</span> <span class='ocrx_word' id='word_1_138' title='bbox 1373 1409 1687 1480; x_wconf 85' lang='lat' dir='ltr'>quicunque</span> <span class='ocrx_word' id='word_1_139' title='bbox 1735 1411 1916 1480; x_wconf 82' lang='lat' dir='ltr'>magis</span> <span class='ocrx_word' id='word_1_140' title='bbox 1944 1427 2089 1482; x_wconf 76' lang='lat' dir='ltr'>quae-</span> 
     </span>
    </p>
   </div>
   <div class='ocr_carea' id='block_1_20' title="bbox 494 1497 2087 1564">
    <p class='ocr_par' dir='ltr' id='par_1_20' title="bbox 494 1497 2087 1564">
     <span class='ocr_line' id='line_1_20' title="bbox 494 1497 2087 1564; baseline -0.004 -6"><span class='ocrx_word' id='word_1_141' title='bbox 494 1503 656 1558; x_wconf 73' lang='lat' dir='ltr'>sierit</span> <span class='ocrx_word' id='word_1_142' title='bbox 707 1503 948 1556; x_wconf 75' lang='lat' dir='ltr'>honores</span> <span class='ocrx_word' id='word_1_143' title='bbox 991 1497 1179 1552; x_wconf 58' lang='grc' dir='ltr'>βρεαιὶ</span> <span class='ocrx_word' id='word_1_144' title='bbox 1231 1499 1292 1551; x_wconf 87' lang='lat' dir='ltr'>in</span> <span class='ocrx_word' id='word_1_145' title='bbox 1347 1502 1517 1562; x_wconf 85' lang='lat' dir='ltr'>terra,</span> <span class='ocrx_word' id='word_1_146' title='bbox 1545 1505 1622 1560; x_wconf 86' lang='lat' dir='ltr'>,et</span> <span class='ocrx_word' id='word_1_147' title='bbox 1667 1499 1964 1564; x_wconf 82' lang='lat' dir='ltr'>dominari,</span> <span class='ocrx_word' id='word_1_148' title='bbox 1999 1500 2087 1553; x_wconf 92' lang='lat' dir='ltr'>in-</span> 
     </span>
    </p>
   </div>
   <div class='ocr_carea' id='block_1_21' title="bbox 2171 1141 3669 1216">
    <p class='ocr_par' dir='ltr' id='par_1_21' title="bbox 2171 1141 3669 1216">
     <span class='ocr_line' id='line_1_21' title="bbox 2171 1141 3669 1216; baseline -0.004 -17"><span class='ocrx_word' id='word_1_149' title='bbox 2171 1146 2288 1199; x_wconf 86' lang='lat' dir='ltr'>rior</span> <span class='ocrx_word' id='word_1_150' title='bbox 2317 1145 2462 1216; x_wconf 85' lang='lat' dir='ltr'>apud</span> <span class='ocrx_word' id='word_1_151' title='bbox 2513 1146 2712 1209; x_wconf 85' lang='lat' dir='ltr'>Deum,</span> <span class='ocrx_word' id='word_1_152' title='bbox 2741 1143 2954 1197; x_wconf 85' lang='lat' dir='ltr'>nemini</span> <span class='ocrx_word' id='word_1_153' title='bbox 2996 1147 3082 1197; x_wconf 88' lang='lat' dir='ltr'>est</span> <span class='ocrx_word' id='word_1_154' title='bbox 3128 1159 3446 1196; x_wconf 84' lang='lat' dir='ltr'>concessum.</span> <span class='ocrx_word' id='word_1_155' title='bbox 3494 1142 3551 1195; x_wconf 78' lang='lat' dir='ltr'>Et</span> <span class='ocrx_word' id='word_1_156' title='bbox 3581 1141 3669 1194; x_wconf 70' lang='lat' dir='ltr'>ideo</span> 
     </span>
    </p>
   </div>
   <div class='ocr_carea' id='block_1_22' title="bbox 2171 1229 3667 1302">
    <p class='ocr_par' dir='ltr' id='par_1_22' title="bbox 2171 1229 3667 1302">
     <span class='ocr_line' id='line_1_22' title="bbox 2171 1229 3667 1302; baseline -0.005 -14"><span class='ocrx_word' id='word_1_157' title='bbox 2171 1235 2484 1288; x_wconf 89' lang='lat' dir='ltr'>audiendus</span> <span class='ocrx_word' id='word_1_158' title='bbox 2512 1238 2597 1287; x_wconf 85' lang='lat' dir='ltr'>est</span> <span class='ocrx_word' id='word_1_159' title='bbox 2633 1232 3066 1302; x_wconf 79' lang='lat' dir='ltr'>benignissimus</span> <span class='ocrx_word' id='word_1_160' title='bbox 3090 1231 3354 1286; x_wconf 85' lang='lat' dir='ltr'>Dominus</span> <span class='ocrx_word' id='word_1_161' title='bbox 3377 1238 3426 1285; x_wconf 87' lang='lat' dir='ltr'>et</span> <span class='ocrx_word' id='word_1_162' title='bbox 3449 1229 3667 1298; x_wconf 77' lang='lat' dir='ltr'>Magister,</span> 
     </span>
    </p>
   </div>
   <div class='ocr_carea' id='block_1_23' title="bbox 2173 1317 3672 1394">
    <p class='ocr_par' dir='ltr' id='par_1_23' title="bbox 2173 1317 3672 1394">
     <span class='ocr_line' id='line_1_23' title="bbox 2173 1317 3672 1394; baseline -0.004 -18"><span class='ocrx_word' id='word_1_163' title='bbox 2173 1324 2268 1394; x_wconf 90' lang='lat' dir='ltr'>qui</span> <span class='ocrx_word' id='word_1_164' title='bbox 2295 1341 2408 1377; x_wconf 87' lang='lat' dir='ltr'>non</span> <span class='ocrx_word' id='word_1_165' title='bbox 2452 1322 2601 1376; x_wconf 83' lang='lat' dir='ltr'>venit</span> <span class='ocrx_word' id='word_1_166' title='bbox 2639 1321 2697 1374; x_wconf 88' lang='lat' dir='ltr'>in</span> <span class='ocrx_word' id='word_1_167' title='bbox 2736 1321 2919 1374; x_wconf 83' lang='lat' dir='ltr'>forma</span> <span class='ocrx_word' id='word_1_168' title='bbox 2961 1321 3105 1374; x_wconf 85' lang='lat' dir='ltr'>servi</span> <span class='ocrx_word' id='word_1_169' title='bbox 3146 1319 3435 1374; x_wconf 83' lang='lat' dir='ltr'>ministrari</span> <span class='ocrx_word' id='word_1_170' title='bbox 3469 1317 3672 1388; x_wconf 77' lang='lat' dir='ltr'>(quamvis</span> 
     </span>
    </p>
   </div>
   <div class='ocr_carea' id='block_1_24' title="bbox 2170 1405 3673 1483">
    <p class='ocr_par' dir='ltr' id='par_1_24' title="bbox 2170 1405 3673 1483">
     <span class='ocr_line' id='line_1_24' title="bbox 2170 1405 3673 1483; baseline -0.005 -18"><span class='ocrx_word' id='word_1_171' title='bbox 2170 1413 2355 1483; x_wconf 77' lang='lat' dir='ltr'>angeli</span> <span class='ocrx_word' id='word_1_172' title='bbox 2383 1411 2844 1466; x_wconf 81' lang='lat' dir='ltr'>ministraverunt</span> <span class='ocrx_word' id='word_1_173' title='bbox 2871 1409 2964 1475; x_wconf 83' lang='lat' dir='ltr'>ei),</span> <span class='ocrx_word' id='word_1_174' title='bbox 2989 1409 3096 1463; x_wconf 87' lang='lat' dir='ltr'>sed</span> <span class='ocrx_word' id='word_1_175' title='bbox 3125 1409 3426 1462; x_wconf 81' lang='lat' dir='ltr'>ministrare</span> <span class='ocrx_word' id='word_1_176' title='bbox 3451 1411 3498 1461; x_wconf 89' lang='lat' dir='ltr'>et</span> <span class='ocrx_word' id='word_1_177' title='bbox 3520 1405 3673 1460; x_wconf 78' lang='lat' dir='ltr'>servire</span> 
     </span>
    </p>
   </div>
   <div class='ocr_carea' id='block_1_25' title="bbox 2169 1496 3678 1569">
    <p class='ocr_par' dir='ltr' id='par_1_25' title="bbox 2169 1496 3678 1569">
     <span class='ocr_line' id='line_1_25' title="bbox 2169 1496 3678 1569; baseline -0.006 -14"><span class='ocrx_word' id='word_1_178' title='bbox 2169 1503 2320 1566; x_wconf 82' lang='lat' dir='ltr'>suis;</span> <span class='ocrx_word' id='word_1_179' title='bbox 2346 1501 2591 1554; x_wconf 87' lang='lat' dir='ltr'>animam</span> <span class='ocrx_word' id='word_1_180' title='bbox 2619 1515 2841 1569; x_wconf 89' lang='lat' dir='ltr'>quoque</span> <span class='ocrx_word' id='word_1_181' title='bbox 2857 1514 3016 1552; x_wconf 85' lang='lat' dir='ltr'>suam</span> <span class='ocrx_word' id='word_1_182' title='bbox 3035 1497 3174 1552; x_wconf 78' lang='lat' dir='ltr'>dare</span> <span class='ocrx_word' id='word_1_183' title='bbox 3204 1514 3299 1568; x_wconf 91' lang='lat' dir='ltr'>pro</span> <span class='ocrx_word' id='word_1_184' title='bbox 3323 1496 3492 1550; x_wconf 88' lang='lat' dir='ltr'>multis</span> <span class='ocrx_word' id='word_1_185' title='bbox 3511 1496 3559 1548; x_wconf 87' lang='lat' dir='ltr'>in</span> <span class='ocrx_word' id='word_1_186' title='bbox 3572 1510 3678 1547; x_wconf 85' lang='lat' dir='ltr'>mor-</span> 
     </span>
    </p>
   </div>
   <div class='ocr_carea' id='block_1_26' title="bbox 490 1585 3677 1660">
    <p class='ocr_par' dir='ltr' id='par_1_26' title="bbox 490 1585 3677 1660">
     <span class='ocr_line' id='line_1_26' title="bbox 490 1585 3677 1660; baseline -0.003 -16"><span class='ocrx_word' id='word_1_187' title='bbox 490 1591 681 1646; x_wconf 77' lang='lat' dir='ltr'>veniet</span> <span class='ocrx_word' id='word_1_188' title='bbox 702 1589 1086 1644; x_wconf 70' lang='lat' dir='ltr'>confusionem</span> <span class='ocrx_word' id='word_1_189' title='bbox 1116 1588 1176 1642; x_wconf 89' lang='lat' dir='ltr'>in</span> <span class='ocrx_word' id='word_1_190' title='bbox 1205 1588 1361 1641; x_wconf 74' lang='lat' dir='ltr'>ccelo.</span> <span class='ocrx_word' id='word_1_191' title='bbox 1401 1585 1469 1641; x_wconf 86' lang='lat' dir='ltr'>Et</span> <span class='ocrx_word' id='word_1_192' title='bbox 1496 1587 1620 1641; x_wconf 91' lang='lat' dir='ltr'>ideo</span> <span class='ocrx_word' id='word_1_193' title='bbox 1655 1589 1886 1642; x_wconf 82' lang='lat' dir='ltr'>advocat</span> <span class='ocrx_word' id='word_1_194' title='bbox 1914 1589 2084 1643; x_wconf 84' lang='lat' dir='ltr'>simul</span> <span class='ocrx_word' id='word_1_195' title='bbox 2165 1597 2301 1656; x_wconf 79' lang='lat' dir='ltr'>tem,</span> <span class='ocrx_word' id='word_1_196' title='bbox 2318 1590 2466 1660; x_wconf 86' lang='lat' dir='ltr'>quod</span> <span class='ocrx_word' id='word_1_197' title='bbox 2489 1605 2652 1642; x_wconf 91' lang='lat' dir='ltr'>nemo</span> <span class='ocrx_word' id='word_1_198' title='bbox 2673 1588 2819 1641; x_wconf 83' lang='lat' dir='ltr'>alter</span> <span class='ocrx_word' id='word_1_199' title='bbox 2837 1587 3167 1656; x_wconf 83' lang='lat' dir='ltr'>fecitjustus</span> <span class='ocrx_word' id='word_1_200' title='bbox 3191 1603 3289 1658; x_wconf 89' lang='lat' dir='ltr'>pro</span> <span class='ocrx_word' id='word_1_201' title='bbox 3308 1585 3522 1655; x_wconf 81' lang='lat' dir='ltr'>injustis.</span> <span class='ocrx_word' id='word_1_202' title='bbox 3534 1585 3677 1652; x_wconf 86' lang='lat' dir='ltr'>Neque</span> 
     </span>
    </p>
   </div>
   <div class='ocr_carea' id='block_1_27' title="bbox 492 1675 2085 1743">
    <p class='ocr_par' dir='ltr' id='par_1_27' title="bbox 492 1675 2085 1743">
     <span class='ocr_line' id='line_1_27' title="bbox 492 1675 2085 1743; baseline -0.004 -6"><span class='ocrx_word' id='word_1_203' title='bbox 492 1696 690 1737; x_wconf 81' lang='lat' dir='ltr'>omnes</span> <span class='ocrx_word' id='word_1_204' title='bbox 714 1679 1033 1743; x_wconf 78' lang='lat' dir='ltr'>duodecim,</span> <span class='ocrx_word' id='word_1_205' title='bbox 1062 1693 1132 1730; x_wconf 88' lang='lat' dir='ltr'>ne</span> <span class='ocrx_word' id='word_1_206' title='bbox 1153 1682 1254 1730; x_wconf 85' lang='lat' dir='ltr'>aut</span> <span class='ocrx_word' id='word_1_207' title='bbox 1279 1675 1405 1742; x_wconf 83' lang='lat' dir='ltr'>illos</span> <span class='ocrx_word' id='word_1_208' title='bbox 1432 1676 1572 1729; x_wconf 93' lang='lat' dir='ltr'>duos</span> <span class='ocrx_word' id='word_1_209' title='bbox 1602 1676 1952 1731; x_wconf 91' lang='lat' dir='ltr'>solummodo</span> <span class='ocrx_word' id='word_1_210' title='bbox 1992 1695 2085 1731; x_wconf 89' lang='lat' dir='ltr'>ar-</span> 
     </span>
    </p>
   </div>
   <div class='ocr_carea' id='block_1_28' title="bbox 2169 1670 3681 1748">
    <p class='ocr_par' dir='ltr' id='par_1_28' title="bbox 2169 1670 3681 1748">
     <span class='ocr_line' id='line_1_28' title="bbox 2169 1670 3681 1748; baseline -0.007 -15"><span class='ocrx_word' id='word_1_211' title='bbox 2169 1680 2319 1734; x_wconf 88' lang='lat' dir='ltr'>enim</span> <span class='ocrx_word' id='word_1_212' title='bbox 2347 1679 2483 1732; x_wconf 85' lang='lat' dir='ltr'>dicit</span> <span class='ocrx_word' id='word_1_213' title='bbox 2509 1695 2606 1748; x_wconf 89' lang='lat' dir='ltr'>pro</span> <span class='ocrx_word' id='word_1_214' title='bbox 2635 1676 2915 1742; x_wconf 85' lang='lat' dir='ltr'>omnibus,</span> <span class='ocrx_word' id='word_1_215' title='bbox 2953 1677 3049 1730; x_wconf 90' lang='lat' dir='ltr'>sed</span> <span class='ocrx_word' id='word_1_216' title='bbox 3091 1692 3194 1747; x_wconf 90' lang='lat' dir='ltr'>pro</span> <span class='ocrx_word' id='word_1_217' title='bbox 3224 1675 3407 1728; x_wconf 80' lang='lat' dir='ltr'>multis</span> <span class='ocrx_word' id='word_1_218' title='bbox 3434 1692 3446 1727; x_wconf 84' lang='lat'><strong>;</strong></span> <span class='ocrx_word' id='word_1_219' title='bbox 3473 1672 3582 1743; x_wconf 82' lang='lat' dir='ltr'>quia</span> <span class='ocrx_word' id='word_1_220' title='bbox 3607 1670 3681 1724; x_wconf 82' lang='lat' dir='ltr'>etsi</span> 
     </span>
    </p>
   </div>
   <div class='ocr_carea' id='block_1_29' title="bbox 487 1760 3680 1840">
    <p class='ocr_par' dir='ltr' id='par_1_29' title="bbox 487 1760 3680 1840">
     <span class='ocr_line' id='line_1_29' title="bbox 487 1760 3680 1840; baseline -0.004 -16"><span class='ocrx_word' id='word_1_221' title='bbox 487 1769 715 1840; x_wconf 66' lang='lat' dir='ltr'>guendo</span> <span class='ocrx_word' id='word_1_222' title='bbox 729 1767 1098 1822; x_wconf 80' lang='lat' dir='ltr'>confunderet</span> <span class='ocrx_word' id='word_1_223' title='bbox 1119 1782 1221 1836; x_wconf 83' lang='lat' dir='ltr'>pro</span> <span class='ocrx_word' id='word_1_224' title='bbox 1242 1764 1517 1818; x_wconf 86' lang='lat' dir='ltr'>desiderio</span> <span class='ocrx_word' id='word_1_225' title='bbox 1549 1771 1606 1818; x_wconf 89' lang='lat' dir='ltr'>et</span> <span class='ocrx_word' id='word_1_226' title='bbox 1631 1765 1956 1836; x_wconf 82' lang='lat' dir='ltr'>cupiditate,</span> <span class='ocrx_word' id='word_1_227' title='bbox 1977 1783 2088 1837; x_wconf 88' lang='lat' dir='ltr'>qua</span> <span class='ocrx_word' id='word_1_228' title='bbox 2107 1833 2142 1840; x_wconf 84' lang='lat'><strong><em>_</em></strong></span> <span class='ocrx_word' id='word_1_229' title='bbox 2168 1786 2268 1840; x_wconf 81' lang='lat' dir='ltr'>pro</span> <span class='ocrx_word' id='word_1_230' title='bbox 2307 1768 2564 1822; x_wconf 89' lang='lat' dir='ltr'>omnibus</span> <span class='ocrx_word' id='word_1_231' title='bbox 2582 1783 2782 1837; x_wconf 83' lang='lat' dir='ltr'>passus</span> <span class='ocrx_word' id='word_1_232' title='bbox 2813 1771 2918 1830; x_wconf 90' lang='lat' dir='ltr'>est,</span> <span class='ocrx_word' id='word_1_233' title='bbox 2946 1771 3010 1819; x_wconf 90' lang='lat' dir='ltr'>ut</span> <span class='ocrx_word' id='word_1_234' title='bbox 3036 1764 3297 1818; x_wconf 83' lang='lat' dir='ltr'>omnibus</span> <span class='ocrx_word' id='word_1_235' title='bbox 3325 1764 3472 1816; x_wconf 87' lang='lat' dir='ltr'>daret</span> <span class='ocrx_word' id='word_1_236' title='bbox 3495 1760 3680 1822; x_wconf 77' lang='lat' dir='ltr'>veniam,</span> 
     </span>
    </p>
   </div>
   <div class='ocr_carea' id='block_1_30' title="bbox 485 1833 3685 1925">
    <p class='ocr_par' dir='ltr' id='par_1_30' title="bbox 485 1833 3685 1925">
     <span class='ocr_line' id='line_1_30' title="bbox 485 1833 3685 1925; baseline -0.004 -11"><span class='ocrx_word' id='word_1_237' title='bbox 485 1873 655 1914; x_wconf 63' lang='lat' dir='ltr'>suam</span> <span class='ocrx_word' id='word_1_238' title='bbox 704 1861 1060 1911; x_wconf 77' lang='lat' dir='ltr'>excesserant</span> <span class='ocrx_word' id='word_1_239' title='bbox 1111 1869 1454 1918; x_wconf 86' lang='lat' dir='ltr'>mensuram,</span> <span class='ocrx_word' id='word_1_240' title='bbox 1507 1856 1571 1906; x_wconf 87' lang='lat' dir='ltr'>ut</span> <span class='ocrx_word' id='word_1_241' title='bbox 1614 1853 1719 1907; x_wconf 90' lang='lat' dir='ltr'>soli</span> <span class='ocrx_word' id='word_1_242' title='bbox 1755 1860 2088 1924; x_wconf 87' lang='lat' dir='ltr'>appeterent</span> <span class='ocrx_word' id='word_1_243' title='bbox 2107 1833 2281 1912; x_wconf 80' lang='lat' dir='ltr'>Bnon</span> <span class='ocrx_word' id='word_1_244' title='bbox 2320 1873 2514 1911; x_wconf 80' lang='lat' dir='ltr'>omnes</span> <span class='ocrx_word' id='word_1_245' title='bbox 2541 1872 2664 1909; x_wconf 89' lang='lat' dir='ltr'>eam</span> <span class='ocrx_word' id='word_1_246' title='bbox 2695 1860 3031 1925; x_wconf 89' lang='lat' dir='ltr'>receperunt</span> <span class='ocrx_word' id='word_1_247' title='bbox 3061 1853 3320 1925; x_wconf 84' lang='lat' dir='ltr'>perfecte,</span> <span class='ocrx_word' id='word_1_248' title='bbox 3349 1852 3478 1905; x_wconf 85' lang='lat' dir='ltr'>sicut</span> <span class='ocrx_word' id='word_1_249' title='bbox 3503 1865 3586 1903; x_wconf 85' lang='lat' dir='ltr'>nec</span> <span class='ocrx_word' id='word_1_250' title='bbox 3616 1848 3685 1901; x_wconf 81' lang='lat' dir='ltr'>lu-</span> 
     </span>
    </p>
   </div>
   <div class='ocr_carea' id='block_1_31' title="bbox 489 1943 2084 2020">
    <p class='ocr_par' dir='ltr' id='par_1_31' title="bbox 489 1943 2084 2020">
     <span class='ocr_line' id='line_1_31' title="bbox 489 1943 2084 2020; baseline -0.003 -17"><span class='ocrx_word' id='word_1_251' title='bbox 489 1949 640 2020; x_wconf 84' lang='lat' dir='ltr'>quod</span> <span class='ocrx_word' id='word_1_252' title='bbox 661 1945 924 2000; x_wconf 82' lang='lat' dir='ltr'>omnibus</span> <span class='ocrx_word' id='word_1_253' title='bbox 947 1943 1253 2015; x_wconf 82' lang='lat' dir='ltr'>parabatur</span> <span class='ocrx_word' id='word_1_254' title='bbox 1270 1948 1398 2010; x_wconf 65' lang='lat' dir='ltr'>gaut</span> <span class='ocrx_word' id='word_1_255' title='bbox 1417 1948 1566 1996; x_wconf 89' lang='lat' dir='ltr'>certe</span> <span class='ocrx_word' id='word_1_256' title='bbox 1596 1943 1842 2013; x_wconf 87' lang='lat' dir='ltr'>reliquos</span> <span class='ocrx_word' id='word_1_257' title='bbox 1871 1945 2084 2010; x_wconf 87' lang='lat' dir='ltr'>decem,</span> 
     </span>
    </p>
   </div>
   <div class='ocr_carea' id='block_1_32' title="bbox 485 2031 2087 2110">
    <p class='ocr_par' dir='ltr' id='par_1_32' title="bbox 485 2031 2087 2110">
     <span class='ocr_line' id='line_1_32' title="bbox 485 2031 2087 2110; baseline -0.003 -18"><span class='ocrx_word' id='word_1_258' title='bbox 485 2053 592 2110; x_wconf 73' lang='lat' dir='ltr'>pro</span> <span class='ocrx_word' id='word_1_259' title='bbox 620 2034 1008 2105; x_wconf 81' lang='lat' dir='ltr'>indignatione</span> <span class='ocrx_word' id='word_1_260' title='bbox 1037 2038 1096 2086; x_wconf 89' lang='lat' dir='ltr'>et</span> <span class='ocrx_word' id='word_1_261' title='bbox 1124 2032 1316 2095; x_wconf 82' lang='lat' dir='ltr'>livore,</span> <span class='ocrx_word' id='word_1_262' title='bbox 1356 2031 1553 2085; x_wconf 90' lang='lat' dir='ltr'>durius</span> <span class='ocrx_word' id='word_1_263' title='bbox 1595 2048 1830 2102; x_wconf 81' lang='lat' dir='ltr'>arguere</span> <span class='ocrx_word' id='word_1_264' title='bbox 1861 2033 2087 2087; x_wconf 87' lang='lat' dir='ltr'>videba-</span> 
     </span>
    </p>
   </div>
   <div class='ocr_carea' id='block_1_33' title="bbox 486 2119 2087 2194">
    <p class='ocr_par' dir='ltr' id='par_1_33' title="bbox 486 2119 2087 2194">
     <span class='ocr_line' id='line_1_33' title="bbox 486 2119 2087 2194; baseline -0.003 -13"><span class='ocrx_word' id='word_1_265' title='bbox 486 2133 584 2182; x_wconf 69' lang='lat' dir='ltr'>tur</span> <span class='ocrx_word' id='word_1_266' title='bbox 606 2126 689 2179; x_wconf 82' lang='lat' dir='ltr'>vel</span> <span class='ocrx_word' id='word_1_267' title='bbox 715 2125 1028 2194; x_wconf 83' lang='lat' dir='ltr'>increpare.</span> <span class='ocrx_word' id='word_1_268' title='bbox 1044 2121 1203 2175; x_wconf 91' lang='lat' dir='ltr'>Unde</span> <span class='ocrx_word' id='word_1_269' title='bbox 1224 2119 1662 2189; x_wconf 84' lang='lat' dir='ltr'>benignissimus</span> <span class='ocrx_word' id='word_1_270' title='bbox 1682 2121 1948 2191; x_wconf 83' lang='lat' dir='ltr'>Magister</span> <span class='ocrx_word' id='word_1_271' title='bbox 1975 2123 2087 2176; x_wconf 85' lang='lat' dir='ltr'>tale</span> 
     </span>
    </p>
   </div>
   <div class='ocr_carea' id='block_1_34' title="bbox 485 2208 2086 2288">
    <p class='ocr_par' dir='ltr' id='par_1_34' title="bbox 485 2208 2086 2288">
     <span class='ocr_line' id='line_1_34' title="bbox 485 2208 2086 2288; baseline -0.004 -18"><span class='ocrx_word' id='word_1_272' title='bbox 485 2214 782 2288; x_wconf 74' lang='lat' dir='ltr'>proposuit</span> <span class='ocrx_word' id='word_1_273' title='bbox 792 2211 1245 2281; x_wconf 71' lang='lat' dir='ltr'>excinplum,quo</span> <span class='ocrx_word' id='word_1_274' title='bbox 1263 2209 1463 2262; x_wconf 84' lang='lat' dir='ltr'>doceat</span> <span class='ocrx_word' id='word_1_275' title='bbox 1481 2208 1637 2262; x_wconf 90' lang='lat' dir='ltr'>illum</span> <span class='ocrx_word' id='word_1_276' title='bbox 1657 2226 1777 2262; x_wconf 89' lang='lat' dir='ltr'>esse</span> <span class='ocrx_word' id='word_1_277' title='bbox 1792 2212 2086 2280; x_wconf 80' lang='lat' dir='ltr'>majorem,</span> 
     </span>
    </p>
   </div>
   <div class='ocr_carea' id='block_1_35' title="bbox 481 2298 2087 2377">
    <p class='ocr_par' dir='ltr' id='par_1_35' title="bbox 481 2298 2087 2377">
     <span class='ocr_line' id='line_1_35' title="bbox 481 2298 2087 2377; baseline -0.005 -16"><span class='ocrx_word' id='word_1_278' title='bbox 481 2306 583 2376; x_wconf 74' lang='lat' dir='ltr'>qui</span> <span class='ocrx_word' id='word_1_279' title='bbox 611 2322 714 2377; x_wconf 84' lang='lat' dir='ltr'>pro</span> <span class='ocrx_word' id='word_1_280' title='bbox 765 2300 1086 2356; x_wconf 75' lang='lat' dir='ltr'>humilitate</span> <span class='ocrx_word' id='word_1_281' title='bbox 1134 2299 1402 2352; x_wconf 85' lang='lat' dir='ltr'>minimus</span> <span class='ocrx_word' id='word_1_282' title='bbox 1441 2314 1562 2352; x_wconf 84' lang='lat' dir='ltr'>esse</span> <span class='ocrx_word' id='word_1_283' title='bbox 1592 2298 1850 2364; x_wconf 85' lang='lat' dir='ltr'>voluerit,</span> <span class='ocrx_word' id='word_1_284' title='bbox 1899 2306 1956 2353; x_wconf 89' lang='lat' dir='ltr'>et</span> <span class='ocrx_word' id='word_1_285' title='bbox 1987 2317 2087 2370; x_wconf 88' lang='lat' dir='ltr'>pro</span> 
     </span>
    </p>
   </div>
   <div class='ocr_carea' id='block_1_36' title="bbox 485 2388 2082 2465">
    <p class='ocr_par' dir='ltr' id='par_1_36' title="bbox 485 2388 2082 2465">
     <span class='ocr_line' id='line_1_36' title="bbox 485 2388 2082 2465; baseline -0.003 -17"><span class='ocrx_word' id='word_1_286' title='bbox 485 2395 761 2465; x_wconf 74' lang='lat' dir='ltr'>religione</span> <span class='ocrx_word' id='word_1_287' title='bbox 789 2390 997 2448; x_wconf 82' lang='lat' dir='ltr'>Christi</span> <span class='ocrx_word' id='word_1_288' title='bbox 1020 2405 1132 2442; x_wconf 91' lang='lat' dir='ltr'>non</span> <span class='ocrx_word' id='word_1_289' title='bbox 1160 2388 1449 2452; x_wconf 86' lang='lat' dir='ltr'>Dominus,</span> <span class='ocrx_word' id='word_1_290' title='bbox 1485 2388 1578 2440; x_wconf 91' lang='lat' dir='ltr'>sed</span> <span class='ocrx_word' id='word_1_291' title='bbox 1613 2389 1865 2442; x_wconf 90' lang='lat' dir='ltr'>omnium</span> <span class='ocrx_word' id='word_1_292' title='bbox 1888 2407 2082 2444; x_wconf 86' lang='lat' dir='ltr'>servus</span> 
     </span>
    </p>
   </div>
   <div class='ocr_carea' id='block_1_37' title="bbox 483 2473 2082 2550">
    <p class='ocr_par' dir='ltr' id='par_1_37' title="bbox 483 2473 2082 2550">
     <span class='ocr_line' id='line_1_37' title="bbox 483 2473 2082 2550; baseline -0.004 -12"><span class='ocrx_word' id='word_1_293' title='bbox 483 2482 674 2538; x_wconf 68' lang='lat' dir='ltr'>fuerit.</span> <span class='ocrx_word' id='word_1_294' title='bbox 703 2483 783 2536; x_wconf 81' lang='lat' dir='ltr'>Ac</span> <span class='ocrx_word' id='word_1_295' title='bbox 807 2480 858 2534; x_wconf 85' lang='lat' dir='ltr'>si</span> <span class='ocrx_word' id='word_1_296' title='bbox 891 2479 1103 2532; x_wconf 83' lang='lat' dir='ltr'>diceret</span> <span class='ocrx_word' id='word_1_297' title='bbox 1132 2496 1148 2531; x_wconf 86' lang='lat'><strong>:</strong></span> <span class='ocrx_word' id='word_1_298' title='bbox 1180 2473 1306 2531; x_wconf 87' lang='lat' dir='ltr'>Non</span> <span class='ocrx_word' id='word_1_299' title='bbox 1335 2477 1439 2529; x_wconf 87' lang='lat' dir='ltr'>hoc</span> <span class='ocrx_word' id='word_1_300' title='bbox 1468 2476 1576 2529; x_wconf 89' lang='lat' dir='ltr'>erit</span> <span class='ocrx_word' id='word_1_301' title='bbox 1602 2477 1751 2530; x_wconf 86' lang='lat' dir='ltr'>inter</span> <span class='ocrx_word' id='word_1_302' title='bbox 1787 2495 1903 2543; x_wconf 87' lang='lat' dir='ltr'>vos,</span> <span class='ocrx_word' id='word_1_303' title='bbox 1934 2480 2082 2550; x_wconf 89' lang='lat' dir='ltr'>quod</span> 
     </span>
    </p>
   </div>
   <div class='ocr_carea' id='block_1_38' title="bbox 484 2564 2086 2642">
    <p class='ocr_par' dir='ltr' id='par_1_38' title="bbox 484 2564 2086 2642">
     <span class='ocr_line' id='line_1_38' title="bbox 484 2564 2086 2642; baseline -0.002 -16"><span class='ocrx_word' id='word_1_304' title='bbox 484 2573 636 2626; x_wconf 63' lang='lat' dir='ltr'>inter</span> <span class='ocrx_word' id='word_1_305' title='bbox 659 2569 940 2642; x_wconf 79' lang='lat' dir='ltr'>principes</span> <span class='ocrx_word' id='word_1_306' title='bbox 963 2566 1239 2638; x_wconf 85' lang='lat' dir='ltr'>gentium,</span> <span class='ocrx_word' id='word_1_307' title='bbox 1271 2565 1405 2636; x_wconf 87' lang='lat' dir='ltr'>quia</span> <span class='ocrx_word' id='word_1_308' title='bbox 1441 2564 1523 2618; x_wconf 89' lang='lat' dir='ltr'>illi</span> <span class='ocrx_word' id='word_1_309' title='bbox 1553 2565 1776 2619; x_wconf 81' lang='lat' dir='ltr'>nonnisi</span> <span class='ocrx_word' id='word_1_310' title='bbox 1805 2567 2086 2622; x_wconf 88' lang='lat' dir='ltr'>dominari</span> 
     </span>
    </p>
   </div>
   <div class='ocr_carea' id='block_1_39' title="bbox 481 2655 2086 2730">
    <p class='ocr_par' dir='ltr' id='par_1_39' title="bbox 481 2655 2086 2730">
     <span class='ocr_line' id='line_1_39' title="bbox 481 2655 2086 2730; baseline -0.002 -15"><span class='ocrx_word' id='word_1_311' title='bbox 481 2660 754 2730; x_wconf 69' lang='lat' dir='ltr'>gaudent,</span> <span class='ocrx_word' id='word_1_312' title='bbox 787 2664 844 2711; x_wconf 83' lang='lat' dir='ltr'>et</span> <span class='ocrx_word' id='word_1_313' title='bbox 874 2661 1208 2728; x_wconf 82' lang='lat' dir='ltr'>potestatem</span> <span class='ocrx_word' id='word_1_314' title='bbox 1234 2671 1512 2708; x_wconf 84' lang='lat' dir='ltr'>exercere.</span> <span class='ocrx_word' id='word_1_315' title='bbox 1551 2655 1684 2709; x_wconf 91' lang='lat' dir='ltr'>Ideo</span> <span class='ocrx_word' id='word_1_316' title='bbox 1729 2655 1940 2710; x_wconf 84' lang='lat' dir='ltr'>frustra</span> <span class='ocrx_word' id='word_1_317' title='bbox 1986 2664 2086 2711; x_wconf 89' lang='lat' dir='ltr'>aut</span> 
     </span>
    </p>
   </div>
   <div class='ocr_carea' id='block_1_40' title="bbox 484 2746 2084 2815">
    <p class='ocr_par' dir='ltr' id='par_1_40' title="bbox 484 2746 2084 2815">
     <span class='ocr_line' id='line_1_40' title="bbox 484 2746 2084 2815; baseline -0.001 -12"><span class='ocrx_word' id='word_1_318' title='bbox 484 2749 546 2803; x_wconf 84' lang='lat' dir='ltr'>hi</span> <span class='ocrx_word' id='word_1_319' title='bbox 571 2749 803 2815; x_wconf 77' lang='lat' dir='ltr'>ultaseu</span> <span class='ocrx_word' id='word_1_320' title='bbox 830 2747 1208 2801; x_wconf 82' lang='lat' dir='ltr'>immoderata</span> <span class='ocrx_word' id='word_1_321' title='bbox 1235 2751 1513 2815; x_wconf 77' lang='lat' dir='ltr'>quaerunt,</span> <span class='ocrx_word' id='word_1_322' title='bbox 1536 2751 1636 2798; x_wconf 88' lang='lat' dir='ltr'>aut</span> <span class='ocrx_word' id='word_1_323' title='bbox 1655 2761 1750 2798; x_wconf 88' lang='lat' dir='ltr'>vos</span> <span class='ocrx_word' id='word_1_324' title='bbox 1768 2746 1889 2800; x_wconf 84' lang='lat' dir='ltr'>sine</span> <span class='ocrx_word' id='word_1_325' title='bbox 1917 2763 2084 2802; x_wconf 89' lang='lat' dir='ltr'>causa</span> 
     </span>
    </p>
   </div>
   <div class='ocr_carea' id='block_1_41' title="bbox 484 2827 2083 2909">
    <p class='ocr_par' dir='ltr' id='par_1_41' title="bbox 484 2827 2083 2909">
     <span class='ocr_line' id='line_1_41' title="bbox 484 2827 2083 2909; baseline -0.001 -18"><span class='ocrx_word' id='word_1_326' title='bbox 484 2852 590 2909; x_wconf 75' lang='lat' dir='ltr'>pro</span> <span class='ocrx_word' id='word_1_327' title='bbox 607 2838 696 2891; x_wconf 80' lang='lat' dir='ltr'>his</span> <span class='ocrx_word' id='word_1_328' title='bbox 716 2835 1092 2906; x_wconf 78' lang='lat' dir='ltr'>indignemini</span> <span class='ocrx_word' id='word_1_329' title='bbox 1118 2851 1218 2904; x_wconf 88' lang='lat' dir='ltr'>pro</span> <span class='ocrx_word' id='word_1_330' title='bbox 1239 2827 1500 2904; x_wconf 84' lang='lat' dir='ltr'>superbia</span> <span class='ocrx_word' id='word_1_331' title='bbox 1520 2833 1780 2896; x_wconf 88' lang='lat' dir='ltr'>duorum,</span> <span class='ocrx_word' id='word_1_332' title='bbox 1808 2836 1957 2905; x_wconf 88' lang='lat' dir='ltr'>quod</span> <span class='ocrx_word' id='word_1_333' title='bbox 1978 2836 2083 2906; x_wconf 88' lang='lat' dir='ltr'>ipsi</span> 
     </span>
    </p>
   </div>
   <div class='ocr_carea' id='block_1_42' title="bbox 480 2921 2084 2994">
    <p class='ocr_par' dir='ltr' id='par_1_42' title="bbox 480 2921 2084 2994">
     <span class='ocr_line' id='line_1_42' title="bbox 480 2921 2084 2994; baseline -0.002 -14"><span class='ocrx_word' id='word_1_334' title='bbox 480 2941 548 2981; x_wconf 76' lang='lat' dir='ltr'>se</span> <span class='ocrx_word' id='word_1_335' title='bbox 575 2926 793 2994; x_wconf 81' lang='lat' dir='ltr'>majora</span> <span class='ocrx_word' id='word_1_336' title='bbox 838 2928 1051 2993; x_wconf 80' lang='lat' dir='ltr'>petant,</span> <span class='ocrx_word' id='word_1_337' title='bbox 1081 2938 1210 2975; x_wconf 89' lang='lat' dir='ltr'>cum</span> <span class='ocrx_word' id='word_1_338' title='bbox 1239 2938 1353 2974; x_wconf 86' lang='lat' dir='ltr'>non</span> <span class='ocrx_word' id='word_1_339' title='bbox 1381 2921 1453 2974; x_wconf 89' lang='lat' dir='ltr'>ad</span> <span class='ocrx_word' id='word_1_340' title='bbox 1494 2921 1878 2976; x_wconf 78' lang='lat' dir='ltr'>summitatem</span> <span class='ocrx_word' id='word_1_341' title='bbox 1907 2924 2084 2978; x_wconf 86' lang='lat' dir='ltr'>virtu-</span> 
     </span>
    </p>
   </div>
   <div class='ocr_carea' id='block_1_43' title="bbox 484 3009 2087 3081">
    <p class='ocr_par' dir='ltr' id='par_1_43' title="bbox 484 3009 2087 3081">
     <span class='ocr_line' id='line_1_43' title="bbox 484 3009 2087 3081; baseline 0 -14"><span class='ocrx_word' id='word_1_342' title='bbox 484 3019 632 3079; x_wconf 80' lang='lat' dir='ltr'>tum,</span> <span class='ocrx_word' id='word_1_343' title='bbox 666 3028 852 3081; x_wconf 80' lang='lat' dir='ltr'>neque</span> <span class='ocrx_word' id='word_1_344' title='bbox 879 3011 950 3064; x_wconf 82' lang='lat' dir='ltr'>ad</span> <span class='ocrx_word' id='word_1_345' title='bbox 969 3011 1193 3064; x_wconf 87' lang='lat' dir='ltr'>culmen</span> <span class='ocrx_word' id='word_1_346' title='bbox 1234 3010 1348 3062; x_wconf 85' lang='lat' dir='ltr'>veri</span> <span class='ocrx_word' id='word_1_347' title='bbox 1369 3009 1617 3075; x_wconf 85' lang='lat' dir='ltr'>honoris,</span> <span class='ocrx_word' id='word_1_348' title='bbox 1645 3026 1748 3080; x_wconf 89' lang='lat' dir='ltr'>per</span> <span class='ocrx_word' id='word_1_349' title='bbox 1776 3013 2087 3080; x_wconf 86' lang='lat' dir='ltr'>potentiam</span> 
     </span>
    </p>
   </div>
   <div class='ocr_carea' id='block_1_44' title="bbox 459 3097 2085 3168">
    <p class='ocr_par' dir='ltr' id='par_1_44' title="bbox 459 3097 2085 3168">
     <span class='ocr_line' id='line_1_44' title="bbox 459 3097 2085 3168; baseline 0.004 -20"><span class='ocrx_word' id='word_1_350' title='bbox 459 3107 550 3157; x_wconf 71' lang='grc' dir='ltr'>,οι</span> <span class='ocrx_word' id='word_1_351' title='bbox 569 3100 906 3163; x_wconf 76' lang='lat' dir='ltr'>dominium,</span> <span class='ocrx_word' id='word_1_352' title='bbox 940 3097 1039 3152; x_wconf 86' lang='lat' dir='ltr'>sed</span> <span class='ocrx_word' id='word_1_353' title='bbox 1070 3115 1170 3168; x_wconf 84' lang='lat' dir='ltr'>per</span> <span class='ocrx_word' id='word_1_354' title='bbox 1195 3097 1572 3152; x_wconf 85' lang='lat' dir='ltr'>humilitatem</span> <span class='ocrx_word' id='word_1_355' title='bbox 1613 3106 1669 3153; x_wconf 88' lang='lat' dir='ltr'>et</span> <span class='ocrx_word' id='word_1_356' title='bbox 1703 3102 2085 3155; x_wconf 84' lang='lat' dir='ltr'>mansuetudi-</span> 
     </span>
    </p>
   </div>
   <div class='ocr_carea' id='block_1_45' title="bbox 2169 1938 3684 2017">
    <p class='ocr_par' dir='ltr' id='par_1_45' title="bbox 2169 1938 3684 2017">
     <span class='ocr_line' id='line_1_45' title="bbox 2169 1938 3684 2017; baseline -0.008 -17"><span class='ocrx_word' id='word_1_357' title='bbox 2169 1947 2288 2011; x_wconf 90' lang='lat' dir='ltr'>das,</span> <span class='ocrx_word' id='word_1_358' title='bbox 2323 1946 2418 2017; x_wconf 89' lang='lat' dir='ltr'>qui</span> <span class='ocrx_word' id='word_1_359' title='bbox 2465 1945 2614 1998; x_wconf 88' lang='lat' dir='ltr'>inter</span> <span class='ocrx_word' id='word_1_360' title='bbox 2656 1961 2770 2009; x_wconf 87' lang='lat' dir='ltr'>eos,</span> <span class='ocrx_word' id='word_1_361' title='bbox 2805 1943 3026 2014; x_wconf 81' lang='lat' dir='ltr'>quando</span> <span class='ocrx_word' id='word_1_362' title='bbox 3070 1944 3190 1996; x_wconf 70' lang='lat' dir='ltr'>haec</span> <span class='ocrx_word' id='word_1_363' title='bbox 3221 1939 3529 2013; x_wconf 80' lang='lat' dir='ltr'>loquebatur</span> <span class='ocrx_word' id='word_1_364' title='bbox 3552 1938 3684 1995; x_wconf 78' lang='lat' dir='ltr'>Iesus,</span> 
     </span>
    </p>
   </div>
   <div class='ocr_carea' id='block_1_46' title="bbox 2169 2027 3688 2100">
    <p class='ocr_par' dir='ltr' id='par_1_46' title="bbox 2169 2027 3688 2100">
     <span class='ocr_line' id='line_1_46' title="bbox 2169 2027 3688 2100; baseline -0.008 -10"><span class='ocrx_word' id='word_1_365' title='bbox 2169 2053 2316 2091; x_wconf 81' lang='lat' dir='ltr'>unus</span> <span class='ocrx_word' id='word_1_366' title='bbox 2345 2052 2412 2088; x_wconf 81' lang='lat' dir='ltr'>ex</span> <span class='ocrx_word' id='word_1_367' title='bbox 2439 2033 2736 2088; x_wconf 86' lang='lat' dir='ltr'>duodecim</span> <span class='ocrx_word' id='word_1_368' title='bbox 2760 2037 2947 2097; x_wconf 67' lang='lat'>843</span> <span class='ocrx_word' id='word_1_369' title='bbox 2967 2037 3108 2085; x_wconf 85' lang='lat' dir='ltr'>erat.</span> <span class='ocrx_word' id='word_1_370' title='bbox 3148 2033 3286 2086; x_wconf 82' lang='lat' dir='ltr'>Erat.</span> <span class='ocrx_word' id='word_1_371' title='bbox 3314 2028 3518 2100; x_wconf 79' lang='lat' dir='ltr'>quidem</span> <span class='ocrx_word' id='word_1_372' title='bbox 3543 2027 3592 2080; x_wconf 84' lang='lat' dir='ltr'>in</span> <span class='ocrx_word' id='word_1_373' title='bbox 3612 2041 3688 2078; x_wconf 84' lang='lat' dir='ltr'>uu-</span> 
     </span>
    </p>
   </div>
   <div class='ocr_carea' id='block_1_47' title="bbox 2172 2113 3687 2192">
    <p class='ocr_par' dir='ltr' id='par_1_47' title="bbox 2172 2113 3687 2192">
     <span class='ocr_line' id='line_1_47' title="bbox 2172 2113 3687 2192; baseline -0.01 -13"><span class='ocrx_word' id='word_1_374' title='bbox 2172 2141 2350 2192; x_wconf 86' lang='lat' dir='ltr'>mero,</span> <span class='ocrx_word' id='word_1_375' title='bbox 2389 2123 2487 2177; x_wconf 85' lang='lat' dir='ltr'>sed</span> <span class='ocrx_word' id='word_1_376' title='bbox 2517 2139 2628 2176; x_wconf 92' lang='lat' dir='ltr'>non</span> <span class='ocrx_word' id='word_1_377' title='bbox 2658 2126 2779 2176; x_wconf 87' lang='lat' dir='ltr'>erat</span> <span class='ocrx_word' id='word_1_378' title='bbox 2822 2122 2883 2174; x_wconf 88' lang='lat' dir='ltr'>in</span> <span class='ocrx_word' id='word_1_379' title='bbox 2911 2122 3132 2174; x_wconf 89' lang='lat' dir='ltr'>merito.</span> <span class='ocrx_word' id='word_1_380' title='bbox 3187 2121 3342 2176; x_wconf 85' lang='lat' dir='ltr'>Sicut</span> <span class='ocrx_word' id='word_1_381' title='bbox 3392 2124 3443 2171; x_wconf 85' lang='lat' dir='ltr'>et</span> <span class='ocrx_word' id='word_1_382' title='bbox 3480 2116 3530 2169; x_wconf 89' lang='lat' dir='ltr'>hi</span> <span class='ocrx_word' id='word_1_383' title='bbox 3555 2113 3687 2184; x_wconf 81' lang='lat' dir='ltr'>quiin</span> 
     </span>
    </p>
   </div>
   <div class='ocr_carea' id='block_1_48' title="bbox 2171 2207 3690 2284">
    <p class='ocr_par' dir='ltr' id='par_1_48' title="bbox 2171 2207 3690 2284">
     <span class='ocr_line' id='line_1_48' title="bbox 2171 2207 3690 2284; baseline -0.009 -16"><span class='ocrx_word' id='word_1_384' title='bbox 2171 2213 2441 2284; x_wconf 83' lang='lat' dir='ltr'>gradibus</span> <span class='ocrx_word' id='word_1_385' title='bbox 2476 2211 2730 2265; x_wconf 69' lang='lat' dir='ltr'>Ecclesiae</span> <span class='ocrx_word' id='word_1_386' title='bbox 2769 2216 2920 2275; x_wconf 88' lang='lat' dir='ltr'>sunt,</span> <span class='ocrx_word' id='word_1_387' title='bbox 2949 2210 3089 2279; x_wconf 89' lang='lat' dir='ltr'>quia</span> <span class='ocrx_word' id='word_1_388' title='bbox 3126 2209 3285 2264; x_wconf 85' lang='lat' dir='ltr'>lucra</span> <span class='ocrx_word' id='word_1_389' title='bbox 3313 2207 3482 2276; x_wconf 72' lang='lat' dir='ltr'>magis</span> <span class='ocrx_word' id='word_1_390' title='bbox 3531 2207 3690 2256; x_wconf 70' lang='lat' dir='ltr'>sectan-</span> 
     </span>
    </p>
   </div>
   <div class='ocr_carea' id='block_1_49' title="bbox 2173 2289 3691 2371">
    <p class='ocr_par' dir='ltr' id='par_1_49' title="bbox 2173 2289 3691 2371">
     <span class='ocr_line' id='line_1_49' title="bbox 2173 2289 3691 2371; baseline -0.01 -14"><span class='ocrx_word' id='word_1_391' title='bbox 2173 2310 2268 2358; x_wconf 86' lang='lat' dir='ltr'>tur</span> <span class='ocrx_word' id='word_1_392' title='bbox 2307 2309 2363 2357; x_wconf 89' lang='lat' dir='ltr'>et</span> <span class='ocrx_word' id='word_1_393' title='bbox 2403 2303 2644 2355; x_wconf 85' lang='lat' dir='ltr'>honores</span> <span class='ocrx_word' id='word_1_394' title='bbox 2692 2316 2861 2371; x_wconf 81' lang='lat' dir='ltr'>quam</span> <span class='ocrx_word' id='word_1_395' title='bbox 2901 2298 3141 2353; x_wconf 80' lang='lat' dir='ltr'>salutem</span> <span class='ocrx_word' id='word_1_396' title='bbox 3205 2297 3522 2359; x_wconf 71' lang='lat' dir='ltr'>animarum,</span> <span class='ocrx_word' id='word_1_397' title='bbox 3559 2289 3691 2360; x_wconf 71' lang='lat' dir='ltr'>magis</span> 
     </span>
    </p>
   </div>
   <div class='ocr_carea' id='block_1_50' title="bbox 2167 2382 3690 2458">
    <p class='ocr_par' dir='ltr' id='par_1_50' title="bbox 2167 2382 3690 2458">
     <span class='ocr_line' id='line_1_50' title="bbox 2167 2382 3690 2458; baseline -0.009 -11"><span class='ocrx_word' id='word_1_398' title='bbox 2167 2391 2497 2447; x_wconf 85' lang='lat' dir='ltr'>mercenarii</span> <span class='ocrx_word' id='word_1_399' title='bbox 2534 2395 2803 2444; x_wconf 87' lang='lat' dir='ltr'>vocantur</span> <span class='ocrx_word' id='word_1_400' title='bbox 2850 2406 2883 2442; x_wconf 90' lang='lat' dir='ltr'>a</span> <span class='ocrx_word' id='word_1_401' title='bbox 2923 2387 3015 2458; x_wconf 89' lang='lat' dir='ltr'>pio</span> <span class='ocrx_word' id='word_1_402' title='bbox 3060 2387 3277 2458; x_wconf 77' lang='lat' dir='ltr'>judice,</span> <span class='ocrx_word' id='word_1_403' title='bbox 3323 2391 3378 2439; x_wconf 90' lang='lat' dir='ltr'>et</span> <span class='ocrx_word' id='word_1_404' title='bbox 3410 2382 3536 2454; x_wconf 88' lang='lat' dir='ltr'>lupi,</span> <span class='ocrx_word' id='word_1_405' title='bbox 3563 2394 3690 2452; x_wconf 70' lang='lat' dir='ltr'>quam</span> 
     </span>
    </p>
   </div>
   <div class='ocr_carea' id='block_1_51' title="bbox 2166 2475 2826 2552">
    <p class='ocr_par' dir='ltr' id='par_1_51' title="bbox 2166 2475 2826 2552">
     <span class='ocr_line' id='line_1_51' title="bbox 2166 2475 2826 2552; baseline -0.008 -17"><span class='ocrx_word' id='word_1_406' title='bbox 2166 2486 2443 2552; x_wconf 85' lang='lat' dir='ltr'>pastores.</span> <span class='ocrx_word' id='word_1_407' title='bbox 2819 2475 2826 2482; x_wconf 77' lang='grc'><em>’</em></span> 
     </span>
    </p>
   </div>
   <div class='ocr_carea' id='block_1_52' title="bbox 2235 2560 3692 2636">
    <p class='ocr_par' dir='ltr' id='par_1_52' title="bbox 2235 2560 3692 2636">
     <span class='ocr_line' id='line_1_52' title="bbox 2235 2560 3692 2636; baseline -0.012 -12"><span class='ocrx_word' id='word_1_408' title='bbox 2235 2570 2653 2636; x_wconf 79' lang='lat' dir='ltr'>Egredicnlibus</span> <span class='ocrx_word' id='word_1_409' title='bbox 2689 2572 2874 2620; x_wconf 80' lang='lat' dir='ltr'>autem</span> <span class='ocrx_word' id='word_1_410' title='bbox 2919 2567 3036 2619; x_wconf 81' lang='lat' dir='ltr'><em>illis</em></span> <span class='ocrx_word' id='word_1_411' title='bbox 3070 2567 3139 2619; x_wconf 87' lang='lat' dir='ltr'>ab</span> <span class='ocrx_word' id='word_1_412' title='bbox 3183 2566 3413 2629; x_wconf 77' lang='lat' dir='ltr'>Jericlw,</span> <span class='ocrx_word' id='word_1_413' title='bbox 3451 2565 3610 2616; x_wconf 78' lang='lat' dir='ltr'>secuta</span> <span class='ocrx_word' id='word_1_414' title='bbox 3643 2560 3692 2610; x_wconf 67' lang='lat' dir='ltr'>est</span> 
     </span>
    </p>
   </div>
   <div class='ocr_carea' id='block_1_53' title="bbox 2167 2651 3696 2720">
    <p class='ocr_par' dir='ltr' id='par_1_53' title="bbox 2167 2651 3696 2720">
     <span class='ocr_line' id='line_1_53' title="bbox 2167 2651 3696 2720; baseline -0.005 -7"><span class='ocrx_word' id='word_1_415' title='bbox 2167 2662 2329 2713; x_wconf 79' lang='lat' dir='ltr'>turba</span> <span class='ocrx_word' id='word_1_416' title='bbox 2355 2661 2554 2711; x_wconf 88' lang='lat' dir='ltr'>multa.</span> <span class='ocrx_word' id='word_1_417' title='bbox 2578 2657 2645 2710; x_wconf 88' lang='lat' dir='ltr'>Et</span> <span class='ocrx_word' id='word_1_418' title='bbox 2670 2672 2779 2709; x_wconf 78' lang='lat' dir='ltr'>ecce</span> <span class='ocrx_word' id='word_1_419' title='bbox 2815 2657 2922 2708; x_wconf 82' lang='lat' dir='ltr'>duo</span> <span class='ocrx_word' id='word_1_420' title='bbox 2953 2657 3093 2720; x_wconf 62' lang='lat' dir='ltr'>caeci,</span> <span class='ocrx_word' id='word_1_421' title='bbox 3131 2657 3368 2710; x_wconf 72' lang='lat' dir='ltr'>sedentes</span> <span class='ocrx_word' id='word_1_422' title='bbox 3399 2667 3533 2706; x_wconf 74' lang='lat' dir='ltr'>secus</span> <span class='ocrx_word' id='word_1_423' title='bbox 3568 2651 3696 2705; x_wconf 76' lang='lat' dir='ltr'>ciam.</span> 
     </span>
    </p>
   </div>
   <div class='ocr_carea' id='block_1_54' title="bbox 2164 2736 3696 2814">
    <p class='ocr_par' dir='ltr' id='par_1_54' title="bbox 2164 2736 3696 2814">
     <span class='ocr_line' id='line_1_54' title="bbox 2164 2736 3696 2814; baseline -0.01 -13"><span class='ocrx_word' id='word_1_424' title='bbox 2164 2749 2468 2801; x_wconf 79' lang='lat' dir='ltr'>aud-ierunt</span> <span class='ocrx_word' id='word_1_425' title='bbox 2498 2749 2632 2814; x_wconf 85' lang='lat' dir='ltr'>quia</span> <span class='ocrx_word' id='word_1_426' title='bbox 2659 2747 2812 2799; x_wconf 76' lang='lat' dir='ltr'>Jes-u:</span> <span class='ocrx_word' id='word_1_427' title='bbox 2851 2747 3141 2809; x_wconf 77' lang='lat' dir='ltr'>transiret,</span> <span class='ocrx_word' id='word_1_428' title='bbox 3176 2751 3225 2797; x_wconf 83' lang='lat' dir='ltr'>et</span> <span class='ocrx_word' id='word_1_429' title='bbox 3263 2742 3612 2798; x_wconf 78' lang='lat' dir='ltr'>clamauerunt</span> <span class='ocrx_word' id='word_1_430' title='bbox 3633 2736 3696 2788; x_wconf 80' lang='lat' dir='ltr'>di-</span> 
     </span>
    </p>
   </div>
   <div class='ocr_carea' id='block_1_55' title="bbox 2165 2827 3701 2901">
    <p class='ocr_par' dir='ltr' id='par_1_55' title="bbox 2165 2827 3701 2901">
     <span class='ocr_line' id='line_1_55' title="bbox 2165 2827 3701 2901; baseline -0.01 -10"><span class='ocrx_word' id='word_1_431' title='bbox 2165 2841 2336 2891; x_wconf 81' lang='lat' dir='ltr'>centes</span> <span class='ocrx_word' id='word_1_432' title='bbox 2369 2855 2384 2890; x_wconf 94' lang='lat'><em>:</em></span> <span class='ocrx_word' id='word_1_433' title='bbox 2416 2837 2665 2895; x_wconf 86' lang='lat' dir='ltr'>Domine,</span> <span class='ocrx_word' id='word_1_434' title='bbox 2697 2836 2956 2886; x_wconf 77' lang='lat' dir='ltr'>miserere</span> <span class='ocrx_word' id='word_1_435' title='bbox 2986 2836 3187 2900; x_wconf 79' lang='lat' dir='ltr'>nostri,</span> <span class='ocrx_word' id='word_1_436' title='bbox 3222 2835 3310 2901; x_wconf 82' lang='lat' dir='ltr'><em>ﬁli</em></span> <span class='ocrx_word' id='word_1_437' title='bbox 3348 2830 3528 2886; x_wconf 72' lang='lat' dir='ltr'>David.</span> <span class='ocrx_word' id='word_1_438' title='bbox 3550 2827 3701 2890; x_wconf 65' lang='lat' dir='ltr'>Quaeso</span> 
     </span>
    </p>
   </div>
   <div class='ocr_carea' id='block_1_56' title="bbox 2165 2917 3703 2993">
    <p class='ocr_par' dir='ltr' id='par_1_56' title="bbox 2165 2917 3703 2993">
     <span class='ocr_line' id='line_1_56' title="bbox 2165 2917 3703 2993; baseline -0.01 -14"><span class='ocrx_word' id='word_1_439' title='bbox 2165 2925 2424 2979; x_wconf 86' lang='lat' dir='ltr'>intendat</span> <span class='ocrx_word' id='word_1_440' title='bbox 2472 2923 2712 2993; x_wconf 88' lang='lat' dir='ltr'>diligens</span> <span class='ocrx_word' id='word_1_441' title='bbox 2749 2921 2994 2988; x_wconf 88' lang='lat' dir='ltr'>auditor,</span> <span class='ocrx_word' id='word_1_442' title='bbox 3041 2921 3235 2975; x_wconf 80' lang='lat' dir='ltr'>divina</span> <span class='ocrx_word' id='word_1_443' title='bbox 3280 2917 3541 2991; x_wconf 83' lang='lat' dir='ltr'>sapientia</span> <span class='ocrx_word' id='word_1_444' title='bbox 3576 2927 3703 2984; x_wconf 87' lang='lat' dir='ltr'>quam</span> 
     </span>
    </p>
   </div>
   <div class='ocr_carea' id='block_1_57' title="bbox 2171 3003 3706 3086">
    <p class='ocr_par' dir='ltr' id='par_1_57' title="bbox 2171 3003 3706 3086">
     <span class='ocr_line' id='line_1_57' title="bbox 2171 3003 3706 3086; baseline -0.009 -18"><span class='ocrx_word' id='word_1_445' title='bbox 2171 3014 2398 3086; x_wconf 86' lang='lat' dir='ltr'>provide</span> <span class='ocrx_word' id='word_1_446' title='bbox 2421 3016 2623 3066; x_wconf 87' lang='lat' dir='ltr'>cuncta</span> <span class='ocrx_word' id='word_1_447' title='bbox 2652 3011 2960 3082; x_wconf 85' lang='lat' dir='ltr'>dispensat.</span> <span class='ocrx_word' id='word_1_448' title='bbox 2988 3010 3135 3063; x_wconf 89' lang='lat' dir='ltr'>Nam</span> <span class='ocrx_word' id='word_1_449' title='bbox 3151 3027 3326 3082; x_wconf 84' lang='lat' dir='ltr'>supra</span> <span class='ocrx_word' id='word_1_450' title='bbox 3349 3009 3552 3063; x_wconf 77' lang='lat' dir='ltr'>dixerat</span> <span class='ocrx_word' id='word_1_451' title='bbox 3576 3022 3587 3055; x_wconf 92' lang='lat'>:</span> <span class='ocrx_word' id='word_1_452' title='bbox 3612 3003 3706 3056; x_wconf 74' lang='lat' dir='ltr'>Ecce</span> 
     </span>
    </p>
   </div>
   <div class='ocr_carea' id='block_1_58' title="bbox 2169 3093 3706 3166">
    <p class='ocr_par' dir='ltr' id='par_1_58' title="bbox 2169 3093 3706 3166">
     <span class='ocr_line' id='line_1_58' title="bbox 2169 3093 3706 3166; baseline -0.012 -9"><span class='ocrx_word' id='word_1_453' title='bbox 2169 3105 2512 3157; x_wconf 74' lang='lat' dir='ltr'>ascendimus</span> <span class='ocrx_word' id='word_1_454' title='bbox 2533 3103 2990 3165; x_wconf 78' lang='lat' dir='ltr'>Hierosolynwm,</span> <span class='ocrx_word' id='word_1_455' title='bbox 3008 3105 3056 3152; x_wconf 81' lang='lat' dir='ltr'>et</span> <span class='ocrx_word' id='word_1_456' title='bbox 3076 3101 3238 3166; x_wconf 77' lang='lat' dir='ltr'>ﬁlius</span> <span class='ocrx_word' id='word_1_457' title='bbox 3258 3101 3325 3153; x_wconf 90' lang='lat' dir='ltr'>ho</span> <span class='ocrx_word' id='word_1_458' title='bbox 3334 3099 3491 3151; x_wconf 77' lang='lat' dir='ltr'><em>mini:</em></span> <span class='ocrx_word' id='word_1_459' title='bbox 3508 3093 3706 3146; x_wconf 73' lang='lat' dir='ltr'>tradetur</span> 
     </span>
    </p>
   </div>
   <div class='ocr_carea' id='block_1_59' title="bbox 488 3185 3709 3261">
    <p class='ocr_par' dir='ltr' id='par_1_59' title="bbox 488 3185 3709 3261">
     <span class='ocr_line' id='line_1_59' title="bbox 488 3185 3709 3261; baseline -0.002 -20"><span class='ocrx_word' id='word_1_460' title='bbox 488 3206 623 3246; x_wconf 76' lang='lat' dir='ltr'>nom</span> <span class='ocrx_word' id='word_1_461' title='bbox 663 3187 1006 3259; x_wconf 80' lang='lat' dir='ltr'>pervenitur.</span> <span class='ocrx_word' id='word_1_462' title='bbox 1040 3187 1112 3240; x_wconf 85' lang='lat' dir='ltr'>Et</span> <span class='ocrx_word' id='word_1_463' title='bbox 1138 3187 1263 3240; x_wconf 88' lang='lat' dir='ltr'>ideo</span> <span class='ocrx_word' id='word_1_464' title='bbox 1291 3203 1362 3240; x_wconf 91' lang='lat' dir='ltr'>ne</span> <span class='ocrx_word' id='word_1_465' title='bbox 1389 3187 1676 3242; x_wconf 86' lang='lat' dir='ltr'>videretur</span> <span class='ocrx_word' id='word_1_466' title='bbox 1705 3195 1892 3256; x_wconf 56' lang='grc'>649</span> <span class='ocrx_word' id='word_1_467' title='bbox 1919 3191 2085 3244; x_wconf 84' lang='lat' dir='ltr'>alicui</span> <span class='ocrx_word' id='word_1_468' title='bbox 2104 3193 2513 3261; x_wconf 77' lang='lat' dir='ltr'>Cprincipibus</span> <span class='ocrx_word' id='word_1_469' title='bbox 2559 3191 2909 3242; x_wconf 75' lang='lat' dir='ltr'>sacerdotum</span> <span class='ocrx_word' id='word_1_470' title='bbox 2946 3193 2995 3240; x_wconf 88' lang='lat' dir='ltr'>et</span> <span class='ocrx_word' id='word_1_471' title='bbox 3025 3188 3264 3249; x_wconf 79' lang='lat' dir='ltr'>Scribis,</span> <span class='ocrx_word' id='word_1_472' title='bbox 3297 3203 3362 3242; x_wconf 83' lang='lat' dir='ltr'>ac</span> <span class='ocrx_word' id='word_1_473' title='bbox 3391 3185 3589 3256; x_wconf 79' lang='lat' dir='ltr'>reliqua</span> <span class='ocrx_word' id='word_1_474' title='bbox 3621 3194 3709 3250; x_wconf 61' lang='lat' dir='ltr'>qua:</span> 
     </span>
    </p>
   </div>
   <div class='ocr_carea' id='block_1_60' title="bbox 471 3275 2086 3351">
    <p class='ocr_par' dir='ltr' id='par_1_60' title="bbox 471 3275 2086 3351">
     <span class='ocr_line' id='line_1_60' title="bbox 471 3275 2086 3351; baseline 0 -17"><span class='ocrx_word' id='word_1_475' title='bbox 471 3278 823 3334; x_wconf 73' lang='lat' dir='ltr'>‘mandatum</span> <span class='ocrx_word' id='word_1_476' title='bbox 867 3275 1189 3345; x_wconf 83' lang='lat' dir='ltr'>hujusmodi</span> <span class='ocrx_word' id='word_1_477' title='bbox 1235 3275 1591 3344; x_wconf 75' lang='lat' dir='ltr'>humilitatis,</span> <span class='ocrx_word' id='word_1_478' title='bbox 1639 3278 1788 3332; x_wconf 86' lang='lat' dir='ltr'>inter</span> <span class='ocrx_word' id='word_1_479' title='bbox 1824 3296 1939 3345; x_wconf 83' lang='lat' dir='ltr'>eos,</span> <span class='ocrx_word' id='word_1_480' title='bbox 1991 3282 2086 3351; x_wconf 87' lang='lat' dir='ltr'>qui</span> 
     </span>
    </p>
   </div>
   <div class='ocr_carea' id='block_1_61' title="bbox 487 3365 2088 3439">
    <p class='ocr_par' dir='ltr' id='par_1_61' title="bbox 487 3365 2088 3439">
     <span class='ocr_line' id='line_1_61' title="bbox 487 3365 2088 3439; baseline 0 -16"><span class='ocrx_word' id='word_1_481' title='bbox 487 3368 754 3422; x_wconf 69' lang='lat' dir='ltr'>Videntur</span> <span class='ocrx_word' id='word_1_482' title='bbox 779 3382 903 3420; x_wconf 84' lang='lat' dir='ltr'>esse</span> <span class='ocrx_word' id='word_1_483' title='bbox 929 3370 1176 3418; x_wconf 82' lang='lat' dir='ltr'>rectores</span> <span class='ocrx_word' id='word_1_484' title='bbox 1207 3365 1579 3420; x_wconf 84' lang='lat' dir='ltr'>Ecclesiarum</span> <span class='ocrx_word' id='word_1_485' title='bbox 1624 3384 1689 3422; x_wconf 89' lang='lat' dir='ltr'>ac</span> <span class='ocrx_word' id='word_1_486' title='bbox 1720 3368 2000 3439; x_wconf 85' lang='lat' dir='ltr'>principes</span> <span class='ocrx_word' id='word_1_487' title='bbox 2031 3375 2088 3423; x_wconf 91' lang='lat' dir='ltr'>et</span> 
     </span>
    </p>
   </div>
   <div class='ocr_carea' id='block_1_62' title="bbox 488 3453 2088 3527">
    <p class='ocr_par' dir='ltr' id='par_1_62' title="bbox 488 3453 2088 3527">
     <span class='ocr_line' id='line_1_62' title="bbox 488 3453 2088 3527; baseline -0.008 -16"><span class='ocrx_word' id='word_1_488' title='bbox 488 3456 768 3526; x_wconf 74' lang='lat' dir='ltr'>magistri,</span> <span class='ocrx_word' id='word_1_489' title='bbox 789 3453 1154 3524; x_wconf 83' lang='lat' dir='ltr'>impossibile,</span> <span class='ocrx_word' id='word_1_490' title='bbox 1168 3455 1534 3524; x_wconf 79' lang='lat' dir='ltr'>semetipsum</span> <span class='ocrx_word' id='word_1_491' title='bbox 1552 3457 1884 3527; x_wconf 78' lang='lat' dir='ltr'>proponitin</span> <span class='ocrx_word' id='word_1_492' title='bbox 1905 3474 2088 3511; x_wconf 63' lang='lat' dir='ltr'>axem-</span> 
     </span>
    </p>
   </div>
   <div class='ocr_carea' id='block_1_63' title="bbox 490 3541 2086 3616">
    <p class='ocr_par' dir='ltr' id='par_1_63' title="bbox 490 3541 2086 3616">
     <span class='ocr_line' id='line_1_63' title="bbox 490 3541 2086 3616; baseline 0.002 -18"><span class='ocrx_word' id='word_1_493' title='bbox 490 3545 650 3616; x_wconf 80' lang='lat' dir='ltr'>plum</span> <span class='ocrx_word' id='word_1_494' title='bbox 681 3559 694 3598; x_wconf 84' lang='lat'><strong>:</strong></span> <span class='ocrx_word' id='word_1_495' title='bbox 721 3541 881 3597; x_wconf 81' lang='lat' dir='ltr'>Sicut</span> <span class='ocrx_word' id='word_1_496' title='bbox 909 3544 1060 3609; x_wconf 72' lang='lat' dir='ltr'>ﬁlius</span> <span class='ocrx_word' id='word_1_497' title='bbox 1097 3543 1360 3607; x_wconf 72' lang='lat' dir='ltr'>homin-is,</span> <span class='ocrx_word' id='word_1_498' title='bbox 1401 3544 1604 3614; x_wconf 79' lang='lat' dir='ltr'>inquit,</span> <span class='ocrx_word' id='word_1_499' title='bbox 1638 3562 1751 3600; x_wconf 78' lang='lat' dir='ltr'>non</span> <span class='ocrx_word' id='word_1_500' title='bbox 1800 3551 1948 3601; x_wconf 78' lang='lat' dir='ltr'>venit</span> <span class='ocrx_word' id='word_1_501' title='bbox 1976 3551 2086 3601; x_wconf 84' lang='lat' dir='ltr'>mi-</span> 
     </span>
    </p>
   </div>
   <div class='ocr_carea' id='block_1_64' title="bbox 489 3632 2087 3705">
    <p class='ocr_par' dir='ltr' id='par_1_64' title="bbox 489 3632 2087 3705">
     <span class='ocr_line' id='line_1_64' title="bbox 489 3632 2087 3705; baseline 0.002 -18"><span class='ocrx_word' id='word_1_502' title='bbox 489 3632 865 3695; x_wconf 67' lang='lat' dir='ltr'>nirtmn’,sed</span> <span class='ocrx_word' id='word_1_503' title='bbox 886 3633 1234 3693; x_wconf 74' lang='lat' dir='ltr'>ministrare,</span> <span class='ocrx_word' id='word_1_504' title='bbox 1263 3636 1312 3684; x_wconf 75' lang='lat' dir='ltr'>et</span> <span class='ocrx_word' id='word_1_505' title='bbox 1343 3635 1598 3686; x_wconf 78' lang='lat' dir='ltr'>animam</span> <span class='ocrx_word' id='word_1_506' title='bbox 1632 3650 1794 3688; x_wconf 80' lang='lat' dir='ltr'>suam</span> <span class='ocrx_word' id='word_1_507' title='bbox 1827 3637 1960 3689; x_wconf 83' lang='lat' dir='ltr'>dare</span> <span class='ocrx_word' id='word_1_508' title='bbox 1982 3653 2087 3705; x_wconf 85' lang='lat' dir='ltr'>pro</span> 
     </span>
    </p>
   </div>
   <div class='ocr_carea' id='block_1_65' title="bbox 490 3719 2087 3791">
    <p class='ocr_par' dir='ltr' id='par_1_65' title="bbox 490 3719 2087 3791">
     <span class='ocr_line' id='line_1_65' title="bbox 490 3719 2087 3791; baseline 0.002 -14"><span class='ocrx_word' id='word_1_509' title='bbox 490 3724 707 3777; x_wconf 73' lang='lat' dir='ltr'>multis.</span> <span class='ocrx_word' id='word_1_510' title='bbox 729 3721 810 3775; x_wconf 76' lang='lat' dir='ltr'>Ac</span> <span class='ocrx_word' id='word_1_511' title='bbox 837 3736 937 3790; x_wconf 83' lang='lat' dir='ltr'>per</span> <span class='ocrx_word' id='word_1_512' title='bbox 957 3720 1061 3773; x_wconf 91' lang='lat' dir='ltr'>hoc</span> <span class='ocrx_word' id='word_1_513' title='bbox 1083 3719 1179 3789; x_wconf 85' lang='lat' dir='ltr'>qui</span> <span class='ocrx_word' id='word_1_514' title='bbox 1208 3721 1328 3774; x_wconf 86' lang='lat' dir='ltr'>vult</span> <span class='ocrx_word' id='word_1_515' title='bbox 1350 3721 1620 3791; x_wconf 83' lang='lat' dir='ltr'>magister</span> <span class='ocrx_word' id='word_1_516' title='bbox 1648 3740 1768 3778; x_wconf 87' lang='lat' dir='ltr'>esse</span> <span class='ocrx_word' id='word_1_517' title='bbox 1807 3725 1865 3777; x_wconf 93' lang='lat' dir='ltr'>in</span> <span class='ocrx_word' id='word_1_518' title='bbox 1896 3726 2087 3780; x_wconf 90' lang='lat' dir='ltr'>schola</span> 
     </span>
    </p>
   </div>
   <div class='ocr_carea' id='block_1_66' title="bbox 489 3808 2088 3882">
    <p class='ocr_par' dir='ltr' id='par_1_66' title="bbox 489 3808 2088 3882">
     <span class='ocr_line' id='line_1_66' title="bbox 489 3808 2088 3882; baseline 0.003 -18"><span class='ocrx_word' id='word_1_519' title='bbox 489 3811 783 3875; x_wconf 75' lang='lat' dir='ltr'>virtutum,</span> <span class='ocrx_word' id='word_1_520' title='bbox 834 3808 992 3880; x_wconf 87' lang='lat' dir='ltr'>prius</span> <span class='ocrx_word' id='word_1_521' title='bbox 1041 3814 1270 3879; x_wconf 83' lang='lat' dir='ltr'>appetat</span> <span class='ocrx_word' id='word_1_522' title='bbox 1326 3809 1584 3864; x_wconf 86' lang='lat' dir='ltr'>minister</span> <span class='ocrx_word' id='word_1_523' title='bbox 1625 3813 1811 3882; x_wconf 81' lang='lat' dir='ltr'>operis</span> <span class='ocrx_word' id='word_1_524' title='bbox 1868 3814 1989 3867; x_wconf 83' lang='lat' dir='ltr'>ﬁeri</span> <span class='ocrx_word' id='word_1_525' title='bbox 2031 3821 2088 3868; x_wconf 92' lang='lat' dir='ltr'>et</span> 
     </span>
    </p>
   </div>
   <div class='ocr_carea' id='block_1_67' title="bbox 488 3898 2086 3971">
    <p class='ocr_par' dir='ltr' id='par_1_67' title="bbox 488 3898 2086 3971">
     <span class='ocr_line' id='line_1_67' title="bbox 488 3898 2086 3971; baseline 0.001 -16"><span class='ocrx_word' id='word_1_526' title='bbox 488 3913 704 3967; x_wconf 70' lang='lat' dir='ltr'>servus,</span> <span class='ocrx_word' id='word_1_527' title='bbox 735 3900 796 3953; x_wconf 86' lang='lat' dir='ltr'>in</span> <span class='ocrx_word' id='word_1_528' title='bbox 833 3915 902 3952; x_wconf 87' lang='lat' dir='ltr'>ea</span> <span class='ocrx_word' id='word_1_529' title='bbox 954 3898 1160 3953; x_wconf 79' lang='lat' dir='ltr'>virtute</span> <span class='ocrx_word' id='word_1_530' title='bbox 1190 3915 1312 3969; x_wconf 60' lang='lat' dir='ltr'>quia</span> <span class='ocrx_word' id='word_1_531' title='bbox 1354 3915 1456 3968; x_wconf 90' lang='lat' dir='ltr'>per</span> <span class='ocrx_word' id='word_1_532' title='bbox 1491 3899 1847 3954; x_wconf 88' lang='lat' dir='ltr'>dilectionem</span> <span class='ocrx_word' id='word_1_533' title='bbox 1894 3918 2086 3971; x_wconf 84' lang='lat' dir='ltr'>Opera-</span> 
     </span>
    </p>
   </div>
   <div class='ocr_carea' id='block_1_68' title="bbox 2168 3277 3710 3350">
    <p class='ocr_par' dir='ltr' id='par_1_68' title="bbox 2168 3277 3710 3350">
     <span class='ocr_line' id='line_1_68' title="bbox 2168 3277 3710 3350; baseline -0.01 -16"><span class='ocrx_word' id='word_1_534' title='bbox 2168 3297 2280 3334; x_wconf 89' lang='lat' dir='ltr'>non</span> <span class='ocrx_word' id='word_1_535' title='bbox 2308 3279 2638 3350; x_wconf 85' lang='lat' dir='ltr'>parumjam</span> <span class='ocrx_word' id='word_1_536' title='bbox 2663 3277 2833 3330; x_wconf 87' lang='lat' dir='ltr'>tertio</span> <span class='ocrx_word' id='word_1_537' title='bbox 2859 3277 3077 3331; x_wconf 83' lang='lat' dir='ltr'>animos</span> <span class='ocrx_word' id='word_1_538' title='bbox 3097 3277 3502 3348; x_wconf 80' lang='lat' dir='ltr'>discipulorum</span> <span class='ocrx_word' id='word_1_539' title='bbox 3520 3282 3710 3325; x_wconf 84' lang='lat' dir='ltr'>commo-</span> 
     </span>
    </p>
   </div>
   <div class='ocr_carea' id='block_1_69' title="bbox 2167 3356 3713 3439">
    <p class='ocr_par' dir='ltr' id='par_1_69' title="bbox 2167 3356 3713 3439">
     <span class='ocr_line' id='line_1_69' title="bbox 2167 3356 3713 3439; baseline -0.003 -19"><span class='ocrx_word' id='word_1_540' title='bbox 2167 3386 2295 3422; x_wconf 89' lang='lat' dir='ltr'>vere</span> <span class='ocrx_word' id='word_1_541' title='bbox 2351 3372 2627 3439; x_wconf 85' lang='lat' dir='ltr'>poterant.</span> <span class='ocrx_word' id='word_1_542' title='bbox 2679 3366 2748 3420; x_wconf 90' lang='lat' dir='ltr'>Et</span> <span class='ocrx_word' id='word_1_543' title='bbox 2788 3382 2915 3419; x_wconf 87' lang='lat' dir='ltr'>ecce</span> <span class='ocrx_word' id='word_1_544' title='bbox 2954 3381 3104 3423; x_wconf 81' lang='lat' dir='ltr'>mox.</span> <span class='ocrx_word' id='word_1_545' title='bbox 3139 3383 3318 3436; x_wconf 87' lang='lat' dir='ltr'>quam</span> <span class='ocrx_word' id='word_1_546' title='bbox 3357 3364 3550 3423; x_wconf 82' lang='lat' dir='ltr'>divina,</span> <span class='ocrx_word' id='word_1_547' title='bbox 3577 3356 3713 3430; x_wconf 72' lang='lat' dir='ltr'>prius&#39;</span> 
     </span>
    </p>
   </div>
   <div class='ocr_carea' id='block_1_70' title="bbox 2171 3449 3714 3528">
    <p class='ocr_par' dir='ltr' id='par_1_70' title="bbox 2171 3449 3714 3528">
     <span class='ocr_line' id='line_1_70' title="bbox 2171 3449 3714 3528; baseline -0.008 -17"><span class='ocrx_word' id='word_1_548' title='bbox 2171 3475 2339 3528; x_wconf 87' lang='lat' dir='ltr'>quam</span> <span class='ocrx_word' id='word_1_549' title='bbox 2368 3449 2598 3527; x_wconf 89' lang='lat' dir='ltr'>impleat</span> <span class='ocrx_word' id='word_1_550' title='bbox 2627 3471 2749 3524; x_wconf 83' lang='lat' dir='ltr'>quae</span> <span class='ocrx_word' id='word_1_551' title='bbox 2777 3454 3056 3524; x_wconf 87' lang='lat' dir='ltr'>proponit,</span> <span class='ocrx_word' id='word_1_552' title='bbox 3091 3470 3381 3525; x_wconf 87' lang='lat' dir='ltr'>quamque</span> <span class='ocrx_word' id='word_1_553' title='bbox 3410 3451 3593 3505; x_wconf 75' lang='lat' dir='ltr'>deities</span> <span class='ocrx_word' id='word_1_554' title='bbox 3619 3459 3714 3515; x_wconf 73' lang='lat' dir='ltr'>ope—</span> 
     </span>
    </p>
   </div>
   <div class='ocr_carea' id='block_1_71' title="bbox 2168 3531 3716 3613">
    <p class='ocr_par' dir='ltr' id='par_1_71' title="bbox 2168 3531 3716 3613">
     <span class='ocr_line' id='line_1_71' title="bbox 2168 3531 3716 3613; baseline -0.011 -13"><span class='ocrx_word' id='word_1_555' title='bbox 2168 3552 2329 3600; x_wconf 87' lang='lat' dir='ltr'>ratur</span> <span class='ocrx_word' id='word_1_556' title='bbox 2369 3545 2568 3599; x_wconf 88' lang='lat' dir='ltr'>salutis</span> <span class='ocrx_word' id='word_1_557' title='bbox 2596 3545 2876 3597; x_wconf 83' lang='lat' dir='ltr'>humanae.</span> <span class='ocrx_word' id='word_1_558' title='bbox 2912 3541 3120 3613; x_wconf 86' lang='lat' dir='ltr'>Sicque</span> <span class='ocrx_word' id='word_1_559' title='bbox 3168 3545 3420 3598; x_wconf 86' lang='lat' dir='ltr'>futuram</span> <span class='ocrx_word' id='word_1_560' title='bbox 3464 3531 3716 3593; x_wconf 85' lang='lat' dir='ltr'>introducit</span> 
     </span>
    </p>
   </div>
   <div class='ocr_carea' id='block_1_72' title="bbox 2168 3625 3715 3702">
    <p class='ocr_par' dir='ltr' id='par_1_72' title="bbox 2168 3625 3715 3702">
     <span class='ocr_line' id='line_1_72' title="bbox 2168 3625 3715 3702; baseline -0.008 -15"><span class='ocrx_word' id='word_1_561' title='bbox 2168 3640 2406 3688; x_wconf 89' lang='lat' dir='ltr'>mortem</span> <span class='ocrx_word' id='word_1_562' title='bbox 2423 3650 2582 3687; x_wconf 88' lang='lat' dir='ltr'>suam</span> <span class='ocrx_word' id='word_1_563' title='bbox 2597 3638 2682 3698; x_wconf 90' lang='lat' dir='ltr'>,ut</span> <span class='ocrx_word' id='word_1_564' title='bbox 2696 3650 2753 3686; x_wconf 89' lang='lat' dir='ltr'>se</span> <span class='ocrx_word' id='word_1_565' title='bbox 2765 3649 2988 3702; x_wconf 89' lang='lat' dir='ltr'>semper</span> <span class='ocrx_word' id='word_1_566' title='bbox 3003 3633 3182 3687; x_wconf 91' lang='lat' dir='ltr'>Deum</span> <span class='ocrx_word' id='word_1_567' title='bbox 3196 3634 3462 3692; x_wconf 81' lang='lat' dir='ltr'>declaret.</span> <span class='ocrx_word' id='word_1_568' title='bbox 3481 3634 3535 3683; x_wconf 89' lang='lat' dir='ltr'>et</span> <span class='ocrx_word' id='word_1_569' title='bbox 3543 3625 3715 3680; x_wconf 81' lang='lat' dir='ltr'>animas</span> 
     </span>
    </p>
   </div>
   <div class='ocr_carea' id='block_1_73' title="bbox 2167 3718 3714 3794">
    <p class='ocr_par' dir='ltr' id='par_1_73' title="bbox 2167 3718 3714 3794">
     <span class='ocr_line' id='line_1_73' title="bbox 2167 3718 3714 3794; baseline -0.007 -18"><span class='ocrx_word' id='word_1_570' title='bbox 2167 3723 2564 3794; x_wconf 86' lang='lat' dir='ltr'>discipulorum</span> <span class='ocrx_word' id='word_1_571' title='bbox 2587 3723 2657 3776; x_wconf 89' lang='lat' dir='ltr'>ad</span> <span class='ocrx_word' id='word_1_572' title='bbox 2689 3727 3044 3775; x_wconf 83' lang='lat' dir='ltr'>sacramenta</span> <span class='ocrx_word' id='word_1_573' title='bbox 3071 3720 3478 3792; x_wconf 85' lang='lat' dir='ltr'>redemptionis</span> <span class='ocrx_word' id='word_1_574' title='bbox 3504 3718 3714 3771; x_wconf 66' lang='lat' dir='ltr'>humana</span> 
     </span>
    </p>
   </div>
   <div class='ocr_carea' id='block_1_74' title="bbox 2166 3797 3717 3882">
    <p class='ocr_par' dir='ltr' id='par_1_74' title="bbox 2166 3797 3717 3882">
     <span class='ocr_line' id='line_1_74' title="bbox 2166 3797 3717 3882; baseline -0.009 -16"><span class='ocrx_word' id='word_1_575' title='bbox 2166 3812 2503 3875; x_wconf 87' lang='lat' dir='ltr'>introducat,</span> <span class='ocrx_word' id='word_1_576' title='bbox 2537 3816 2592 3865; x_wconf 90' lang='lat' dir='ltr'>et</span> <span class='ocrx_word' id='word_1_577' title='bbox 2617 3827 2712 3864; x_wconf 90' lang='lat' dir='ltr'>eos</span> <span class='ocrx_word' id='word_1_578' title='bbox 2741 3811 2890 3882; x_wconf 81' lang='lat' dir='ltr'>ipsos</span> <span class='ocrx_word' id='word_1_579' title='bbox 2911 3810 2980 3864; x_wconf 86' lang='lat' dir='ltr'>ad</span> <span class='ocrx_word' id='word_1_580' title='bbox 3012 3811 3193 3865; x_wconf 87' lang='lat' dir='ltr'>Deum</span> <span class='ocrx_word' id='word_1_581' title='bbox 3237 3811 3441 3880; x_wconf 84' lang='lat' dir='ltr'>erigat.</span> <span class='ocrx_word' id='word_1_582' title='bbox 3474 3797 3614 3862; x_wconf 85' lang='lat' dir='ltr'>Unde</span> <span class='ocrx_word' id='word_1_583' title='bbox 3639 3800 3717 3855; x_wconf 76' lang='lat' dir='ltr'>etsi</span> 
     </span>
    </p>
   </div>
   <div class='ocr_carea' id='block_1_75' title="bbox 2170 3898 3719 3972">
    <p class='ocr_par' dir='ltr' id='par_1_75' title="bbox 2170 3898 3719 3972">
     <span class='ocr_line' id='line_1_75' title="bbox 2170 3898 3719 3972; baseline -0.006 -18"><span class='ocrx_word' id='word_1_584' title='bbox 2170 3900 2325 3972; x_wconf 88' lang='lat' dir='ltr'>prius</span> <span class='ocrx_word' id='word_1_585' title='bbox 2352 3900 2706 3954; x_wconf 83' lang='lat' dir='ltr'>formidanda</span> <span class='ocrx_word' id='word_1_586' title='bbox 2729 3900 2798 3953; x_wconf 90' lang='lat' dir='ltr'>de</span> <span class='ocrx_word' id='word_1_587' title='bbox 2818 3917 2877 3954; x_wconf 89' lang='lat' dir='ltr'>se</span> <span class='ocrx_word' id='word_1_588' title='bbox 2899 3900 3201 3970; x_wconf 83' lang='lat' dir='ltr'>promittit,</span> <span class='ocrx_word' id='word_1_589' title='bbox 3221 3917 3351 3954; x_wconf 78' lang='lat' dir='ltr'>mox</span> <span class='ocrx_word' id='word_1_590' title='bbox 3379 3898 3558 3952; x_wconf 76' lang='lat' dir='ltr'>divina</span> <span class='ocrx_word' id='word_1_591' title='bbox 3575 3898 3719 3947; x_wconf 78' lang='lat' dir='ltr'>osten-</span> 
     </span>
    </p>
   </div>
   <div class='ocr_carea' id='block_1_76' title="bbox 491 3985 3720 4061">
    <p class='ocr_par' dir='ltr' id='par_1_76' title="bbox 491 3985 3720 4061">
     <span class='ocr_line' id='line_1_76' title="bbox 491 3985 3720 4061; baseline -0.002 -16"><span class='ocrx_word' id='word_1_592' title='bbox 491 3995 587 4045; x_wconf 74' lang='lat' dir='ltr'>tur</span> <span class='ocrx_word' id='word_1_593' title='bbox 622 4015 633 4048; x_wconf 88' lang='lat'><strong>:</strong></span> <span class='ocrx_word' id='word_1_594' title='bbox 655 3993 722 4043; x_wconf 75' lang='lat' dir='ltr'>ut</span> <span class='ocrx_word' id='word_1_595' title='bbox 747 4004 818 4042; x_wconf 78' lang='lat' dir='ltr'>ea</span> <span class='ocrx_word' id='word_1_596' title='bbox 844 3987 1107 4058; x_wconf 81' lang='lat' dir='ltr'>deinceps</span> <span class='ocrx_word' id='word_1_597' title='bbox 1132 3988 1331 4041; x_wconf 84' lang='lat' dir='ltr'>doceat</span> <span class='ocrx_word' id='word_1_598' title='bbox 1349 3987 1419 4041; x_wconf 90' lang='lat' dir='ltr'>de</span> <span class='ocrx_word' id='word_1_599' title='bbox 1446 4005 1524 4054; x_wconf 90' lang='lat' dir='ltr'>se,</span> <span class='ocrx_word' id='word_1_600' title='bbox 1555 4005 1678 4058; x_wconf 85' lang='lat' dir='ltr'>quae</span> <span class='ocrx_word' id='word_1_601' title='bbox 1709 3988 1963 4044; x_wconf 86' lang='lat' dir='ltr'>Salvator</span> <span class='ocrx_word' id='word_1_602' title='bbox 1988 4008 2089 4061; x_wconf 90' lang='lat' dir='ltr'>per</span> <span class='ocrx_word' id='word_1_603' title='bbox 2170 3990 2272 4053; x_wconf 88' lang='lat' dir='ltr'>dit,</span> <span class='ocrx_word' id='word_1_604' title='bbox 2295 3996 2353 4043; x_wconf 91' lang='lat' dir='ltr'>et</span> <span class='ocrx_word' id='word_1_605' title='bbox 2368 3989 2508 4043; x_wconf 90' lang='lat' dir='ltr'>mira</span> <span class='ocrx_word' id='word_1_606' title='bbox 2535 3990 2856 4059; x_wconf 86' lang='lat' dir='ltr'>conjungit;</span> <span class='ocrx_word' id='word_1_607' title='bbox 2880 3995 2937 4043; x_wconf 90' lang='lat' dir='ltr'>et</span> <span class='ocrx_word' id='word_1_608' title='bbox 2957 3989 3350 4059; x_wconf 89' lang='lat' dir='ltr'>superioribus</span> <span class='ocrx_word' id='word_1_609' title='bbox 3367 3986 3665 4060; x_wconf 76' lang='lat' dir='ltr'>posteriora,</span> <span class='ocrx_word' id='word_1_610' title='bbox 3676 3985 3720 4032; x_wconf 76' lang='lat' dir='ltr'>ut</span> 
     </span>
    </p>
   </div>
   <div class='ocr_carea' id='block_1_77' title="bbox 484 4070 3722 4150">
    <p class='ocr_par' dir='ltr' id='par_1_77' title="bbox 484 4070 3722 4150">
     <span class='ocr_line' id='line_1_77' title="bbox 484 4070 3722 4150; baseline -0.003 -18"><span class='ocrx_word' id='word_1_611' title='bbox 484 4093 658 4132; x_wconf 69' lang='lat' dir='ltr'>suum</span> <span class='ocrx_word' id='word_1_612' title='bbox 682 4075 875 4131; x_wconf 86' lang='lat' dir='ltr'>docuit</span> <span class='ocrx_word' id='word_1_613' title='bbox 901 4076 1308 4144; x_wconf 82' lang='lat' dir='ltr'>magisterium.</span> <span class='ocrx_word' id='word_1_614' title='bbox 1357 4077 1454 4130; x_wconf 80' lang='lat' dir='ltr'>Ait</span> <span class='ocrx_word' id='word_1_615' title='bbox 1481 4094 1724 4148; x_wconf 90' lang='lat' dir='ltr'>namque</span> <span class='ocrx_word' id='word_1_616' title='bbox 1760 4097 1772 4131; x_wconf 88' lang='lat'><strong>:</strong></span> <span class='ocrx_word' id='word_1_617' title='bbox 1823 4080 2023 4133; x_wconf 78' lang='lat' dir='ltr'>Discite</span> <span class='ocrx_word' id='word_1_618' title='bbox 2052 4098 2087 4134; x_wconf 89' lang='lat' dir='ltr'>a</span> <span class='ocrx_word' id='word_1_619' title='bbox 2168 4079 2229 4132; x_wconf 89' lang='lat' dir='ltr'>in</span> <span class='ocrx_word' id='word_1_620' title='bbox 2255 4079 2513 4132; x_wconf 89' lang='lat' dir='ltr'>cordibus</span> <span class='ocrx_word' id='word_1_621' title='bbox 2533 4080 2934 4150; x_wconf 73' lang='lat' dir='ltr'>apostolorum,</span> <span class='ocrx_word' id='word_1_622' title='bbox 2955 4079 3106 4132; x_wconf 88' lang='lat' dir='ltr'>Deus</span> <span class='ocrx_word' id='word_1_623' title='bbox 3128 4085 3185 4133; x_wconf 88' lang='lat' dir='ltr'>et</span> <span class='ocrx_word' id='word_1_624' title='bbox 3217 4081 3409 4145; x_wconf 89' lang='lat' dir='ltr'>homo,</span> <span class='ocrx_word' id='word_1_625' title='bbox 3433 4091 3570 4131; x_wconf 87' lang='lat' dir='ltr'>unus</span> <span class='ocrx_word' id='word_1_626' title='bbox 3583 4070 3722 4150; x_wconf 71' lang='lat' dir='ltr'>idom-</span> 
     </span>
    </p>
   </div>
   <div class='ocr_carea' id='block_1_78' title="bbox 487 4148 3725 4238">
    <p class='ocr_par' dir='ltr' id='par_1_78' title="bbox 487 4148 3725 4238">
     <span class='ocr_line' id='line_1_78' title="bbox 487 4148 3725 4238; baseline -0.001 -20"><span class='ocrx_word' id='word_1_627' title='bbox 487 4183 576 4220; x_wconf 73' lang='lat' dir='ltr'>me</span> <span class='ocrx_word' id='word_1_628' title='bbox 599 4169 735 4233; x_wconf 78' lang='lat' dir='ltr'>quia</span> <span class='ocrx_word' id='word_1_629' title='bbox 760 4167 912 4217; x_wconf 83' lang='lat' dir='ltr'>mitis</span> <span class='ocrx_word' id='word_1_630' title='bbox 940 4180 1065 4218; x_wconf 69' lang='lat' dir='ltr'>sum</span> <span class='ocrx_word' id='word_1_631' title='bbox 1089 4170 1139 4217; x_wconf 79' lang='lat' dir='ltr'>et</span> <span class='ocrx_word' id='word_1_632' title='bbox 1169 4165 1401 4218; x_wconf 83' lang='lat' dir='ltr'>humilis</span> <span class='ocrx_word' id='word_1_633' title='bbox 1425 4167 1583 4219; x_wconf 78' lang='lat' dir='ltr'>corde</span> <span class='ocrx_word' id='word_1_634' title='bbox 1607 4169 1824 4228; x_wconf 71' lang='lat' dir='ltr'>(Matth.</span> <span class='ocrx_word' id='word_1_635' title='bbox 1855 4185 1928 4234; x_wconf 88' lang='lat' dir='ltr'>x1,</span> <span class='ocrx_word' id='word_1_636' title='bbox 1972 4169 2081 4231; x_wconf 74' lang='lat'>29).</span> <span class='ocrx_word' id='word_1_637' title='bbox 2171 4185 2278 4238; x_wconf 85' lang='lat' dir='ltr'>que</span> <span class='ocrx_word' id='word_1_638' title='bbox 2292 4148 2861 4233; x_wconf 20' lang='lat' dir='ltr'>formetur‘Christus,</span> <span class='ocrx_word' id='word_1_639' title='bbox 2881 4169 3217 4223; x_wconf 85' lang='lat' dir='ltr'>etﬁrmetur</span> <span class='ocrx_word' id='word_1_640' title='bbox 3243 4169 3385 4222; x_wconf 84' lang='lat' dir='ltr'>ﬁdes</span> <span class='ocrx_word' id='word_1_641' title='bbox 3405 4148 3619 4221; x_wconf 76' lang='lat' dir='ltr'>alternis</span> <span class='ocrx_word' id='word_1_642' title='bbox 3632 4176 3725 4214; x_wconf 75' lang='lat' dir='ltr'>suc-</span> 
     </span>
    </p>
   </div>
   <div class='ocr_carea' id='block_1_79' title="bbox 491 4251 3724 4328">
    <p class='ocr_par' dir='ltr' id='par_1_79' title="bbox 491 4251 3724 4328">
     <span class='ocr_line' id='line_1_79' title="bbox 491 4251 3724 4328; baseline -0.001 -22"><span class='ocrx_word' id='word_1_643' title='bbox 491 4253 653 4308; x_wconf 75' lang='lat' dir='ltr'>Hunc</span> <span class='ocrx_word' id='word_1_644' title='bbox 671 4252 879 4322; x_wconf 84' lang='lat' dir='ltr'>quippe</span> <span class='ocrx_word' id='word_1_645' title='bbox 907 4253 1141 4305; x_wconf 81' lang='lat' dir='ltr'>formam</span> <span class='ocrx_word' id='word_1_646' title='bbox 1176 4251 1436 4306; x_wconf 82' lang='lat' dir='ltr'>exhibere</span> <span class='ocrx_word' id='word_1_647' title='bbox 1465 4254 1534 4308; x_wconf 87' lang='lat' dir='ltr'>de</span> <span class='ocrx_word' id='word_1_648' title='bbox 1549 4272 1622 4308; x_wconf 76' lang='lat' dir='ltr'>se</span> <span class='ocrx_word' id='word_1_649' title='bbox 1643 4257 1880 4328; x_wconf 88' lang='lat' dir='ltr'>quisque</span> <span class='ocrx_word' id='word_1_650' title='bbox 1899 4258 2081 4323; x_wconf 85' lang='lat' dir='ltr'>debet,</span> <span class='ocrx_word' id='word_1_651' title='bbox 2170 4259 2434 4317; x_wconf 82' lang='lat' dir='ltr'>cessibus,</span> <span class='ocrx_word' id='word_1_652' title='bbox 2449 4263 2514 4311; x_wconf 90' lang='lat' dir='ltr'>ut</span> <span class='ocrx_word' id='word_1_653' title='bbox 2527 4257 2981 4312; x_wconf 82' lang='lat' dir='ltr'>totahumanitas</span> <span class='ocrx_word' id='word_1_654' title='bbox 2994 4258 3048 4311; x_wconf 88' lang='lat' dir='ltr'>in</span> <span class='ocrx_word' id='word_1_655' title='bbox 3064 4259 3378 4312; x_wconf 82' lang='lat' dir='ltr'>Divinitate</span> <span class='ocrx_word' id='word_1_656' title='bbox 3397 4273 3498 4311; x_wconf 84' lang='lat' dir='ltr'>sua</span> <span class='ocrx_word' id='word_1_657' title='bbox 3509 4252 3724 4308; x_wconf 78' lang='lat' dir='ltr'>credatur</span> 
     </span>
    </p>
   </div>
   <div class='ocr_carea' id='block_1_80' title="bbox 488 4338 3726 4418">
    <p class='ocr_par' dir='ltr' id='par_1_80' title="bbox 488 4338 3726 4418">
     <span class='ocr_line' id='line_1_80' title="bbox 488 4338 3726 4418; baseline -0.002 -22"><span class='ocrx_word' id='word_1_658' title='bbox 488 4342 588 4414; x_wconf 74' lang='lat' dir='ltr'>qui</span> <span class='ocrx_word' id='word_1_659' title='bbox 606 4342 730 4412; x_wconf 82' lang='lat' dir='ltr'>jam</span> <span class='ocrx_word' id='word_1_660' title='bbox 759 4341 819 4394; x_wconf 76' lang='lat' dir='ltr'>in</span> <span class='ocrx_word' id='word_1_661' title='bbox 848 4338 1096 4394; x_wconf 83' lang='lat' dir='ltr'>Ecclesia</span> <span class='ocrx_word' id='word_1_662' title='bbox 1127 4340 1335 4394; x_wconf 84' lang='lat' dir='ltr'>Christi</span> <span class='ocrx_word' id='word_1_663' title='bbox 1378 4342 1562 4396; x_wconf 89' lang='lat' dir='ltr'>locum</span> <span class='ocrx_word' id='word_1_664' title='bbox 1589 4346 1879 4414; x_wconf 85' lang='lat' dir='ltr'>regiminis</span> <span class='ocrx_word' id='word_1_665' title='bbox 1909 4354 2081 4406; x_wconf 80' lang='lat' dir='ltr'>tenet,</span> <span class='ocrx_word' id='word_1_666' title='bbox 2172 4364 2293 4418; x_wconf 63' lang='lat' dir='ltr'>qua:</span> <span class='ocrx_word' id='word_1_667' title='bbox 2321 4346 2507 4400; x_wconf 88' lang='lat' dir='ltr'>divina</span> <span class='ocrx_word' id='word_1_668' title='bbox 2534 4346 2921 4417; x_wconf 86' lang='lat' dir='ltr'>suntoperari,</span> <span class='ocrx_word' id='word_1_669' title='bbox 2945 4347 3092 4400; x_wconf 89' lang='lat' dir='ltr'>sicut</span> <span class='ocrx_word' id='word_1_670' title='bbox 3109 4352 3167 4400; x_wconf 88' lang='lat' dir='ltr'>et</span> <span class='ocrx_word' id='word_1_671' title='bbox 3187 4347 3472 4401; x_wconf 85' lang='lat' dir='ltr'>Divinitas</span> <span class='ocrx_word' id='word_1_672' title='bbox 3493 4344 3549 4397; x_wconf 88' lang='lat' dir='ltr'>in</span> <span class='ocrx_word' id='word_1_673' title='bbox 3566 4343 3726 4395; x_wconf 81' lang='lat' dir='ltr'>huma-</span> 
     </span>
    </p>
   </div>
   <div class='ocr_carea' id='block_1_81' title="bbox 486 4430 3725 4530">
    <p class='ocr_par' dir='ltr' id='par_1_81' title="bbox 486 4430 3725 4530">
     <span class='ocr_line' id='line_1_81' title="bbox 486 4430 3725 4530; baseline -0.002 -44"><span class='ocrx_word' id='word_1_674' title='bbox 486 4437 550 4530; x_wconf 66' lang='lat' dir='ltr'>et</span> <span class='ocrx_word' id='word_1_675' title='bbox 568 4436 878 4530; x_wconf 64' lang='lat' dir='ltr'>antequam</span> <span class='ocrx_word' id='word_1_676' title='bbox 904 4430 1130 4524; x_wconf 69' lang='lat' dir='ltr'>accedat</span> <span class='ocrx_word' id='word_1_677' title='bbox 1155 4430 1225 4530; x_wconf 75' lang='lat' dir='ltr'>ad</span> <span class='ocrx_word' id='word_1_678' title='bbox 1253 4431 1774 4530; x_wconf 25' lang='lat' dir='ltr'>gratiamtvocaute</span> <span class='ocrx_word' id='word_1_679' title='bbox 1794 4435 1928 4501; x_wconf 91' lang='lat' dir='ltr'>Deo,</span> <span class='ocrx_word' id='word_1_680' title='bbox 1958 4455 2078 4492; x_wconf 87' lang='lat' dir='ltr'>eam</span> <span class='ocrx_word' id='word_1_681' title='bbox 2102 4473 2151 4530; x_wconf 71' lang='grc' dir='ltr'><strong>Β</strong></span> <span class='ocrx_word' id='word_1_682' title='bbox 2170 4437 2344 4490; x_wconf 87' lang='lat' dir='ltr'>nitate</span> <span class='ocrx_word' id='word_1_683' title='bbox 2364 4452 2484 4493; x_wconf 85' lang='lat' dir='ltr'>sua.</span> <span class='ocrx_word' id='word_1_684' title='bbox 2522 4435 2904 4504; x_wconf 64' lang='lat' dir='ltr'>qumbumana</span> <span class='ocrx_word' id='word_1_685' title='bbox 2919 4441 3056 4489; x_wconf 90' lang='lat' dir='ltr'>sunt</span> <span class='ocrx_word' id='word_1_686' title='bbox 3069 4436 3206 4506; x_wconf 87' lang='lat' dir='ltr'>pati.</span> <span class='ocrx_word' id='word_1_687' title='bbox 3224 4437 3622 4522; x_wconf 76' lang='lat' dir='ltr'>verumtamen</span> <span class='ocrx_word' id='word_1_688' title='bbox 3638 4439 3725 4480; x_wconf 81' lang='lat' dir='ltr'>non</span> 
     </span>
    </p>
   </div>
   <div class='ocr_carea' id='block_1_82' title="bbox 487 4513 3725 4595">
    <p class='ocr_par' dir='ltr' id='par_1_82' title="bbox 487 4513 3725 4595">
     <span class='ocr_line' id='line_1_82' title="bbox 487 4513 3725 4595; baseline 0 -21"><span class='ocrx_word' id='word_1_689' title='bbox 487 4516 712 4588; x_wconf 80' lang='lat' dir='ltr'>plenius</span> <span class='ocrx_word' id='word_1_690' title='bbox 752 4513 1001 4569; x_wconf 73' lang='lat' dir='ltr'>enutrirc</span> <span class='ocrx_word' id='word_1_691' title='bbox 1051 4520 1288 4585; x_wconf 79' lang='lat' dir='ltr'>oportet.</span> <span class='ocrx_word' id='word_1_692' title='bbox 1321 4514 1584 4585; x_wconf 83' lang='lat' dir='ltr'>Alioquin</span> <span class='ocrx_word' id='word_1_693' title='bbox 1629 4517 1935 4587; x_wconf 84' lang='lat' dir='ltr'>primatum</span> <span class='ocrx_word' id='word_1_694' title='bbox 1979 4513 2612 4579; x_wconf 59' lang='lat' dir='ltr'>ho-&quot;commistionem</span> <span class='ocrx_word' id='word_1_695' title='bbox 2656 4518 2872 4595; x_wconf 82' lang='lat' dir='ltr'>passus,</span> <span class='ocrx_word' id='word_1_696' title='bbox 2905 4541 3087 4595; x_wconf 87' lang='lat' dir='ltr'>neque</span> <span class='ocrx_word' id='word_1_697' title='bbox 3129 4513 3413 4579; x_wconf 83' lang='lat' dir='ltr'>divisione</span> <span class='ocrx_word' id='word_1_698' title='bbox 3463 4524 3725 4592; x_wconf 62' lang='lat' dir='ltr'>sejunctas.</span> 
     </span>
    </p>
   </div>
   <div class='ocr_carea' id='block_1_83' title="bbox 483 4603 3728 4684">
    <p class='ocr_par' dir='ltr' id='par_1_83' title="bbox 483 4603 3728 4684">
     <span class='ocr_line' id='line_1_83' title="bbox 483 4603 3728 4684; baseline -0.006 -5"><span class='ocrx_word' id='word_1_699' title='bbox 483 4604 644 4659; x_wconf 58' lang='grc' dir='ltr'>δοτίε</span> <span class='ocrx_word' id='word_1_700' title='bbox 667 4605 728 4657; x_wconf 69' lang='lat' dir='ltr'>in</span> <span class='ocrx_word' id='word_1_701' title='bbox 753 4603 994 4657; x_wconf 60' lang='grc' dir='ltr'>Εεθιθδίί</span> <span class='ocrx_word' id='word_1_702' title='bbox 1025 4620 1275 4674; x_wconf 50' lang='lat' dir='ltr'>querere</span> <span class='ocrx_word' id='word_1_703' title='bbox 1304 4604 1389 4657; x_wconf 76' lang='grc' dir='ltr'>νθῙ</span> <span class='ocrx_word' id='word_1_704' title='bbox 1415 4606 1826 4677; x_wconf 73' lang='lat' dir='ltr'>concupiscere.</span> <span class='ocrx_word' id='word_1_705' title='bbox 1867 4625 1968 4663; x_wconf 88' lang='lat' dir='ltr'>nec</span> <span class='ocrx_word' id='word_1_706' title='bbox 1998 4627 2084 4664; x_wconf 88' lang='lat' dir='ltr'>ra-</span> <span class='ocrx_word' id='word_1_707' title='bbox 2165 4615 2264 4668; x_wconf 87' lang='lat' dir='ltr'>sed</span> <span class='ocrx_word' id='word_1_708' title='bbox 2290 4616 2348 4668; x_wconf 91' lang='lat' dir='ltr'>in</span> <span class='ocrx_word' id='word_1_709' title='bbox 2374 4614 2592 4668; x_wconf 84' lang='lat' dir='ltr'>unitate</span> <span class='ocrx_word' id='word_1_710' title='bbox 2630 4630 2881 4684; x_wconf 63' lang='lat' dir='ltr'>personae</span> <span class='ocrx_word' id='word_1_711' title='bbox 2909 4630 3056 4668; x_wconf 88' lang='lat' dir='ltr'>unus</span> <span class='ocrx_word' id='word_1_712' title='bbox 3087 4621 3174 4667; x_wconf 88' lang='lat' dir='ltr'>est</span> <span class='ocrx_word' id='word_1_713' title='bbox 3199 4615 3491 4668; x_wconf 80' lang='lat' dir='ltr'>Christus.</span> <span class='ocrx_word' id='word_1_714' title='bbox 3530 4611 3592 4663; x_wconf 79' lang='lat' dir='ltr'>Et</span> <span class='ocrx_word' id='word_1_715' title='bbox 3630 4604 3728 4658; x_wconf 76' lang='lat' dir='ltr'>ideo</span> 
     </span>
    </p>
   </div>
   <div class='ocr_carea' id='block_1_84' title="bbox 485 4693 3729 4772">
    <p class='ocr_par' dir='ltr' id='par_1_84' title="bbox 485 4693 3729 4772">
     <span class='ocr_line' id='line_1_84' title="bbox 485 4693 3729 4772; baseline -0.002 -13"><span class='ocrx_word' id='word_1_716' title='bbox 485 4693 567 4748; x_wconf 59' lang='lat' dir='ltr'>tio</span> <span class='ocrx_word' id='word_1_717' title='bbox 592 4697 696 4758; x_wconf 57' lang='grc' dir='ltr'>θείη</span> <span class='ocrx_word' id='word_1_718' title='bbox 727 4708 833 4746; x_wconf 70' lang='lat' dir='ltr'>nec</span> <span class='ocrx_word' id='word_1_719' title='bbox 860 4708 1046 4757; x_wconf 59' lang='lat' dir='ltr'>causa.</span> <span class='ocrx_word' id='word_1_720' title='bbox 1089 4693 1137 4746; x_wconf 73' lang='grc' dir='ltr'>εί</span> <span class='ocrx_word' id='word_1_721' title='bbox 1180 4693 1344 4747; x_wconf 80' lang='lat' dir='ltr'>aliter</span> <span class='ocrx_word' id='word_1_722' title='bbox 1371 4695 1680 4764; x_wconf 76' lang='lat' dir='ltr'>quaeritur;</span> <span class='ocrx_word' id='word_1_723' title='bbox 1722 4697 1856 4767; x_wconf 84' lang='lat' dir='ltr'>quia</span> <span class='ocrx_word' id='word_1_724' title='bbox 1902 4715 2083 4770; x_wconf 88' lang='lat' dir='ltr'>neque</span> <span class='ocrx_word' id='word_1_725' title='bbox 2164 4708 2281 4757; x_wconf 87' lang='lat' dir='ltr'>tota</span> <span class='ocrx_word' id='word_1_726' title='bbox 2311 4704 2484 4757; x_wconf 87' lang='lat' dir='ltr'>series</span> <span class='ocrx_word' id='word_1_727' title='bbox 2513 4703 2961 4772; x_wconf 85' lang='lat' dir='ltr'>Evangeliorum,</span> <span class='ocrx_word' id='word_1_728' title='bbox 2994 4707 3053 4757; x_wconf 89' lang='lat' dir='ltr'>et</span> <span class='ocrx_word' id='word_1_729' title='bbox 3083 4701 3427 4757; x_wconf 88' lang='lat' dir='ltr'>vicissitudo</span> <span class='ocrx_word' id='word_1_730' title='bbox 3454 4710 3729 4754; x_wconf 52' lang='lat' dir='ltr'>causarum,</span> 
     </span>
    </p>
   </div>
   <div class='ocr_carea' id='block_1_85' title="bbox 476 4782 3726 4858">
    <p class='ocr_par' dir='ltr' id='par_1_85' title="bbox 476 4782 3726 4858">
     <span class='ocr_line' id='line_1_85' title="bbox 476 4782 3726 4858; baseline 0.002 -22"><span class='ocrx_word' id='word_1_731' title='bbox 476 4784 703 4853; x_wconf 79' lang='lat' dir='ltr'>justum</span> <span class='ocrx_word' id='word_1_732' title='bbox 718 4797 839 4835; x_wconf 80' lang='lat' dir='ltr'>esse</span> <span class='ocrx_word' id='word_1_733' title='bbox 865 4787 1066 4851; x_wconf 84' lang='lat' dir='ltr'>potest,</span> <span class='ocrx_word' id='word_1_734' title='bbox 1093 4798 1196 4836; x_wconf 88' lang='lat' dir='ltr'>nec</span> <span class='ocrx_word' id='word_1_735' title='bbox 1221 4782 1376 4836; x_wconf 87' lang='lat' dir='ltr'>utile.</span> <span class='ocrx_word' id='word_1_736' title='bbox 1398 4783 1556 4846; x_wconf 82' lang='lat' dir='ltr'>Quod</span> <span class='ocrx_word' id='word_1_737' title='bbox 1578 4785 1720 4839; x_wconf 88' lang='lat' dir='ltr'>forte</span> <span class='ocrx_word' id='word_1_738' title='bbox 1739 4786 2082 4857; x_wconf 85' lang='lat' dir='ltr'>principibus</span> <span class='ocrx_word' id='word_1_739' title='bbox 2164 4799 2221 4846; x_wconf 88' lang='lat' dir='ltr'>et</span> <span class='ocrx_word' id='word_1_740' title='bbox 2248 4798 2539 4846; x_wconf 86' lang='lat' dir='ltr'>contextus</span> <span class='ocrx_word' id='word_1_741' title='bbox 2573 4792 3002 4854; x_wconf 85' lang='lat' dir='ltr'>sententiarum,</span> <span class='ocrx_word' id='word_1_742' title='bbox 3029 4791 3111 4844; x_wconf 85' lang='lat' dir='ltr'>sic</span> <span class='ocrx_word' id='word_1_743' title='bbox 3135 4791 3472 4845; x_wconf 79' lang='lat' dir='ltr'>alternatim</span> <span class='ocrx_word' id='word_1_744' title='bbox 3520 4785 3726 4858; x_wconf 54' lang='lat' dir='ltr'>ponitur,</span> 
     </span>
    </p>
   </div>
   <div class='ocr_carea' id='block_1_86' title="bbox 481 4857 3732 4951">
    <p class='ocr_par' dir='ltr' id='par_1_86' title="bbox 481 4857 3732 4951">
     <span class='ocr_line' id='line_1_86' title="bbox 481 4857 3732 4951; baseline 0 -26"><span class='ocrx_word' id='word_1_745' title='bbox 481 4869 693 4935; x_wconf 60' lang='lat' dir='ltr'>seculi,</span> <span class='ocrx_word' id='word_1_746' title='bbox 725 4874 783 4922; x_wconf 88' lang='lat' dir='ltr'>et</span> <span class='ocrx_word' id='word_1_747' title='bbox 825 4869 874 4922; x_wconf 79' lang='lat' dir='ltr'>si</span> <span class='ocrx_word' id='word_1_748' title='bbox 904 4870 1049 4924; x_wconf 83' lang='lat' dir='ltr'>ratio</span> <span class='ocrx_word' id='word_1_749' title='bbox 1085 4887 1198 4925; x_wconf 89' lang='lat' dir='ltr'>non</span> <span class='ocrx_word' id='word_1_750' title='bbox 1247 4877 1332 4925; x_wconf 88' lang='lat' dir='ltr'>est</span> <span class='ocrx_word' id='word_1_751' title='bbox 1377 4873 1728 4928; x_wconf 89' lang='lat' dir='ltr'>solummodo</span> <span class='ocrx_word' id='word_1_752' title='bbox 1778 4875 2076 4944; x_wconf 83' lang='lat' dir='ltr'>dominari,</span> <span class='ocrx_word' id='word_1_753' title='bbox 2166 4887 2227 4935; x_wconf 89' lang='lat' dir='ltr'>ut</span> <span class='ocrx_word' id='word_1_754' title='bbox 2244 4887 2366 4935; x_wconf 85' lang='lat' dir='ltr'>tota</span> <span class='ocrx_word' id='word_1_755' title='bbox 2389 4872 2663 4942; x_wconf 84' lang='lat' dir='ltr'>Divinitas</span> <span class='ocrx_word' id='word_1_756' title='bbox 2689 4882 2830 4951; x_wconf 72' lang='lat' dir='ltr'>ejus,</span> <span class='ocrx_word' id='word_1_757' title='bbox 2853 4881 2911 4934; x_wconf 89' lang='lat' dir='ltr'>in</span> <span class='ocrx_word' id='word_1_758' title='bbox 2937 4896 3051 4934; x_wconf 88' lang='lat' dir='ltr'>uno</span> <span class='ocrx_word' id='word_1_759' title='bbox 3083 4880 3410 4951; x_wconf 81' lang='lat' dir='ltr'>eodemque</span> <span class='ocrx_word' id='word_1_760' title='bbox 3439 4857 3647 4934; x_wconf 81' lang='lat' dir='ltr'>Christo</span> <span class='ocrx_word' id='word_1_761' title='bbox 3669 4857 3732 4924; x_wconf 84' lang='lat' dir='ltr'>in-</span> 
     </span>
    </p>
   </div>
   <div class='ocr_carea' id='block_1_87' title="bbox 484 4957 3730 5035">
    <p class='ocr_par' dir='ltr' id='par_1_87' title="bbox 484 4957 3730 5035">
     <span class='ocr_line' id='line_1_87' title="bbox 484 4957 3730 5035; baseline -0.002 -21"><span class='ocrx_word' id='word_1_762' title='bbox 484 4959 689 5014; x_wconf 84' lang='lat' dir='ltr'>saltem</span> <span class='ocrx_word' id='word_1_763' title='bbox 715 4957 827 5012; x_wconf 86' lang='lat' dir='ltr'>illis</span> <span class='ocrx_word' id='word_1_764' title='bbox 856 4974 1024 5013; x_wconf 88' lang='lat' dir='ltr'>causa</span> <span class='ocrx_word' id='word_1_765' title='bbox 1052 4965 1137 5014; x_wconf 79' lang='lat' dir='ltr'>est</span> <span class='ocrx_word' id='word_1_766' title='bbox 1162 4960 1281 5014; x_wconf 89' lang='lat' dir='ltr'>sola</span> <span class='ocrx_word' id='word_1_767' title='bbox 1305 4961 1702 5030; x_wconf 83' lang='lat' dir='ltr'>voluntas,etsi</span> <span class='ocrx_word' id='word_1_768' title='bbox 1721 4963 1943 5032; x_wconf 87' lang='lat' dir='ltr'>justum</span> <span class='ocrx_word' id='word_1_769' title='bbox 1965 4982 2078 5020; x_wconf 89' lang='lat' dir='ltr'>non</span> <span class='ocrx_word' id='word_1_770' title='bbox 2161 4970 2393 5024; x_wconf 83' lang='lat' dir='ltr'>confusa</span> <span class='ocrx_word' id='word_1_771' title='bbox 2420 4971 2699 5035; x_wconf 75' lang='lat' dir='ltr'>credatur,</span> <span class='ocrx_word' id='word_1_772' title='bbox 2733 4969 2879 5023; x_wconf 79' lang='lat' dir='ltr'>sicut</span> <span class='ocrx_word' id='word_1_773' title='bbox 2906 4975 2963 5023; x_wconf 62' lang='lat' dir='ltr'>et</span> <span class='ocrx_word' id='word_1_774' title='bbox 2986 4974 3108 5023; x_wconf 64' lang='lat' dir='ltr'>tota</span> <span class='ocrx_word' id='word_1_775' title='bbox 3136 4969 3475 5023; x_wconf 60' lang='lat' dir='ltr'>humanitas</span> <span class='ocrx_word' id='word_1_776' title='bbox 3516 4967 3571 5020; x_wconf 73' lang='lat' dir='ltr'>in</span> <span class='ocrx_word' id='word_1_777' title='bbox 3606 4957 3730 5016; x_wconf 83' lang='lat' dir='ltr'>Divi-</span> 
     </span>
    </p>
   </div>
   <div class='ocr_carea' id='block_1_88' title="bbox 483 5040 3729 5129">
    <p class='ocr_par' dir='ltr' id='par_1_88' title="bbox 483 5040 3729 5129">
     <span class='ocr_line' id='line_1_88' title="bbox 483 5040 3729 5129; baseline 0.002 -27"><span class='ocrx_word' id='word_1_778' title='bbox 483 5053 590 5114; x_wconf 81' lang='lat' dir='ltr'>cst,</span> <span class='ocrx_word' id='word_1_779' title='bbox 621 5047 708 5101; x_wconf 82' lang='lat' dir='ltr'>vel</span> <span class='ocrx_word' id='word_1_780' title='bbox 740 5040 878 5101; x_wconf 86' lang='lat' dir='ltr'>utile</span> <span class='ocrx_word' id='word_1_781' title='bbox 905 5047 1014 5100; x_wconf 86' lang='lat' dir='ltr'>illis</span> <span class='ocrx_word' id='word_1_782' title='bbox 1042 5048 1263 5103; x_wconf 86' lang='lat' dir='ltr'>videtur</span> <span class='ocrx_word' id='word_1_783' title='bbox 1293 5067 1306 5115; x_wconf 87' lang='lat'><strong>;</strong></span> <span class='ocrx_word' id='word_1_784' title='bbox 1339 5051 1487 5120; x_wconf 88' lang='lat' dir='ltr'>quod</span> <span class='ocrx_word' id='word_1_785' title='bbox 1517 5051 1659 5105; x_wconf 89' lang='lat' dir='ltr'>nulli</span> <span class='ocrx_word' id='word_1_786' title='bbox 1686 5052 1927 5122; x_wconf 88' lang='lat' dir='ltr'>sapienti</span> <span class='ocrx_word' id='word_1_787' title='bbox 1945 5055 2075 5124; x_wconf 85' lang='lat' dir='ltr'>jure</span> <span class='ocrx_word' id='word_1_788' title='bbox 2158 5060 2336 5113; x_wconf 84' lang='lat' dir='ltr'>nitate</span> <span class='ocrx_word' id='word_1_789' title='bbox 2355 5076 2457 5113; x_wconf 88' lang='lat' dir='ltr'>sua</span> <span class='ocrx_word' id='word_1_790' title='bbox 2472 5059 2742 5113; x_wconf 72' lang='lat' dir='ltr'>catholica</span> <span class='ocrx_word' id='word_1_791' title='bbox 2765 5059 2991 5112; x_wconf 82' lang='lat' dir='ltr'>counita</span> <span class='ocrx_word' id='word_1_792' title='bbox 3003 5059 3393 5128; x_wconf 84' lang='lat' dir='ltr'>personaliter</span> <span class='ocrx_word' id='word_1_793' title='bbox 3409 5053 3729 5129; x_wconf 46' lang='lat' dir='ltr'>praedicatur.</span> 
     </span>
    </p>
   </div>
   <div class='ocr_carea' id='block_1_89' title="bbox 481 5137 3728 5217">
    <p class='ocr_par' dir='ltr' id='par_1_89' title="bbox 481 5137 3728 5217">
     <span class='ocr_line' id='line_1_89' title="bbox 481 5137 3728 5217; baseline -0.001 -25"><span class='ocrx_word' id='word_1_794' title='bbox 481 5153 604 5192; x_wconf 77' lang='lat' dir='ltr'>esse</span> <span class='ocrx_word' id='word_1_795' title='bbox 632 5141 836 5208; x_wconf 80' lang='lat' dir='ltr'>potest,</span> <span class='ocrx_word' id='word_1_796' title='bbox 858 5153 920 5190; x_wconf 88' lang='lat' dir='ltr'>se</span> <span class='ocrx_word' id='word_1_797' title='bbox 942 5137 1090 5190; x_wconf 85' lang='lat' dir='ltr'>ultro</span> <span class='ocrx_word' id='word_1_798' title='bbox 1118 5138 1378 5208; x_wconf 89' lang='lat' dir='ltr'>periculis</span> <span class='ocrx_word' id='word_1_799' title='bbox 1400 5140 1675 5210; x_wconf 86' lang='lat' dir='ltr'>subjicere</span> <span class='ocrx_word' id='word_1_800' title='bbox 1701 5141 1898 5195; x_wconf 67' lang='lat' dir='ltr'>alienae</span> <span class='ocrx_word' id='word_1_801' title='bbox 1927 5143 2069 5210; x_wconf 59' lang='lat' dir='ltr'>vita,</span> <span class='ocrx_word' id='word_1_802' title='bbox 2157 5147 2356 5217; x_wconf 85' lang='lat' dir='ltr'>Sicque</span> <span class='ocrx_word' id='word_1_803' title='bbox 2392 5147 2602 5201; x_wconf 83' lang='lat' dir='ltr'>factum</span> <span class='ocrx_word' id='word_1_804' title='bbox 2635 5152 2722 5200; x_wconf 90' lang='lat' dir='ltr'>est</span> <span class='ocrx_word' id='word_1_805' title='bbox 2747 5152 2810 5200; x_wconf 91' lang='lat' dir='ltr'>ut</span> <span class='ocrx_word' id='word_1_806' title='bbox 2840 5146 2916 5200; x_wconf 86' lang='lat' dir='ltr'>sit</span> <span class='ocrx_word' id='word_1_807' title='bbox 2943 5147 3213 5200; x_wconf 74' lang='lat' dir='ltr'>Mediator</span> <span class='ocrx_word' id='word_1_808' title='bbox 3251 5148 3356 5200; x_wconf 85' lang='lat' dir='ltr'>Dei</span> <span class='ocrx_word' id='word_1_809' title='bbox 3396 5151 3445 5199; x_wconf 81' lang='lat' dir='ltr'>et</span> <span class='ocrx_word' id='word_1_810' title='bbox 3473 5145 3728 5198; x_wconf 77' lang='lat' dir='ltr'>hominum</span> 
     </span>
    </p>
   </div>
   <div class='ocr_carea' id='block_1_90' title="bbox 480 5225 3730 5307">
    <p class='ocr_par' dir='ltr' id='par_1_90' title="bbox 480 5225 3730 5307">
     <span class='ocr_line' id='line_1_90' title="bbox 480 5225 3730 5307; baseline -0.001 -27"><span class='ocrx_word' id='word_1_811' title='bbox 480 5226 578 5296; x_wconf 78' lang='lat' dir='ltr'>qui</span> <span class='ocrx_word' id='word_1_812' title='bbox 597 5241 761 5280; x_wconf 74' lang='lat' dir='ltr'>suam</span> <span class='ocrx_word' id='word_1_813' title='bbox 789 5225 966 5279; x_wconf 87' lang='lat' dir='ltr'>nescit</span> <span class='ocrx_word' id='word_1_814' title='bbox 989 5226 1564 5294; x_wconf 81' lang='lat' dir='ltr'>moderari;servituti</span> <span class='ocrx_word' id='word_1_815' title='bbox 1582 5231 1701 5284; x_wconf 90' lang='lat' dir='ltr'>sine</span> <span class='ocrx_word' id='word_1_816' title='bbox 1720 5230 1904 5287; x_wconf 89' lang='lat' dir='ltr'>fructu</span> <span class='ocrx_word' id='word_1_817' title='bbox 1930 5249 2071 5287; x_wconf 90' lang='lat' dir='ltr'>mer—</span> <span class='ocrx_word' id='word_1_818' title='bbox 2160 5238 2208 5307; x_wconf 90' lang='grc'>(1</span> <span class='ocrx_word' id='word_1_819' title='bbox 2233 5239 2374 5290; x_wconf 87' lang='lat' dir='ltr'>Tim.</span> <span class='ocrx_word' id='word_1_820' title='bbox 2417 5251 2480 5300; x_wconf 78' lang='grc' dir='ltr'>ιι,</span> <span class='ocrx_word' id='word_1_821' title='bbox 2511 5236 2583 5303; x_wconf 84' lang='lat'>5),</span> <span class='ocrx_word' id='word_1_822' title='bbox 2634 5237 2949 5306; x_wconf 74' lang='lat' dir='ltr'>jungatque</span> <span class='ocrx_word' id='word_1_823' title='bbox 3004 5235 3172 5289; x_wconf 85' lang='lat' dir='ltr'>simul</span> <span class='ocrx_word' id='word_1_824' title='bbox 3200 5235 3265 5289; x_wconf 90' lang='lat' dir='ltr'>in</span> <span class='ocrx_word' id='word_1_825' title='bbox 3295 5252 3362 5290; x_wconf 81' lang='lat' dir='ltr'>se</span> <span class='ocrx_word' id='word_1_826' title='bbox 3411 5249 3535 5306; x_wconf 68' lang='lat' dir='ltr'>qua</span> <span class='ocrx_word' id='word_1_827' title='bbox 3571 5226 3730 5285; x_wconf 82' lang='lat' dir='ltr'>divina</span> 
     </span>
    </p>
   </div>
   <div class='ocr_carea' id='block_1_91' title="bbox 477 5313 3728 5395">
    <p class='ocr_par' dir='ltr' id='par_1_91' title="bbox 477 5313 3728 5395">
     <span class='ocr_line' id='line_1_91' title="bbox 477 5313 3728 5395; baseline 0 -28"><span class='ocrx_word' id='word_1_828' title='bbox 477 5313 630 5368; x_wconf 84' lang='lat' dir='ltr'>cedis</span> <span class='ocrx_word' id='word_1_829' title='bbox 659 5330 719 5367; x_wconf 87' lang='lat' dir='ltr'>se</span> <span class='ocrx_word' id='word_1_830' title='bbox 737 5314 1014 5372; x_wconf 86' lang='lat' dir='ltr'>addicere.</span> <span class='ocrx_word' id='word_1_831' title='bbox 1030 5313 1312 5370; x_wconf 87' lang='lat' dir='ltr'>laboribus</span> <span class='ocrx_word' id='word_1_832' title='bbox 1329 5322 1386 5370; x_wconf 90' lang='lat' dir='ltr'>et</span> <span class='ocrx_word' id='word_1_833' title='bbox 1409 5318 1696 5374; x_wconf 80' lang='lat' dir='ltr'>doloribus</span> <span class='ocrx_word' id='word_1_834' title='bbox 1718 5338 1777 5376; x_wconf 88' lang='lat' dir='ltr'>se</span> <span class='ocrx_word' id='word_1_835' title='bbox 1799 5321 2032 5376; x_wconf 84' lang='lat' dir='ltr'>miscere</span> <span class='ocrx_word' id='word_1_836' title='bbox 2056 5343 2067 5390; x_wconf 88' lang='lat'><strong>;</strong></span> <span class='ocrx_word' id='word_1_837' title='bbox 2155 5332 2288 5379; x_wconf 85' lang='lat' dir='ltr'>sunt</span> <span class='ocrx_word' id='word_1_838' title='bbox 2316 5325 2598 5390; x_wconf 85' lang='lat' dir='ltr'>humanis,</span> <span class='ocrx_word' id='word_1_839' title='bbox 2633 5331 2691 5378; x_wconf 87' lang='lat' dir='ltr'>et</span> <span class='ocrx_word' id='word_1_840' title='bbox 2731 5341 2854 5395; x_wconf 65' lang='lat' dir='ltr'>qum</span> <span class='ocrx_word' id='word_1_841' title='bbox 2891 5325 3138 5378; x_wconf 86' lang='lat' dir='ltr'>humana</span> <span class='ocrx_word' id='word_1_842' title='bbox 3167 5332 3313 5378; x_wconf 85' lang='lat' dir='ltr'>sunt</span> <span class='ocrx_word' id='word_1_843' title='bbox 3341 5323 3564 5378; x_wconf 79' lang='lat' dir='ltr'>divinis.</span> <span class='ocrx_word' id='word_1_844' title='bbox 3595 5314 3728 5373; x_wconf 87' lang='lat' dir='ltr'>Unde</span> 
     </span>
    </p>
   </div>
   <div class='ocr_carea' id='block_1_92' title="bbox 478 5401 3728 5485">
    <p class='ocr_par' dir='ltr' id='par_1_92' title="bbox 478 5401 3728 5485">
     <span class='ocr_line' id='line_1_92' title="bbox 478 5401 3728 5485; baseline 0.001 -28"><span class='ocrx_word' id='word_1_845' title='bbox 478 5404 712 5474; x_wconf 82' lang='lat' dir='ltr'>etquod</span> <span class='ocrx_word' id='word_1_846' title='bbox 742 5404 924 5474; x_wconf 73' lang='lat' dir='ltr'>majus</span> <span class='ocrx_word' id='word_1_847' title='bbox 953 5410 1054 5467; x_wconf 84' lang='lat' dir='ltr'>est,</span> <span class='ocrx_word' id='word_1_848' title='bbox 1090 5404 1444 5476; x_wconf 88' lang='lat' dir='ltr'>dispendium</span> <span class='ocrx_word' id='word_1_849' title='bbox 1484 5409 1608 5463; x_wconf 63' lang='lat' dir='ltr'>vita;</span> <span class='ocrx_word' id='word_1_850' title='bbox 1662 5427 1776 5466; x_wconf 69' lang='lat' dir='ltr'>suae</span> <span class='ocrx_word' id='word_1_851' title='bbox 1823 5411 2071 5482; x_wconf 87' lang='lat' dir='ltr'>quotidie</span> <span class='ocrx_word' id='word_1_852' title='bbox 2154 5431 2323 5484; x_wconf 88' lang='lat' dir='ltr'>quam</span> <span class='ocrx_word' id='word_1_853' title='bbox 2354 5414 2581 5485; x_wconf 86' lang='lat' dir='ltr'>provide</span> <span class='ocrx_word' id='word_1_854' title='bbox 2618 5431 2745 5468; x_wconf 90' lang='lat' dir='ltr'>cum</span> <span class='ocrx_word' id='word_1_855' title='bbox 2779 5414 3141 5484; x_wconf 79' lang='lat' dir='ltr'>egrederetur</span> <span class='ocrx_word' id='word_1_856' title='bbox 3165 5413 3240 5466; x_wconf 85' lang='lat' dir='ltr'>ab</span> <span class='ocrx_word' id='word_1_857' title='bbox 3271 5413 3521 5475; x_wconf 75' lang='lat' dir='ltr'>Iericho,</span> <span class='ocrx_word' id='word_1_858' title='bbox 3561 5408 3662 5463; x_wconf 89' lang='lat' dir='ltr'>duo</span> <span class='ocrx_word' id='word_1_859' title='bbox 3685 5401 3728 5456; x_wconf 77' lang='lat' dir='ltr'>ei</span> 
     </span>
    </p>
   </div>
   <div class='ocr_carea' id='block_1_93' title="bbox 471 5493 3731 5574">
    <p class='ocr_par' dir='ltr' id='par_1_93' title="bbox 471 5493 3731 5574">
     <span class='ocr_line' id='line_1_93' title="bbox 471 5493 3731 5574; baseline 0.002 -27"><span class='ocrx_word' id='word_1_860' title='bbox 471 5493 776 5558; x_wconf 73' lang='lat' dir='ltr'>sustinere,</span> <span class='ocrx_word' id='word_1_861' title='bbox 809 5493 970 5563; x_wconf 82' lang='lat' dir='ltr'>quasi</span> <span class='ocrx_word' id='word_1_862' title='bbox 999 5510 1100 5565; x_wconf 90' lang='lat' dir='ltr'>pro</span> <span class='ocrx_word' id='word_1_863' title='bbox 1128 5497 1281 5550; x_wconf 87' lang='lat' dir='ltr'>omni</span> <span class='ocrx_word' id='word_1_864' title='bbox 1318 5496 1581 5561; x_wconf 89' lang='lat' dir='ltr'>Ecclesia,</span> <span class='ocrx_word' id='word_1_865' title='bbox 1627 5515 1754 5553; x_wconf 90' lang='lat' dir='ltr'>cum</span> <span class='ocrx_word' id='word_1_866' title='bbox 1789 5501 1909 5570; x_wconf 84' lang='lat' dir='ltr'>ipse</span> <span class='ocrx_word' id='word_1_867' title='bbox 1939 5518 2069 5556; x_wconf 89' lang='lat' dir='ltr'>reus</span> <span class='ocrx_word' id='word_1_868' title='bbox 2151 5502 2209 5556; x_wconf 88' lang='lat' dir='ltr'>in</span> <span class='ocrx_word' id='word_1_869' title='bbox 2236 5503 2324 5556; x_wconf 87' lang='lat' dir='ltr'>via</span> <span class='ocrx_word' id='word_1_870' title='bbox 2347 5503 2442 5556; x_wconf 88' lang='lat' dir='ltr'>isti</span> <span class='ocrx_word' id='word_1_871' title='bbox 2466 5509 2830 5556; x_wconf 81' lang='lat' dir='ltr'>occurrerunt</span> <span class='ocrx_word' id='word_1_872' title='bbox 2849 5503 2979 5558; x_wconf 69' lang='lat' dir='ltr'>caeci</span> <span class='ocrx_word' id='word_1_873' title='bbox 3002 5522 3016 5570; x_wconf 83' lang='lat'><strong>;</strong></span> <span class='ocrx_word' id='word_1_874' title='bbox 3042 5519 3287 5574; x_wconf 88' lang='lat' dir='ltr'>quorum</span> <span class='ocrx_word' id='word_1_875' title='bbox 3315 5503 3378 5556; x_wconf 88' lang='lat' dir='ltr'>in</span> <span class='ocrx_word' id='word_1_876' title='bbox 3399 5501 3581 5572; x_wconf 68' lang='lat' dir='ltr'>specie</span> <span class='ocrx_word' id='word_1_877' title='bbox 3600 5509 3731 5550; x_wconf 73' lang='lat' dir='ltr'>mon-</span> 
     </span>
    </p>
   </div>
   <div class='ocr_carea' id='block_1_94' title="bbox 473 5579 3731 5663">
    <p class='ocr_par' dir='ltr' id='par_1_94' title="bbox 473 5579 3731 5663">
     <span class='ocr_line' id='line_1_94' title="bbox 473 5579 3731 5663; baseline 0.002 -27"><span class='ocrx_word' id='word_1_878' title='bbox 473 5579 736 5647; x_wconf 76' lang='lat' dir='ltr'>habetur,</span> <span class='ocrx_word' id='word_1_879' title='bbox 761 5581 892 5654; x_wconf 77' lang='lat' dir='ltr'>quia</span> <span class='ocrx_word' id='word_1_880' title='bbox 913 5589 1066 5638; x_wconf 78' lang='lat' dir='ltr'>recte</span> <span class='ocrx_word' id='word_1_881' title='bbox 1084 5600 1199 5640; x_wconf 85' lang='lat' dir='ltr'>non</span> <span class='ocrx_word' id='word_1_882' title='bbox 1224 5585 1590 5658; x_wconf 85' lang='lat' dir='ltr'>principatur,</span> <span class='ocrx_word' id='word_1_883' title='bbox 1621 5585 1927 5643; x_wconf 89' lang='lat' dir='ltr'>secundum</span> <span class='ocrx_word' id='word_1_884' title='bbox 1960 5590 2069 5644; x_wconf 86' lang='lat' dir='ltr'>for-</span> <span class='ocrx_word' id='word_1_885' title='bbox 2149 5591 2434 5647; x_wconf 87' lang='lat' dir='ltr'>strabatur</span> <span class='ocrx_word' id='word_1_886' title='bbox 2459 5592 2608 5662; x_wconf 89' lang='lat' dir='ltr'>quod</span> <span class='ocrx_word' id='word_1_887' title='bbox 2639 5591 2890 5646; x_wconf 84' lang='lat' dir='ltr'>futurum</span> <span class='ocrx_word' id='word_1_888' title='bbox 2912 5599 3038 5646; x_wconf 82' lang='lat' dir='ltr'>erat</span> <span class='ocrx_word' id='word_1_889' title='bbox 3055 5591 3114 5646; x_wconf 89' lang='lat' dir='ltr'>in</span> <span class='ocrx_word' id='word_1_890' title='bbox 3154 5592 3318 5646; x_wconf 84' lang='lat' dir='ltr'>omni</span> <span class='ocrx_word' id='word_1_891' title='bbox 3342 5604 3572 5663; x_wconf 74' lang='lat' dir='ltr'>genere,</span> <span class='ocrx_word' id='word_1_892' title='bbox 3602 5590 3662 5642; x_wconf 77' lang='lat' dir='ltr'>ut</span> <span class='ocrx_word' id='word_1_893' title='bbox 3684 5586 3731 5634; x_wconf 63' lang='lat' dir='ltr'>et</span> 
     </span>
    </p>
   </div>
   <div class='ocr_carea' id='block_1_95' title="bbox 433 5669 3729 5752">
    <p class='ocr_par' dir='ltr' id='par_1_95' title="bbox 433 5669 3729 5752">
     <span class='ocr_line' id='line_1_95' title="bbox 433 5669 3729 5752; baseline -0.005 -9"><span class='ocrx_word' id='word_1_894' title='bbox 433 5698 442 5706; x_wconf 89' lang='lat'><strong>&#39;</strong></span> <span class='ocrx_word' id='word_1_895' title='bbox 475 5669 775 5744; x_wconf 54' lang='grc' dir='ltr'>ωαωινθΐί</span> <span class='ocrx_word' id='word_1_896' title='bbox 803 5670 1078 5742; x_wconf 63' lang='lat' dir='ltr'>magistri,</span> <span class='ocrx_word' id='word_1_897' title='bbox 1111 5674 1261 5728; x_wconf 79' lang='lat' dir='ltr'>unde</span> <span class='ocrx_word' id='word_1_898' title='bbox 1307 5674 1366 5728; x_wconf 85' lang='lat' dir='ltr'>in</span> <span class='ocrx_word' id='word_1_899' title='bbox 1406 5675 1588 5746; x_wconf 88' lang='lat' dir='ltr'>capite</span> <span class='ocrx_word' id='word_1_900' title='bbox 1631 5691 1667 5729; x_wconf 89' lang='lat' dir='ltr'>a</span> <span class='ocrx_word' id='word_1_901' title='bbox 1710 5691 1840 5731; x_wconf 90' lang='lat' dir='ltr'>vero</span> <span class='ocrx_word' id='word_1_902' title='bbox 1876 5677 2066 5746; x_wconf 87' lang='lat' dir='ltr'>judice</span> <span class='ocrx_word' id='word_1_903' title='bbox 2149 5677 2288 5735; x_wconf 85' lang='lat' dir='ltr'>ﬁdes</span> <span class='ocrx_word' id='word_1_904' title='bbox 2318 5681 2642 5735; x_wconf 84' lang='lat' dir='ltr'>ﬁrmaretur</span> <span class='ocrx_word' id='word_1_905' title='bbox 2673 5698 2739 5735; x_wconf 81' lang='lat' dir='ltr'>ex</span> <span class='ocrx_word' id='word_1_906' title='bbox 2763 5681 3056 5750; x_wconf 86' lang='lat' dir='ltr'>miraculo,</span> <span class='ocrx_word' id='word_1_907' title='bbox 3090 5672 3227 5736; x_wconf 81' lang='lat' dir='ltr'>etin</span> <span class='ocrx_word' id='word_1_908' title='bbox 3259 5681 3458 5752; x_wconf 89' lang='lat' dir='ltr'>specie</span> <span class='ocrx_word' id='word_1_909' title='bbox 3486 5675 3729 5750; x_wconf 81' lang='lat' dir='ltr'>praedica-</span> 
     </span>
    </p>
   </div>
  </div>
