3888 6172
201 340 308 411 693
968 334 1350 414 EXPOSlTIO
1391 354 1470 415 IN
1507 346 1952 420 nmmum.
1997 394 2061 447 έ-
2101 356 2238 421 LIB.
2280 358 2376 434 1x,
2419 354 2576 421 CAP.
2618 342 2738 421 xx.
3451 350 3518 425 69

200 474 370 565 retur.
410 462 647 565 humani
702 478 927 565 generis
970 470 1243 548 Christus,
1308 478 1433 537 cum
1490 481 1667 540 exiret
1730 484 1800 565 de
1815 488 1865 550 A
1882 459 2040 553 Quod
2059 496 2117 544 et
2134 482 2202 544 de
2218 489 2476 544 omnibus
2497 460 2833 563 supradictis
2847 497 2997 549 recte
3032 472 3268 565 intelligi
3291 486 3494 565 potést,

200 558 435 649 mundo,
465 560 826 649 illuminatio.
859 558 928 624 Et
955 569 1080 624 ideo
1108 566 1178 624 ad
1201 566 1307 625 hoc
1327 573 1619 628 descendit
1640 576 1698 630 in
1718 564 1806 630 .le-
1888 577 2020 649 quia
2039 595 2235 632 omnes
2246 577 2365 633 sine
2379 558 2620 644 Christo,
2637 580 2694 634 in
2715 575 3024 636 defectione
3046 580 3174 636 caeci
3194 558 3484 637 sedebant.

198 648 372 754 richo,
406 650 473 711 ut
502 636 741 754 multam
770 650 993 754 turbam
1013 660 1203 754 secum
1233 661 1439 754 trahat:
1473 663 1618 716 Nam
1642 664 1805 718 multi
1888 636 1945 720 id
1973 673 2059 721 est
2088 663 2145 721 in
2174 666 2414 721 Jericho.
2448 636 2669 754 Jericho
2698 680 2943 741 namque
2973 670 3115 725 luna
3146 666 3494 754 interpretaf

199 740 452 830 latrones
476 740 639 800 erant
658 742 715 800 in
736 762 821 830 ea,
843 745 937 819 qui
951 747 1301 818 egredientes
1319 766 1383 803 ac
1407 746 1805 807 descendentes
1886 761 1983 808 tur
2006 775 2018 822 ;
2062 756 2197 809 luna
2218 762 2407 810 autem
2431 773 2530 827 pro
2561 740 2870 812 deiectiOne
2891 757 3076 813 carnis
3118 740 3350 830 ponitur
3384 777 3397 812 :
3432 745 3494 814 in

200 832 267 888 ab
304 829 735 913 Hierosolymis,
768 829 1082 891 interficere
1113 842 1170 891 et
1187 838 1480 893 vulnerare
1510 857 1806 896 consueve-

201 914 348 979 rant.
385 918 602 980 Idcirco
631 920 911 979 Dominus
940 942 1066 980 cum
1093 918 1380 998 discipulis
1420 926 1535 983 suis
1566 928 1717 984 venit
1750 930 1810 985 in

201 1030 344 1080 eam,
361 1012 429 1068 ut
455 1006 657 1068 liberet
674 1008 1015 1081 vulneratos,
1035 1010 1218 1081 344
1243 1021 1301 1070 et
1329 1010 1565 1072 multam
1581 1016 1806 1076 turbam

199 1099 393 1158 trahat
422 1119 634 1159 secum.
669 1102 775 1168 Qui
794 1100 903 1158 nisi
932 1098 1065 1159 illuc
1088 1105 1350 1170 venisset,
1383 1123 1486 1160 nec
1524 1106 1703 1162 turbae
1735 1127 1817 1163 se-

200 1197 515 1262 querentur
533 1209 685 1256 eum,
701 1209 802 1247 nec
821 1190 952 1247 caeci
973 1184 1165 1247 lumen
1194 1192 1345 1267 recip
1359 1201 1541 1249 erent.
1562 1195 1645 1251 Ibi
1666 1197 1817 1253 enim

199 1279 350 1335 venit
388 1272 553 1336 Raab
585 1274 683 1335 illa
713 1298 836 1353 quae
869 1299 998 1336 cum
1035 1278 1227 1337 multis
1268 1282 1622 1339 amatoribus
1650 1286 1817 1342 forni-

1896 860 2007 915 qua
2027 842 2289 900 nimirum
2312 845 2623 900 defectione
2652 852 2921 916 utrosque
2951 842 3187 919 populos
3212 864 3385 903 caecos
3405 863 3498 904 se-

1895 928 2044 987 disse
2074 932 2212 987 nulli
2260 931 2493 988 dubium
2533 940 2636 1000 est,
2686 934 2862 989 donec
2899 932 3060 989 Jesus
3087 924 3393 1005 descendit,
3438 920 3497 992 et

1895 1018 2115 1075 Jericho
2147 1030 2275 1075 cum
2303 1018 2418 1075 suis
2448 1018 2615 1077 venit.
2649 1022 2730 1077 De
2777 1040 2889 1095 qua
2926 1010 3393 1097 Hierosolymam,
3427 1031 3493 1081 ex

1896 1128 2007 1181 qua
2037 1110 2419 1177 descenderat,
2452 1117 2734 1182 repetens,
2775 1112 2966 1168 audito
2994 1107 3127 1184 quia
3156 1098 3489 1189 praeteriret,

1895 1200 2202 1253 secundum
2234 1198 2665 1265 humanitatem,
2698 1205 2985 1273 coeperunt
3020 1192 3189 1257 simul
3227 1201 3337 1273 duo
3363 1194 3493 1257 caeci

1895 1282 2137 1341 clamare
2162 1306 2172 1340 :
2205 1288 2452 1353 Domine,
2469 1290 2554 1355 ﬁli
2567 1289 2762 1354 David,
2786 1272 3042 1343 miserere
3058 1295 3255 1345 nostri.
3358 1278 3492 1347 inde

197 1370 319 1424 cata
360 1374 510 1424 erat.
559 1364 667 1425 Sed
706 1387 808 1425 nec
850 1368 1058 1426 mirum
1101 1368 1168 1438 si,
1217 1370 1428 1427 relictis
1469 1373 1608 1439 suis,
1650 1374 1815 1429 turba
1889 1371 2053 1447 juxta
2083 1374 2227 1431 viam
2275 1377 2492 1442 sedent,
2538 1372 2670 1447 quia
2707 1376 2912 1449 ipsum,
2961 1376 3057 1448 qui
3093 1376 3183 1433 via
3223 1364 3326 1446 est,
3369 1380 3493 1450 jam

197 1454 389 1514 secuta
412 1464 503 1514 est
530 1453 857 1526 Dominum,
913 1454 1178 1530 quoniam
1211 1459 1425 1515 multus
1455 1450 1593 1516 odor
1613 1460 1813 1517 divini-
1893 1470 2323 1537 praetereuntem
2348 1465 2684 1520 sentiebant.
2701 1464 2877 1530 Quem
2901 1465 3011 1519 nisi
3038 1454 3331 1534 sentirent,
3354 1472 3413 1524 et
3428 1485 3492 1525 se

195 1544 324 1604 tatis
352 1542 652 1618 fragrabat
682 1542 740 1627 in
777 1564 863 1603 eo.
905 1544 1032 1620 Ipse
1063 1566 1307 1621 namque
1345 1555 1431 1605 est
1474 1568 1605 1605 rosa
1627 1548 1721 1605 illa
1752 1551 1809 1607 in
1895 1571 2066 1609 caecos
2101 1555 2498 1625 intelligerent,
2550 1571 2665 1609 non
2705 1554 3018 1610 clamarent
3052 1573 3065 1608 :
3096 1552 3153 1609 et
3179 1555 3289 1610 nisi
3324 1557 3491 1627 juxta

194 1630 410 1708 campis
436 1628 658 1691 Jericho
689 1624 961 1708 plantata,
988 1638 1057 1691 de
1088 1655 1199 1708 qua
1225 1629 1512 1710 Sapientia
1553 1641 1807 1711 loquitur
1838 1704 1845 1715 θ
1894 1643 2056 1707 viam,
2093 1661 2216 1715 quae
2246 1624 2501 1699 Christus
2532 1649 2619 1698 est
2657 1643 2808 1714 (quia
2845 1640 2915 1698 ad
2956 1660 3050 1698 eos
3085 1624 3342 1708 venerati
3364 1645 3492 1715 jam

192 1743 292 1799 per
310 1718 714 1780 Salomonem:
740 1717 897 1782 Sicut
919 1729 1108 1796 palma
1131 1731 1375 1782 exaltata
1394 1745 1517 1782 sum
1541 1732 1603 1783 in
1623 1730 1808 1797 Gades,
1831 1704 1877 1776 Β
1896 1737 2109 1801 essent;
2137 1733 2268 1805 quia
2295 1738 2517 1805 tempus
2551 1733 2856 1788 miserandi
2876 1733 3197 1796 advenerat,
3225 1732 3335 1788 nisi
3360 1750 3490 1789 sen-

191 1821 237 1869 et
279 1817 433 1870 sicut
479 1817 758 1884 plantalio
784 1831 917 1869 rosae
949 1818 1011 1869 in
1037 1817 1253 1870 Jericho
1291 1809 1646 1887 (Eccli.xx1v,
1686 1818 1800 1888 18).

199 1900 490 1969 Quoniam
503 1898 625 1975 ipse
643 1909 730 1957 est
743 1903 1021 1973 Speciosus
1035 1906 1222 1974 forma
1234 1922 1353 1975 prae
1365 1909 1424 1976 ﬁl
1432 1910 1500 1961 iis
1514 1909 1810 1964 hominum

202 1988 363 2053 (Psal.
412 1988 568 2055 XLIV,
615 1986 688 2063 3),
730 1993 1003 2047 candidus
1047 1999 1097 2047 et
1148 1996 1494 2049 rubicundus
1537 1997 1714 2066 (Cant.
1754 2016 1806 2066 v,

198 2076 299 2153 10).
333 2076 634 2139 Candidus
661 2081 977 2147 sanctitate,
1001 2080 1226 2153 justitia
1272 2089 1328 2139 et
1376 2083 1677 2140 virtutibus
1703 2086 1804 2141 de-

194 2177 470 2245 coratus;
523 2170 751 2242 prOpn'o
792 2187 923 2224 vero
964 2171 1239 2242 sanguine
1282 2189 1385 2228 suo
1436 2173 1800 2231 rubicundus.

195 2256 368 2333 Cujus
401 2254 469 2315 in
497 2276 564 2314 eo
592 2248 856 2314 divinitas
888 2252 1032 2314 sicut
1061 2259 1121 2313 in
1149 2277 1278 2315 rosa
1302 2262 1456 2326 odor,
1500 2268 1804 2335 antequam

194 2342 509 2411 videretur,
555 2342 921 2413 sentiebatur,
978 2354 1035 2403 et
1090 2354 1393 2421 antequam
1433 2349 1800 2421 inveniretur,

191 2434 490 2509 ﬂagrabat
538 2430 597 2491 in
638 2435 902 2492 odoribus
938 2436 1211 2491 virtutum
1256 2456 1508 2494 suarum.
1554 2441 1714 2496 Unde
1751 2446 1809 2496 et

189 2526 355 2583 turba
376 2543 519 2583 eum
542 2516 902 2597 sequebatur,
925 2532 981 2580 et
1000 2526 1126 2580 caeci
1146 2543 1178 2580 a
1198 2522 1362 2599 longe
1390 2533 1802 2597 transeuntem,

190 2623 507 2688 antequam
534 2606 807 2681 viderent,
844 2612 1153 2669 divinitatis
1181 2616 1301 2685 ejus
1330 2616 1561 2671 odorem
1594 2619 1802 2673 sentie-

189 2704 341 2759 bant.
375 2692 552 2758 Unde
578 2719 691 2757 non
715 2690 946 2757 fortuito
974 2719 1126 2770 casu,
1154 2720 1336 2775 neque
1363 2721 1428 2758 ex
1454 2712 1676 2772 eventu,
1704 2708 1802 2762 sed

191 2811 254 2848 ex
282 2791 709 2867 praeparatione
738 2784 858 2857 Dei,
890 2792 986 2864 qui
1016 2798 1219 2846 cuncta
1244 2782 1507 2863 disponit,
1540 2810 1668 2849 ecce
1691 2795 1801 2850 duo

186 2876 310 2938 caeci
319 2898 495 2936 secus
507 2881 655 2935 viam
673 2881 932 2955 sedentes
943 2874 1248 2935 audierunt
1266 2886 1322 2935 et
1346 2888 1646 2937 senserunt
1667 2884 1800 2953 quia

188 2971 345 3026 Iesus
368 2962 666 3024 transiret.
692 2966 837 3024 Nam
858 2962 984 3024 Ecce
1002 2978 1130 3024 cum
1149 2962 1302 3036 dicit,
1321 2971 1799 3042 opportunitatem

190 3052 268 3113 rei
292 3062 482 3131 gestae
530 3052 797 3125 declarat,
838 3050 1103 3129 quoniam
1142 3058 1280 3112 satis
1326 3059 1799 3131 opportunissime

1894 1822 2086 1887 tirent,
2136 1839 2238 1877 nec
2274 1822 2433 1893 sequi
2460 1827 2707 1892 possent,
2750 1821 2884 1892 quia
2926 1822 2986 1877 in
3019 1821 3265 1877 tenebris
3302 1827 3487 1880 erant.

1894 1906 2021 1965 Sed‘
2034 1927 2162 1964 cum
2192 1910 2310 1965 dies
2342 1909 2563 1963 advenit
2593 1910 2754 1976 lucis,
2786 1914 2844 1963 et
2890 1910 3136 1964 clamare
3185 1909 3485 1987 incipiunt,

1893 2005 1950 2053 et
1990 2004 2213 2070 recepto
2255 1998 2485 2064 lumine,
2518 1998 2678 2069 sequi
2717 2003 2950 2069 queunt,
2982 1998 3080 2068 qui
3125 1990 3398 2053 sedebant
3427 1998 3489 2053 in

1890 2087 2139 2143 tenebris
2158 2093 2215 2142 et
2241 2087 2444 2142 umbra
2464 2087 2691 2154 mortis;
2726 2103 2790 2141 eo
2809 2086 2960 2157 quod
2980 2086 3109 2141 olim
3132 2101 3328 2141 omnes
3342 2086 3490 2142 viam

1885 2177 2249 2247 perdiderant
2279 2194 2291 2229 :
2326 2175 2522 2239 Judaei,
2565 2175 2697 2247 quia
2729 2174 3011 2245 justitiam
3045 2182 3207 2228 suam
3238 2169 3486 2229 statuere

1886 2265 2154 2328 volentes,
2166 2265 2399 2336 justitiae
2427 2265 2529 2320 Dei
2550 2281 2663 2337 non
2682 2268 2817 2319 sunt
2830 2250 3068 2334 subjecti
3089 2267 3308 2337 :gentes
3330 2279 3485 2337 vero,

1887 2353 2020 2423 quia
2065 2352 2260 2406 relicto
2305 2353 2440 2417 Deo,
2472 2332 2694 2423 longius
2741 2355 3092 2406 recesserant
3120 2336 3272 2404 idola
3304 2328 3488 2421 colen-

1888 2447 1990 2495 tes.
2012 2441 2120 2504 Qui
2139 2441 2364 2512 utriquc
2380 2436 2673 2495 audientes
2702 2440 2850 2512 quod
2879 2440 2908 2494 J
2913 2456 3041 2494 esus
3078 2438 3393 2511 praeteriret
3427 2431 3489 2493 in

1888 2544 2114 2583 carnem
2144 2522 2389 2582 Verbum
2419 2528 2652 2594 factum,
2684 2516 3068 2582 clamaverunt
3108 2518 3279 2583 simul
3303 2526 3489 2582 dicen-

1887 2623 1999 2671 tes:
2030 2620 2287 2672 Miserere
2313 2621 2509 2683 nostri,
2540 2620 2627 2685 ﬁli
2650 2619 2853 2676 David.
3416 2684 3417 2687 η

1957 2707 2002 2761 Ο
2019 2723 2188 2777 quam
2213 2706 2358 2761 mira
2374 2713 2431 2761 et
2459 2692 2807 2761 admirabilis
2836 2705 2937 2760 Dei
2960 2704 3187 2775 gemina
3208 2704 3487 2783 operatio,

1882 2797 1948 2844 ut
1972 2786 2028 2845 et
2056 2791 2209 2846 Deus
2238 2791 2406 2845 homo
2435 2786 2688 2845 transeat
2712 2790 2771 2844 in
2808 2788 3183 2856 humanitate,
3226 2795 3285 2844 et
3313 2784 3484 2845 homo

1881 2876 2031 2935 Deus
2059 2886 2171 2934 stet
2197 2878 2255 2934 in
2274 2876 2576 2934 Divinitate
2602 2880 2614 2932 !
2659 2877 2806 2943 Quia
2844 2877 3088 2933 transire
3111 2866 3484 2934 humanitatis

1881 2963 2005 3040 ejus
2056 2974 2160 3035 est,
2214 2973 2364 3023 stare
2410 2985 2541 3022 vero
2588 2968 2939 3039 Divinitatis,
2966 2984 3032 3022 eo
3068 2956 3218 3039 quod
3261 2983 3486 3039 semper

1880 3057 2085 3129 ubique
2117 3062 2174 3111 et
2201 3050 2677 3111 incommutabilis
2718 3061 2823 3111 est.
2864 3056 2951 3110 Ad
2988 3057 3149 3126 cujus
3174 3048 3485 3111 transitum

190 3164 223 3202 a
255 3147 624 3220 providentia
643 3146 746 3201 Dei
775 3138 946 3200 oblati
984 3151 1117 3201 sunt
1147 3147 1214 3200 ad
1247 3147 1561 3202 doctrinam
1580 3148 1799 3204 futuro-
1816 3152 1860 3211 C
1880 3153 2077 3217 gentes
2108 3163 2235 3200 cum
2261 3147 2553 3200 audissent
2576 3145 2927 3200 currentium
2955 3145 3274 3217 strepitum,
3305 3149 3363 3199 et
3381 3146 3486 3225 tin-

186 3254 311 3291 rum
352 3242 497 3291 ante
538 3232 736 3290 faciem
766 3228 994 3303 Christi,
1045 3226 1111 3290 ut
1160 3236 1371 3307 apertis
1411 3226 1607 3305 oculis,
1641 3239 1801 3309 quasi
1882 3228 2052 3306 dique
2080 3235 2295 3290 caeteris
2323 3234 2741 3300 festinantibus,
2780 3235 2914 3307 quia
2957 3251 3071 3306 prie
3115 3232 3330 3290 cunctis
3373 3234 3483 3289 soli

186 3317 357 3380 testes
393 3316 629 3378 virtutis
665 3325 806 3395 ejus,
838 3324 1205 3378 escenderent
1235 3341 1359 3379 cum
1391 3342 1456 3379 eo
1481 3326 1541 3380 in
1579 3328 1801 3382 Jerusa-
1882 3316 2154 3379 sedebant
2192 3324 2319 3379 caici
2346 3365 2359 3391 ,
2406 3323 2781 3379 indissolubili
2824 3323 3060 3394 caligine
3106 3321 3387 3405 tenebrati
3424 3327 3485 3378 et

189 3415 317 3479 lem,
392 3420 601 3468 contra
656 3413 908 3469 omnium
958 3414 1462 3469 contradicentium
1508 3416 1799 3486 conspira-

187 3511 379 3559 menta
412 3522 430 3555 :
461 3511 519 3558 et
550 3498 698 3575 quod
727 3496 910 3574 majus
943 3508 1046 3568 est,
1080 3493 1143 3556 ut
1172 3502 1424 3556 omnium
1455 3503 1694 3558 formam
1722 3509 1803 3558 te-

186 3600 387 3648 nerent
409 3584 790 3660 credentium,
809 3592 907 3662 qui
929 3592 1124 3647 volunt
1150 3592 1451 3646 ascendere
1464 3593 1534 3647 ad
1554 3593 1793 3664 patriam

184 3668 461 3755 paradisi.
482 3664 643 3737 Unde
673 3674 1036 3753 quaerendum
1056 3682 1210 3752 (quia
1239 3681 1401 3735 multi
1432 3682 1720 3736 doctorum
1738 3682 1795 3736 id

182 3770 400 3827 diverse
428 3764 683 3840 tradunt)
720 3787 957 3841 quorum
988 3786 1287 3841 personam
1309 3770 1401 3823 isti
1427 3770 1538 3824 duo
1567 3776 1798 3825 teneant

188 3862 333 3915 caeci.
369 3859 491 3914 Alii
509 3875 755 3931 namque
774 3848 986 3927 dicunt,
1013 3858 1160 3930 quod
1182 3858 1421 3912 duorum
1439 3860 1792 3930 populorum,

187 3949 279 4021 qui
307 3938 685 4003 crediderunt
722 3964 787 4000 ex
813 3932 1021 4002 Judaeis
1052 3951 1110 4001 et
1138 3946 1421 4017 gentibus,
1465 3954 1522 4001 et
1560 3947 1798 4003 confessi

187 4045 315 4093 sunt
352 4054 495 4093 eum
544 4028 847 4092 Dominum
887 4050 952 4090 ac
994 4035 1173 4089 ﬁlium
1207 4036 1399 4091 David.
1434 4036 1540 4101 Qui
1582 4054 1695 4091 non
1736 4038 1797 4092 in

192 4127 297 4195 via,
326 4114 433 4181 sed
465 4136 629 4180 seCus
656 4117 802 4179 viam
829 4120 1039 4179 sedisse
1061 4124 1342 4178 dicuntur.
1363 4125 1524 4191 Caeci,
1560 4141 1625 4178 eo
1647 4126 1795 4196 quod

186 4207 266 4270 illi
291 4217 469 4287 juxta
495 4206 746 4268 litteram
775 4206 912 4284 legis
938 4212 1214 4277 sedentes,
1235 4212 1473 4266 necdum
1497 4213 1797 4269 illuminati

189 4311 350 4360 erant
371 4296 585 4376 spiritu
606 4296 882 4357 veritatis:
900 4308 957 4355 et
973 4307 1172 4372 gentes
1199 4318 1358 4355 secus
1379 4302 1558 4372 legem
1582 4308 1798 4371 natura;

1882 3410 2085 3483 ligati,
2142 3408 2284 3467 nihil
2341 3411 2589 3466 solutum
2644 3412 2715 3467 de
2766 3416 2885 3466 toto
2923 3428 3156 3483 corpore
3209 3410 3482 3467 habentes

1882 3507 2088 3573 praeter
2109 3518 2319 3565 vocem,
2351 3492 2475 3555 ideo
2505 3501 2662 3571 sequi
2684 3517 2815 3556 eum
2841 3517 2955 3555 non
2979 3484 3483 3571 poterantNocem

1876 3597 2100 3645 tantum
2130 3588 2413 3644 habebant
2442 3586 2823 3655 confessionis,
2840 3594 2896 3643 et
2907 3605 3001 3643 cor
3013 3590 3135 3659 jam
3162 3576 3476 3669 credulum,

1877 3679 2142 3744 dicentes,
2185 3679 2439 3732 Miserere
2485 3680 2681 3740 nostri,
2708 3678 2959 3743 Domine,
3000 3679 3088 3744 ﬁli
3115 3676 3316 3733 Dauid.
3368 3676 3481 3732 Sed

1878 3771 1978 3837 qui
2001 3769 2275 3837 praeibam
2304 3767 2665 3835 increpabant
2694 3780 2795 3831 eos,
2820 3769 2882 3818 ut
2913 3768 3170 3819 tacerent.
3204 3748 3350 3835 Ergo
3380 3765 3480 3836 qui

1878 3854 2149 3928 praeibant
2174 3853 2436 3925 gentibus
2471 3852 2650 3908 Judaei
2679 3858 2832 3919 sunt,
2866 3853 2962 3924 qui
3003 3868 3227 3925 semper
3264 3838 3478 3908 invidia

1880 3944 2039 4011 moti,
2066 3949 2258 3998 vetant
2283 3933 2469 3997 adhuc
2501 3941 2665 3996 hodie
2686 3940 2972 3996 Christum
3002 3941 3261 4021 invocare
3289 3942 3479 4019 Domi-

1878 4040 2036 4101 num,
2069 4039 2127 4087 et
2154 4033 2335 4086 ﬁlium
2359 4030 2534 4086 David
2572 4028 2843 4085 conﬁteri.
2886 4029 3258 4105 lncrepabant
3286 4033 3479 4096 846

1877 4128 2067 4177 autem
2100 4127 2165 4175 ut
2192 4126 2445 4175 taceatur
2485 4120 2553 4173 de
2601 4119 2841 4175 Christo.
2884 4119 2995 4173 Sed
3023 4123 3081 4173 et
3128 4119 3381 4191 quotidie
3416 4118 3479 4175 in

1879 4211 2138 4266 cordibus
2167 4210 2374 4264 nostris
2394 4208 2734 4263 antecedunt
2752 4196 2930 4263 turbae
2952 4208 3356 4279 cogitationum
3379 4224 3477 4264 no-

1880 4307 2146 4363 strarum,
2180 4299 2423 4353 maxime
2454 4315 2580 4353 cum
2602 4297 2763 4365 Jesus
2782 4298 3004 4364 transit,
3025 4314 3129 4353 nec
3147 4303 3261 4355 stat
3281 4298 3342 4353 in
3370 4296 3474 4353 no-

186 4399 505 4466 torpentes,
521 4384 770 4447 caecitate
788 4390 1029 4462 perculsi
1052 4389 1202 4444 idola
1221 4390 1496 4445 colebant.
1534 4391 1643 4445 Alii
1670 4409 1797 4445 vero
1816 4466 1855 4471 ῳ
1881 4389 1992 4457 bis;
2020 4394 2077 4443 et
2103 4404 2231 4443 cum
2261 4388 2561 4459 incipimus
2591 4387 2662 4441 ad
2714 4403 2844 4441 eum
2872 4387 3136 4455 clamare,
3179 4387 3475 4458 increpant

189 4482 385 4537 dicunt
425 4498 531 4554 per
554 4474 780 4535 eosdem
811 4476 1123 4533 Pharisaeos
1152 4484 1209 4533 et
1239 4479 1569 4534 Sadducaeos
1598 4469 1863 4535 meliusD
1881 4496 2002 4546 nos,
2027 4484 2084 4533 et
2119 4495 2233 4532 non
2270 4478 2463 4531 sinunt
2498 4476 2671 4531 libere
2698 4476 2959 4543 clamare,
2993 4475 3259 4547 quoniam
3279 4474 3474 4541 obscu-

190 4563 506 4642 designari.
558 4562 628 4623 Et
682 4567 957 4634 nonnulli,
1004 4560 1144 4622 duos
1182 4567 1442 4622 similiter
1481 4574 1546 4622 ex
1591 4569 1798 4623 Judazis

188 4652 457 4731 populos,
481 4654 685 4712 Iudam
706 4653 965 4710 videlicet
989 4661 1047 4710 et
1074 4656 1269 4719 Israel,
1302 4673 1424 4711 esse
1466 4656 1677 4722 dicunt,
1703 4657 1799 4727 qui

189 4764 386 4803 omnes
438 4743 501 4801 in
552 4742 774 4800 Iericho
828 4738 955 4800 caeci
1012 4742 1310 4813 sedebant;
1365 4745 1498 4818 quia
1558 4746 1799 4800 necdum

189 4843 462 4908 poterant
489 4820 677 4889 dicere
704 4827 819 4890 Deo
846 4828 1030 4888 Patri:
1056 4824 1124 4889 In
1146 4838 1357 4890 lumine
1381 4841 1473 4889 tuo
1494 4837 1797 4889 videbimus

190 4924 738 4995 lumen(Psal.xxxv,
749 4922 856 4993 10).
876 4923 1128 4978 Necdum
1145 4925 1294 4978 enim
1309 4928 1580 4978 noverant
1594 4924 1796 4979 Filium

192 5008 292 5070 Dei
317 5015 462 5084 vivi,
490 5018 549 5068 et
575 5013 702 5068 ideo
723 5013 884 5084 quasi
912 5013 1195 5068 communi
1218 5013 1480 5068 vocabulo
1496 5014 1799 5068 Dominum

193 5109 246 5158 et
262 5100 480 5159 Filium
502 5102 612 5157 Dei
627 5107 841 5157 vocant.
858 5102 1036 5166 Quem
1052 5119 1187 5157 sane
1198 5102 1542 5156 intellectum
1567 5102 1796 5173 quidam

192 5186 563 5265 refugientes,
610 5191 804 5247 ambos
854 5208 920 5246 ex
963 5184 1223 5262 gentibus
1271 5192 1613 5261 signiﬁcatos
1653 5208 1792 5257 esse,

196 5288 389 5349 345
421 5285 742 5345 senserunt,
772 5285 838 5334 ut
863 5297 1011 5334 unus
1036 5297 1229 5335 eorum
1259 5289 1406 5335 esset
1425 5297 1493 5334 ex
1526 5280 1722 5344 Cham,
1744 5286 1800 5334 et

192 5366 335 5425 alius
368 5388 445 5424 ex
490 5364 713 5441 Japhet.
763 5361 895 5425 Ideo
938 5374 1128 5423 autem
1167 5360 1295 5424 caeci
1332 5369 1617 5433 sedebant,
1668 5368 1801 5439 quia

191 5454 452 5514 nondum
483 5451 561 5514 eis
586 5462 928 5531 apparuerat
951 5455 1243 5529 unigenita
1270 5459 1364 5513 lux
1395 5476 1459 5512 ex
1487 5459 1603 5513 Deo
1633 5460 1800 5513 Patre

189 5554 345 5604 nata.
378 5540 493 5612 Qui
516 5550 638 5620 jam
658 5565 785 5604 cum
815 5553 1247 5621 prmtereuntem
1278 5548 1306 5602 J
1312 5565 1467 5603 esum
1487 5548 1798 5617 audissent,

188 5651 353 5695 secus
397 5653 434 5687 γ
446 5635 574 5703 iam,
616 5630 675 5691 id
714 5640 800 5690 est
830 5637 993 5707 juxta
1037 5635 1350 5702 veritatem,
1411 5635 1796 5691 versabantur.

1878 4574 2067 4622 ratum
2090 4573 2176 4622 est
2202 4566 2472 4637 insipiens
2498 4582 2593 4627 cor
2630 4570 2905 4630 nostrum,
2949 4570 3007 4618 et
3032 4580 3146 4637 non
3173 4579 3474 4635 possumus

1880 4657 2143 4711 obcaecati
2180 4657 2391 4721 lumen,
2425 4654 2575 4724 quod
2608 4654 2864 4709 Christus
2902 4658 3007 4719 est,
3043 4652 3249 4707 videre.
3293 4652 3403 4707 Sed
3424 4648 3476 4708 si

1881 4746 1991 4799 fide
2020 4749 2343 4799 constanter
2364 4738 2697 4807 insistimus,
2738 4748 2796 4796 et
2822 4742 3131 4797 clamamus
3162 4741 3318 4819 intus
3342 4757 3474 4814 per-

1874 4830 2202 4890 severanter
2221 4833 2463 4887 clamore
2479 4831 2681 4898 cordis,
2697 4831 2963 4886 continuo
2978 4836 3093 4886 stat
3108 4822 3269 4885 nobis
3287 4824 3317 4885 ,Ι
3321 4847 3470 4909 esus,

1880 4925 1977 4996 qui
2008 4929 2142 4979 ante
2172 4920 2467 4987 transibat,
2482 4921 2561 4975 ita
2598 4926 2662 4975 ut
2690 4919 2951 4993 deinceps
2974 4920 3096 4990 jam
3125 4935 3239 4974 non
3266 4917 3477 4974 talibus

1879 5012 2182 5085 aliquando
2213 5011 2495 5082 patiamur
2520 5007 3025 5080 phantasmatibus.
3059 5009 3188 5064 Non
3214 5013 3300 5063 est
3321 5008 3478 5064 enim

1878 5104 2157 5157 honorare
2188 5098 2494 5161 Christum,
2524 5114 2650 5151 cum
2681 5113 2716 5150 a
2756 5096 3012 5168 precibus
3052 5102 3109 5152 et
3136 5094 3476 5152 clamoribus

1880 5178 2062 5246 cordis
2092 5204 2310 5244 cessare
2325 5186 2609 5258 jubemur.
2626 5186 2839 5242 Fatuus
2859 5192 2947 5240 est
2966 5202 3210 5257 namque
3236 5185 3344 5240 iste
3368 5185 3475 5259 ho:

1880 5298 2003 5346 ηοιι,
2052 5280 2272 5349 istaque
2317 5274 2613 5347 sapientia,
2649 5275 2697 5329 si
2728 5281 2991 5347 putamus
3030 5274 3477 5348 injuriami‘fpati

1883 5368 2187 5432 Christum,
2235 5382 2364 5420 cum
2406 5365 2745 5419 exercitatur
2776 5365 2930 5419 intus
2971 5356 3246 5435 precibus.
3290 5364 3475 5433 Unde,

1882 5457 2233 5514 fratres.cum
2246 5471 2280 5508 a
2294 5452 2499 5508 talibus
2512 5451 2876 5524 prohibemur
2888 5452 3291 5523 cogitationum
3302 5453 3479 5526 phan-

1881 5544 2234 5621 tasmatibus,
2260 5542 2441 5614 magis
2469 5541 2762 5613 magisque
2792 5541 3150 5621 clamandum
3184 5548 3288 5615 est,
3315 5548 3375 5611 et
3394 5542 3479 5597 di-

1881 5634 2120 5690 cendum
2145 5646 2157 5681 :
2186 5618 2438 5686 Miserere
2463 5632 2664 5700 nostri,
2687 5630 2938 5695 Domine,
2978 5618 3066 5696 ﬁli
3096 5630 3296 5686 David.
3322 5629 3474 5684 Talis
