3888 6172
446 295 551 354 695

1219 302 1275 360 Β.
1318 298 1694 361 PASCHASII
1731 299 2090 360 RADBERTI
2127 295 2430 359 ABBATIS
2468 298 2959 360 CORBEIENSIS.

3544 303 3620 360 696

446 436 582 496 ergo
620 428 677 481 et
713 430 920 484 natura
948 428 1106 497 ﬁdei;
1165 427 1314 484 unde
1361 434 1419 483 et
1459 428 1515 483 in
1556 425 2191 500 persecutionibusAde
2219 427 2474 500 utrisque
2504 427 2672 495 dicat,
2704 424 3030 497 egrediente
3060 424 3206 489 Iesu,
3236 424 3372 494 quod
3397 426 3623 483 eointem-

447 513 751 571 Ecclesiam
765 515 973 571 Christi
993 518 1172 588 magis
1200 519 1437 573 crevisse
1454 518 1842 588 cognoscimus
1868 536 1879 570 :
1905 534 2040 588 quo-

445 603 599 657 niam
626 609 837 674 quanto
860 606 1039 675 magis
1066 606 1438 676 altligebatur,
1472 612 1629 660 tanto
1677 607 1919 677 amplius
1955 610 2041 659 est

446 691 602 746 intus
640 709 862 763 semper
886 710 1120 749 accensa
1153 712 1164 746 :
1199 700 1257 748 et
1283 695 1409 748 ideo
1459 694 1513 748 in
1564 695 1718 749 nullo
1760 700 1846 747 est
1870 693 2032 757 victa,

448 781 547 834 sed
575 779 723 835 inter
750 781 869 852 ipsa
889 782 1138 852 pericula
1168 782 1298 836 ﬁdei
1329 783 1513 837 calore
1540 781 1918 837 corroborata.
1946 783 2039 836 Di-

445 867 678 934 latatur,
709 885 811 924 nec
834 869 1074 924 vincitur
1100 870 1425 925 terroribus.
1452 870 1665 935 Quibus
1692 872 1853 926 Iesus
1883 876 2038 925 stans

441 956 614 1025 jussit
628 974 724 1011 eos
748 957 932 1011 venire
943 958 1013 1012 ad
1029 974 1120 1026 se;
1156 976 1266 1030 quo
1280 959 1516 1030 jubente
1530 960 1717 1014 nullus
1741 959 2037 1031 prohibere

444 1049 686 1115 poterat.
714 1044 783 1099 Et
807 1046 931 1099 ideo
957 1053 1107 1101 recte
1143 1048 1367 1101 stetisse
1395 1048 1618 1111 dicitur,
1652 1064 1723 1101 ne
1754 1047 1918 1101 turba
1941 1064 2037 1101 eos

443 1131 759 1203 prohibeat.
792 1133 955 1198 Quia,
988 1140 1053 1189 ut
1080 1135 1212 1199 dixi,
1246 1142 1397 1189 stare
1434 1136 1555 1204 ejus
1595 1134 1905 1190 divinitatis
1929 1140 2033 1201 est,

442 1220 535 1275 cui
562 1221 721 1276 nulla
747 1222 828 1277 vis
847 1222 1058 1277 inimici
1088 1228 1274 1294 potest
1307 1223 1589 1278 resistere.
1624 1225 1688 1278 Et
1723 1226 2037 1293 interroga-

445 1310 534 1363 bat
562 1311 702 1379 quid
734 1314 951 1365 vellent.
985 1312 1355 1382 Nequaquam
1384 1312 1557 1382 igitur
1584 1311 1841 1377 dixerim,
1887 1313 2036 1383 quod

362 1394 371 1403 ’
442 1396 558 1452 haec
587 1397 955 1469 interrogatio
1002 1398 1072 1453 de
1115 1399 1435 1471 ignorantia
1479 1400 1713 1457 venerit.
1758 1417 1885 1455 cum
1917 1401 2039 1472 ipsa

443 1484 663 1541 caecitas
680 1486 739 1541 in
759 1493 955 1558 aperto
977 1492 1116 1553 erat,
1134 1489 1229 1542 sed
1249 1506 1312 1543 ex
1324 1488 1740 1560 dispensatione
1762 1489 2034 1560 mysterii,

440 1566 510 1627 ut
545 1573 685 1627 ﬁdes
728 1574 969 1645 amplior
1010 1576 1362 1646 prmdicetur.
1408 1576 1514 1632 Ubi
1541 1578 1661 1647 jam
1708 1593 1818 1631 non
1859 1577 2037 1631 ﬁlium

2121 532 2254 586 pore
2292 516 2372 570 ita
2400 516 2455 571 in
2488 517 2573 570 via
2604 517 2813 570 factum
2837 518 2924 568 est
2943 518 3008 566 ut
3040 516 3307 567 narratur.
3336 513 3473 577 Quod
3496 516 3533 569 si
3554 516 3627 571 ali-

2120 605 2208 659 cui
2231 605 2332 658 hoc
2353 605 2536 659 minus
2556 619 2866 674 congruere
2889 601 3126 661 videtur.
3158 601 3290 654 nihil
3308 601 3554 673 impeditsi
3566 610 3628 659 tot

2122 707 2242 745 esse
2270 692 2550 752 dicantur.
2583 700 2805 747 tantum
2836 696 2901 745 ut
2930 689 3268 745 illuminatos
3294 706 3380 744 eos
3409 707 3510 746 esse
3530 709 3629 747 con-

2120 781 2310 845 cedat;
2344 798 2470 835 cum
2503 782 2560 835 in
2591 783 2773 852 ﬁgura
2804 795 2998 833 eorum
3025 783 3083 832 et
3110 779 3168 833 in
3186 779 3374 850 specie,
3394 785 3543 834 totum
3557 798 3631 851 ge-

2119 886 2226 923 nus
2249 870 2559 924 humanum
2589 886 2624 924 a
2662 869 2899 923 Domino
2945 873 3207 922 sanatum
3244 884 3358 921 esse
3394 869 3629 924 credimus.

2120 958 2313 1012 Potest
2336 965 2523 1012 tamen
2550 963 2697 1011 recte
2719 956 3005 1020 mstimari,
3030 956 3280 1027 quamvis
3294 956 3378 1009 ille
3392 958 3634 1012 secundum

2119 1046 2324 1100 Lucam
2351 1046 2492 1100 alius
2520 1046 2709 1111 fuerit,
2738 1050 2795 1099 et
2825 1045 2935 1098 alio
2966 1044 3024 1099 in
3053 1051 3320 1116 tempore,
3345 1051 3397 1099 et
3418 1061 3539 1099 unus
3559 1046 3635 1100 iste

2119 1150 2284 1204 quem
2312 1135 2531 1188 Marcus
2560 1134 2749 1205 ponit;
2776 1134 2920 1205 quod
2944 1128 3114 1188 fuerit
3128 1134 3315 1187 Timmi
3342 1134 3489 1200 ﬁlius,
3504 1135 3634 1189 Bani-

2118 1239 2291 1277 maeus
2319 1224 2565 1288 nomine,
2603 1223 2724 1294 ipse
2753 1222 2827 1276 sit
2874 1239 3020 1277 unus
3049 1239 3116 1277 ex
3144 1221 3353 1277 duobus
3380 1239 3501 1292 quos
3536 1223 3639 1277 Mat-

2116 1312 2296 1366 thazus
2312 1318 2524 1366 narrat.
2540 1311 2649 1366 Sed
2670 1312 2918 1366 Marcum
2936 1310 3060 1365 ideo
3072 1310 3221 1365 hunc
3239 1311 3407 1366 solum
3425 1311 3638 1382 posuisse,

2118 1399 2382 1471 quoniam
2411 1400 2529 1471 ipse
2561 1400 2747 1455 notior
2776 1405 2900 1454 erat
2919 1404 2977 1454 et
3007 1398 3422 1463 famosissimus,
3449 1399 3567 1453 sicut
3594 1415 3642 1452 ex

2121 1494 2306 1555 818
2339 1489 2563 1544 nomine
2592 1489 2929 1552 declaratur,
2975 1493 3039 1542 ut
3066 1486 3285 1543 dicatur
3318 1487 3453 1542 ﬁlius
3475 1487 3642 1547 Timeri,

2120 1578 2253 1647 quia
2271 1579 2381 1631 Bar
2402 1577 2458 1631 in
2478 1576 2712 1631 Hebraeo
2740 1591 2997 1629 sermone
3024 1575 3109 1628 vel
3139 1575 3299 1647 Syrio
3309 1577 3448 1642 ﬁlius
3468 1575 3640 1629 dicitur.

443 1659 639 1727 David,
678 1661 777 1716 sed
816 1662 1168 1718 solummodo
1203 1664 1505 1720 Dominum
1535 1670 1753 1719 vocant.
1787 1667 2034 1731 Domine,
2055 1658 2278 1720 BUnde
2305 1665 2513 1719 factum
2545 1671 2630 1719 est
2667 1665 2803 1719 satis
2838 1665 3120 1729 decenter,
3173 1669 3238 1718 ut
3281 1662 3366 1717 hic
3400 1663 3644 1735 composite

443 1747 725 1818 inquiunt,
762 1755 824 1803 ut
854 1754 1189 1819 aperiantur
1209 1757 1361 1807 oculi
1382 1757 1576 1807 nostri.
1593 1753 1738 1817 Quia
1765 1770 2037 1808 caecorum

444 1835 633 1891 oculos
672 1839 911 1909 aperire,
945 1839 1116 1895 solius
1163 1841 1483 1896 Divinitatis
1522 1848 1625 1907 est,
1667 1848 1725 1897 et
1754 1859 1867 1897 non
1895 1843 2040 1914 sicut

445 1926 672 1997 quidam
690 1927 971 1997 garriunt,
995 1929 1217 1983 larvalis
1250 1930 1504 2001 quaedam
1533 1931 1768 1997 curatio,
1801 1931 1897 1986 sed
1919 1932 2038 2003 ple-

441 2030 517 2069 na
544 2016 911 2071 sacramentis
940 2017 1042 2071 Dei
1070 2022 1128 2072 et
1156 2018 1400 2073 hominis
1417 2020 1625 2074 Christi
1645 2018 1777 2074 Iesu
1800 2020 2038 2092 mystica

443 2108 502 2158 et
522 2104 751 2173 gemina
796 2105 1066 2177 operatio.
1110 2104 1185 2161 Et
1220 2107 1346 2162 ideo
1393 2109 1577 2179 tangit
1619 2109 1809 2163 oculos
1842 2126 2038 2163 eorum

444 2192 609 2263 quasi
638 2192 827 2257 homo,
859 2199 918 2247 et
944 2201 1104 2249 curat
1148 2211 1245 2249 eos
1286 2196 1490 2251 virtute
1528 2213 1633 2251 sua
1679 2198 1841 2267 quasi
1866 2198 2034 2252 Deus.

441 2280 638 2351 Neque
650 2281 802 2335 enim
816 2281 983 2337 homo
994 2283 1250 2338 Christus
1266 2284 1387 2339 sine
1398 2286 1514 2339 Deo
1526 2286 1736 2356 aliquid
1752 2292 2036 2356 operatur,

442 2384 627 2439 neque
655 2369 805 2424 Deus
832 2370 1088 2426 Christus
1108 2372 1229 2427 sine
1244 2373 1489 2429 homine.
1521 2376 1600 2429 Ac
1632 2391 1731 2445 per
1760 2376 1862 2428 hoc
1890 2376 2040 2429 Deus

444 2460 502 2510 et
522 2456 689 2511 homo
717 2473 863 2511 unus
892 2465 979 2513 est
993 2458 1252 2514 Christus
1276 2479 1288 2512 :
1314 2477 1461 2515 unus
1490 2461 1752 2533 idemque
1778 2468 1865 2516 est
1888 2463 2038 2517 ﬁlius

399 2592 403 2596 .
441 2541 618 2599 David
657 2549 715 2599 et
742 2544 843 2600 Dei
872 2545 1066 2601 Filius.
1094 2548 1171 2601 Ac
1195 2564 1295 2619 per
1332 2547 1439 2602 hoc
1490 2549 1758 2604 Dominus
1793 2556 1851 2604 et
1888 2551 2037 2605 ﬁlius

440 2632 640 2697 David,
670 2649 783 2689 non
813 2634 943 2698 duo,
967 2636 1065 2690 sed
1079 2651 1225 2690 unus
1247 2642 1335 2692 est
1353 2638 1628 2702 Christus,
1655 2654 1822 2709 quem
1845 2638 2039 2711 depre-

440 2727 644 2778 cantur
654 2722 784 2778 czeci
802 2729 867 2778 ut
882 2741 1077 2779 eorum
1097 2724 1450 2780 misereatur.
1475 2727 1539 2781 In
1562 2726 1664 2781 hac
1683 2727 1889 2798 quippe
1909 2728 2035 2793 ﬁde,

440 2827 638 2867 omnes
657 2811 1101 2868 illuminatisunt
1113 2814 1208 2885 qui
1222 2814 1353 2868 sede
1362 2813 1621 2879 bant84
1634 2814 1751 2879 ἐἰη
1770 2814 2035 2880 tenebris,

2119 1754 2231 1807 Bar
2251 1754 2474 1809 timaeus
2503 1770 2537 1808 a
2567 1759 2728 1825 patre
2778 1752 2853 1806 sit
2880 1758 3125 1807 vocatus.
3157 1753 3364 1806 Tamen
3392 1758 3443 1805 et
3466 1752 3514 1805 in
3538 1768 3647 1823 mys-

2118 1843 2262 1896 terio
2285 1843 2424 1896 nihil
2442 1843 2612 1896 distat
2637 1858 2834 1906 avero,
2860 1842 2907 1896 si
2929 1858 3029 1912 per
3051 1842 3201 1895 hunc
3216 1856 3385 1894 unum
3414 1842 3566 1911 ﬁgura
3583 1846 3647 1894 too

2119 1931 2234 1985 tius
2256 1930 2725 2001 humanigeneris
2745 1930 3070 2002 accipiatur.
3105 1930 3251 1995 Quia
3278 1929 3650 1999 sicuthuicpm-

2122 2018 2308 2073 stituit
2329 2019 2736 2091 Salvator,qua2
2756 2025 2960 2073 natura
2977 2035 3089 2073 non
3100 2018 3437 2084 dederat,vel
3454 2016 3653 2088 perdide-

2122 2113 2215 2162 rat
2246 2108 2509 2162 debilitas
2540 2126 2552 2161 ε
2587 2108 2667 2162 ita
2713 2108 2986 2162 concessit
3035 2107 3296 2161 omnibus
3336 2123 3429 2178 per
3464 2106 3654 2176 gratiam

2123 2195 2398 2267 ampliora
2425 2196 2643 2260 salutis,
2676 2197 2811 2250 dum
2833 2197 3054 2268 culpam
3087 2195 3326 2261 remisit,
3343 2193 3656 2266 donaprzesti-

2122 2284 2212 2338 tit.
2246 2284 2489 2338 Tantum
2515 2284 2581 2351 si,
2615 2285 2940 2356 egrediente
2970 2285 3067 2338 illo
3094 2284 3166 2338 ab
3197 2284 3429 2347 Iericho,
3460 2298 3659 2336 unacum

2121 2371 2231 2426 illis
2256 2372 2352 2441 qui
2382 2389 2509 2427 cum
2537 2389 2603 2426 eo
2628 2372 2696 2426 ad
2727 2372 2881 2426 illam
2901 2373 3182 2427 ccelestem
3216 2373 3505 2427 Jerusalem
3525 2369 3662 2441 quoti-

2121 2460 2210 2514 die
2240 2461 2600 2524 comitantur,
2634 2462 2794 2533 sequi
2828 2461 3102 2526 volumus,
3118 2468 3181 2517 ut
3205 2461 3277 2517 ad
3302 2477 3420 2516 eam
3446 2476 3553 2515 cum
3578 2459 3663 2513 lau-

2122 2548 2287 2602 dibus
2314 2548 2550 2602 feliciter
2578 2550 2868 2619 pervenire
2892 2550 3191 2621 possimus.
3210 2547 3664 2611 Nam,asrendente

2124 2653 2190 2690 eo
2221 2637 2291 2690 de
2318 2636 2559 2702 Iericho,
2589 2638 2645 2691 id
2668 2643 2753 2692 est
2782 2638 2851 2692 de
2873 2638 3103 2703 mundo,
3122 2655 3229 2710 per
3255 2638 3662 2693 resurrectionem

2124 2731 2182 2780 et
2227 2726 2610 2781 ascensionem
2660 2726 2729 2781 ad
2779 2727 2971 2791 ccelos,
3023 2735 3343 2797 sequuntur
3376 2743 3493 2781 eum
3526 2724 3668 2779 turba:

2124 2814 2338 2877 multm,
2374 2815 2504 2885 quia
2534 2816 2898 2872 crediderunt
2922 2816 2981 2870 in
3006 2832 3134 2870 eum
3157 2833 3288 2871 mox
3317 2815 3496 2888 populi
3514 2822 3561 2869 et
3573 2827 3672 2883 gen-

437 2899 499 2954 in
527 2896 731 2955 umbra
760 2901 975 2955 mortis.
1008 2902 1140 2957 Ideo
1163 2902 1368 2974 quippe
1394 2902 1717 2967 illuminati,
1735 2908 1800 2957 ut
1823 2904 2041 2975 possint
2121 2915 2226 2956 les.
2260 2902 2329 2957 Et
2356 2903 2482 2957 ideo
2516 2905 2806 2960 Matthaeus
2834 2910 3128 2976 (quotquot
3150 2905 3379 2973 fuerint)
3408 2903 3534 2957 bene
3560 2902 3667 2955 duos

438 2987 592 3043 exire
620 2988 691 3042 de
718 2988 958 3053 Iericho,
991 3004 1102 3059 quo
1132 2990 1322 3044 multae
1363 2990 1533 3044 fovea:
1581 2996 1731 3055 sunt,
1766 2992 2097 3067 multiquec
2120 3007 2293 3045 caecos
2340 2992 2598 3047 sedentes
2641 2995 2806 3063 juxta
2855 2992 3001 3048 viam
3047 2999 3266 3057 narrat,
3324 2992 3577 3064 signiﬁcat
3616 2989 3666 3043 de

438 3075 648 3145 laquei,
681 3080 741 3130 et
756 3077 914 3146 sequi
931 3076 1217 3131 Christum
1239 3078 1308 3131 ad
1333 3078 1490 3132 illam
1510 3079 1791 3133 caelestem
1810 3080 2036 3135 Ierusa-

436 3161 578 3229 lem;
602 3177 715 3217 non
736 3163 804 3216 ad
818 3164 971 3217 illam
987 3179 1154 3235 quam
1176 3165 1295 3236 ipse
1315 3182 1441 3220 mox
1460 3167 1737 3221 ruituram
1758 3168 2033 3239 deplorat,

439 3248 537 3304 sed
567 3249 638 3303 ad
668 3249 823 3305 illam
850 3268 972 3321 quae
1003 3268 1225 3307 sursum
1250 3259 1336 3308 est
1355 3260 1413 3308 et
1450 3260 1537 3309 est
1574 3261 1755 3310 mater
1782 3258 2034 3312 omnium

438 3336 743 3393 electorum
780 3339 959 3404 Quem
980 3357 1119 3395 sane
1140 3341 1325 3395 locum
1346 3343 1567 3397 Marcus
1588 3350 1646 3398 et
1662 3345 1840 3400 Lucas
1868 3346 2032 3416 longe

436 3425 604 3480 aliter
633 3433 944 3498 posuerunt
973 3441 985 3476 ε
1017 3428 1098 3482 ita
1133 3435 1199 3483 ut
1233 3431 1544 3486 secundum
1587 3433 1857 3503 quosdam
1891 3434 2035 3490 hanc

436 3514 733 3569 videantur
745 3533 1020 3587 exponere
1040 3517 1334 3573 historiam
1358 3538 1371 3585 ;
1396 3521 1703 3575 secundum
1719 3522 1859 3577 alios
1881 3540 2031 3588 vero,

437 3602 679 3658 alteram
703 3610 893 3660 texere
920 3623 931 3659 :
966 3605 1047 3660 ita
1075 3612 1138 3660 ut
1157 3609 1525 3678 corporaliter
1539 3609 1834 3665 diversitas
1851 3618 2035 3683 gesto-

436 3707 564 3746 rum
593 3691 961 3765 intelligenda
986 3693 1078 3760 sit,
1106 3695 1242 3749 dum
1273 3696 1384 3750 alia
1412 3697 1528 3751 vice
1554 3699 1846 3755 duosistos
1861 3717 2033 3756 caecos

433 3786 663 3836 sanatos
689 3781 887 3858 dicunt
914 3798 949 3836 a
974 3783 1214 3841 Christo.
1258 3785 1385 3840 Alia
1428 3792 1619 3841 autem
1667 3804 1841 3842 unum
1874 3790 2033 3845 illum

435 3886 603 3941 quem
636 3872 851 3927 Marcus
880 3873 1085 3943 posuit,
1130 3878 1367 3929 exeunte
1395 3875 1632 3931 Domino
1681 3877 1751 3931 ab
1788 3879 2027 3946 Iericho,

432 3958 493 4013 in
517 3957 605 4012 via
631 3959 814 4015 solum
842 3976 1103 4027 sanasse;
1154 3962 1314 4033 cujus
1358 3968 1415 4016 et
1450 3979 1654 4019 nomen
1683 3965 1819 4019 dicit
1856 3971 1913 4019 et
1938 3984 2032 4038 pa-

433 4052 581 4100 trem
605 4045 872 4103 insinuat.
899 4049 1091 4103 Tertia
1134 4065 1261 4104 vero
1299 4051 1439 4117 vice,
1480 4068 1609 4107 eum
1647 4069 1812 4124 quem
1840 4054 2031 4109 scribit

434 4134 635 4199 Lucas,
668 4134 748 4187 ita
767 4136 960 4189 dicens
985 4156 997 4190 :
1026 4138 1091 4190 Et
1112 4139 1325 4204 factum
1345 4145 1438 4203 est,
1455 4140 1656 4212 inquit,
1694 4159 1821 4197 cum
1837 4160 2033 4213 appro-

428 4223 732 4289 pinquaret
760 4224 997 4285 Iericho,
1025 4240 1190 4279 caecus
1218 4229 1448 4294 quidam
1473 4231 1683 4283 sedebat
1710 4248 1859 4286 secus
1879 4236 2029 4287 riam

434 4308 778 4362 mendicans.
800 4308 908 4363 Ubi
937 4311 1040 4364 etsi
1070 4311 1287 4367 diverso
1316 4314 1537 4369 videtur
1558 4325 1787 4373 curatus
1808 4320 1865 4374 in
1890 4327 2031 4376 tem-

2118 3085 2358 3151 utroque
2387 3082 2595 3152 populo
2615 3083 2885 3153 quosdam
2902 3084 3025 3153 jam
3046 3083 3389 3138 cohaerentes
3407 3078 3666 3151 dispositio-

2117 3168 2175 3222 ni
2206 3170 2502 3240 temporali
2529 3188 2629 3241 per
2658 3172 2848 3238 ﬁdem,
2898 3172 3209 3227 secundum
3251 3188 3416 3243 quam
3456 3168 3667 3225 Christus

2117 3256 2279 3312 nobis
2298 3258 2387 3311 via
2404 3264 2511 3313 est.
2542 3260 2610 3313 Et
2638 3260 2768 3314 inde
2790 3267 2895 3327 est,
2919 3261 3066 3331 quod
3096 3260 3473 3315 desiderantes
3498 3254 3665 3311 illumi-

2117 3345 2262 3411 nari,
2293 3346 2349 3400 id
2379 3353 2465 3401 est
2492 3347 2704 3419 aliquid
2734 3349 2802 3402 de
2828 3351 2949 3419 ejus
2985 3350 3303 3405 aeternitate
3332 3354 3387 3404 et
3429 3346 3579 3402 Verbi
3598 3344 3670 3398 in-

2120 3436 2446 3489 carnatione
2476 3436 2810 3507 intelligere,
2842 3438 3176 3493 clamabant.
3223 3439 3367 3504 Quia
3391 3438 3669 3492 transeunte

2115 3522 2248 3578 Iesu
2274 3525 2583 3579 secundum
2610 3526 3021 3581 humanitatem
3051 3527 3359 3599 impetrare
3374 3525 3668 3599 gaudebant.

2117 3611 2174 3665 id
2216 3618 2301 3666 est
2351 3630 2453 3683 per
2488 3615 2754 3669 meritum
2799 3615 2948 3680 ﬁdei,
2982 3632 3093 3687 qua
3123 3618 3376 3671 creditur
3400 3616 3559 3670 Filius
3592 3610 3669 3666 Dei

2116 3700 2295 3755 factus
2320 3701 2506 3766 homo,
2545 3709 2714 3758 natus
2742 3721 2808 3758 ex
2837 3704 3050 3759 semine
3081 3706 3284 3763 David.
3307 3712 3363 3760 et
3381 3720 3561 3777 passus
3575 3715 3672 3772 pro—

2115 3794 2241 3859 pter
2268 3806 2389 3854 nos,
2407 3792 3098 3865 ascenditIerosolymam,
3123 3794 3179 3848 id
3211 3801 3300 3849 est
3324 3794 3393 3848 ad
3414 3793 3581 3847 caelos.
3596 3804 3674 3860 per

2115 3894 2281 3948 quam
2313 3878 2786 3949 dispensationem
2820 3881 2982 3953 quasi
3009 3884 3217 3937 transit
3242 3883 3423 3943 Iesus,
3441 3877 3670 3953 quiatalis

2112 3966 2259 4020 actio
2286 3969 2614 4038 temporalis
2629 3969 2752 4023 fuit.
2785 3971 2944 4025 Unde
2973 3972 3249 4042 oportuit,
3262 3979 3319 4027 et
3346 3986 3553 4042 semper
3570 3982 3671 4039 per-

2111 4058 2490 4110 necessarium
2522 4064 2626 4119 est,
2650 4064 2714 4111 ut
2740 4064 2961 4113 tantum
2988 4061 3192 4115 clamet
3213 4060 3581 4131 unusquisque
3597 4069 3672 4108 no-

2112 4148 2311 4203 strum,
2329 4145 2504 4199 donec
2525 4146 2842 4202 resistensis
2864 4148 2967 4201 sibi
2984 4148 3163 4204 turba:
3179 4150 3476 4221 strepitum
3499 4147 3667 4206 vincat,

2112 4231 2166 4285 id
2197 4239 2283 4287 est
2323 4239 2441 4288 tam
2480 4243 2905 4306 perseveranter
2934 4238 3191 4293 intendat
3215 4239 3427 4303 animo,
3472 4233 3668 4297 orando,

2112 4323 2431 4391 quaerendo,
2464 4329 2521 4377 et
2546 4324 2615 4377 ad
2647 4340 2775 4378 eum
2806 4327 3101 4396 pulsando,
3155 4344 3450 4399 quousque
3478 4338 3671 4381 consue-

434 4411 599 4468 pore;
636 4411 751 4451 uno
770 4402 963 4452 tamen
996 4399 1135 4464 loco,
1166 4400 1223 4454 id
1256 4408 1342 4455 est
1371 4418 1531 4456 secus
1561 4404 1725 4469 viam,
1751 4424 1861 4477 quo
1891 4415 1948 4463 et
1970 4411 2027 4466 in
2045 4403 2093 4461 D
2111 4410 2362 4465 tudinem
2380 4412 2789 4468 desideriorum
2813 4416 3144 4482 carnalium,
3169 4434 3295 4488 quae
3308 4423 3561 4487 tanquam
3579 4418 3672 4465 tur-

431 4485 614 4542 tribus
634 4502 725 4541 res
748 4492 907 4557 gesta
933 4487 1171 4542 videtur.
1191 4489 1300 4544 Sed
1320 4496 1377 4544 et
1404 4491 1702 4547 Matthzeus
1731 4501 1787 4549 et
1809 4497 2030 4553 Marcus

433 4576 757 4647 egrediente
772 4576 802 4630 J
805 4592 906 4631 esu
933 4577 1003 4631 de
1020 4577 1240 4633 Iericho
1260 4578 1363 4635 hoc
1379 4579 1587 4635 factum
1608 4582 1818 4647 dicunt,
1852 4585 2029 4641 Lucas

432 4680 564 4719 vero
584 4664 955 4735 ingrediente.
979 4666 1137 4721 Unde
1159 4673 1343 4739 potest
1368 4668 1511 4733 ﬁeri,
1535 4672 1667 4742 quia
1691 4673 1866 4728 Lucas
1894 4675 2030 4731 dicit

430 4752 918 4824 appropinquante
927 4756 956 4809 J
960 4771 1060 4810 esu
1076 4755 1295 4812 Iericho
1311 4775 1515 4814 caecum
1532 4767 1873 4829 curatum,et
1886 4765 2030 4819 Mar-

427 4856 527 4895 cus
552 4840 875 4911 egrediente
902 4843 997 4898 illo
1026 4845 1287 4901 similiter
1328 4848 1501 4903 alium
1529 4866 1651 4905 esse
1670 4858 1947 4915 curatum,
1972 4859 2029 4907 et

430 4929 572 4984 duos
600 4929 739 4983 istos
770 4945 943 4986 caecos
976 4935 1262 4990 Matthazus
1292 4936 1351 4991 in
1379 4954 1494 4992 una
1523 4940 1865 5004 narratione,
1901 4958 2026 5012 pro-

425 5024 554 5090 pter
589 5020 983 5090 compendium
1012 5021 1317 5090 brevitatis,
1353 5027 1521 5081 simul
1560 5028 1863 5099 colligeret,
1896 5046 2023 5084 cum

428 5112 668 5180 uterque
690 5125 885 5163 eorum
913 5127 1073 5166 secus
1097 5112 1243 5168 viam
1269 5130 1446 5169 caecus
1468 5116 1681 5171 sedisse
1712 5117 1936 5182 dicitur,
1968 5124 2026 5173 et

424 5194 898 5254 clamasse.Forte
918 5200 1067 5270 quod
1089 5217 1235 5255 unus
1264 5204 1608 5274 evangelista
1635 5206 1743 5260 ait:
1776 5208 2018 5275 Domine,

425 5282 587 5349 alter,
630 5288 819 5353 Rabbi,
853 5288 1000 5359 quod
1040 5289 1209 5344 simul
1232 5290 1342 5344 dici
1368 5298 1567 5362 potest.
1601 5294 1885 5362 Miserere,
1916 5297 2021 5351 Do-

428 5370 581 5426 mine
615 5373 888 5443 Rabboni,
921 5377 1001 5431 ﬁli
1031 5376 1233 5435 David:
1272 5378 1417 5434 sicut
1440 5398 1757 5454 quamszepe
1783 5384 2015 5452 faciunt,

424 5459 574 5530 quod
596 5477 744 5516 unus
759 5465 1068 5534 praemittit,
1093 5472 1157 5522 ut
1173 5468 1317 5522 alter
1329 5467 1470 5524 illud
1492 5470 1795 5530 describat.
1825 5475 2019 5545 Neque

424 5548 705 5638 discrepat
718 5566 754 5605 a
770 5565 905 5608 vero
916 5555 1079 5625 juxta
1090 5556 1318 5630 modum
1330 5557 1646 5623 locutionis,
1659 5561 1707 5616 si
1723 5562 2020 5618 Matthaus

2114 4498 2183 4553 ba
2233 4499 2504 4571 obstrepit
2541 4502 2948 4559 intentionibus
3005 4506 3212 4559 nostris
3254 4512 3313 4560 et
3352 4500 3669 4562 clamoribus,

2111 4588 2290 4641 lucem
2325 4590 2572 4644 veritatis
2601 4598 2824 4647 aeternae
2869 4593 3054 4648 videre
3093 4611 3383 4661 conemur,
3416 4596 3670 4667 ipsamque

2109 4675 2353 4741 turbam,
2386 4695 2485 4733 seu
2505 4679 2795 4735 hominum
2811 4682 3258 4749 carnalium,seu
3281 4683 3672 4756 cogitationum,

2109 4782 2209 4819 seu
2228 4768 2830 4838 concupiscentiarum,
2850 4770 3159 4826 fortissima
3185 4773 3494 4828 intentione
3518 4770 3673 4823 vinca-

2110 4870 2253 4909 mus.
2273 4856 2473 4927 Itaque
2495 4856 2932 4922 benignissimus
2946 4861 3112 4914 Iesus
3132 4868 3345 4926 noster,
3369 4861 3463 4933 qui
3478 4860 3553 4913 ait
3572 4876 3582 4911 :
3601 4858 3674 4911 Pe-

2110 4946 2206 4996 titc
2226 4948 2273 4996 et
2301 4948 2597 5013 accipietis,
2624 4951 2849 5015 querite
2878 4954 2925 5001 et
2955 4952 3264 5013 invenietis,
3281 4954 3493 5019 pulsate
3507 4952 3550 5001 et
3576 4958 3674 5013 ape-

2107 5035 2288 5085 rietur
2308 5036 2472 5096 vobis,
2490 5036 2775 5090 venientes
2794 5036 2861 5091 ad
2876 5038 3179 5100 se,scilicet
3196 5038 3398 5093 ardore
3419 5032 3672 5096 desiderii,

2106 5125 2164 5174 et
2213 5123 2602 5191 pervenientes
2631 5125 2700 5179 ad
2731 5125 2786 5179 id
2815 5126 2961 5197 quod
2995 5127 3149 5182 intus
3188 5136 3336 5182 recte
3364 5125 3672 5181 desiderant.

2104 5210 2368 5264 continuo
2407 5218 2581 5275 stans,
2616 5213 2802 5282 tangit
2832 5215 3022 5269 oculos
3044 5216 3228 5269 cordis
3261 5214 3456 5278 nostri,
3484 5220 3537 5267 et
3562 5210 3672 5264 illu-

2103 5298 2283 5352 minat
2305 5315 2318 5352 :
2344 5316 2455 5354 non
2477 5301 2649 5368 enim,
2674 5311 2738 5356 ut
2756 5302 2888 5365 dixi,
2904 5303 3050 5358 sicut
3080 5305 3179 5359 illa
3200 5304 3535 5375 dispensatio
3547 5308 3670 5355 tem-

2101 5387 2308 5457 poralis
2336 5389 2559 5451 transit,
2578 5390 2658 5444 ita
2684 5392 2854 5445 etiam
2882 5398 3073 5459 849
3091 5394 3241 5449 verbi
3259 5394 3669 5462 a2ternitas,qu2

2100 5475 2160 5529 in
2193 5476 2376 5547 seipsa
2403 5494 2656 5543 manens,
2686 5480 2917 5535 innovat
2944 5483 3153 5538 omnia.
3179 5484 3526 5554 QuaprOpter
3556 5477 3671 5549 quia

2101 5562 2240 5619 fides
2263 5563 2666 5620 incarnationis
2696 5568 2906 5647 Christi
2930 5571 3257 5643 temporalis
3376 5574 3573 5644 atema
3590 5565 3665 5619 in-
