3888 6172
156 310 256 369 697
884 317 1279 409 >EXPOSITIO
1320 320 1397 376 IN
1436 320 1878 379 MAT'I‘ILEUM.
1914 356 1976 366 —
2017 326 2153 383 LIB.
2195 327 2289 393 IX,
2331 328 2489 383 CAP.
2532 328 2675 385 XXI.
3303 324 3406 385 698

155 435 568 513 telligendanos
597 450 876 514 praeparat
892 448 1221 500 transeunte
1241 447 1393 514 Jesu,
1427 453 1484 504 et
1511 465 1612 504 nos
1633 450 1800 510 ad-A
1821 467 1955 506 num
2018 453 2307 513 cruciﬁxit.
2346 469 2665 507 sermonem
2724 468 2892 507 suum
2945 452 3157 525 dirigit,
3193 452 3291 509 sed
3330 454 3401 509 ad

153 528 349 582 moniti
368 545 566 584 sumus
585 538 649 585 ut
668 531 1165 589 illuminemur.Ac
1183 552 1283 606 per
1306 538 1575 609 hoc,quia
1594 546 1739 596 tem-
1822 541 1975 594 illam
2014 543 2293 595 cmlestem
2331 543 2662 607 Jerusalem,
2695 559 2821 614 qum
2857 543 3182 597 cruciﬁxum
3219 543 3406 598 Domi-

154 615 363 685 poralia
390 624 593 673 cuncta
619 625 994 680 transeunt.et
1021 630 1232 678 aeterna
1260 631 1741 699 stant,sequamur

151 704 336 758 Jesum
362 722 543 777 usque
573 709 643 761 ad
668 710 978 764 Jerusalem
1018 728 1129 782 quo
1158 712 1386 770 festinat
1414 718 1735 786 ascendere,

151 800 210 845 ut
236 808 270 845 a
298 799 485 848 stante
512 795 569 849 in
600 797 686 851 via
723 798 1124 861 illuminemur.
1153 808 1209 855 et
1240 818 1366 857 cum
1396 820 1462 857 eo
1487 804 1618 859 illuc
1646 823 1737 860 as-

151 881 449 946 cendendo,
481 887 816 954 quantocius
845 888 1255 958 perveniamus.

214 969 374 1039 (ΟΑΡ.
409 972 582 1043 XXI.)
613 976 680 1028 Et
709 992 833 1028 cum
864 981 1393 1047 appropinquassent
1424 983 1735 1050 Hierosoly-

150 1061 266 1123 mis,
295 1064 346 1112 et
377 1064 647 1116 venissent
670 1064 969 1132 Bethphage
992 1068 1065 1118 ad
1095 1073 1334 1121 montem
1366 1069 1578 1133 Olireti,
1606 1077 1738 1125 tunc

146 1150 289 1201 Jesus
324 1151 478 1203 misit
506 1152 639 1204 duos
688 1154 982 1221 discipulos
1012 1171 1152 1220 suos,
1188 1162 1235 1209 et
1267 1160 1350 1210 ait
1381 1160 1530 1212 illis:
1566 1162 1643 1214 Ite
1674 1164 1737 1215 in

148 1240 430 1290 castellum
450 1241 597 1307 quod
612 1246 806 1295 contra
826 1258 914 1296 vos
933 1249 1026 1309 est,
1050 1248 1099 1296 et
1115 1248 1305 1299 statim
1324 1248 1613 1301 invenietis
1628 1253 1737 1303 asi-

148 1341 271 1378 nam
304 1330 623 1395 alligatam,
655 1334 705 1382 et
736 1334 963 1398 pullum
1004 1348 1131 1385 cum
1178 1349 1259 1386 ca.
1293 1334 1427 1389 Post
1456 1335 1733 1392 mirabilia

147 1412 445 1469 Salvatoris
475 1420 534 1470 et
555 1434 726 1488 opera
750 1419 1016 1488 gloriosa,
1034 1437 1146 1475 non
1176 1421 1386 1493 absque
1413 1440 1619 1496 magno
1651 1430 1736 1480 est

146 1512 512 1568 sacramento,
543 1506 687 1576 quod
713 1507 1075 1578 Evangelistae
1092 1516 1208 1564 tam
1224 1511 1525 1582 diligenter
1550 1515 1734 1568 volue-

146 1596 268 1645 runt
299 1592 619 1648 describere
647 1595 716 1649 de
743 1596 902 1650 asina
930 1603 986 1651 et
1030 1599 1200 1668 pullo,
1246 1615 1345 1653 seu
1375 1601 1443 1654 de
1494 1602 1581 1655 his
1612 1620 1733 1673 qua:

1822 646 1956 682 num
1986 630 2375 685 venerabiliter
2425 632 2677 701 gaudens
2714 632 2976 702 suscepit.
3006 633 3086 686 De
3134 649 3244 702 qua
3274 631 3410 685 dicit

1821 719 2121 789 Apostolus
2144 719 2216 773 ad
2250 718 2508 772 Hebraeos
2532 734 2542 767 :
2565 719 2670 774 Sed
2691 723 2986 773 accessistis
3002 718 3223 774 adSion
3248 737 3406 774 mon-

1823 813 1946 873 tcm,
1971 813 2017 860 ct
2040 811 2314 860 civitatem
2344 810 2438 861 Dei
2461 810 2587 869 viri,
2609 810 2915 861 Jerusalem
2945 811 3197 881 cwlestem
3217 810 3399 873 (Hebr.

1820 908 1916 960 xu,
1942 893 2050 963 ‘22).
2087 894 2229 958 Quia
2260 895 2422 964 juxta
2472 894 2731 948 eumdem
2769 895 3119 964 Apostolum,
3154 896 3259 948 [lla
3288 912 3408 963 qua

1818 999 2041 1035 sursum
2075 987 2147 1035 est
2170 985 2473 1036 Jerusalem
2507 984 2678 1035 libera
2700 986 2790 1045 est,
2830 999 2946 1050 quae
2987 988 3061 1035 est
3103 988 3281 1036 mater
3312 999 3406 1036 no-

1817 1076 1935 1123 stra
1971 1072 2105 1132 (Gal.
2132 1084 2202 1128 Iv,
2235 1067 2346 1131 26),
2378 1070 2466 1123 cui
2490 1070 2677 1123 omnia
2703 1076 3019 1139 congruunt
3047 1071 3163 1124 haec
3193 1076 3404 1142 myste-

1818 1158 1902 1212 ria
1956 1159 2276 1213 Salvatoris.
2322 1157 2391 1212 Et
2447 1158 2570 1211 ideo
2628 1165 2759 1211 ante
2810 1158 3127 1228 passionem
3174 1158 3401 1223 Christi,

1817 1246 2034 1302 duabus
2072 1248 2140 1301 de
2170 1246 2352 1301 causis
2388 1246 2517 1300 talis
2553 1262 2666 1300 non
2702 1246 2801 1300 abs
2830 1264 2909 1312 re,
2951 1253 3253 1318 tantusque
3283 1248 3406 1318 ejus

1815 1334 2129 1388 celebratur
2177 1335 2521 1405 triumphus.
2562 1335 2811 1399 Quarum
2855 1351 2969 1389 una
3023 1341 3109 1389 est
3158 1336 3255 1389 illa
3284 1352 3407 1406 quae

1816 1423 2078 1477 deorsum
2108 1429 2195 1477 est
2221 1423 2442 1482 ancilla.
2473 1428 2528 1477 et
2565 1424 2736 1478 servit
2763 1440 2890 1477 cum
2931 1423 3059 1477 ﬁliis
3096 1423 3211 1477 suis
3253 1432 3265 1480 ί
3274 1425 3408 1495 quia

1815 1518 2037 1583 tempus
2067 1512 2343 1584 passionis
2374 1513 2495 1583 ejus
2538 1512 2891 1580 imminebat)
2927 1512 3162 1566 audiens
3190 1518 3407 1567 tantam

1813 1601 2054 1670 gloriam
2100 1607 2400 1672 tantasque
2440 1601 2633 1654 laudes
2676 1601 2746 1654 ad
2799 1602 2919 1672 ejus
2966 1601 3301 1670 ingressum,
3343 1608 3409 1657 ut

110 1670 115 1675 ’
140 1686 291 1749 gesta
307 1687 447 1734 sunt
462 1683 545 1735 vel
563 1682 711 1737 dicta
731 1684 1133 1754 Hierosolymis
1151 1704 1278 1740 cum
1292 1670 1731 1762 appropinquas-
1752 1680 1796 1739 Β
1813 1690 2054 1761 amplius
2083 1670 2601 1744 illorum'adversus
2632 1707 2708 1754 se,
2737 1670 2856 1760 jam
2882 1692 3114 1760 jamque
3143 1690 3410 1745 excitaret

143 1772 235 1821 set.
272 1768 424 1823 Nam
452 1770 580 1825 licet
624 1771 951 1842 frequenter
978 1791 1101 1828 eam
1132 1776 1399 1831 intrasset
1426 1778 1727 1845 civitatem,

142 1872 429 1928 nunquam
478 1864 668 1914 tamen
714 1861 952 1931 legimus
980 1864 1233 1918 vehiculo
1282 1866 1469 1937 aliquo
1513 1869 1731 1937 eguisse

141 1961 316 2016 neque
345 1947 631 2017 quaesisse,
659 1950 763 2003 etsi
792 1951 970 2005 lassus
1000 1968 1065 2005 ex
1094 1952 1316 2019 itinere,
1350 1955 1434 2009 vel
1466 1955 1732 2027 fatigatus

141 2034 342 2088 sedisse
372 2052 547 2106 super
573 2044 803 2108 puteum
833 2040 1085 2111 legatur;
1120 2042 1215 2111 qui
1244 2060 1467 2115 semper
1496 2046 1730 2116 pedibus

142 2124 325 2177 omnia
385 2124 659 2179 circuibat
712 2128 963 2193 castella,
1014 2129 1162 2184 sicut
1215 2131 1410 2186 fecisse
1466 2134 1724 2203 legimus,

140 2213 356 2284 quando
397 2213 469 2267 ab
518 2215 920 2287 Hierosolymis
956 2218 1238 2273 transiens
1271 2237 1371 2291 per
1412 2222 1728 2277 Samariam

140 2300 244 2355 ibat
270 2303 330 2356 in
353 2302 664 2358 Galilaeam.
691 2304 836 2368 Quid
864 2312 1055 2361 autem
1078 2308 1226 2378 quod
1260 2325 1409 2363 nunc
1427 2311 1547 2380 ipse
1567 2313 1726 2366 Jesus

140 2398 244 2444 tam
278 2391 716 2461 diligentissime
741 2394 954 2448 asinam
997 2402 1054 2449 et
1093 2396 1306 2467 pullum
1335 2398 1439 2452 sibi
1468 2399 1728 2455 exhibere

132 2478 311 2547 jubet;
336 2481 515 2534 etiam
546 2487 603 2534 et
628 2481 856 2551 ligatam
880 2500 1002 2537 eam
1023 2486 1236 2539 solvere
1262 2487 1532 2540 mandat?
1555 2489 1726 2543 Num-

1811 1777 2031 1832 invidia:
2051 1778 2282 1841 rabiem,
2312 1779 2443 1849 quia
2458 1780 2577 1848 jam
2603 1784 2828 1849 tempus
2848 1778 3095 1832 instabat
3110 1779 3407 1849 passionis,

1813 1872 1878 1920 ut
1897 1868 2230 1937 perﬁcerent
2250 1867 2395 1937 quod
2411 1872 2541 1920 ante
2562 1867 2754 1921 multis
2777 1866 3403 1922 moliebanturinsidiis.

1813 1955 1965 2008 Alias
1995 1961 2183 2009 autem
2217 1957 2378 2009 Jesus
2404 1954 2726 2025 frequenter
2745 1959 2973 2007 venerat
2993 1954 3049 2007 in
3068 1955 3401 2022 Jerusalem,

1811 2050 1877 2097 ut
1903 2044 2037 2109 dixi,
2064 2060 2350 2115 nunquam
2378 2042 2483 2096 sxbi
2515 2043 2770 2097 adhibuit
2791 2042 3105 2096 ministeria
3120 2044 3405 2112 jumento-

1809 2148 1965 2199 rum;
1996 2150 2098 2186 nec
2126 2131 2422 2187 virentium
2456 2132 2600 2185 circa
2639 2149 2699 2186 se
2728 2138 3060 2186 ornamenta
3088 2132 3397 2199 constituit,

1810 2237 1913 2274 nec
1936 2221 2175 2279 terribili
2203 2222 2368 2276 laude
2398 2221 2705 2277 divinitatis
2737 2238 2849 2275 sua:
2895 2221 3115 2274 animos
3144 2221 3402 2274 excitavit

1810 2311 2280 2364 concurrentium.
2309 2310 2466 2372 Quod
2489 2310 2613 2363 ideo
2643 2327 2754 2363 non
2782 2309 3021 2364 absurde
3042 2310 3308 2377 creditur,
3336 2316 3402 2365 ut

1808 2397 2073 2461 diximus,
2104 2399 2332 2462 factum,
2365 2406 2429 2453 ut
2477 2400 2755 2451 relaxaret
2782 2402 2975 2452 noxios
2998 2401 3117 2468 jam
3149 2399 3218 2452 ad
3248 2416 3399 2452 mor-

1808 2492 1922 2538 tem
1949 2504 2127 2549 suam,
2156 2494 2220 2541 ut
2247 2492 2476 2558 possent
2503 2487 2683 2540 facere
2705 2486 2852 2557 quod
2879 2486 3031 2556 prius
3054 2504 3221 2557 quam
3253 2505 3399 2558 saepe

140 2569 258 2637 quid
286 2576 414 2623 tam
448 2569 676 2623 hebetes
696 2577 855 2625 erant
885 2572 1160 2643 discipuli,
1186 2591 1311 2627 cum
1338 2575 1568 2644 ligatam
1600 2593 1723 2631 eam
1806 2574 2117 2628 Willean
2150 2575 2363 2639 QUibUS
2384 2592 2529 2628 ηυηο
2557 2592 2684 2628 Cum
2716 2575 3010 2645 impletum
3040 2580 3126 2629 BSt
3154 2582 3399 2646 tempus,

136 2664 443 2719 cernerent,
464 2659 598 2728 quia
618 2659 786 2712 aliter
799 2677 911 2713 non
935 2667 1194 2731 poterant
1216 2662 1509 2725 adducere,
1528 2671 1591 2718 ut
1612 2681 1721 2719 non
1808 2663 2030 2731 quando
2061 2662 2131 2715 ab
2161 2664 2382 2733 ipso,ut
2411 2664 2589 2728 fieret,
2612 2663 2745 2716 olim
2776 2662 3065 2716 decretum
3094 2669 3197 2727 est,
3232 2663 3402 2717 datur

134 2747 275 2817 prius
300 2764 432 2801 eam
471 2748 752 2802 solverent
768 2748 791 2801 ’ἲ
818 2750 1055 2819 Insuper
1078 2756 1135 2803 et
1155 2750 1318 2820 jubet
1357 2752 1563 2806 dicenti
1593 2753 1717 2819 sibi,
1805 2750 2044 2804 facultas
2087 2757 2149 2804 ut
2204 2750 2484 2818 facerent;
2536 2767 2638 2805 nec
2679 2756 2932 2805 mutatur
2983 2751 3260 2817 voluntas,
3294 2768 3397 2806 nec

134 2851 292 2905 quare
341 2836 578 2901 solvitis,
614 2843 679 2890 ut
721 2837 929 2892 dicant.
979 2839 1121 2905 Quia
1164 2840 1436 2893 Dominus
1465 2842 1552 2894 his
1590 2858 1722 2910 opus
1804 2838 2115 2909 impellitur
2159 2839 2228 2892 ad
2272 2839 2505 2905 facinus,
2528 2839 2632 2893 nisi
2668 2845 2941 2909 quantum
2971 2855 3006 2892 a
3033 2841 3262 2910 propria
3285 2842 3394 2912 ipsi

133 2922 271 2976 habet
316 2924 486 2977 Patet
506 2924 775 2995 profecto,
808 2926 941 2995 quia
964 2926 1094 2979 talis
1122 2912 1394 2998 tantaque
1422 2945 1512 2982 res
1540 2936 1718 2999 gesta,
1758 2997 1767 2999 _
1804 2925 2231 2981 inflammantur
2260 2927 2468 2980 invidia
2498 2932 2555 2981 et
2595 2926 2722 2980 odio
2768 2927 3080 2997 pravitatis.
3112 2927 3240 2982 Alia
3266 2942 3397 2983 vero

134 3010 319 3066 divinis
361 3012 533 3084 plena
577 3019 665 3067 est
711 3016 1096 3080 sacramentis,
1131 2997 1444 3086 przesertim
1494 2997 1621 3074 cum
1652 3020 1721 3073 de
1744 2997 1972 3069 Ccausa
2000 3019 2102 3079 est,
2136 3015 2471 3069 ascendente
2499 3021 2675 3081 85]
2706 3014 2800 3068 illo
2825 3015 2893 3068 de
2913 3015 3133 3069 Jericho
3154 3016 3214 3070 in
3241 3017 3401 3071 Jeru-

132 3099 225 3153 bac
242 3118 300 3156 re
318 3102 625 3156 Zacharias
644 3103 808 3173 longe
824 3109 955 3157 ante
977 3105 1312 3174 przedixerit,
1338 3106 1519 3162 Gaude
1539 3111 1717 3176 valde,
1804 3103 1999 3168 salem,
2033 3104 2179 3174 quod
2230 3121 2358 3158 cum
2407 3108 2566 3157 tanto
2625 3103 2878 3157 ascendit
2915 3103 3222 3173 triumpho,
3257 3120 3322 3157 ac
3352 3104 3399 3158 si

132 3191 242 3255 ﬁlia
274 3192 434 3254 Sion,
475 3193 686 3259 jubila,
720 3195 841 3259 ﬁlia
887 3196 1212 3248 Jerusalem.
1260 3196 1387 3249 Ecce
1438 3198 1545 3250 Rea:
1594 3203 1721 3251 tuus
1803 3208 1927 3245 cum
1960 3192 2159 3262 palmis
2191 3192 2432 3247 victoria:
2462 3198 2521 3246 et
2565 3191 2844 3254 laudibus,
2879 3197 2943 3245 ut
2970 3191 3123 3245 illam
3154 3192 3402 3246 declaret

136 3282 295 3333 veniet
327 3282 437 3333 tibi
461 3284 654 3350 justus
678 3286 727 3333 et
758 3281 1030 3346 Salvator,
1067 3286 1177 3352 ipse
1216 3300 1431 3353 pauper
1459 3291 1507 3338 et
1532 3302 1718 3339 ascen-

132 3366 248 3420 dens
269 3385 440 3438 super
477 3372 700 3423 asinam
732 3375 783 3423 et
827 3386 991 3438 super
1029 3374 1253 3438 pullum
1309 3374 1493 3438 ﬁlium
1527 3376 1714 3427 asinae.

131 3454 224 3508 Ubi
252 3457 631 3528 Septuaginta
684 3458 1039 3529 subjugalem
1086 3459 1367 3521 dixerunt,
1410 3465 1466 3513 et
1500 3461 1717 3531 pullum

130 3544 238 3611 ejus
264 3546 572 3599 novellum.
607 3546 712 3600 Sed
745 3548 1062 3613 Matthaeus,
1096 3564 1198 3601 nec
1230 3548 1537 3601 secundum
1569 3550 1718 3619 quod

130 3631 177 3684 in
203 3633 436 3687 Hebraeo
463 3639 569 3700 est,
599 3634 702 3688 hoc
749 3636 1064 3705 exemplum
1096 3636 1302 3706 posuit,
1337 3652 1438 3690 nec
1487 3637 1633 3690 sicut
1660 3637 1718 3691 in

130 3719 510 3792 Septuaginta.
535 3723 678 3786 Quia
700 3740 811 3777 non
825 3730 911 3777 est
925 3724 1072 3777 idem
1092 3724 1297 3789 dicere,
1318 3725 1514 3779 Gaude
1535 3726 1714 3793 valde,

128 3808 230 3862 ﬁlia
254 3811 413 3873 Sion,
434 3810 638 3880 jubila,
664 3829 760 3865 seu
791 3812 1050 3883 praedica,
1072 3813 1185 3867 ﬁlia
1210 3814 1541 3880 Jerusalem,
1566 3816 1715 3885 quod

127 3902 201 3949 est
237 3898 448 3961 dicere,
483 3900 683 3965 Dicite,
711 3900 839 3955 ﬁlia:
870 3900 1022 3962 Sion,
1058 3901 1158 3966 vel,
1190 3902 1318 3955 Noli
1349 3901 1567 3968 timere,
1599 3903 1717 3958 ﬁlia

128 3983 386 4048 Sion,seu
415 3993 637 4043 caetera.
657 4006 780 4060 quae
809 3989 974 4060 longe
1004 3989 1169 4043 aliter
1199 3989 1369 4045 etiam
1391 3996 1444 4044 et
1470 3992 1715 4047 Joannes

1802 3281 2203 3348 ascensionem,
2254 3282 2478 3352 quando
2502 3282 2622 3351 jam
2653 3280 2868 3334 devicto
2900 3281 3109 3334 mundo
3138 3280 3208 3334 ad
3238 3281 3394 3335 illam

1800 3371 2111 3424 Jerusalem
2140 3371 2315 3424 victor
2345 3370 2597 3423 ascendit
2623 3386 2746 3440 quae
2773 3386 2998 3423 sursum
3030 3375 3133 3423 est.
3170 3370 3239 3423 Et
3266 3370 3392 3425 ideo

1801 3458 1934 3528 quia
1962 3460 2145 3529 passio
2175 3459 2402 3523 Christi,
2445 3458 2766 3528 triumphus
2792 3457 3035 3512 victoria:
3082 3459 3205 3528 ejus
3253 3465 3395 3523 erat,

1800 3548 1878 3601 sic
1915 3547 2169 3601 ascendit
2222 3547 2292 3600 ad
2321 3547 2660 3617 passionem,
2692 3552 2756 3599 ut
2794 3546 2852 3599 in
2907 3547 3030 3616 ipsa
3074 3547 3399 3601 ascensione

1800 3635 1991 3688 omnia
2038 3640 2429 3706 praemonstret
2451 3634 2645 3703 signis,
2676 3651 2797 3704 quae
2842 3634 3031 3688 futura
3059 3642 3223 3689 erant
3273 3642 3400 3706 post

1799 3724 2290 3788 resurrectionem,
2323 3722 2547 3793 quando
2586 3723 2704 3792 jam
2755 3722 2933 3776 victor
2961 3723 3398 3793 gloriosissimus

1800 3812 2051 3865 ascendit
2070 3810 2139 3865 ad
2160 3811 2345 3865 ccelos.
2379 3812 2522 3864 Nam
2549 3810 2759 3863 terreni
2782 3827 2943 3881 reges
2963 3811 3194 3865 devictis
3224 3812 3396 3866 hosti-

1799 3901 1902 3955 bus
1930 3899 2285 3954 victoriarum
2310 3916 2539 3953 suarum
2556 3899 2872 3969 triumphos
2894 3899 3137 3969 erigunt,
3153 3910 3397 3971 suasque

1799 3989 1992 4043 laudes
2012 3987 2399 4042 concelebrare
2421 3988 2688 4056 gaudent.
2723 3988 2803 4042 At
2832 4005 2966 4042 vero
2991 3989 3265 4056 Christus,
3296 4007 3395 4045 cu-

125 4076 313 4142 posuit,
342 4083 572 4131 tantum
604 4078 945 4132 mentionem
968 4079 1137 4148 hujus
1154 4079 1460 4149 prophetiae
1481 4079 1707 4147 faciens;
1790 4078 1885 4147 jus
1916 4077 2147 4130 victoria
2175 4082 2258 4130 est
2288 4076 2345 4129 in
2391 4092 2495 4129 sua
2520 4081 2825 4146 potestate;
2858 4081 2959 4145 qui
2988 4083 3141 4131 vocat
3170 4096 3230 4132 ea
3274 4096 3394 4147 quae

127 4162 255 4217 sicut
281 4171 339 4219 et
366 4166 688 4231 Matthzeus,
713 4166 807 4237 qui
829 4183 1055 4220 sensum
1085 4166 1435 4221 solummodo
1464 4169 1707 4239 collegit,

129 4255 300 4317 850
316 4260 377 4308 et
399 4253 526 4307 ideo
547 4270 649 4307 nec
666 4254 846 4325 ipsum
866 4255 1195 4325 prophetam
1212 4256 1534 4310 Zachariam
1567 4274 1710 4327 prae-

127 4340 342 4400 notavit.
377 4341 480 4395 sed
506 4347 748 4404 tantum,
785 4327 933 4412 quod
972 4342 1183 4396 dictum
1205 4349 1291 4397 est
1319 4360 1419 4414 per
1466 4346 1711 4415 prOphe-

126 4432 248 4493 tam,
281 4430 446 4484 dixit.
482 4429 642 4484 Unde
674 4447 923 4501 quaerere
969 4437 1207 4501 oportet,
1243 4448 1415 4502 quare
1463 4434 1713 4503 gaudere

129 4516 268 4571 valde
300 4519 482 4572 ﬁliam
505 4519 641 4573 Sion
666 4520 940 4590 propheta
960 4519 1177 4589 jubeat,
1206 4526 1263 4573 et
1275 4520 1519 4590 jubilare
1541 4523 1715 4577 ﬁliam

127 4603 426 4661 Jerusalem
464 4613 695 4678 propter
730 4624 858 4661 eum
889 4608 984 4678 qui
1020 4608 1167 4661 sedit
1195 4626 1365 4679 super
1411 4610 1628 4664 asinam
1659 4618 1716 4664 et

126 4694 323 4761 pullum
357 4697 662 4761 novellum,
692 4713 819 4750 cum
861 4703 988 4767 post
1018 4697 1301 4751 modicum
1328 4698 1521 4752 videns
1547 4699 1713 4753 Jeru-

125 4781 281 4836 salem
310 4784 591 4838 Dominus
620 4784 770 4838 ﬂevit
811 4790 869 4838 et
893 4785 1032 4838 dixit
1059 4786 1109 4838 ei
1137 4805 1148 4838 :
1188 4787 1329 4853 Quia
1358 4790 1409 4839 si
1434 4792 1713 4854 cognovis-

124 4884 209 4933 εει,
233 4878 281 4924 et
312 4878 399 4938 tu,
423 4872 481 4926 id
512 4878 597 4926 est
626 4873 821 4936 ﬁeres;
853 4878 910 4926 et
938 4873 1071 4927 alibi
1096 4892 1106 4925 :
1130 4875 1457 4940 Jerusalem,
1488 4877 1710 4929 Jerusa-

124 4959 237 5024 lem,
262 4961 589 5031 plangentis
618 4961 819 5015 atl'ectu
864 4962 964 5026 ait,
997 4979 1116 5030 qua:
1162 4964 1362 5015 occidis
1388 4964 1706 5032 prophetas,

124 5052 215 5100 etc.
250 5051 446 5109 (Matth
506 5064 660 5112 χχιιι,
694 5048 810 5117 37.)
845 5051 908 5104 In
957 5050 1157 5120 quibus
1202 5050 1447 5121 profecto
1501 5052 1704 5118 verbis,

122 5149 221 5189 non
245 5137 544 5207 gaudium,
575 5154 756 5208 neque
774 5137 1055 5208 jubilatio,
1071 5139 1167 5192 sed
1193 5139 1502 5193 lamentum
1529 5146 1583 5194 et
1614 5141 1704 5195 lu-

121 5228 230 5277 ctus
259 5226 485 5280 misera:
503 5226 743 5280 civitatis
769 5227 1121 5297 praedicatur.
1143 5227 1302 5291 Quod
1326 5229 1507 5282 sciens
1535 5229 1709 5283 Evano

118 5312 330 5379 gelista,
384 5315 591 5384 potius,
650 5316 839 5380 Dicite,
887 5318 1015 5383 ﬁlias
1056 5316 1191 5371 Sion
1250 5316 1450 5369 maluit
1498 5317 1704 5376 dicere.

122 5416 279 5467 quam
306 5404 512 5459 Gaude.
534 5403 725 5457 Sciens
747 5404 936 5473 procul
957 5404 1125 5458 dubio
1146 5420 1273 5458 cum
1304 5404 1355 5458 ei
1383 5406 1707 5460 nuntiatum

119 5485 296 5556 fuerit,
323 5496 387 5545 et
434 5491 554 5561 ipse
585 5491 890 5557 advenerit,
924 5492 1072 5563 quod
1104 5492 1355 5546 occisura
1401 5493 1476 5546 sit
1513 5493 1709 5548 Domi-

122 5590 264 5631 num.
297 5578 464 5632 Unde
493 5581 766 5652 propheta
795 5580 936 5640 forte
957 5597 1070 5638 non
1101 5580 1171 5636 ad
1204 5579 1360 5634 illam
1380 5597 1504 5650 quia
1524 5581 1713 5635 Domi-

1794 4182 1905 4219 non
1928 4170 2077 4230 sunt,
2104 4170 2373 4233 tanquam
2395 4181 2455 4217 ea
2484 4180 2603 4232 qum
2621 4171 2753 4218 sunt
2786 4168 2955 4232 (Rom.
2981 4183 3052 4232 1v,
3087 4166 3188 4231 18),
3223 4173 3358 4221 ante
3378 4197 3391 4209 ς

1795 4271 1961 4324 quam
1982 4253 2429 4307 monomachiam
2460 4252 2775 4323 intrepidus
2794 4270 2894 4323 pro
2923 4254 3183 4309 omnibus
3213 4257 3390 4309 susci-

1800 4343 1936 4413 piat,
1976 4359 2098 4412 quze
2142 4342 2418 4413 propheta
2468 4341 2762 4395 Zacharias
2791 4342 2942 4406 olim,
2979 4348 3045 4397 ut
3088 4343 3221 4408 dixi,
3251 4362 3393 4415 prte-

1799 4431 2034 4486 dixerat.
2054 4430 2220 4484 rebus
2238 4432 2459 4501 explere
2479 4430 2656 4484 voluit
2678 4449 2691 4497 ;
2713 4437 2777 4484 ut
2795 4431 2880 4485 sui
2910 4438 3389 4501 recognoscerent,

1799 4520 1932 4590 quia
1950 4521 2096 4573 sicut
2122 4520 2448 4589 praedictum
2470 4518 2673 4583 fuerat,
2698 4526 2756 4573 et
2774 4520 2842 4573 de
2863 4537 3050 4574 rerum
3081 4519 3393 4590 expletione

1796 4608 1916 4679 ipse
1955 4610 2229 4679 propheta
2260 4609 2534 4673 Christus,
2571 4608 2900 4679 ampliorem
2939 4608 3132 4678 gloria:
3162 4625 3293 4675 suae,
3337 4615 3394 4663 et

1794 4696 2183 4767 gloriosiorem
2212 4695 2485 4766 triumphi
2515 4696 2604 4749 sui
2653 4697 3007 4766 prophetiam
3047 4696 3307 4751 omnibus
3333 4698 3392 4752 in

1794 4784 1983 4838 futuro
2004 4784 2427 4838 commendaret
2456 4783 2789 4853 legentibus.
2806 4785 3070 4848 Quamvis
3089 4786 3239 4840 enim
3266 4803 3392 4858 pro-

1795 4873 2035 4943 phetalis
2055 4889 2239 4926 sermo
2265 4877 2323 4925 et
2337 4872 2406 4926 ad
2428 4872 2585 4925 illum
2610 4873 2955 4927 ascensionis
2972 4874 3179 4928 Christi
3194 4875 3392 4929 trium-

1792 4963 1965 5032 phum
1996 4979 2055 5015 se
2085 4962 2366 5027 extendat,
2400 4966 2591 5014 tamen
2622 4965 2686 5014 ut
2716 4962 3068 5031 Evangelista
3107 4964 3301 5034 sensit,
3334 4970 3391 5018 et

1792 5050 1860 5104 de
1893 5051 1979 5105 his
2006 5050 2390 5120 accipiendum
2443 5054 2529 5102 est
2575 5066 2698 5119 quae
2727 5066 2874 5103 nunc
2903 5057 3195 5120 geruntur.
3226 5058 3290 5105 ut
3320 5053 3390 5105 ad

1790 5138 2034 5192 litteram
2053 5138 2328 5208 completa
2340 5138 2461 5207 jam
2484 5143 2807 5202 cernantur,
2835 5145 2893 5193 et
2909 5156 3029 5210 quae
3052 5140 3238 5194 futura
3258 5146 3389 5194 sunt

1790 5243 1890 5297 per
1920 5226 2225 5291 Christum,
2259 5226 2427 5279 altius
2478 5225 2534 5279 in
2591 5226 2803 5281 eisdem
2842 5227 3001 5281 factis
3030 5229 3390 5298 praeﬁgurata

1788 5315 2193 5385 intelligantur.
2214 5317 2290 5369 Ac
2312 5332 2411 5386 per
2429 5315 2536 5369 hoc
2566 5315 2710 5369 miro
2731 5322 2789 5369 et
2814 5315 3078 5369 ineffabili
3103 5317 3268 5371 modo
3297 5335 3388 5373 res

1791 5421 1915 5474 quae
1964 5406 2182 5474 geritur
2230 5412 2498 5475 utrasque
2558 5404 2917 5475 amplectitur
2962 5411 3173 5476 partes,
3211 5413 3273 5461 ut
3333 5414 3390 5462 et

1792 5493 2059 5564 praeteriti
2106 5494 2348 5548 vaticinii
2410 5499 2600 5547 teneat
2653 5493 2965 5551 veritatem.
3005 5498 3063 5547 et
3116 5494 3239 5565 ipsa
3288 5495 3388 5549 de—

1794 5599 1949 5639 mum
1976 5582 2179 5636 veritas
2217 5581 2539 5637 vaticinium
2566 5581 2771 5636 habeat
2800 5587 2857 5635 et
2885 5583 3127 5651 ﬁguram
3163 5582 3390 5635 futuro-
