3888 6172
552 318 662 397 899

1306 333 1365 397 s.
1405 320 1789 401 msciusn
1824 322 2186 402 meam
2221 317 2525 399 ABBATIs
2562 314 3055 397 commeans.

3634 341 3709 404 700

556 448 888 541 tumtunc
916 458 1209 521 curramus
1227 482 1329 539 per
1351 460 1574 538 singula
1596 466 1645 521 si
1665 484 1775 541 quo
1791 452 1957 525 modo
1985 462 2463 530 intel-Ainvice'm
2527 464 2829 532 societatis,
2907 467 2972 519 ut
3034 454 3231 519 Petrus
3293 456 3489 537 quidem
3538 458 3621 522 irit
3662 467 3704 524 in

557 538 735 625 ligere
762 550 1044 627 possimus
1073 538 1243 628 quam
1288 552 1477 609 divina
1506 554 1620 610 sint
1666 538 1731 611 ac
1759 554 1996 630 mystica
2028 576 2151 631 quae

563 649 829 714 aguntur.

633 728 771 787 Cum
826 726 1312 803 appropinquasset
1353 728 1762 801 Hierosolymis,
1809 736 1857 789 et
1920 732 2149 791 uenisset

566 810 859 890 Bethphage
886 818 960 874 ad
977 826 1215 875 montem
1247 820 1459 890 Oliveti,
1486 827 1619 876 tunc
1652 825 1804 877 Jesus
1833 827 1987 879 misit
2016 824 2150 880 duos

560 902 853 977 discipulos
882 905 1222 974 suos,dicens
1247 929 1257 964 :
1284 904 1360 965 Ite
1382 909 1445 964 in
1475 912 1760 966 castellum
1789 912 1933 981 quod
1960 920 2151 968 contra

562 1014 651 1051 vos
679 1003 772 1064 est,
796 1004 845 1051 et
863 1001 1053 1053 statim
1074 998 1364 1052 invenietis
1384 998 1605 1053 asinam
1625 1003 1938 1068 alligatam,
1957 1008 2005 1055 et
2028 1006 2154 1071 pul-

563 1090 681 1140 lum
719 1103 847 1141 cum
885 1104 965 1152 ea,
1006 1091 1211 1152 solvite,
1245 1093 1293 1141 et
1330 1084 1583 1142 adducite
1619 1091 1779 1143 mihi.
1822 1084 2154 1161 Egrediente

561 1170 736 1245 igitur
753 1176 783 1230 J
788 1192 885 1230 esu
906 1172 975 1229 de
1002 1172 1244 1247 Jerlcho,
1260 1175 1313 1229 id
1338 1181 1441 1244 est,
1461 1182 1526 1231 ut
1543 1172 1676 1243 dixi,
1701 1178 1769 1232 de
1792 1170 1897 1233 hoc
1920 1180 2149 1246 mundo,

559 1263 743 1319 tarbis
762 1256 976 1319 eductis
1006 1254 1137 1319 inde
1166 1260 1614 1336 quamplurimis,
1634 1271 1692 1321 et
1717 1260 1874 1322 caecis
1889 1267 2011 1339 jam
2031 1270 2153 1324 red-

561 1338 683 1407 dita
723 1346 987 1419 sanitate,
1016 1369 1143 1407 cum
1197 1348 1708 1426 appropinquasset
1751 1338 2151 1431 Hierosolymis

562 1441 781 1515 magnis
804 1434 1014 1496 ditatus
1041 1433 1323 1515 mercibus
1344 1459 1409 1497 ex
1438 1440 1617 1498 salute
1648 1430 2018 1513 credentium,
2035 1447 2155 1502 vult

563 1510 749 1586 redire
775 1535 832 1585 et
859 1510 1081 1602 ingredi
1110 1531 1268 1603 cupit
1297 1532 1416 1604 jam
1436 1532 1670 1604 jamque
1690 1530 1888 1590 urbem
1919 1510 2072 1606 pacis
2097 1541 2155 1590 et

2233 550 2733 621 circumcisionem,
2797 553 2868 607 ad
2915 569 3271 627 synagogam,
3317 552 3424 626 quae
3473 544 3704 628 subjugalis

2192 640 2358 701 Iideo
2403 642 2598 700 vocata
2666 640 2770 709 est,
2830 643 2962 715 quia
3031 642 3133 696 sub
3181 634 3311 714 jugo
3365 636 3486 713 legis
3536 642 3714 700 edomita

2233 740 2391 802 erat;
2426 728 2632 789 Paulus
2685 749 2813 788 vero
2862 732 2931 785 ad
2988 728 3213 795 Gentes,
3267 726 3394 803 quas
3436 728 3714 805 Septuaginta

2231 826 2432 879 vocant
2459 824 2676 895 pullum
2705 822 3005 889 novellum,
3039 838 3104 876 eo
3134 818 3275 893 quod
3320 816 3564 875 indomita
3600 824 3711 875 nori-

2234 919 2323 968 ter
2336 918 2525 980 858
2543 911 2800 966 venerint
2815 902 2885 965 ad
2906 900 3209 965 Christum.
3235 902 3395 965 Erant
3409 914 3566 964 autem
3584 904 3713 975 ambo,

2235 1000 2293 1056 id
2341 1008 2426 1073 est
2454 999 2694 1074 populus
2722 1014 2793 1054 ex
2823 996 3049 1066 Judaels,
3078 1004 3135 1054 et
3161 999 3385 1071 populus
3408 1014 3465 1051 ex
3497 989 3713 1063 Gentibus,

2236 1084 2419 1146 adhuc
2444 1091 2659 1145 rurales
2690 1094 2748 1145 et
2792 1095 3041 1160 agrestes
3061 1105 3094 1141 a
3117 1088 3249 1155 ﬁde,
3280 1084 3396 1142 ideo
3430 1084 3480 1142 in
3503 1082 3609 1140 villa
3635 1086 3719 1140 alli-

2232 1179 2352 1252 gati
2382 1183 2544 1234 erant
2586 1176 2942 1250 peccatorum
2979 1174 3231 1251 vinculis,
3263 1180 3318 1230 et
3360 1192 3460 1233 non
3493 1174 3541 1228 in
3564 1168 3720 1230 civitate

2234 1264 2389 1335 Sion,
2422 1267 2509 1322 vel
2538 1260 2869 1329 Jerusalem.
2905 1283 3027 1337 quae
3057 1268 3142 1320 est
3170 1256 3402 1320 Ecclesia
3425 1262 3514 1318 Dei
3536 1261 3632 1318 viri.
3665 1260 3720 1318 Ad

2234 1374 2372 1429 quos
2418 1350 2576 1410 missi
2606 1350 2863 1427 apostoli,
2909 1352 3135 1409 solvunt
3161 1360 3434 1425 utrosque,
3469 1358 3517 1405 et
3540 1351 3595 1405 ad
3618 1348 3724 1407 Clui-

2234 1442 2382 1501 stum
2399 1446 2730 1517 perducunt,
2752 1449 2817 1498 ut
2841 1442 3109 1519 ascendat
3129 1458 3297 1515 super
3314 1458 3401 1497 eos
3417 1441 3469 1497 in
3494 1440 3625 1495 domo
3638 1434 3721 1495 οδες

2234 1526 2476 1599 dientiae,
2509 1548 2636 1589 cum
2667 1531 2835 1588 soluti
2865 1528 3077 1586 fuerint
3112 1549 3148 1585 a
3191 1524 3411 1587 nexibus
3436 1528 3721 1603 peccatorum,

562 1611 747 1674 locum
797 1617 1026 1673 visionis
1083 1612 1204 1684 Dei,
1249 1624 1307 1673 et
1360 1636 1545 1675 arcem
1588 1623 2007 1693 Speculationis.
2044 1622 2153 1680 Sed
2235 1621 2570 1695 accipientes
2607 1617 2997 1676 remissionem
3039 1637 3267 1685 eorum;
3316 1618 3437 1692 quia
3482 1634 3618 1690 super
3648 1611 3726 1669 alli-

561 1699 718 1779 prius
746 1724 875 1763 cum
911 1704 1154 1763 venisset
1182 1700 1507 1780 Bethphage
1534 1711 1604 1765 ad
1626 1702 1858 1767 domum
1896 1705 2152 1767 maxilla-
2190 1782 2193 1783 ν
2232 1718 2394 1783 gatos
2424 1706 2624 1777 adhuc,
2657 1715 2715 1765 et
2748 1701 2985 1764 vinculis
3014 1702 3365 1781 peccatorum
3392 1723 3590 1762 suorum
3617 1704 3723 1760 coui-

560 1813 708 1861 rum,
734 1796 830 1869 qui
876 1798 1230 1852 sacerdotum
1276 1798 1487 1854 viculus
1517 1804 1657 1868 erat,
1692 1806 1750 1855 et
1790 1795 2155 1874 confessionis
2173 1782 2220 1843 Β
2240 1782 2476 1874 pedites,
2505 1816 2618 1854 non
2646 1799 2807 1874 sedet
2833 1795 2862 1853 J
2867 1815 3013 1852 esus.
3041 1794 3158 1853 Nec
3180 1792 3410 1861 mireris,
3443 1788 3604 1859 lector,
3628 1792 3727 1865 quod

559 1864 820 1959 portabat
851 1878 1066 1959 typum,
1098 1892 1154 1941 et
1183 1892 1305 1941 erat
1329 1887 1471 1942 situs
1494 1886 1554 1942 in
1576 1864 1766 1944 monte
1794 1888 2016 1957 Oliveti,
2058 1864 2156 1946 ubi
2238 1864 2350 1943 dixi
2380 1864 2551 1944 etiam
2593 1868 2809 1959 pullum
2839 1878 3221 1961 lascivientem
3250 1878 3468 1939 nexibus
3492 1864 3723 1954 alligatum,

560 1975 754 2030 lumen
789 1975 1056 2035 scientiae.
1074 1974 1171 2031 ubi
1198 1974 1455 2055 laborum
1483 1982 1541 2032 et
1563 1968 1819 2033 dolorum
1851 1985 2037 2046 85%
2066 1985 2152 2034 est
2233 1972 2366 2055 quia
2386 1976 2690 2031 secundum
2712 1972 2918 2030 Lucam
2950 1974 3007 2029 et
3032 1971 3285 2029 Marcum
3316 1970 3473 2031 etiam
3489 1968 3587 2043 ipse
3603 1968 3730 2023 intro-

557 2063 811 2136 requies;
844 2063 974 2119 inde
1003 2064 1157 2119 misit
1184 2064 1324 2120 duos
1362 2048 1662 2139 discipulos
1711 2082 1859 2134 suos,
1894 2074 1951 2122 et
1988 2058 2152 2139 jubet
2232 2048 2457 2122 ducitur
2487 2056 2765 2137 alligatus,
2798 2080 2968 2135 super
2998 2078 3168 2133 quem
3197 2074 3357 2117 nemo
3406 2060 3730 2139 haminumrse-

559 2152 762 2209 adduci
790 2152 920 2209 illuc
944 2156 1065 2225 jam
1094 2154 1307 2209 solutos
1343 2138 1563 2210 asinam
1607 2161 1665 2211 et
1718 2156 1966 2227 pullum;
1996 2138 2149 2228 quo-
2232 2151 2411 2211 derat.
2461 2153 2567 2222 Qui
2620 2150 2920 2228 propterea
2970 2150 3181 2226 ligatus
3229 2169 3393 2226 quam
3432 2147 3553 2228 bene
3590 2138 3731 2219 dicitur

560 2242 712 2296 niam
743 2234 820 2322 ibi
849 2218 975 2297 erat
1002 2240 1126 2297 fons
1155 2242 1247 2296 ille
1273 2242 1368 2313 qui
1391 2243 1599 2314 legitur
1625 2238 1685 2299 in
1703 2218 1846 2299 libro
1865 2218 2148 2312 Judiciim,
2232 2242 2422 2311 fuisse,
2451 2218 2784 2317 quoniam-ii
2813 2218 3054 2316 quorum
3074 2218 3316 2314 ﬁguram
3335 2234 3496 2306 tenet,
3525 2218 3733 2322 diabolitis

560 2346 631 2385 ex
657 2320 885 2385 maxilla
910 2330 1056 2385 asini
1084 2331 1398 2402 largissime
1426 2324 1776 2403 proﬂuxisse,
1809 2333 1960 2387 unde
1989 2338 2045 2388 et
2065 2349 2155 2386 νο-
2233 2339 2397 2388 erant
2422 2331 2655 2388 connexi
2692 2324 2941 2397 funibus,
2973 2332 3030 2386 et
3056 2348 3227 2403 nemo
3276 2322 3545 2384 hominum
3574 2320 3731 2378 sederat

561 2425 717 2475 catus
744 2425 830 2474 est
856 2419 1011 2475 locus
1050 2419 1143 2474 ille
1171 2420 1294 2475 fons
1322 2410 1579 2486 maxillas,
1608 2420 1677 2475 de
1708 2438 1817 2493 quo
1848 2412 1989 2476 bibit
2016 2422 2153 2477 satis

560 2508 894 2587 abundeque
951 2510 1188 2564 Samson
1233 2509 1327 2564 ille
1378 2509 1737 2577 fortissimus,
1791 2527 1900 2581 quo
1951 2516 2008 2565 et
2059 2511 2153 2565 de-

560 2597 745 2653 dicata
774 2604 859 2653 est
876 2598 1094 2663 domus,
1120 2616 1245 2673 quae
1261 2599 1460 2654 domus
1481 2600 1612 2670 jure
1632 2606 1863 2655 vocatur
1890 2600 2148 2667 maxillae,

558 2692 625 2742 ut
649 2687 779 2742 inde
808 2688 950 2743 ﬂuat
977 2688 1238 2743 omnibus
1264 2689 1389 2756 fons
1416 2706 1573 2759 aquae
1600 2693 1849 2744 salientis
1879 2693 1943 2744 in
1977 2693 2152 2744 vitam

558 2782 821 2832 aeternam
846 2777 1031 2848 (Joan,
1063 2792 1141 2843 Iv,
1178 2776 1284 2846 14).
1311 2777 1419 2832 Sed
1449 2783 1507 2833 et
1534 2778 1755 2833 Marcus
1787 2778 2154 2833 nihilominus

554 2863 985 2935 signiﬁcantius.
1006 2882 1072 2939 ex
1094 2866 1371 2921 Bethania
1384 2882 1479 2921 eos
1497 2865 1698 2920 missos
1725 2872 2149 2933 commemorat,

555 2959 621 3009 ut
649 2954 758 3030 ipsi
803 2954 1111 3009 obediendo
1153 2954 1223 3008 ad
1274 2954 1504 3009 domum
1546 2954 1895 3019 obedientim.
1935 2972 2031 3011 eos
2060 2956 2155 3028 qui

559 3041 903 3096 crediderint
931 3047 989 3115 et
1034 3041 1203 3096 soluti
1232 3038 1443 3115 fuerint.
1471 3059 1507 3097 a
1531 3041 1764 3097 vinculis
1797 3030 2149 3112 delictorum,

2234 2438 2405 2494 super
2430 2438 2543 2477 eos.
2576 2419 2722 2563 (guis
2749 2437 2914 2474 nemo
2944 2414 3370 2492 prophetarum,
3400 2432 3560 2487 neque
3588 2409 3730 2484 aliquis

2234 2509 2526 2563 hominum
2556 2527 2590 2563 a
2657 2526 2753 2563 eos
2785 2507 2987 2562 missus
3017 2500 3223 2563 fuerat.
3250 2508 3306 2562 et
3338 2507 3456 2561 ideo
3480 2500 3593 2558 nihil
3619 2501 3663 2555 in
3682 2499 3730 2551 εἰς

2231 2509 2526 2566 hominum
2556 2499 2627 2565 ad
2657 2526 2753 2564 eos
2785 2507 2987 2562 missus
3017 2500 3223 2574 fuerat,
3250 2508 3306 2562 et
3338 2507 3456 2561 ideo
3480 2500 3593 2558 nihil
3619 2501 3663 2575 in
3682 2499 3734 2551 eis

2234 2590 2507 2654 rationale
2538 2608 2719 2670 neque
2748 2590 3117 2651 institutionis
3150 2595 3448 2652 secundum
3467 2581 3734 2663 disciplinam

2235 2680 2568 2743 eruditionis
2592 2678 2694 2741 Dei
2722 2680 2904 2740 adhuc
2933 2684 3074 2739 erat.
3101 2676 3213 2741 Sed
3238 2690 3413 2739 totum
3444 2676 3596 2752 gratis
3618 2694 3645 2731 a
3661 2672 3737 2731 Deo

2236 2776 2357 2830 sine
2396 2775 2515 2830 suis
2561 2775 2779 2831 meritis
2821 2781 2955 2829 sunt
3002 2775 3309 2842 consecuti,
3336 2778 3399 2827 ut
3428 2766 3627 2826 verbum
3669 2760 3739 2819 Dei

2238 2874 2407 2936 super
2436 2881 2551 2930 eos,
2583 2860 2639 2918 id
2670 2868 2757 2919 est
2783 2864 2843 2919 in
2877 2858 3139 2918 cordibus
3167 2879 3361 2919 eorum
3385 2852 3601 2923 sederet;
3631 2858 3677 2909 ut
3698 2868 3741 2906 eo

2237 2951 2493 3022 ducente,
2526 2970 2590 3007 ac
2619 2951 2666 3007 si
2705 2952 3038 3023 presidente
3069 2952 3125 3006 in
3152 2954 3322 3008 curru
3364 2967 3479 3017 suo,
3514 2940 3743 3002 ascendant

2237 3036 2490 3109 feliciter,
2520 3048 2810 3114 portantes
2850 3042 3029 3097 Deum
3065 3038 3119 3096 in
3174 3057 3403 3113 corpore
3432 3056 3541 3106 suo,
3566 3028 3615 3089 in
3636 3030 3744 3086 illam

556 3129 883 3203 perducant.
908 3106 1026 3184 Hoc
1045 3130 1252 3202 quippe
1270 3113 1544 3185 Bethania
1560 3124 1986 3203 interpretatur.
2002 3103 2148 3204 Ergo
2167 3103 2210 3163 Ο
2233 3103 2564 3186 caelestem-.1
2570 3126 2869 3186 erusalem.
2893 3127 3008 3185 Nec
3033 3103 3290 3197 mireris,-
3293 3130 3339 3184 si
3353 3103 3536 3200 gentes
3554 3123 3745 3179 dicantur

558 3216 633 3271 ad
655 3215 887 3271 domum
916 3216 1247 3274 obedientiaa
1269 3218 1350 3273 illi
1381 3219 1781 3290 perducuntur,
1818 3221 1914 3292 qui
1940 3221 2151 3278 fuerint

558 3305 726 3359 soluti
746 3321 781 3358 a
795 3304 1029 3360 vinculis
1049 3323 1280 3362 suorum
1300 3298 1651 3373 delictorum,
1664 3311 1975 3365 etrecreati
1995 3310 2148 3366 fonte

555 3392 776 3461 salutis,
808 3394 904 3465 qui
921 3394 1043 3464 jam
1063 3394 1281 3451 favente
1307 3395 1421 3451 Deo
1452 3397 1580 3451 ﬂuit
1616 3413 1681 3453 ex
1719 3397 1947 3453 maxilla
1977 3398 2141 3466 asini,

556 3482 667 3557 ipsi
698 3480 1030 3555 perveniunt
1057 3484 1128 3538 ad
1181 3484 1410 3540 domum
1465 3485 1885 3559 sacerdotalem,
1911 3504 2034 3559 quae
2063 3494 2148 3544 est

554 3572 755 3627 domus
783 3572 1158 3640 maxillarum,
1175 3574 1261 3628 vel
1290 3574 1593 3646 patientia,
1616 3580 1681 3630 ut
1706 3575 1836 3630 inde
1856 3578 2140 3644 ascendat,

554 3661 584 3716 J
588 3677 715 3715 esus
734 3678 906 3734 super
924 3679 1039 3728 eos,
1061 3679 1201 3734 quos
1220 3656 1529 3719 secundum
1550 3670 1888 3736 praeceptum
1918 3666 2143 3721 Domini

553 3756 612 3804 et
640 3750 944 3806 Salvatoris
984 3751 1106 3818 Dei,
1138 3746 1407 3825 solverint
1444 3746 1704 3824 discipuli
1759 3755 1882 3825 ejus
1918 3760 1977 3810 et
2015 3772 2147 3826 per-

552 3840 815 3896 duxerint
839 3840 913 3895 ad
940 3857 1089 3895 eum.
1125 3842 1283 3896 Mons
1314 3846 1503 3896 autem
1532 3841 1591 3896 in
1637 3858 1746 3914 quo
1775 3842 1886 3897 sita
1914 3850 2049 3898 sunt
2078 3860 2146 3898 ea

550 3928 692 3996 loca,
726 3936 813 3985 est
837 3928 1044 3985 Christi
1069 3929 1333 3993 Ecclesia.
1352 3930 1412 3985 in
1443 3947 1555 4001 qua
1580 3930 1980 3987 fructiﬁcantes
2013 3933 2145 3989 ﬁde-

549 4018 651 4083 les,
675 4017 860 4073 dicere
891 4024 1125 4091 possunt
1147 4035 1275 4073 cum
1305 4010 1604 4091 Propheta,
1636 4021 1745 4089 Ego
1786 4026 1971 4074 autem
2000 4024 2143 4077 sicut

552 4104 696 4159 oliva
715 4107 1015 4174 fructifera
1046 4110 1109 4160 in
1138 4109 1296 4162 domo
1324 4109 1423 4162 Dei
1435 4109 1604 4179 (Psal.
1626 4124 1699 4173 LI,
1731 4107 1841 4173 10).
1861 4108 2139 4174 Quoniam

548 4192 630 4246 illi
661 4194 756 4263 qui
771 4194 1034 4263 primitus
1053 4188 1279 4249 adducti
1295 4196 1431 4250 sunt
1447 4196 1631 4251 ofﬁcio
1649 4198 2045 4269 Apostolorum
2068 4199 2139 4253 ad

550 4280 859 4347 Christum,
894 4283 1163 4337 habentes
1190 4282 1353 4337 initia
1379 4284 1527 4350 ﬁdei,
1555 4284 1766 4340 fuerint
1782 4286 1927 4341 sicut
1957 4288 2142 4342 novel-

546 4369 615 4424 la:
637 4368 908 4425 olivarum
932 4370 991 4442 in
1018 4370 1253 4426 circuitu
1282 4387 1489 4426 mensae
1519 4372 1750 4439 Christi,
1772 4376 1932 4446 cujus
1960 4381 2017 4431 et
2036 4372 2139 4432 ﬁlii

2228 3238 2295 3275 ex
2321 3218 2546 3286 Judaeis,
2590 3236 2655 3274 ac
2683 3220 2731 3273 si
2761 3212 2949 3291 pullus
2975 3237 3041 3274 ex
3091 3218 3303 3286 matre;
3336 3214 3461 3290 quia
3494 3208 3655 3271 ludas
3680 3224 3741 3262 se-

2228 3304 2475 3365 cundum
2493 3308 2692 3375 Deum,
2727 3326 2793 3364 ex
2812 3309 2922 3363 ﬁde
2953 3313 3137 3363 mater
3160 3314 3249 3363 est
3265 3305 3527 3379 gentium.
3552 3300 3626 3357 Sic
3641 3296 3745 3353 enim

2228 3400 2365 3457 dicit
2391 3396 2663 3455 Dominus
2691 3416 2791 3470 per
2834 3399 3040 3453 Is‘aiam
3074 3394 3407 3470 prophetam
3436 3396 3499 3449 de
3528 3399 3744 3464 synagoga

2226 3479 2547 3545 ludasOrum
2565 3505 2576 3540 :
2600 3489 2667 3543 Et
2682 3491 3018 3543 constituam
3034 3490 3318 3558 principes
3334 3492 3467 3551 tuos,
3482 3479 3605 3537 sicut
3610 3479 3744 3547 prius,

2226 3584 2275 3632 et
2294 3580 2644 3632 consiliarios
2667 3583 2785 3631 tuos
2815 3576 2958 3630 sicut
2989 3576 3059 3631 ab
3085 3578 3276 3631 initio.
3310 3572 3377 3630 Et
3398 3579 3520 3627 tunc
3544 3563 3749 3627 vocaberis

2227 3670 2418 3722 civitas
2438 3668 2694 3736 justitia,
2728 3670 2777 3720 et
2805 3671 2983 3720 mater
3011 3667 3307 3721 civitatum
3342 3660 3462 3733 (lsa.
3480 3650 3622 3723 1.26),
3640 3652 3751 3705 idest

2227 3744 2602 3810 Ecclesiarum
2634 3744 2815 3807 ﬁdelis
2847 3748 3000 3807 Sion.
3044 3744 3286 3825 Propter
3334 3742 3584 3823 quasdam
3624 3740 3752 3812 igitur

2224 3841 2625 3898 similitudines
2654 3834 2831 3898 Judaei
2854 3847 2911 3895 et
2931 3838 3139 3896 Gentes
3160 3830 3456 3896 assimilati
3472 3842 3587 3892 sunt
3607 3828 3751 3899 hujus-

2226 3928 2378 3987 modi
2420 3924 2793 3999 animalibus;
2837 3920 3104 4002 quoniam
3157 3918 3218 3985 et
3261 3922 3454 3995 Judmi,
3505 3930 3556 3980 et
3580 3918 3750 4002 Gentes,

2222 4020 2391 4076 nimis
2411 4025 2542 4075 ante
2563 3998 2872 4075 adventum
2888 4017 3096 4074 Christi
3120 4014 3486 4074 verSabantur
3505 4016 3557 4068 in
3578 3998 3747 4066 mundo,

2221 4110 2415 4165 multis
2446 4109 2709 4165 oneribus
2749 4097 3079 4181 praegravati
3109 4113 3169 4164 et
3197 4100 3414 4180 alligati
3442 4098 3655 4160 vinculis.
3680 4082 3747 4149 Est

2222 4197 2371 4255 enim
2393 4199 2497 4254 hoc
2516 4198 2725 4253 animal
2754 4214 2868 4270 prae
2897 4196 3111 4253 caeteris
3138 4215 3285 4269 pene
3308 4193 3567 4268 jumentis
3582 4182 3747 4243 irratio-

2222 4288 2426 4355 nabile,
2451 4295 2509 4344 et
2532 4288 2761 4345 brutum
2781 4289 2966 4353 nimis,
2998 4306 3063 4343 ac
3092 4289 3352 4355 stultum,
3383 4295 3440 4344 et
3464 4275 3672 4357 ignobile
3688 4288 3749 4327 sa-

2217 4376 2311 4442 tis,
2345 4376 2686 4433 oneriterum
2716 4376 2894 4442 valde,
2928 4381 2985 4430 et
3019 4376 3332 4433 inﬁrmum.
3357 4377 3445 4433 Sic
3463 4384 3652 4445 quoque
3667 4364 3751 4446 fue-

546 4463 682 4514 sunt
707 4458 860 4514 facti.
893 4459 980 4513 Ad
1004 4476 1143 4529 quos
1171 4459 1301 4514 licet
1343 4460 1635 4515 solvendas
1673 4467 1731 4515 et
1759 4463 2134 4531 adducendos,
2160 4459 2356 4521 Drunt
2402 4481 2542 4538 pene
2588 4482 2783 4520 omnes
2826 4465 3080 4521 homines
3121 4471 3256 4523 ante
3300 4466 3549 4522 notitiam
3575 4448 3746 4533 Christi.

548 4564 744 4602 omnes
771 4547 1025 4619 Apostoli
1052 4547 1166 4602 sint
1191 4548 1367 4614 missi,
1400 4548 1510 4603 duo
1539 4550 1806 4605 tamenin
1826 4552 1930 4605 hac
1959 4553 2142 4624 ﬁgura

545 4636 1000 4699 introducuntur,
1040 4636 1127 4690 vel
1179 4642 1409 4708 propter
1461 4638 1748 4713 geminam
1805 4628 2137 4698 charitatem

548 4739 720 4795 quam
749 4740 945 4780 omnes
971 4723 1432 4795 praedicaverunt,
1466 4727 1553 4782 vel
1581 4734 1812 4800 propter
1841 4729 2137 4801 θεωρητικὴν

547 4816 606 4866 et
642 4812 927 4882 πρακτικὴν,
952 4813 1010 4866 id
1041 4818 1125 4868 est
1151 4813 1443 4869 scientiam
1474 4820 1531 4871 et
1570 4832 1759 4887 opera.
1785 4818 1935 4884 Quos
1963 4819 2139 4873 mittit

546 4900 606 4955 in
629 4899 920 4955 castellum
948 4901 1096 4972 quod
1122 4907 1318 4957 contra
1336 4906 1617 4975 apostolos
1635 4905 1806 4960 fuisse
1832 4922 1996 4961 nemo
2030 4907 2137 4962 du-

546 4988 708 5055 bitat,
740 4988 799 5043 id
849 4994 936 5044 est
975 4990 1241 5058 mundus,
1272 4992 1367 5063 qui
1397 5009 1500 5048 nec
1528 4993 1913 5051 doctrinarum
1935 4988 2138 5065 jugum

544 5076 766 5133 volebat
807 5078 1078 5151 accipere,
1110 5095 1212 5133 nec
1254 5082 1606 5153 acquiescere
1632 5083 1934 5139 virtutibus
1979 5083 2137 5139 bona;

543 5166 905 5239 operationis.
931 5166 1040 5221 Sed
1062 5166 1262 5224 melius
1288 5169 1429 5224 duos
1450 5154 1585 5226 illos
1634 5171 1936 5243 discipulos
1965 5172 2135 5245 inpri-

544 5255 654 5310 mis
680 5244 823 5310 forte
852 5255 950 5327 qui
977 5255 1281 5311 mittuntur
1306 5274 1341 5312 a
1364 5258 1622 5324 Domino,
1657 5261 1909 5333 quamvis
1939 5267 1996 5316 et
2023 5244 2134 5317 ista

546 5341 854 5419 probabilis
891 5343 968 5399 sit
1019 5344 1269 5414 traditio,
1310 5362 1575 5402 enarrare
1621 5350 1891 5419 mysteria
1917 5350 2134 5418 salutis,

547 5435 607 5484 et
662 5416 878 5486 solvere
931 5428 1028 5486 eos
1075 5432 1173 5504 qui
1223 5433 1390 5489 vincti
1447 5442 1611 5491 erant
1660 5416 2038 5508 compedibus,
2084 5416 2141 5493 et

548 5522 949 5593 congruentius
984 5522 1236 5594 accipere
1265 5541 1564 5597 possumus
1591 5527 1651 5583 in
1689 5527 2005 5585 ministerio
2035 5530 2141 5585 Pe-

547 5615 703 5665 trum
756 5614 814 5665 et
860 5611 1120 5680 Paulum,
1162 5614 1259 5685 qui
1304 5613 1411 5669 sibi
1467 5615 1691 5671 dextras
1743 5617 2020 5672 dederunt
2071 5618 2143 5672 ad

2222 4554 2393 4609 etiam
2421 4554 2529 4624 ipsi
2553 4554 2749 4609 Judaei.
2784 4555 3090 4624 Propterea
3118 4572 3297 4626 quam
3326 4571 3469 4627 saepe
3495 4554 3549 4607 in
3574 4539 3750 4603 excelsis

2181 4656 2192 4665 '
2221 4641 2627 4710 sacriﬁcabant,
2660 4648 2717 4697 et
2762 4643 3021 4697 colebant
3046 4644 3213 4711 idola,
3249 4642 3415 4698 obliti
3454 4653 3607 4713 Opera
3630 4628 3747 4700 legis:

2220 4737 2277 4786 et
2304 4733 2481 4788 Deum
2510 4732 2707 4804 utique
2741 4730 3062 4802 frequenter
3080 4732 3428 4802 ignorantes.
3460 4731 3525 4787 Et
3550 4727 3655 4780 ideo
3680 4731 3751 4773 nec

2220 4821 2426 4876 mirum
2457 4821 2777 4890 sijumenta
2804 4820 3062 4875 dicantur
3091 4822 3386 4890 homines,
3421 4817 3637 4874 maxime
3658 4820 3752 4861 cum

2220 4908 2505 4978 Propheta
2530 4908 2681 4963 dicat
2728 4908 2963 4963 Domino
2996 4927 3008 4963 :
3044 4911 3104 4964 Ut
3129 4914 3451 4979 iumentum
3482 4906 3640 4975 factus
3662 4909 3753 4979 tu"?

2218 4998 2369 5066 apud
2401 5000 2447 5049 te
2475 4994 2638 5064 (Psal.
2674 5011 2843 5063 LXXII,
2873 4994 2983 5062 23).
3030 5004 3215 5063 854
3247 5000 3395 5053 Nam
3441 5000 3681 5068 quantum
3703 4978 3754 5035 ad

2219 5084 2422 5148 Deum,
2449 5086 2707 5155 jumenta
2724 5102 2920 5140 sumus
2940 5102 3052 5140 non
3074 5087 3258 5142 solum
3284 5105 3407 5154 nos,
3432 5098 3609 5138 verum
3625 5074 3755 5165 etim}

2217 5174 2380 5230 nobis
2409 5174 2586 5228 multo
2619 5174 3030 5245 prudentiores,
3063 5180 3275 5248 quanto
3320 5174 3496 5246 magis
3537 5177 3587 5226 et
3610 5164 3658 5233 ii,
3685 5164 3755 5231 qui

2217 5269 2336 5319 tam
2357 5261 2820 5317 irrationabiliter
2837 5264 3315 5319 conversabantur
3334 5265 3393 5319 in
3411 5278 3585 5321 carne.
3606 5266 3755 5310 δεουη·

2218 5353 2356 5427 dum
2385 5366 2611 5406 carnem
2636 5350 2906 5429 viventes.
2942 5352 3087 5408 Hinc
3128 5369 3258 5425 ergo
3292 5360 3398 5417 est,
3433 5346 3570 5424 quod
3598 5354 3753 5400 secun‘

2221 5441 2354 5496 dum
2365 5441 2575 5495 Lucam
2593 5437 2746 5494 idem
2771 5440 2957 5510 pullus
2968 5440 3254 5497 frenorum
3264 5440 3579 5514 impatiens,
3593 5430 3754 5513 r1111le

2221 5528 2462 5607 habebat
2489 5526 2769 5596 dominos,
2796 5544 2909 5607 non
2936 5536 3050 5585 uno
3078 5530 3252 5586 errori
3283 5530 3370 5584 vel
3399 5522 3627 5599 dogmati
3653 5514 3754 5573 sub-

2223 5606 2401 5685 ditus;
2425 5621 2483 5671 et
2501 5619 2696 5671 tamen
2724 5606 2854 5671 licet
2880 5619 3045 5673 multi
3072 5617 3282 5674 domini
3300 5617 3361 5671 in
3381 5634 3446 5671 eo
3471 5611 3756 5687 potestatem
