3888 6172
187 388 279 447 ΊΜ

908 376 1290 448 ῙΧΡΟςΙΤΙΟ
1327 378 1407 447 IN
1444 376 1776 446 MA‘rer

1859 390 1888 445 [.
1924 419 1987 433 -
2018 376 2156 446 ms.
2196 380 2293 459 1x,
2328 386 2485 449 CAP.
2529 376 2677 447 XX'J.

3345 384 3451 455 702

184 500 437 571 illicitam
472 498 649 587 longe
689 508 787 570 diu
834 514 1225 582 vindicassent,
1272 515 1523 571 videntes
1576 533 1767 571 verum
1787 498 2036 581 Avidus,
2070 532 2179 588 quo
2207 515 2267 570 in
2295 532 2409 569 una
2428 512 2740 587 eademque
2771 533 2832 571 re
2858 522 3020 572 tanta
3046 511 3443 590 praevidebant,

182 602 484 660 Dominum
509 611 568 660 et
596 620 785 659 servos
814 605 938 674 ejus
964 605 1202 669 venisse,
1235 603 1329 677 qui
1352 605 1422 659 ad
1451 605 1778 659 solvendum

183 693 337 748 missi
364 693 609 758 fuerant,
643 710 756 747 non
784 691 997 747 audent
1012 693 1295 760 resistere,
1315 694 1462 748 sicut
1489 710 1592 748 nec
1619 694 1779 764 cujus

187 788 367 847 erant,
392 782 621 837 restitit.
642 782 800 837 Unde
821 782 1074 837 Salvator
1092 783 1229 837 dicit
1261 801 1275 836 :
1305 783 1371 837 Et
1395 786 1445 836 si
1470 786 1595 851 quis
1633 785 1778 836 vobis

179 872 399 940 aliquid
426 872 658 934 dixerit,
688 873 851 925 dicite
878 875 1012 940 quia
1040 874 1310 925 Dominus
1339 873 1425 925 his
1448 888 1581 939 opus
1599 873 1774 937 habet,

180 959 245 1013 ad
273 959 614 1030 mysterium
635 959 828 1030 utique
857 959 1044 1030 potius
1085 975 1253 1030 quam
1294 960 1365 1014 ad
1400 959 1773 1014 imitandum.

179 1048 259 1102 Ita
289 1063 543 1119 namque
573 1048 679 1102 hoc
693 1047 829 1103 dicit
856 1049 916 1102 in
938 1050 1138 1119 ﬁgura,
1157 1048 1514 1119 quasinullus
1535 1048 1613 1102 eis
1633 1049 1777 1102 alius

181 1141 328 1192 esset
355 1135 636 1202 dominus,
671 1136 776 1190 etsi
807 1137 1002 1191 illicite
1047 1137 1223 1207 aliqui
1268 1153 1465 1191 eorum
1519 1138 1775 1192 domina-

178 1224 403 1291 bantur,
440 1224 536 1295 qui
568 1225 784 1295 alligati
811 1230 975 1279 erant
1006 1225 1245 1280 vinculis
1290 1231 1665 1296 peccatorum,
1715 1232 1778 1280 ut

174 1315 426 1386 seipsum
438 1314 701 1368 ostendat
716 1314 897 1368 solum
911 1320 967 1368 et
983 1331 1174 1368 verum
1194 1314 1517 1369 Dominum.
1542 1315 1609 1369 Et
1629 1315 1772 1375 ideo,

179 1405 464 1471 confestim
489 1405 733 1457 dimittet
751 1420 835 1457 eos
854 1422 872 1468 ;
905 1402 1038 1474 quia
1056 1404 1246 1457 nullus
1267 1403 1527 1457 resistere
1557 1409 1779 1474 poterat

181 1489 447 1562 potentiae
476 1491 619 1561 ejus,
644 1489 773 1545 licet
806 1490 902 1545 alii
942 1490 1160 1545 codices
1215 1490 1477 1557 habeant,
1532 1492 1597 1545 Et
1647 1508 1777 1546 con-

178 1582 362 1648 festim
390 1583 636 1634 nminat
665 1595 767 1632 eos.
799 1562 875 1635 Ut
902 1579 976 1633 sit
1004 1596 1219 1643 sensus,
1266 1585 1564 1651 postquam
1610 1596 1777 1635 vene-

179 1668 291 1723 rint
309 1668 386 1722 ad
409 1667 719 1733 Christum,
751 1667 880 1738 quia
910 1668 1183 1722 Dominus
1212 1668 1300 1722 his
1330 1685 1469 1739 opus
1492 1667 1677 1732 habet,
1722 1674 1779 1723 et

176 1757 386 1813 fuerint
416 1755 698 1811 meliorati
726 1773 827 1828 per
871 1754 1060 1822 ﬁdem,
1110 1763 1279 1827 atque
1320 1759 1442 1827 ejus
1483 1757 1779 1828 disciplina

178 1847 245 1900 ad
270 1846 511 1918 plenum
534 1844 755 1910 imbuti,
792 1862 989 1900 rursus
1042 1863 1168 1901 cum
1213 1846 1559 1917 susceperint
1610 1863 1779 1917 super

179 1951 234 1989 se
262 1934 561 1989 Christum
591 1950 886 2001 sessorem,
903 1933 1146 1989 debeant
1173 1934 1386 1989 remitti
1408 1935 1479 1988 ad
1508 1936 1778 2006 populum

176 2023 519 2087 Judaaorum,
555 2023 643 2077 vel
669 2022 740 2077 ad
762 2022 970 2078 Gentes
990 2023 1240 2078 nondum
1266 2024 1575 2089 credentes,
1595 2028 1659 2077 ut
1688 2040 1777 2079 re-

180 2112 322 2166 versi
341 2113 465 2182 jam
494 2111 688 2185 ﬁdeles
716 2110 1086 2182 praedicarent
1124 2111 1204 2164 eis
1246 2111 1547 2166 Dominum
1583 2112 1777 2165 Jesum

181 2201 487 2266 Christum,
518 2200 651 2254 hinc
678 2205 735 2254 et
784 2216 925 2271 opus
970 2216 1165 2254 eorum
1210 2199 1481 2253 Dominus
1516 2198 1778 2253 habuisse

180 2289 401 2344 dicitur.
438 2287 549 2343 Sed
569 2304 683 2342 non
709 2304 903 2342 omnes
933 2287 1351 2359 evangelizandi
1389 2288 1633 2357 gratiam
1674 2288 1776 2342 ha-

179 2377 369 2432 buere.
388 2364 610 2431 Idcirco
631 2376 831 2430 melius
854 2362 1126 2432 Dominus
1148 2393 1344 2431 eorum
1360 2376 1624 2430 habuisse
1637 2393 1777 2447 opus

180 2465 537 2537 intelligitur,
570 2470 635 2518 ut
665 2465 877 2519 iaciant
905 2466 1248 2520 voluntatem
1287 2456 1472 2520 Patris
1499 2465 1777 2519 credendo

181 2560 232 2609 et
257 2554 570 2627 operando,
603 2553 749 2608 sicut
777 2554 896 2625 ipse
929 2553 1029 2619 ait,
1059 2554 1213 2625 Opus
1244 2570 1435 2608 meum
1467 2558 1571 2619 est,
1604 2558 1667 2607 ut
1692 2551 1777 2606 fa-

183 2644 323 2698 ciam
343 2644 693 2698 voluntatem
723 2630 911 2695 Patris
941 2642 1051 2696 mei
1079 2642 1174 2714 qui
1202 2643 1259 2696 in
1289 2642 1442 2696 caelis
1471 2648 1574 2696 est.
1602 2641 1777 2695 Porro

179 2733 245 2787 de
271 2732 604 2787 testimonio
634 2731 938 2802 prophetas,
968 2732 1117 2803 quod
1141 2732 1439 2786 Matthaeus
1459 2730 1773 2800 subjunxit:

178 2823 283 2877 Hoc
308 2824 529 2891 factum
550 2824 647 2884 est,
688 2825 748 2873 ut
801 2814 1206 2895 adimplereiur
1243 2822 1386 2897 quod
1440 2822 1651 2895 dictum
1705 2825 1778 2874 est

1861 611 1925 660 ut
1953 612 2011 659 et
2038 605 2147 659 ista
2170 610 2466 659 cernerent
2488 605 2559 658 ad
2590 605 2865 676 liquidum
2896 607 3101 675 ﬂenda,
3132 613 3190 664 et
3224 609 3283 664 in
3329 602 3453 664 istis

1862 711 1984 764 quae
2004 711 2197 748 rursus
2217 694 2406 748 futura
2429 700 2609 758 erant,
2659 693 3049 764 signiﬁcanda.
3094 697 3164 751 Et
3210 697 3335 753 ideo
3381 698 3454 751 ad

1859 782 2016 836 illam
2053 782 2112 837 in
2149 783 2316 836 caelos
2371 784 2753 836 ascensionem
2799 776 3273 854 superextendens
3319 803 3453 841 ocu-

1858 872 1996 937 lum,
2031 872 2265 934 addidit,
2306 870 2373 925 Et
2416 871 2827 938 exterminabit,
2876 872 3081 944 inquit,
3128 890 3325 929 currus
3383 892 3455 930 ex

1859 944 2142 1030 Ephraim,
2174 966 2230 1013 et
2250 976 2455 1029 equum
2471 976 2536 1012 ex
2551 960 2861 1014 Jerusalem
2878 979 2891 1027 ;
2916 967 2973 1015 et
2991 963 3456 1019 exterminabitur

1861 1066 2022 1103 arcus
2045 1049 2292 1113 bellicus,
2328 1054 2382 1102 et
2411 1048 2821 1119 principabitur
2872 1067 2907 1104 a
2958 1051 3103 1104 mari
3157 1068 3336 1129 usque
3381 1054 3453 1107 ad

1860 1154 2034 1204 mare,
2066 1142 2123 1191 et
2152 1153 2185 1191 a
2216 1135 2446 1190 ﬂumine
2476 1153 2651 1206 usque
2674 1138 2744 1190 ad
2785 1138 2965 1192 exitus
3014 1144 3198 1194 terra.
3242 1141 3455 1195 Deinde

1859 1227 2133 1297 propheta
2160 1226 2433 1279 convertit
2460 1241 2776 1279 sermonem
2806 1227 2876 1280 ad
2912 1227 3095 1296 ipsum
3126 1245 3316 1299 regem
3347 1229 3455 1285 hu-

1859 1316 2051 1370 milem
2080 1321 2136 1369 et
2163 1318 2541 1379 mansuetum,
2567 1321 2737 1386 atque
2766 1315 3074 1370 salvantem
3100 1336 3114 1383 ;
3148 1319 3215 1372 Et
3241 1320 3324 1383 tu,
3365 1318 3456 1374 in-

1859 1404 2001 1475 quit,
2047 1404 2106 1458 in
2162 1402 2433 1474 sanguine
2463 1403 2793 1457 testamenti
2837 1404 3100 1458 dimisisti
3125 1406 3339 1460 vinctos
3383 1406 3454 1460 de

1858 1493 1982 1546 lacu
2004 1492 2061 1545 in
2086 1508 2195 1563 quo
2224 1508 2335 1546 non
2365 1497 2453 1545 est
2480 1508 2644 1561 aqua.
2676 1492 2806 1546 Haec
2848 1492 3054 1546 idcirco
3101 1493 3339 1548 dixerim
3389 1500 3455 1550 ut

1859 1582 2137 1652 intelligat
2161 1581 2408 1651 prudens
2436 1581 2630 1646 lector,
2663 1580 2813 1650 quod
2848 1580 2920 1634 ad
2950 1586 3248 1653 utramque
3268 1599 3459 1639 ascen-

1858 1671 2071 1725 sionem
2096 1669 2439 1741 prOphetalis
2467 1686 2656 1723 sermo
2679 1669 2990 1740 pertineat;
3021 1670 3116 1724 sed
3142 1675 3294 1726 totus
3307 1669 3458 1726 illius

1859 1758 1930 1813 ad
1959 1760 2178 1823 cmlum,
2214 1759 2303 1812 hic
2323 1760 2444 1829 jam
2474 1758 2635 1829 quasi
2667 1758 2882 1824 victori,
2905 1759 3221 1814 celebratur
3248 1761 3458 1816 trium-

1797 1828 1844 1891 Β
1860 1849 2022 1919 phus.
2041 1828 2413 1911 Quaerendum
2426 1828 2560 1901 sane
2574 1848 2852 1917 quomodo
2876 1849 3184 1902 secundum
3208 1850 3458 1906 litteram

1859 1942 2007 1991 stare
2038 1936 2213 2007 possit
2234 1936 2381 2006 quod
2408 1936 2578 1989 dicit:
2614 1936 2755 2001 Quia
2802 1943 2988 1990 euntes
3017 1938 3279 2006 discipuli
3325 1941 3460 2006 fece-

1858 2031 1998 2080 runt
2025 2029 2166 2080 sicut
2192 2027 2445 2095 praecepit
2475 2027 2592 2078 illis
2620 2027 2794 2090 Jesus,
2844 2030 2894 2078 et
2938 2026 3296 2080 adduxerunt
3342 2030 3459 2081 asi-

1860 2131 1995 2169 nam
2045 2120 2092 2169 et
2116 2116 2365 2184 pullum,
2406 2118 2453 2167 et
2507 2116 2891 2181 imposuerunt
2937 2129 3102 2182 super
3138 2117 3458 2170 vestimenta

1857 2220 1979 2269 sua,
2031 2209 2079 2257 et
2129 2219 2253 2257 eum
2298 2204 2527 2271 desuper
2578 2203 2756 2255 sedere
2807 2202 3075 2269 fecerunt.
3133 2202 3276 2265 Quia
3328 2202 3460 2258 licet

1860 2308 2029 2363 super
2081 2296 2387 2362 utrumque
2438 2290 2648 2345 animal
2710 2290 3046 2344 vestimenta
3092 2307 3195 2345 sua
3251 2308 3457 2363 posue-

1859 2380 1992 2443 rint,
2025 2380 2255 2434 omnino
2287 2379 2343 2433 in
2374 2384 2490 2432 tam
2523 2395 2693 2449 parvo
2710 2379 2892 2449 spatio
2922 2379 3141 2434 itineris
3170 2396 3340 2452 super
3368 2397 3459 2435 eo-

1859 2485 1984 2522 rum
2016 2474 2319 2538 utrumque
2350 2466 2543 2521 sedere
2564 2483 2676 2520 non
2703 2467 2906 2537 potuit,
2939 2485 3042 2522 nec
3071 2468 3222 2523 enim
3251 2476 3458 2524 natura

1859 2556 1964 2610 hoc
1994 2556 2130 2609 sinit
2157 2556 2423 2609 humana.
2457 2558 2569 2609 Aut
2582 2554 2732 2608 enim
2757 2556 3162 2621 asinazinsedit,
3192 2562 3251 2611 et
3268 2558 3456 2629 pullus

1860 2644 2070 2715 absque
2099 2660 2314 2698 sessore
2345 2643 2484 2709 iuit;
2549 2650 2649 2698 aut
2689 2644 2737 2697 si
2786 2645 2957 2715 pullo,
3005 2644 3101 2715 qui
3140 2646 3319 2716 magis
3366 2646 3460 2700 in-

1860 2733 2106 2787 domitus
2135 2739 2258 2787 erat
2277 2733 2347 2786 ad
2368 2732 2698 2797 sedendum,
2732 2738 2789 2785 et
2814 2733 3068 2797 lascivus,
3102 2733 3261 2788 asina
3289 2735 3459 2789 ducta

1862 2828 1948 2876 est
1967 2821 2164 2876 libera.
2194 2822 2352 2875 Unde
2382 2838 2507 2875 cum
2539 2820 2774 2875 historia
2811 2820 3323 2891 impossibilitatem
3352 2824 3456 2878 ha-

175 2926 271 2979 per
290 2911 645 2985 prophetam,
672 2908 794 2978 jam
843 2908 1123 2975 diximus;
1160 2914 1216 2964 et
1264 2908 1448 2963 adhuc
1492 2908 1780 2962 videamus
1860 2911 2011 2977 beat,
2044 2911 2214 2965 etiam
2242 2916 2299 2965 et
2314 2904 2506 2976 856
2524 2906 2813 2980 turpitudo
2845 2910 2891 2963 si
2914 2911 3102 2978 fieret;
3127 2910 3269 2965 scire
3296 2925 3456 2983 opor‘

181 2996 1775 3071 quomodoadutramqueChristipertineatascensionem.
1861 3004 1961 3065 tet,
1990 3000 2137 3069 quod
2163 2999 2233 3054 ad
2263 2999 2464 3052 altiora
2493 2998 2847 3068 Evangelista
2872 3015 2975 3052 nos
3004 3000 3339 3053 transmittit
3366 3000 3455 3054 in-

180 3085 454 3141 Dominus
482 3087 709 3158 quidem
743 3103 1080 3142 ascensurus
1108 3086 1179 3141 ad
1226 3091 1466 3141 mortem
1508 3085 1565 3139 in
1616 3086 1779 3140 Jeru-
1859 3087 2183 3158 telligenda,
2229 3087 2375 3141 sicut
2402 3092 2458 3141 et
2488 3087 2556 3140 de
2599 3086 2755 3141 caecis
2811 3102 2985 3157 supra
3035 3086 3230 3141 fecisse
3284 3085 3459 3141 credi-

182 3175 377 3241 salem,
412 3176 593 3229 voluit
617 3176 750 3230 olim
780 3172 1134 3248 prOphetiam
1164 3175 1233 3229 de
1256 3175 1361 3228 hoc
1402 3180 1636 3229 ascensu
1667 3190 1781 3228 ma—
1802 3191 2021 3251 cmus;
2053 3182 2117 3231 ut
2141 3176 2301 3231 asina
2324 3177 2452 3241 ista,
2482 3192 2603 3246 quae
2633 3174 2944 3245 subjugalis
2972 3174 3079 3229 fuit
3105 3180 3163 3229 et
3189 3176 3456 3243 edomita,

176 3280 345 3333 gnam
367 3264 738 3335 praemittere,
765 3281 936 3335 quam
966 3264 1177 3318 mundo
1207 3264 1467 3318 universo
1514 3264 1674 3343 quasi
1718 3262 1777 3317 in
1859 3272 1917 3319 et
1938 3266 2141 3335 jugum
2172 3266 2311 3334 legis
2331 3269 2600 3329 traxerat,
2622 3270 2688 3318 ut
2707 3263 2839 3329 dixi,
2859 3279 3147 3334 synagoga
3175 3264 3456 3335 intelliga-

178 3357 520 3407 testamento
544 3353 889 3429 relinqueret
909 3353 1061 3424 pacis
1090 3358 1147 3406 et
1164 3353 1493 3419 concordiae,
1526 3353 1660 3406 dum
1690 3352 1776 3405 vi-

177 3440 375 3496 derent
398 3443 525 3511 jam
547 3442 842 3513 completa,
876 3458 999 3513 quae
1029 3442 1295 3513 praedicta
1320 3447 1499 3505 erant,
1534 3447 1591 3495 et
1653 3457 1775 3511 quae

178 3531 459 3602 completa
481 3530 663 3596 erant,
697 3537 754 3586 et
782 3548 904 3602 quae
941 3530 1229 3601 przedicta,
1257 3546 1453 3585 rursus
1483 3529 1543 3583 in
1581 3545 1777 3583 ascen-

176 3617 331 3674 sione
360 3635 471 3674 sua
496 3617 859 3689 generaliter,
891 3635 1017 3689 quae
1046 3617 1281 3672 inrebus
1299 3616 1779 3688 prophetataprae-

178 3714 485 3773 cesserant,
521 3707 711 3761 omnia
742 3707 1041 3779 perfectius
1070 3724 1191 3760 esse
1222 3692 1571 3776 complenda,
1595 3710 1657 3759 ut
1685 3707 1778 3760 Ju-

176 3794 322 3851 deos
347 3804 408 3850 et
436 3797 647 3851 Gentes
668 3796 857 3860 simul,
904 3811 1005 3850 suo
1054 3794 1253 3866 dignos
1281 3794 1563 3864 judicaret
1616 3793 1779 3847 obse-

180 3886 328 3956 quio.
362 3886 479 3942 Sed
519 3885 652 3956 quia
678 3876 858 3940 Judaei
911 3883 1311 3938 contradicturi
1353 3889 1515 3937 erant
1557 3882 1779 3937 Christo

178 3975 486 4029 ascendent
501 3980 689 4040 855
707 3974 766 4028 in
786 3970 1079 4044 templum,
1100 3972 1225 4027 ideo
1245 3971 1534 4043 praemissa
1556 3977 1643 4026 est
1656 3988 1779 4041 pro-

177 4064 389 4137 phetia,
426 4080 551 4134 quae
578 4062 744 4118 rebus
772 4068 907 4117 tunc
935 4062 1158 4133 expleta
1184 4058 1287 4127 est,
1317 4067 1374 4115 et
1402 4060 1548 4127 talis,
1582 4066 1645 4114 ut
1674 4076 1777 4114 no-

178 4150 258 4207 bis
287 4153 480 4208 adhuc
507 4150 675 4206 hodie
713 4152 789 4206 sit
814 4152 873 4206 in
898 4150 1287 4206 testimonium
1316 4169 1329 4217 ;
1374 4156 1431 4203 et
1475 4166 1599 4220 quas
1643 4155 1780 4203 tunc

177 4242 399 4314 expleta
420 4247 557 4296 sunt
576 4240 635 4294 in
655 4240 932 4311 sapientia
978 4239 1080 4294 Dei
1109 4239 1416 4294 secundum
1454 4239 1777 4294 humanita-

179 4336 310 4395 tem,
343 4331 535 4385 adhuc
555 4330 721 4383 hodie
743 4326 1072 4400 expleantur
1092 4328 1151 4381 in
1180 4335 1530 4382 sacramento
1560 4327 1777 4383 salutis.

1858 3360 1986 3421 tur;
2020 3354 2206 3424 pullus
2235 3360 2425 3408 autem
2456 3354 2646 3417 asinaa,
2671 3352 2910 3406 lascivus
2931 3357 2989 3405 et
3015 3352 3176 3417 liber,
3191 3352 3458 3407 Gentium

1859 3443 2116 3514 populus,
2153 3442 2353 3513 quibus
2390 3442 2644 3512 utrisque
2685 3440 2925 3494 feliciter
2965 3440 3112 3494 sedit
3147 3440 3448 3499 Dominus.

1860 3531 2011 3595 Quos
2030 3531 2282 3600 Apostoli
2309 3530 2487 3584 nudos
2514 3534 2781 3599 utrosque
2824 3528 3177 3594 invenerunt,
3229 3534 3288 3583 et
3333 3546 3458 3584 sor-

1860 3619 2039 3682 dldOS,
2077 3619 2208 3689 quia
2237 3624 2400 3671 erant
2442 3616 2653 3688 absque
2685 3617 2797 3670 ullo
2846 3616 3194 3687 operimento
3237 3614 3453 3680 salutis,

1859 3710 2064 3780 frigore
2098 3708 2444 3763 inﬁdelitatis
2472 3707 2767 3777 congelati.
2804 3707 3068 3770 Quamvis
3098 3706 3249 3760 enim
3276 3705 3455 3759 Judzei

1860 3790 2184 3853 viderentur
2207 3796 2451 3868 cooperti
2480 3796 2626 3850 foliis
2655 3796 2766 3862 ﬁci,
2806 3795 2863 3847 id
2909 3800 2995 3847 est
3045 3794 3325 3847 mandatis
3370 3810 3457 3847 as—
3487 3805 3497 3813 '

1860 3904 2007 3958 perm
2038 3887 2195 3956 legis,
2223 3885 2359 3939 nudi
2388 3892 2579 3938 tamen
2610 3889 2774 3937 erant
2805 3882 3060 3951 agratia,
3092 3883 3324 3952 ipsaque
3356 3896 3457 3933 nu-

1860 3976 2036 4029 ditate
2065 3974 2365 4045 deturpati,
2395 3990 2506 4044 qua
2532 3989 2591 4026 se
2609 3972 2749 4026 vidit
2776 3971 2955 4025 Adam
2985 3970 3045 4024 in
3073 3969 3333 4042 paradiso
3354 3984 3458 4022 nu-

1860 4065 2076 4128 datum,
2097 4070 2154 4118 et
2181 4064 2305 4117 ideo
2332 4062 2579 4132 seipsum
2611 4077 2737 4114 mox
2765 4060 2911 4114 ferre
2960 4076 3074 4114 non
3112 4057 3313 4130 potuit,
3357 4057 3455 4111 sed

1862 4152 2074 4207 obtexit
2101 4168 2160 4205 se
2194 4150 2339 4204 foliis
2370 4151 2528 4215 ﬁcus,
2556 4150 2705 4203 unde
2735 4155 2792 4203 et
2812 4147 2989 4203 Judaei
3010 4164 3074 4203 ac
3119 4148 3169 4202 si
3222 4151 3457 4201 natura-

1860 4241 1991 4295 liter
2010 4241 2192 4293 adhuc
2213 4239 2387 4310 etipsi
2416 4239 2471 4292 in
2488 4239 2730 4309 peccatis
2755 4244 2917 4293 erant
2940 4253 3071 4308 ;pro
3099 4252 3210 4311 quo
3224 4235 3454 4302 Paulus,

1861 4331 2092 4383 Fuimus
2114 4334 2161 4382 et
2193 4306 2320 4391 nos;
2344 4306 2546 4398 inquit,
2577 4333 2785 4381 natura
2810 4328 2920 4395 ﬁlii
2935 4306 3034 4381 ira:
3065 4306 3273 4394 (Elpbes.
3292 4338 3353 4388 ll,
3377 4323 3456 4392 3),

180 4418 336 4475 Unde
373 4419 461 4474 ait
500 4418 808 4489 propheta:
861 4419 1053 4484 Dicito,
1098 4418 1227 4485 ﬁlias
1264 4416 1402 4472 Sion
1436 4434 1452 4471 :
1496 4416 1625 4471 Ecce
1674 4418 1925 4489 Rex-“ut
1954 4421 2133 4472 exteri
2182 4416 2288 4481 Qui
2310 4432 2443 4486 ergo
2475 4416 2855 4488 exspoliantur
2881 4412 3136 4485 agratia,
3159 4412 3458 4485 quodnudi

181 4514 306 4564 tuus
332 4512 487 4565 venit
516 4509 637 4562 tibi.
669 4508 814 4562 Nam
854 4523 982 4572 ecce,
1016 4506 1363 4561 ostendentis
1393 4509 1479 4560 est
1507 4504 1775 4571 verbum;

176 4613 237 4652 ac
260 4598 309 4653 si
337 4599 591 4653 diceret:
628 4596 843 4661 Videte,
877 4611 991 4650 non
1019 4595 1231 4649 carnali
1261 4599 1512 4666 aspectu,
1546 4595 1642 4648 sed
1673 4594 1780 4665 spi-

176 4685 363 4742 rituali
391 4686 705 4751 intellectu,
738 4701 908 4757 opera
940 4684 1212 4739 virtutum
1240 4685 1381 4754 ejus,
1413 4689 1471 4738 et
1511 4700 1625 4737 non
1662 4684 1777 4737 for-

172 4792 323 4831 mam
351 4775 531 4832 servi.
563 4776 711 4829 Ante
734 4780 989 4845 tempora
1027 4790 1272 4845 namque
1292 4773 1443 4827 dicta
1469 4775 1618 4840 sunt,
1654 4790 1775 4844 quae

169 4866 338 4920 modo
368 4864 758 4936 complentur;
794 4869 852 4918 et
877 4879 1002 4934 quae
1052 4862 1202 4918 dicta
1243 4868 1376 4917 sunt
1417 4862 1476 4916 in
1528 4862 1770 4929 Christo,

164 4955 282 5025 jam
312 4954 598 5027 propheta
626 4940 867 5025 spiritali
896 4951 1165 5007 cernebat
1190 4951 1331 5013 visu,
1365 4951 1618 5022 quamvis
1643 4968 1773 5005 nec-

168 5043 303 5098 dum
330 5050 504 5099 natus
528 5048 679 5098 esset
705 5042 764 5097 in
794 5058 988 5098 carne.
1023 5030 1093 5096 Et
1113 5038 1242 5096 ideo
1262 5039 1493 5117 dicebat
1536 5057 1665 5106 cccc,
1713 5046 1776 5095 ut

168 5132 517 5199 ostenderet,
548 5131 685 5202 quia
708 5131 822 5196 ille,
854 5129 925 5183 de
955 5146 1065 5200 quo
1094 5129 1430 5201 loquebatur
1471 5134 1773 5200 antequam

168 5228 520 5286 nasceretur,
548 5222 671 5291 jam
701 5225 840 5274 erat.
874 5219 1034 5283 Quod
1073 5218 1120 5273 si
1164 5217 1357 5273 miseri
1394 5217 1774 5287 intelligerent

1794 4468 1845 4528 D

1860 4506 1976 4560 sint
1996 4506 2241 4561 ostendit
2268 4504 2562 4570 Dominus,
2594 4522 2721 4559 cum
2763 4505 2832 4558 de
2877 4519 3165 4575 synagoga
3208 4501 3461 4573 loquitur

1860 4612 1962 4666 per
1990 4596 2131 4650 Osee
2161 4595 2513 4665 prophetam,
2531 4594 2597 4647 Et
2614 4595 2891 4661 auferam,
2908 4592 3110 4665 inquit,
3134 4594 3456 4646 vestimenta

1862 4701 1980 4738 mea
2010 4690 2057 4738 et
2088 4686 2444 4743 linteamina,
2478 4688 2525 4735 et
2552 4684 2830 4735 ostendam
2857 4683 3111 4749 gentibus
3142 4676 3459 4749 turpitudi-

1862 4790 1985 4828 nem
2024 4777 2159 4841 ejus.
2190 4771 2332 4825 Hinc
2364 4770 2577 4841 liquido
2607 4775 2780 4840 patet,
2821 4770 2970 4839 quod
2996 4768 3251 4839 Apostoli
3272 4768 3455 4839 impo-

1857 4867 2095 4916 suerunt
2120 4860 2456 4914 vestimenta
2481 4874 2584 4913 sua
2612 4874 2779 4929 super
2809 4874 2903 4911 eos
2938 4858 2997 4912 in
3039 4856 3334 4928 prophetia
3368 4872 3455 4909 re-

1856 4968 1982 5007 rum
2013 4951 2352 5015 futurarum,
2378 4948 2437 5001 id
2476 4953 2562 5001 est
2582 4948 2865 5011 mandata,
2900 4952 2957 5000 et
2979 4945 3244 5016 gratiam,
3282 4960 3451 5016 quam

1855 5041 1962 5113 ipsi
1993 5057 2027 5094 a
2061 5039 2284 5094 Christo
2308 5039 2431 5107 jam
2460 5041 2808 5106 acceperant,
2835 5042 2891 5089 et
2924 5051 3095 5106 super
3126 5034 3346 5088 Judaeos
3393 5038 3453 5087 et

1857 5130 2067 5183 Gentes
2092 5129 2485 5198 imposuerunt
2502 5125 2636 5178 dum
2660 5123 3018 5178 tradiderunt
3062 5124 3141 5177 eis
3170 5122 3453 5192 baptisma

1855 5218 2069 5280 salutis,
2098 5221 2162 5270 ut
2183 5215 2469 5269 Christum
2492 5213 2808 5275 induerent,
2830 5219 2887 5266 et
2901 5212 3171 5266 mandata
3188 5211 3311 5281 ejus
3338 5226 3453 5265 ser-

165 5309 368 5376 Judaei,
399 5326 761 5382 nequaquam
788 5292 1220 5379 interrogarent,
1247 5308 1313 5362 In
1342 5322 1454 5378 qua
1493 5311 1770 5376 potestate
1854 5311 2064 5359 varent.
2101 5305 2303 5375 Sicque
2334 5302 2619 5357 Christum
2651 5300 2952 5356 Dominum
2984 5300 3225 5371 desuper
3252 5298 3449 5354 sedere

166 5396 275 5452 ista
302 5398 481 5453 facis?
502 5398 649 5462 Quia
668 5397 774 5452 etsi
801 5412 1007 5466 magna
1027 5395 1359 5450 videbantur
1387 5411 1509 5466 quae
1539 5393 1766 5461 ﬁebant,
1851 5394 2124 5464 fecerunt,
2149 5393 2205 5447 id
2228 5399 2314 5447 est
2328 5391 2581 5445 habitare
2608 5408 2709 5463 per
2740 5391 2909 5445 ﬁdem
2948 5389 3007 5444 in
3049 5389 3309 5444 cordibus
3351 5405 3449 5444 eo—

164 5489 391 5559 majora
415 5493 611 5543 tamen
639 5492 771 5542 sunt
798 5492 855 5541 et
881 5470 992 5540 ista
1018 5501 1141 5556 qua
1182 5470 1242 5540 in
1301 5483 1388 5539 his
1438 5486 1769 5555 praeﬁgura-
1850 5500 1996 5539 rum.
2017 5484 2133 5538 Nec
2163 5482 2314 5537 enim
2336 5481 2502 5536 aliter
2538 5480 2906 5553 requiescere,
2929 5479 3015 5534 vel
3036 5480 3234 5534 sedere
3261 5478 3321 5532 in
3365 5477 3444 5530 eis

164 5574 400 5632 bantur.
422 5562 585 5631 Unde
599 5574 949 5655 considerare
968 5578 1208 5645 oportet,
1229 5572 1430 5629 fratres
1459 5573 1768 5645 mei,quam
1851 5573 2126 5653 potuisset
2149 5572 2427 5637 Christus,
2461 5571 2570 5625 nisi
2618 5570 2852 5642 expulsa
2886 5573 3211 5655 vetustate:
3237 5562 3441 5655 obtecti

164 5664 502 5736 perspicuus
528 5648 696 5719 fuerit
720 5644 1124 5734 prophetarum
1152 5666 1428 5734 aspectus,
1452 5644 1631 5732 quam
1644 5678 1767 5731 pro-
1852 5644 1979 5729 inde,
2001 5661 2266 5715 mandata
2287 5661 2410 5730 ejus
2430 5664 2484 5713 et
2502 5658 2744 5728 gratiam
2766 5657 3158 5730 suscepissent.
3181 5654 3261 5707 De
3277 5644 3438 5720 cujus
