3888 6172
521 344 623 404 703

1306 345 1363 402 S.
1402 346 1782 404 PASCHASII
1809 343 2171 402 RADBERTI
2205 341 2509 399 ABBATIS
2545 340 3037 399 CORBEIENSIS.

3602 343 3673 403 704

518 470 773 541 equitatu
794 472 928 526 olim
956 472 1178 527 Abacuc
1194 472 1490 538 cecinerat,
1509 472 1657 542 quod
1686 471 2003 527 ascenderit
2022 486 2111 525 su-
2126 472 2178 531 Α
2192 468 2631 524 edisseruerunt.
2663 468 2770 533 Qui
2799 473 2858 523 et
2879 469 3226 534 vestimenta,
3256 475 3309 525 et
3332 469 3523 526 frondes
3543 471 3598 527 de
3616 487 3679 527 ar-

515 576 619 629 per
636 576 808 630 equos
824 578 974 624 suos,
996 562 1061 615 Et
1082 563 1345 630 equitatio
1368 566 1483 623 tua,
1508 561 1709 631 inquit,
1732 564 1902 615 salus.
1928 561 2036 614 Sed
2057 565 2115 614 et

516 646 705 705 Jacob.
736 665 862 703 cum
897 649 1251 703 benediceret
1276 649 1476 703 Judam
1502 649 1678 703 ﬁlium
1712 666 1897 713 suum,
1929 649 1999 702 de
2025 648 2113 701 his

519 734 737 790 duobus
762 738 1099 792 animalibus
1126 738 1306 807 figura
1317 737 1525 791 Christi
1541 736 2107 809 prephetavitdicens:

517 825 772 892 Attigans
792 828 865 879 ad
885 830 1103 879 vineam
1129 828 1353 894 pullum
1382 843 1569 891 suum,
1593 832 1642 880 et
1663 828 1737 880 ad
1772 829 1955 889 vitem,
1988 842 2017 879 ο
2030 828 2116 892 ﬁli

517 916 623 980 mi,
653 917 868 967 asinam
888 915 1217 979 suam(Gen.
1246 929 1394 979 XXIX,
1433 913 1534 982 ll).
1563 915 1707 984 Ergo
1726 914 2007 984 quodipse
2025 930 2115 967 ex-

515 1000 720 1069 pressit
734 1001 882 1064 vitis,
893 1006 1135 1055 testatur
1148 1002 1267 1072 ipse
1282 1001 1351 1054 de
1364 1018 1423 1055 se
1441 1002 1497 1055 in
1519 1002 1836 1071 Evangelio,
1851 1018 1978 1055 cum
1993 1002 2073 1055 ait
2097 1021 2107 1055 :

517 1087 627 1154 Ego
656 1105 779 1141 sum
809 1093 940 1141 vitis
969 1106 1098 1143 vera
1113 1093 1291 1156 (Joan.
1312 1106 1401 1153 xv,
1424 1090 1487 1157 l).
1508 1090 1593 1143 Ad
1615 1106 1784 1160 quam
1804 1090 1973 1143 vitem
1995 1090 2114 1143 alli-

516 1176 672 1245 gavit
697 1177 891 1246 utique
912 1177 1150 1242 vineam,
1176 1194 1299 1247 quae
1319 1178 1594 1231 translata
1611 1184 1697 1231 est
1717 1177 1773 1230 in
1791 1178 2036 1249 [Egypto
2058 1183 2116 1232 et

515 1264 930 1335 transplantata
950 1271 1038 1319 est
1056 1265 1114 1318 in
1136 1265 1383 1319 Oriente.
1401 1265 1483 1319 Ad
1504 1282 1670 1338 quam
1683 1283 1876 1321 rursus
1895 1267 2114 1320 vineam

516 1351 770 1422 alligavit
799 1353 1011 1423 pullum
1044 1370 1209 1407 suum
1238 1354 1539 1420 novellum,
1571 1354 1628 1408 id
1677 1360 1762 1408 est
1808 1355 2112 1409 Ecelesiam

518 1441 589 1495 de
613 1440 907 1505 Gentibus,
933 1446 991 1494 et
1021 1440 1153 1495 fecit
1166 1441 1312 1495 sicut
1336 1443 1386 1496 N
1390 1459 1456 1496 oe
1476 1442 1573 1507 ait,
1595 1442 1850 1497 habitare
1872 1443 2114 1514 Japheth

515 1527 575 1581 in
605 1528 981 1582 tabernaculis
1013 1529 1162 1583 Sem.
1193 1530 1261 1583 Et
1284 1530 1398 1585 haec
1429 1531 1618 1584 omnia
1662 1548 1773 1586 non
1804 1532 1862 1585 in
1910 1532 2113 1585 virtute

518 1616 918 1686 apostolorum,
951 1617 1046 1671 sed
1080 1617 1137 1671 in
1163 1618 1329 1672 verbo
1354 1618 1561 1673 Christi
1591 1618 1737 1673 facta
1785 1625 1954 1674 sunt:
2005 1621 2111 1674 mi-

518 1704 815 1757 nisterium
846 1706 1069 1776 quidem
1101 1706 1209 1760 fuit
1238 1706 1482 1771 illorum,
1518 1713 1585 1761 ut
1622 1708 1768 1762 irent
1812 1725 1877 1762 ac
1925 1715 2107 1775 εὖτ

2195 558 2440 621 boribus,
2467 576 2589 629 quae
2608 560 2856 629 projecta
2886 563 3019 611 sunt
3046 559 3103 611 in
3131 559 3235 625 via,
3261 561 3495 614 mandata
3510 562 3682 631 legis,et

2196 649 2406 716 figuras
2434 653 2602 716 atque
2633 646 2879 700 diversas
2901 652 3089 711 859
3110 648 3312 717 species
3333 653 3384 701 et
3403 650 3683 703 caeremonias

2193 736 2438 791 Iudaicae
2469 734 2756 804 religionis
2795 735 2988 789 volunt
3026 735 3277 805 intelligi.
3324 736 3442 799 Quae
3476 737 3624 790 omnia
3661 754 3686 790 α

2196 824 2532 878 Christianis
2560 823 2787 877 fuerant
2822 824 3198 891 conculcanda
3224 824 3278 877 in
3324 825 3422 889 via,
3464 824 3512 877 id
3545 832 3611 877 est
3644 825 3685 877 in

2196 913 2452 967 Christo:
2484 918 2541 965 et
2570 911 2697 965 ideo
2726 917 2861 966 tunc
2889 928 2984 965 eos
3016 911 3119 965 sub
3145 911 3369 982 pedibus
3384 913 3688 981 jumentorum

2195 1001 2456 1054 stravisse
2487 1017 2571 1065 ea,
2610 1006 2675 1053 ut
2697 1000 3137 1069 intelligeremus
3164 999 3309 1070 quod
3338 999 3577 1053 mandatis
3597 1016 3690 1070 apo-

2194 1090 2466 1144 stolorum
2496 1094 2553 1142 et
2571 1088 2841 1143 doctrinis
2865 1094 3196 1143 sternuntur
3223 1087 3515 1152 Christiani,
3557 1094 3604 1142 et
3630 1105 3692 1142 ex-

2194 1178 2521 1244 hortantur;
2576 1177 2714 1247 legis
2752 1183 2941 1231 autem
2987 1178 3266 1243 mandata,
3312 1182 3365 1230 et
3406 1178 3690 1233 caeremonie.

2197 1266 2386 1320 omnia
2416 1271 2549 1320 sunt
2571 1265 2806 1337 pedibus
2833 1266 3229 1320 conculcanda.
3252 1266 3371 1321 Non
3394 1265 3551 1319 solum
3571 1264 3695 1335 igitur

2196 1355 2463 1410 mandata
2488 1360 2546 1409 et
2566 1354 2946 1421 caeremonias,
2996 1371 3188 1408 verum
3236 1355 3397 1409 etiam
3439 1359 3490 1409 et
3527 1370 3694 1408 omnem

2192 1444 2431 1515 gloriam
2454 1460 2623 1514 quam
2652 1442 2932 1497 habebant
2965 1459 3030 1497 ex
3076 1443 3219 1514 lege,
3267 1443 3322 1497 hi
3366 1443 3454 1514 qui
3493 1450 3698 1496 venerant

2195 1550 2260 1588 ex
2283 1532 2726 1597 circumcisione,
2759 1534 3139 1603 projecerunt,
3171 1537 3235 1587 ut
3278 1531 3484 1586 Christo
3514 1530 3699 1585 lucriﬁc-

2195 1628 2340 1677 rent.
2373 1622 2552 1686 Quam
2582 1638 2718 1675 sane
2742 1622 3147 1693 expositionem
3183 1622 3398 1676 lectoris
3424 1619 3616 1673 arbitrio
3636 1618 3702 1672 de-

2193 1711 2477 1780 relinquo;
2505 1715 2728 1764 tantum
2758 1715 2820 1763 ut
2845 1726 2969 1779 quae
2996 1716 3158 1780 gesta
3176 1716 3325 1775 sunt,
3358 1710 3564 1779 ﬁguram
3577 1707 3702 1761 totius

515 1791 787 1859 dicerent,
815 1797 949 1861 quia
975 1795 1244 1848 Dominus
1264 1796 1349 1848 Itis
1374 1812 1507 1863 opus
1527 1797 1701 1861 habet,
1726 1814 1791 1850 ac
1810 1798 2107 1861 solverent,
2132 1798 2176 1857 Β
2198 1799 2454 1853 Ecclesia:
2480 1815 2602 1852 esse
2623 1798 2920 1868 intelligat,
2954 1804 3011 1852 et
3053 1798 3398 1870 prophetiam
3441 1811 3701 1867 magnarum

517 1879 719 1934 deinde
748 1888 810 1935 ut
838 1881 1180 1936 vestimentis
1217 1899 1311 1937 eos
1346 1884 1634 1939 vestirent.
1686 1886 1876 1940 Virtus
1923 1891 2113 1939 autem

516 1969 723 2023 Christi
744 1969 869 2035 fuit,
902 1978 966 2025 ut
989 1972 1356 2035 solverentur,
1380 1979 1437 2027 et
1463 1973 1787 2029 auctoritas.
1820 1973 1939 2029 Nec
1961 1974 2111 2028 enim

516 2058 715 2112 tollere
741 2059 1058 2130 potuissent
1081 2062 1343 2130 jumenta
1371 2062 1571 2126 aliena,
1589 2062 1659 2116 ab
1681 2080 1745 2116 eo
1771 2063 1998 2116 domino
2017 2063 2112 2133 qui

516 2164 612 2200 eos
642 2164 752 2202 non
782 2148 1151 2218 cognoscebat
1171 2149 1267 2220 qui
1290 2156 1497 2211 essent,
1529 2151 1637 2205 nisi
1667 2152 1936 2205 Dominus
1957 2152 2114 2206 Chri-

514 2241 637 2289 stus
666 2241 722 2290 et
750 2237 991 2307 Spiritus
1023 2239 1146 2307 ejus
1177 2239 1535 2308 praevenisset
1564 2239 1620 2292 in
1649 2240 1941 2310 prephetia
1967 2239 2116 2294 futu-

514 2340 709 2377 rorum
738 2325 905 2377 corda
936 2325 1314 2385 dominorum,
1358 2333 1413 2379 et
1442 2333 1814 2397 praeparasset
1850 2328 1921 2380 ad
1966 2328 2112 2381 rela-

515 2412 783 2465 xandum.
803 2415 880 2465 Ac
897 2430 998 2483 per
1025 2414 1129 2467 hoc
1158 2415 1425 2485 quidquid
1458 2416 1695 2486 apostoli
1725 2422 2031 2486 potuerunt
2054 2417 2113 2470 in

520 2501 731 2554 mundo
754 2507 867 2555 tam
899 2503 1059 2573 pauci
1078 2510 1134 2556 et
1156 2504 1309 2568 viles,
1343 2510 1524 2556 totum
1550 2505 1726 2558 virtus
1747 2505 1955 2559 Christi
1986 2506 2109 2573 fuit,

516 2594 574 2642 et
597 2590 783 2659 gratia
810 2591 1111 2645 Salvatoris
1136 2592 1255 2645 Dei.

587 2679 845 2732 Plurima
862 2685 1047 2733 autem
1083 2682 1245 2733 turba
1266 2683 1579 2734 sternebant
1600 2686 1920 2736 vestimenta
1934 2699 2035 2736 sua
2053 2686 2115 2736 in

518 2769 608 2819 via
627 2786 643 2831 ;
677 2770 785 2821 alii
809 2773 993 2821 autem
1020 2771 1287 2822 cadebant
1314 2785 1497 2823 ramos
1515 2772 1578 2824 de
1594 2773 1904 2836 arboribus,
1927 2777 2116 2825 etster—

516 2857 716 2910 ﬂebant
742 2859 807 2910 in
838 2860 947 2909 via.
976 2857 1186 2911 Multus
1212 2874 1345 2927 ergo
1364 2858 1603 2929 populus
1624 2858 1960 2913 ascendebat
1986 2876 2113 2914 eum

517 2942 810 2998 Christoin
823 2945 1129 2999 Jerusalem
1153 2966 1163 2999 :
1186 2946 1281 2999 sed
1304 2947 1463 2999 valde
1501 2947 1863 3017 multiplicior
1888 2954 1993 3007 est.
2018 2949 2113 3020 qui

515 3047 619 3100 per
648 3048 743 3084 eos
772 3032 829 3085 in
860 3033 1059 3103 spiritu
1088 3034 1394 3104 prophetia:
1438 3035 1803 3104 figurabatur.
1847 3035 1954 3091 Ubi
1996 3042 2113 3092 tres

2194 1904 2402 1942 rerum.
2437 1887 2596 1941 Unde
2616 1893 2690 1951 et,
2726 1890 2833 1955 Qui
2854 1889 3245 1956 praecedebant,
3287 1892 3334 1940 et
3360 1889 3452 1955 qui
3482 1886 3705 1954 sequeban-

2198 1983 2311 2038 tur,
2340 1978 2655 2030 clamabant
2687 1977 2944 2029 dicentes:
2982 1978 3245 2031 Hosanna
3274 1978 3385 2043 ﬁlio
3405 1975 3575 2039 David,
3601 1974 3705 2026 bene

2194 2067 2373 2119 dictus
2403 2067 2502 2134 qui
2528 2067 2676 2118 venit
2722 2067 2785 2117 in
2838 2066 3062 2118 nomine
3112 2066 3359 2118 Domini.
3410 2061 3581 2118 Turba:
3620 2077 3707 2131 qua

2195 2153 2447 2207 exierant
2474 2170 2599 2207 cum
2627 2170 2693 2207 eo
2740 2153 2809 2206 de
2841 2152 3081 2220 Jericho,
3124 2158 3184 2207 et
3216 2154 3460 2207 viderant
3495 2148 3707 2205 mirabilis

2195 2258 2320 2311 quae
2348 2242 2594 2295 ostendit
2623 2242 2725 2305 eis,
2743 2258 2914 2296 caecos
2942 2241 3311 2307 illuminatos,
3337 2248 3392 2295 et
3409 2241 3707 2296 Lazarumre-

2195 2336 2540 2401 surgentem,
2574 2330 2732 2384 valde
2761 2331 3002 2402 permoti
3030 2331 3340 2396 miraculis,
3369 2336 3423 2384 et
3444 2326 3707 2383 sanitatibus

2196 2437 2335 2490 quas
2363 2420 2626 2490 praestitit
2654 2420 2754 2484 eis,
2780 2419 3111 2474 exsultando
3139 2436 3202 2473 se
3231 2420 3371 2473 forte
3387 2415 3711 2472 transfundunt

2195 2509 2253 2562 in
2285 2510 2497 2573 laudes,
2530 2514 2591 2562 ut
2621 2509 2921 2579 impleatur
2949 2508 3019 2562 ad
3053 2509 3320 2572 litteram,
3356 2507 3491 2578 quod
3518 2521 3601 2576 per
3619 2519 3710 2575 pro-

2194 2598 2420 2668 phetam
2438 2599 2557 2667 jam
2577 2614 2747 2668 supra
2767 2597 2970 2651 dixisse
2983 2597 3364 2663 meminimus,
3393 2595 3565 2651 Gaude
3580 2592 3711 2653 valde,

2199 2688 2315 2740 ﬁlia
2335 2687 2493 2746 Sion,
2506 2685 2704 2755 jubila,
2737 2686 2849 2739 tilia
2877 2686 3227 2753 Jerusalem;
3264 2687 3511 2757 quoniam
3527 2681 3713 2738 nonsine

2197 2790 2403 2843 magna
2437 2773 2619 2827 cordis
2650 2773 3026 2828 exsultatione
3057 2774 3322 2846 populus,
3340 2778 3396 2828 et
3409 2772 3496 2844 qui
3522 2767 3714 2842 praeibat,

2198 2869 2255 2915 et
2278 2862 2373 2933 qui
2403 2862 2761 2934 sequebatur,
2796 2862 2938 2916 forte
2966 2863 3104 2916 talia
3122 2862 3420 2917 clamabat.
3450 2862 3575 2916 Nam
3599 2858 3643 2911 in
3656 2854 3718 2908 his

2196 2955 2433 3022 uterque
2450 2952 2691 3023 populus
2703 2951 3058 3022 intelligitur,
3078 2952 3176 3022 qui
3189 2958 3249 3007 et
3258 2958 3386 3006 ante
3403 2945 3716 3018 Evangelium.

2194 3046 2251 3093 et
2280 3047 2406 3111 post
2432 3040 2488 3093 in
2519 3040 2803 3095 Christum
2833 3040 3234 3109 crediderunt;
3268 3041 3374 3111 ipsi
3395 3053 3609 3109 namque
3624 3038 3720 3088 sunt

515 3118 744 3189 provide
766 3120 903 3173 satis
947 3121 1130 3175 introd
1141 3127 1382 3176 ueuntur
1417 3123 1675 3189 ordines;
1724 3141 1871 3178 unus
1913 3142 2107 3179 eorum
2128 3126 2171 3184 Ο
2193 3128 2287 3199 qui
2316 3134 2373 3182 et
2392 3129 2713 3200 przeeedunt
2741 3136 2799 3183 et
2817 3134 3152 3202 sequuntur.
3172 3130 3381 3185 Omnes
3394 3135 3565 3183 tamen
3588 3137 3720 3178 unum

518 3206 615 3276 qui
645 3222 833 3261 ramos
861 3208 1149 3263 caedebant
1176 3211 1245 3263 de
1274 3210 1584 3276 arboribus,
1622 3218 1679 3266 et
1702 3213 1949 3283 aliquam
1973 3231 2111 3285 prae-

513 3293 790 3365 parabant
817 3295 1034 3351 itineris
1064 3299 1557 3369 pulchritudinem,
1592 3319 1692 3371 per
1739 3302 1887 3372 quod
1941 3305 2111 3373 proﬁ-

514 3382 827 3437 ciscebatur
845 3401 955 3439 una
979 3403 1103 3439 cum
1129 3387 1379 3458 plebibus
1411 3388 1468 3441 in
1497 3390 1828 3443 Jerusalem.
1854 3391 1961 3455 Qui
1983 3393 2113 3446 licet

515 3471 747 3542 perfecti
778 3480 965 3528 essent
994 3475 1052 3528 in
1083 3476 1209 3541 fide,
1244 3482 1301 3530 et
1326 3478 1505 3531 sancti
1526 3478 1583 3531 in
1598 3479 1821 3545 virtute,
1854 3496 1916 3533 ac
1941 3481 2109 3547 docti,

515 3560 791 3615 doctiores
821 3567 1011 3617 tamen
1042 3570 1175 3618 sunt
1201 3578 1257 3619 et
1285 3566 1609 3634 sanctiores,
1628 3574 1796 3638 atque
1829 3569 2114 3639 perfectio-

513 3649 685 3703 resin
716 3651 825 3704 alio
847 3652 1064 3719 ordine,
1098 3654 1192 3725 qui
1223 3654 1416 3709 habitu
1442 3656 1649 3710 Christi
1696 3658 1896 3722 induti,
1941 3676 2112 3713 orna-

513 3744 706 3792 menta
729 3739 1111 3796 doctrinarum
1144 3760 1375 3797 suarum
1397 3750 1454 3798 et
1475 3745 1745 3799 virtutum
1777 3753 1956 3800 vestes
1985 3765 2109 3818 pro-

512 3827 839 3883 sternebant
867 3830 924 3884 in
959 3831 1064 3891 via,
1097 3849 1198 3902 per
1222 3849 1389 3903 quam
1419 3833 1577 3887 asina
1618 3840 1675 3887 et
1703 3835 1907 3905 pullus,
1941 3836 1995 3889 id
2028 3842 2111 3890 est

513 3915 672 3986 plebs
702 3919 951 3973 ﬁdelium
977 3922 1246 3975 transiret
1273 3922 1340 3974 ad
1366 3922 1518 3976 illam
1542 3924 1782 3993 patriam
1804 3926 2107 3991 caelestem,

513 4011 790 4074 quatenus
820 4009 1185 4063 mundissime
1215 4011 1559 4076 incederent,
1603 4029 1673 4065 ne
1712 4013 1767 4066 in
1797 4030 1995 4084 aspera
2020 4013 2108 4068 in-

512 4102 804 4148 currerent
823 4096 963 4160 loea,
986 4098 1329 4152 laborarunt.
1357 4100 1565 4153 Verum
1589 4108 1767 4171 agunt
1786 4102 1903 4157 haec
1923 4110 1985 4156 ut
2007 4119 2110 4158 nec

512 4186 721 4234 terram
749 4183 947 4236 saltem
971 4187 1301 4255 contingant
1328 4205 1508 4258 neque
1532 4206 1718 4244 rerum
1752 4197 2108 4247 terrenarum

514 4266 723 4336 aliquid
748 4270 1068 4338 pulvereum
1090 4292 1102 4340 ;
1127 4274 1221 4326 sed
1240 4276 1475 4329 sintillis
1497 4279 1687 4331 omnia
1708 4280 1874 4349 plana
1894 4282 2110 4336 viarum

513 4354 718 4409 itinera
743 4364 801 4410 et
824 4375 994 4428 prava
1022 4361 1078 4413 in
1110 4362 1386 4415 directum
1418 4365 1573 4418 fiant.
1613 4367 1719 4429 Qui
1747 4369 1875 4421 licet
1927 4371 2110 4440 perfe-

2192 3217 2404 3283 dicunt,
2437 3234 2619 3289 neque
2648 3219 2798 3272 aliud
2828 3220 2923 3290 qui
2944 3218 3289 3290 praecedunt,
3325 3226 3382 3274 et
3407 3216 3543 3272 aliud
3565 3213 3643 3285 qui
3665 3227 3722 3263 se-

2194 3312 2480 3376 quuntur:
2512 3307 2608 3360 sed
2629 3324 2823 3361 omnes
2842 3308 3011 3362 simul
3040 3308 3361 3362 clamabant
3379 3315 3720 3361 consonavoce.

2195 3393 2511 3448 Humanam
2525 3394 2749 3464 quidem
2765 3392 3723 3467 Christidispensationemlaudantes.

2195 3488 2251 3535 et
2273 3483 2519 3536 divinam
2546 3483 2943 3553 praedicabant,
2978 3485 3036 3538 in
3080 3501 3147 3539 eo
3199 3485 3350 3558 quod
3392 3478 3723 3555 praedicabant.

2194 3572 2453 3625 Ilosanna
2475 3574 2590 3639 filio
2608 3573 2803 3637 David,
2841 3574 3147 3627 benedictus
3178 3578 3280 3643 qui
3307 3576 3450 3627 venit
3479 3575 3535 3625 in
3554 3568 3726 3622 nomine

2192 3660 2437 3714 Domini.
2472 3659 2596 3714 Non
2620 3661 2770 3714 enim
2801 3661 2966 3715 aliter
2993 3662 3100 3717 nisi
3133 3663 3286 3717 Deus
3313 3667 3473 3725 esset,
3489 3661 3540 3713 in
3553 3654 3727 3711 nomine

2192 3748 2414 3802 Domini
2444 3749 2631 3803 venire
2653 3750 2947 3820 potuisset.
2973 3751 3079 3805 Sed
3103 3752 3240 3822 quia
3262 3752 3411 3806 Deus
3429 3747 3728 3803 homotactus

2193 3842 2295 3901 est,
2329 3836 2661 3891 mirabiliter
2682 3839 3093 3893 restitutionem
3116 3841 3243 3909 ejus
3276 3838 3578 3910 praedicant,
3598 3833 3646 3885 in
3662 3827 3729 3881 illa

2192 3925 2400 3979 caelesti
2424 3926 2735 3981 Jerusalem
2751 3933 2948 3981 sancta
2970 3946 2983 3994 ;
3006 3927 3064 3981 in
3094 3944 3160 3981 eo
3182 3928 3331 3999 quod
3358 3927 3552 3982 dicitur
3574 3923 3730 3977 Homu-

2194 4031 2267 4068 na
2297 4018 2357 4068 in
2384 4020 2623 4069 excelsis.
2653 4016 2831 4080 Quem
2859 4032 2994 4070 sane
3018 4034 3242 4071 versum
3288 4016 3448 4071 turba
3473 4014 3537 4067 de
3562 4008 3729 4082 psalmo

2191 4104 2495 4158 centesimo
2516 4106 2754 4176 septimo
2783 4105 2999 4160 decimo
3042 4107 3309 4175 assumit,
3356 4105 3448 4177 qui
3488 4098 3729 4157 manifeste

2190 4191 2259 4244 de
2283 4192 2503 4248 Christo
2534 4196 2919 4266 prophetatur,
2956 4202 3014 4250 et
3040 4196 3099 4250 in
3129 4196 3434 4267 synagogis
3467 4192 3730 4246 Judzeorum

2192 4280 2553 4335 celeberrime
2576 4300 2639 4336 ac
2665 4284 2858 4339 crebro
2890 4284 3182 4354 legebatur
3207 4304 3220 4337 ε
3246 4283 3396 4338 unde
3420 4287 3476 4336 et
3489 4272 3732 4350 illipnpulo

2192 4370 2379 4424 notior
2408 4377 2554 4427 erat.
2594 4369 2667 4425 Et
2695 4373 2818 4427 ideo
2849 4380 3146 4429 assumunt
3197 4374 3426 4428 eosdem
3468 4384 3653 4429 versus,
3683 4378 3732 4415 ex

513 4443 717 4498 ctiorcs
741 4446 856 4500 sint
875 4454 932 4500 et
951 4448 1226 4502 doctiores
1246 4451 1403 4511 tales,
1427 4454 1520 4521 qui
1536 4470 1600 4506 eo
1620 4462 1866 4523 aguntur
1881 4438 2103 4528 spiritu,
2125 4438 2173 4495 D
2192 4457 2393 4527 quibus
2422 4459 2768 4525 ostendatur,
2803 4463 2948 4532 quod
2979 4463 3091 4527 ille,
3126 4461 3226 4533 qui
3256 4468 3376 4515 tam
3405 4460 3497 4525 ibi:
3528 4469 3669 4528 quam
3691 4456 3733 4502 εί

512 4547 679 4587 nemo
708 4538 896 4589 tamen
926 4537 993 4589 ad
1024 4537 1245 4591 culmen
1286 4556 1477 4593 eorum
1528 4549 1712 4611 potest
1759 4547 2103 4617 contingere,

514 4622 610 4690 qui
636 4640 730 4676 eos
755 4625 997 4694 primum
1017 4627 1178 4695 jussu
1199 4628 1299 4680 Dei
1329 4633 1385 4682 et
1400 4630 1622 4684 solvunt
1651 4638 1707 4684 et
1730 4632 2016 4689 adducunt
2032 4636 2104 4691 ad

515 4709 820 4779 Christum,
866 4720 923 4767 et
946 4720 1206 4769 sternunt
1233 4724 1564 4772 ornamenta
1579 4720 1849 4775 virtutum
1877 4740 2107 4778 suarum

512 4814 681 4868 super
710 4816 823 4863 eos,
854 4819 1095 4874 eumque
1125 4804 1363 4876 desuper
1392 4808 1586 4861 sedere.
1615 4807 1843 4864 faciunt.
1880 4794 1949 4865 Et
1976 4813 2109 4882 quia

511 4887 694 4941 omnis
717 4892 1081 4960 comparatio,
1105 4893 1274 4947 etiam
1286 4896 1591 4950 secundum
1611 4899 1934 4952 saecularem
1957 4900 2104 4954 litte-

509 4980 782 5043 raturam,
805 4978 861 5032 in
883 4980 1062 5035 tribus
1082 4985 1739 5055 comparaturgradibus,
1766 4988 1894 5057 jure
1920 4989 2104 5044 omnis

510 5066 645 5119 ordo
674 5069 1074 5137 apostolorum,
1109 5088 1315 5141 eosque
1347 5073 1709 5139 imitantium,
1761 5078 2101 5148 perfectissi-

508 5171 633 5208 mus
656 5162 885 5210 vocatur
904 5163 1073 5228 atque
1099 5161 1502 5217 sanctissimus.
1527 5165 1590 5218 In
1624 5165 1824 5235 quibus
1854 5166 2099 5236 profecto

506 5243 687 5297 tribus
715 5245 1024 5307 ordinibus,
1061 5247 1279 5301 favente
1310 5250 1442 5315 Deo,
1475 5269 1639 5307 nemo
1675 5255 1781 5307 nisi
1816 5254 1991 5309 bonus
2042 5262 2102 5310 et

505 5330 737 5386 devotus
768 5333 823 5388 in
846 5336 972 5399 fide,
1000 5336 1112 5389 Deo
1133 5345 1509 5407 comparatur,
1542 5348 1605 5395 ut
1630 5343 1837 5397 Christi
1858 5345 2101 5399 Ecclesia

508 5419 579 5471 ad
610 5419 762 5474 illam
796 5424 1076 5477 cmlestem
1126 5425 1453 5491 Jerusalem,
1512 5436 1661 5483 recto
1705 5432 1924 5498 itinere,
1980 5434 2101 5503 ipso

506 5508 857 5578 prtesidente,
915 5512 1207 5582 dirigatur.
1241 5515 1368 5569 Haec
1392 5533 1491 5586 pro
1519 5524 1684 5589 captu
1712 5527 1902 5575 nostro
1925 5521 1993 5575 de
2014 5522 2103 5576 his

504 5596 709 5669 dixisse
740 5599 999 5665 sufficiat,
1034 5602 1162 5656 licet
1190 5603 1284 5658 alii
1315 5604 1478 5675 longe
1522 5607 1687 5660 aliter
1730 5608 1879 5662 hunc
1919 5610 2102 5665 locum

2192 4544 2341 4611 alibi,
2375 4548 2871 4617 repromittebatur
2913 4552 2981 4605 de
3024 4568 3232 4621 genere
3282 4550 3458 4605 David
3494 4550 3729 4600 venturus.

2186 4634 2303 4703 jam
2335 4636 2550 4690 venerit
2578 4637 2891 4693 salvaturus
2920 4641 3110 4706 Israel,
3148 4641 3373 4695 dicente
3400 4635 3561 4693 David
3588 4633 3637 4685 in
3660 4643 3731 4681 eo-

2191 4724 2316 4776 dem
2329 4725 2542 4794 psalmo
2560 4743 2571 4778 :
2588 4727 2843 4795 Lapidem
2858 4745 3013 4797 quem
3028 4718 3736 4797 reprobaverunt8593’dl'

2188 4815 2428 4879 licentes,
2469 4814 2558 4867 hic
2594 4818 2775 4882 factus
2804 4822 2876 4869 est
2910 4820 2971 4870 in
3005 4822 3165 4885 caput
3203 4820 3427 4885 anguli.
3460 4816 3499 4869 A
3542 4810 3733 4867 Domine

2187 4904 2397 4968 factum
2429 4908 2500 4955 est
2532 4906 2702 4969 istud,
2734 4910 2782 4957 et
2813 4910 2885 4958 est
2922 4906 3179 4958 mirabile
3222 4910 3287 4959 in
3335 4906 3505 4959 oculis
3545 4898 3730 4955 nostris.

2186 4994 2297 5043 etc.
2337 4993 2506 5052 (Psat.
2554 5006 2626 5056 xI,
2682 4991 2768 5057 ‘22,
2818 4991 2943 5059 23.)
2988 4993 3147 5047 Unde
3195 4999 3254 5047 et
3307 4990 3731 5063 evangelistarum

2186 5079 2464 5150 scriptura
2491 5087 2912 5147 commemorat,
2946 5098 3071 5136 mox
3100 5081 3419 5138 Pharisaeos
3467 5087 3520 5135 et
3554 5072 3734 5132 Scribas

2184 5167 2253 5220 ob
2285 5168 2388 5221 hoc
2416 5168 2755 5239 indignatos,
2785 5171 2932 5241 quod
2964 5171 3223 5226 viderunt
3246 5172 3533 5243 populum,
3569 5158 3734 5237 psalmi

2183 5256 2533 5327 prophetiam
2557 5276 2726 5329 super
2744 5260 2965 5313 Christo
2986 5257 3669 5330 intellexissecompletam.
3693 5253 3737 5301 εἴ

2182 5345 2486 5399 clamantes
2512 5364 2732 5418 pueros,
2763 5349 3020 5403 Ilosanna
3044 5352 3160 5417 ﬁlio
3181 5351 3375 5414 David,
3397 5355 3454 5403 et
3474 5344 3657 5401 dixisse
3677 5338 3731 5393 ei.

2181 5434 2353 5487 Audis
2383 5437 2520 5503 quid
2554 5438 2651 5489 isti
2673 5438 2911 5491 dicunt?
2939 5444 2996 5491 et
3034 5440 3222 5493 Jesum
3264 5436 3605 5509 respondisse
3652 5428 3730 5487 eis,

2184 5540 2478 5592 nunquam
2508 5528 2732 5592 legistis,
2768 5527 2849 5581 Ea:
2877 5543 2968 5581 ore
3000 5530 3313 5595 infantium
3352 5533 3401 5581 et
3450 5523 3733 5580 laetantium

2182 5614 2455 5681 perfecisti
2477 5614 2716 5669 laudem.
2749 5614 2886 5669 Ecce
2911 5621 2976 5670 ut
3006 5617 3205 5683 cernis,
3252 5615 3448 5679 lector,
3491 5612 3557 5667 de
3588 5620 3734 5664 asser-
