3888 6172
517 144 621 203 707

1227 203 1233 210 _
1276 141 1334 197 s.
1376 140 1759 198 rascmsn
1799 139 2163 196 RADBERTI
2200 138 2504 211 ABBATIS
2542 103 3035 211 CORBEIENsis.

3602 147 3681 219 70.8

513 274 774 341 gnantes,
802 268 897 324 isti
926 284 1039 323 non
1064 271 1280 323 tacent.
1317 265 1479 320 Unde
1510 270 1567 319 et
1593 264 1673 317 illi
1698 263 1878 333 magis
1906 264 2169 333 magis-A
2189 262 2417 327 festum,
2461 267 2598 334 quot
2636 263 2815 316 millia
2864 261 3232 330 sacerdotum,
3271 266 3395 334 quot
3416 266 3683 337 mutarum,

517 373 627 430 que
655 358 785 413 inde
834 356 1220 422 movebantur,
1269 354 1561 410 audientes
1605 369 1728 406 rem
1776 351 2108 417 mirabilem,

516 448 668 520 quod
686 448 854 501 homo
876 445 1213 500 laudabatur
1241 462 1275 499 a
1302 443 1503 513 turbis,
1525 448 1587 496 ut
1606 443 1753 496 Deus
1772 440 2112 512 praedicaba—

513 540 612 590 tur
637 536 697 590 in
722 534 968 590 homine.
1001 534 1232 588 Poterat
1256 533 1377 586 ﬁeri
1407 537 1471 585 ut
1497 531 1739 601 Spiritus
1768 535 1994 584 sanctus
2023 547 2114 583 su-

516 624 634 679 bito
663 624 942 695 aspiraret
964 623 1022 676 in
1052 639 1166 679 eos.
1196 638 1297 675 nec
1324 620 1708 690 intelligerent
1732 619 1922 673 animo
1946 618 2115 673 verba

518 729 642 784 quae
665 712 977 767 fundebant
990 710 1260 764 veritatis.
1286 709 1405 764 Sed
1416 725 1529 762 non
1558 714 1643 762 est
1670 707 2032 772 credendum,
2050 711 2115 761 ut

518 816 615 857 eos
641 818 837 856 omnes
862 801 943 855 sic
981 799 1222 869 Spiritus
1250 803 1477 851 sanctus
1523 797 1677 851 intus
1726 797 1965 861 amaret,
2017 796 2113 865 qui

517 889 920 963 praecedebant,
956 894 1012 941 et
1042 887 1135 958 qui
1180 885 1578 957 sequebantur,
1622 902 1693 939 ne
1731 884 2112 954 intelligerent

519 979 654 1051 quid
677 977 954 1043 dicebant,
994 992 1182 1051 neque
1207 976 1415 1029 scirent
1462 974 1595 1045 quid
1641 974 1906 1027 facerent.
1949 972 2111 1037 Quod

518 1067 690 1122 etiam
721 1065 949 1137 quidam
978 1066 1300 1119 Graecorum
1317 1070 1433 1117 tam
1460 1064 1529 1117 de
1550 1063 1692 1125 istis,
1708 1079 1873 1133 quam
1898 1062 1967 1116 de
1988 1078 2112 1137 pro-

516 1155 702 1228 phetis
731 1154 916 1208 dicere
944 1154 1258 1208 voluerunt.
1296 1152 1549 1206 Profecto
1594 1168 1723 1205 cum
1764 1151 1857 1204 isti
1904 1151 1962 1203 in
2010 1167 2112 1204 sua

516 1244 827 1314 loquuntur
844 1242 1057 1312 lingua,
1076 1246 1133 1295 et
1152 1257 1219 1294 ex
1238 1240 1571 1294 auctoritate
1593 1245 1780 1315 βυτ
1800 1240 2030 1304 Psalmi,
2049 1243 2114 1293 ut

519 1332 654 1399 dixi,
679 1330 777 1386 ubi
807 1331 986 1384 multa
999 1330 1263 1383 dicuntur
1281 1329 1350 1382 de
1366 1328 1610 1393 Christo,
1635 1328 1773 1381 illud
1790 1328 2108 1383 decantant.

520 1420 591 1475 Et
619 1420 859 1474 maxime
888 1435 1018 1473 eum
1048 1418 1265 1487 eligunt
1294 1433 1536 1483 versum,
1578 1417 1637 1471 in
1687 1434 1795 1488 quo
1842 1418 2111 1471 adventus

520 1509 645 1577 ejus
656 1508 727 1561 ad
740 1524 833 1561 eos
848 1507 1202 1578 prmdicatur,
1237 1511 1294 1559 et
1314 1506 1587 1560 Divinitas
1603 1512 1772 1575 atque
1794 1506 2111 1559 humanitas

2194 358 2331 422 quot
2350 350 2642 405 hominum
2660 356 3056 406 convenerant.
3070 350 3225 405 Unde
3243 348 3550 426 ﬁiteorplane
3562 356 3686 427 quod,

2193 456 2295 511 pro
2326 439 2629 510 exiguitate
2674 456 2871 494 sensus
2901 440 3033 505 mei,
3066 455 3177 493 non
3201 439 3317 495 dico
3344 443 3576 514 explicem
3604 462 3692 499 ver-

2194 528 2302 591 bis,
2335 545 2525 581 verum
2555 543 2656 582 nec
2684 528 2953 581 admirari
3005 527 3172 599 digne
3203 545 3337 599 queo
3363 546 3422 584 ea
3446 548 3548 603 qua:
3571 532 3694 587 dictis

2194 622 2588 683 contexuntur,
2622 633 2813 687 quaeve
2837 617 2986 671 facta
3012 624 3324 684 narrantur,
3354 618 3472 673 dum
3494 620 3610 674 mira
3628 637 3698 690 ge-

2195 711 2411 759 storum
2444 706 2604 759 miris
2652 705 2961 760 succedunt
3010 705 3194 760 rebus.
3225 706 3407 777 Neque
3433 707 3558 762 enim
3580 709 3697 763 effari

2196 794 2660 866 queo,’quomodo
2684 794 2743 847 in
2769 811 2883 847 uno
2912 793 3220 864 eodemque
3238 794 3443 848 Christo
3458 795 3611 849 divina
3633 813 3697 850 re-

2193 883 2410 953 fulgent
2441 881 2736 951 miracula,
2767 886 2825 936 et
2872 888 3245 953 cooperantur
3279 881 3514 936 humanis
3538 883 3700 938 actibus

2193 972 2251 1025 in
2291 988 2402 1025 una
2433 970 2643 1024 Christi
2683 985 2960 1040 persona:
3003 974 3062 1023 et
3097 985 3219 1039 qua:
3256 968 3581 1023 humanitatis
3612 972 3701 1039 ejus

2192 1045 2343 1125 sunt,
2376 1059 2681 1113 sustollant
2703 1074 2763 1112 se
2786 1063 2843 1111 et
2877 1057 3213 1129 copulantur
3238 1056 3455 1111 divinis:
3480 1058 3548 1111 ita
3564 1064 3703 1113 utnec

2193 1147 2383 1201 divina
2399 1148 2539 1201 ﬁant
2556 1145 2679 1201 sine
2709 1146 3061 1200 humanitate
3088 1144 3312 1211 Christi,
3335 1161 3429 1199 nec
3451 1145 3705 1200 humanitas

2194 1241 2458 1306 operetur
2485 1235 2697 1305 aliquid
2727 1234 2851 1288 sine
2879 1233 3183 1288 Divinitate
3212 1250 3313 1287 sua
3353 1233 3474 1310 Quae
3496 1233 3704 1288 nimirum

2191 1324 2420 1395 gemina
2435 1324 2703 1395 Operatio,
2737 1323 2815 1377 sic
2842 1323 2901 1377 in
2921 1339 3033 1377 uno
3059 1322 3413 1394 conjungitur
3433 1323 3636 1388 Christo,
3660 1331 3707 1377 ut

2192 1418 2373 1467 totum
2399 1413 2769 1482 intelligatur,
2802 1411 2938 1482 quid
2964 1412 3099 1477 Deo,
3121 1412 3253 1481 quid
3282 1410 3496 1476 homini,
3515 1410 3709 1465 tribuere

2193 1501 2515 1556 debeamus.
2567 1501 2702 1564 Quae
2737 1505 2929 1554 tamen
2970 1516 3004 1553 a
3045 1500 3317 1570 principio
3358 1499 3620 1570 Evangelii,
3656 1499 3712 1551 sic

522 1573 646 1666 ejus
670 1595 837 1650 simul
849 1573 920 1649 in
950 1612 1064 1649 una
1092 1611 1332 1666 persona
1371 1573 1706 1648 ostenditur.
1742 1595 1812 1647 Et
1839 1600 1903 1648 ut
1932 1595 2113 1647 mani-
2131 1573 2177 1632 Β
2197 1590 2495 1643 sententia)
2523 1589 2911 1657 sententiis,et
2936 1587 3208 1642 miracula
3225 1588 3493 1642 miraculis
3511 1587 3713 1664 copulae

520 1683 717 1738 festior
744 1688 893 1738 esset
911 1700 1128 1747 sensus,
1149 1683 1365 1737 addunt
1389 1683 1658 1736 divinitus
1678 1683 1957 1753 inspirati,
1980 1699 2044 1736 ac
2069 1683 2116 1737 si

522 1771 593 1826 de
621 1788 744 1839 suo,
774 1772 914 1826 illud
945 1773 1105 1842 juxta
1134 1772 1404 1836 Marcum,
1436 1773 1785 1825 Benedictum
1807 1774 1949 1839 quod
1968 1774 2118 1825 venit

521 1875 759 1929 regnum
783 1862 965 1929 patris
993 1863 1174 1914 nostri
1198 1861 1393 1925 David,
1419 1864 1475 1912 et
1504 1864 1787 1931 repetunt,
1813 1876 2023 1913 osanna
2052 1862 2114 1913 in

522 1952 757 2004 excelsis.
782 1948 942 2012 Quod
956 1948 1125 2002 etiam
1142 1948 1493 2019 interrogati,
1511 1948 1752 2001 ﬁdeliter
1774 1964 2117 2019 prosequun-

520 2041 636 2103 tur,
668 2042 727 2092 et
753 2037 1059 2109 praedicant
1081 2053 1209 2091 eum
1232 2036 1381 2090 hunc
1395 2053 1518 2090 esse
1549 2037 1895 2090 Salvatorem
1918 2042 1975 2090 et
1994 2053 2118 2106 pro-

520 2127 754 2200 phetam
796 2143 831 2180 a
888 2127 1186 2180 Nazareth.
1220 2126 1378 2180 Unde
1410 2130 1595 2197 potest
1635 2126 1777 2191 ﬁeri,
1810 2135 1873 2179 ut
1902 2141 1967 2178 ea
1993 2141 2118 2195 qua;

520 2221 699 2286 agunt
718 2214 884 2269 rebus
903 2214 1187 2269 nescirent
1204 2214 1337 2285 quid
1356 2214 1675 2268 futurorum
1698 2213 1755 2267 in
1770 2231 1829 2267 se
1846 2230 2117 2284 praemon-

520 2303 798 2359 strabant.
822 2304 939 2357 Hoc
953 2310 1144 2357 tamen
1158 2319 1273 2356 non
1302 2308 1525 2373 oportet
1546 2302 1903 2369 credere,ubi
1923 2319 2115 2357 omnes

522 2391 761 2463 apostoli
790 2397 846 2445 et
873 2391 1036 2445 multi
1067 2391 1161 2444 alii
1190 2390 1610 2461 discipulorum,
1664 2390 1833 2443 simul
1870 2407 1996 2445 cum
2027 2407 2117 2457 eo,

524 2480 620 2550 qui
644 2480 764 2550 jam
793 2479 1167 2543 crediderant,
1200 2478 1631 2532 comitabantur.
1667 2479 1898 2533 Necnon
1921 2485 1977 2533 et
1997 2495 2116 2532 mu-

519 2567 688 2622 lieres
717 2585 840 2639 quae
879 2583 1007 2621 cum
1037 2583 1101 2621 eo
1133 2584 1165 2621 a
1189 2567 1418 2621 Galilaea
1448 2573 1735 2632 venerant,
1768 2584 1880 2621 non
1907 2568 2115 2621 intelli-

518 2662 738 2727 gerent.
770 2656 839 2710 Et
860 2655 1027 2711 turba
1056 2673 1178 2727 quae
1207 2662 1292 2711 tot
1318 2656 1588 2710 miracula
1617 2656 1851 2722 viderat,
1886 2658 2115 2711 omnino

520 2760 635 2799 non
661 2744 733 2799 ob
764 2745 915 2799 aliud
930 2746 1048 2800 haec
1064 2746 1271 2810 omnia,
1291 2745 1400 2800 nisi
1433 2746 1503 2800 ad
1529 2746 1755 2800 laudem
1778 2752 1834 2799 et
1851 2746 1971 2814 ejus
2000 2746 2117 2814 glo-

520 2833 665 2887 riam
693 2832 958 2904 agebant,
999 2834 1089 2888 cui
1125 2850 1369 2887 consona
1414 2851 1548 2888 voce
1580 2839 1693 2887 tam
1724 2833 1988 2886 miriﬁcus
2016 2833 2115 2887 de-

2194 1683 2307 1742 tur,
2344 1683 2408 1731 ut
2430 1679 2594 1748 juxta
2624 1677 2986 1743 Ezechielem,
3020 1678 3172 1731 intus
3201 1682 3260 1731 et
3293 1674 3420 1730 toris
3460 1676 3604 1751 plena
3630 1676 3713 1729 sint

2198 1765 2390 1829 oculis,
2417 1782 2601 1834 neque
2621 1765 2817 1820 sinunt
2832 1764 3112 1835 respirare
3139 1766 3418 1833 lectorem,
3442 1764 3541 1818 nisi
3562 1768 3611 1817 et
3626 1778 3714 1833 qua

2198 1853 2299 1907 Dei
2327 1858 2475 1919 sunt,
2506 1859 2563 1907 et
2592 1870 2714 1929 qua:
2745 1853 2987 1908 hominis
3015 1854 3075 1907 in
3100 1869 3214 1908 uno
3237 1854 3526 1924 eodemque
3548 1851 3716 1907 Christo

2197 1944 2365 1999 simul
2388 1946 2723 2015 junguntur.
2755 1946 2967 2001 Idcirco
3000 1962 3123 2017 quae
3150 1962 3301 2001 nunc
3327 1945 3720 2016 agunturintem-

2198 2033 2310 2103 plo,
2353 2033 2456 2087 etsi
2481 2035 2643 2104 juxta
2693 2034 3101 2088 humanitatem
3139 2036 3265 2105 ejus
3314 2035 3453 2088 facta
3500 2032 3717 2090 videntur.

2199 2120 2331 2192 quia
2354 2122 2499 2175 mira
2522 2128 2673 2188 sunt,
2698 2122 2885 2177 divina
2913 2130 3102 2177 tamen
3124 2139 3249 2177 esse
3268 2122 3571 2194 probantur,
3591 2134 3722 2190 eaque

2197 2209 2320 2280 ipsa
2353 2226 2475 2280 qum
2506 2217 2638 2265 tunc
2656 2211 2831 2280 gessit
2846 2211 3015 2277 Deus,
3048 2210 3218 2266 homo
3248 2211 3307 2265 in
3335 2210 3505 2282 specie
3531 2205 3722 2283 quotidie

2197 2297 2465 2352 divinitus
2493 2305 2758 2370 operatur
2786 2299 2844 2353 in
2871 2316 3095 2370 genere.
3130 2300 3293 2355 Unde
3337 2299 3563 2371 primum
3584 2296 3724 2349 videa-

2198 2403 2323 2440 mus
2352 2388 2427 2441 acl
2450 2388 2699 2441 litteram
2730 2404 2852 2469 quae
2883 2401 3016 2443 sunt
3065 2405 3132 2443 ea
3187 2406 3313 2460 quae
3341 2387 3543 2453 evertit,
3588 2392 3634 2440 et
3654 2381 3723 2456 qui

2198 2474 2313 2528 sint
2345 2492 2484 2546 quos
2514 2477 2701 2545 ejeoit,
2743 2482 2801 2530 et
2842 2493 2953 2531 non
2988 2478 3215 2532 aliunde
3257 2493 3423 2548 quam
3461 2477 3524 2530 de
3549 2473 3723 2544 templo.

2198 2564 2380 2618 Nimis
2411 2564 2561 2618 enim
2591 2566 2774 2619 omnis
2799 2566 2997 2636 religio
3040 2566 3243 2638 templi
3286 2565 3355 2620 ob
3382 2564 3638 2620 avaritiam
3660 2577 3725 2615 sa-

2197 2652 2507 2719 cerdotum,
2540 2653 2749 2708 violata
2778 2660 2917 2719 erat,
2951 2672 3081 2709 cum
3119 2662 3177 2711 et
3202 2654 3372 2710 boves
3409 2662 3462 2709 et
3485 2668 3612 2719 oves,
3650 2666 3722 2704 seu

2198 2747 2399 2795 caetera
2452 2759 2574 2813 qua:
2623 2742 2682 2796 in
2715 2743 2997 2797 sacrificiis
3040 2743 3421 2799 offerebantur
3462 2741 3651 2806 divinis,
3685 2739 3727 2792 in

2198 2830 2408 2900 templo
2440 2832 2873 2898 (sicutJoannes
2901 2832 3121 2904 plenius
3164 2834 3438 2901 insinuat)
3465 2831 3655 2886 venalia
3671 2829 3730 2881 in-

521 2920 825 2989 cantabant
845 2922 1063 2975 laudes.
1095 2922 1218 2976 Non
1245 2923 1386 2987 dico,
1421 2922 1568 2992 quod
1596 2921 1715 2975 sine
1745 2921 1959 2991 Spiritu
1993 2938 2115 2975 san-
2133 2917 2663 2993 Ctroducebantur;
2688 2921 2769 2973 ita
2799 2927 2863 2974 ut
2890 2920 2949 2974 in
2971 2937 3036 2975 eo
3059 2920 3199 2974 nihil
3229 2922 3383 2976 aliud
3407 2936 3560 2992 quam
3577 2913 3730 2972 nundi~

520 3014 610 3063 cto
643 3010 754 3066 ista
780 3015 1035 3079 agerent,
1069 3010 1165 3063 sed
1193 3010 1361 3063 etiam
1393 3010 1540 3079 quod
1574 3009 1816 3079 agebant
1849 3010 2116 3064 divinitus

521 3096 800 3172 inspirati,
842 3092 1035 3149 totum
1062 3095 1257 3150 devote
1282 3113 1346 3150 ac
1383 3098 1518 3150 satis
1553 3098 1812 3167 religiose
1850 3098 2118 3169 agebant,

521 3199 624 3254 pro
654 3182 912 3238 omnibus
941 3200 1063 3265 quae
1108 3183 1177 3237 ab
1208 3200 1276 3238 eo
1317 3185 1558 3254 gloriose
1592 3186 1758 3247 nimis
1796 3186 1943 3240 facta
1968 3188 2116 3249 vide-

520 3275 651 3325 rant
679 3272 767 3325 vel
795 3272 1110 3326 audierant.
1167 3273 1289 3337 Qua
1336 3273 1405 3326 de
1438 3290 1606 3337 causa
1635 3274 1844 3329 Christi
1874 3276 2116 3330 Ecclesia

524 3359 724 3427 eadem
742 3365 903 3441 gesta
913 3376 1014 3439 per
1032 3360 1282 3431 singulos
1295 3378 1471 3417 annos
1491 3363 1753 3417 decenter
1767 3371 1897 3418 ante
1907 3364 2113 3420 festum

522 3446 671 3501 diem
703 3448 925 3503 Pascha;
950 3451 1011 3502 in
1040 3450 1371 3505 memoriam
1401 3467 1596 3513 eorum
1626 3469 1748 3523 quae
1778 3460 1938 3523 gesta
1954 3460 2107 3518 sunt,

522 3540 581 3590 et
610 3535 668 3591 in
698 3537 1035 3608 exemplum,
1074 3538 1442 3603 concelebrat.
1484 3540 1747 3595 Ferentes
1776 3542 1982 3612 singuli
2021 3559 2115 3595 ra-

521 3641 644 3679 mos
667 3624 931 3693 arborum
952 3626 1196 3691 virentes
1226 3644 1352 3682 cum
1386 3628 1587 3698 palmis
1618 3634 1675 3697 et
1698 3629 1948 3694 ﬂoribus,
1974 3647 2038 3685 ac
2067 3630 2113 3685 si

520 3712 769 3769 victricia
797 3713 1005 3768 Christi
1035 3715 1214 3785 signa,
1239 3716 1296 3770 in
1334 3717 1594 3781 manibus
1619 3736 1631 3784 ;
1653 3718 1963 3787 gaudentes
1992 3721 2114 3789 ejus

521 3801 690 3871 digne
716 3803 1032 3873 gloriﬁcare
1053 3804 1327 3875 passionis
1345 3806 1716 3877 triumphum,
1736 3812 1793 3860 et
1811 3808 2112 3879 praedicare

519 3891 593 3946 ad
619 3890 774 3947 illam
802 3893 1086 3948 cmlestem
1102 3894 1454 3953 Hierusalem
1472 3896 1629 3950 valde
1653 3896 1963 3957 mirabilem
1985 3915 2112 3959 cum

519 3983 723 4055 palmis
754 3984 1069 4039 victricibus
1090 3984 1428 4065 ingressum.
1460 3986 1744 4057 Sequitur.

590 4071 659 4125 Et
686 4074 941 4127 introivit
976 4075 1129 4140 Jesus
1160 4077 1223 4128 in
1250 4078 1513 4141 templum
1540 4076 1655 4141 Dei,
1676 4079 1724 4127 et
1741 4076 1984 4143 ejicicbat
1999 4093 2112 4129 om-

2198 3023 2282 3061 na:
2312 3007 2653 3075 viderentur,
2691 3014 2747 3063 et
2789 3008 2942 3063 ferus
2973 3010 3283 3064 venalium.
3320 3009 3418 3065 Ubi
3440 3025 3556 3064 cum
3577 3007 3732 3060 intras-
3840 3020 3841 3075 ᾗ

2198 3102 2284 3149 set
2313 3095 2577 3166 primum,
2611 3102 2668 3150 et
2693 3097 2942 3163 vidisset,
2966 3098 3112 3153 sicut
3141 3100 3369 3154 Marcus
3390 3103 3568 3153 narrat
3582 3095 3731 3162 (Marc.

2196 3198 2270 3251 χι,
2308 3183 2415 3251 ll),
2450 3186 2869 3255 Circumspectis
2897 3190 3172 3254 omnibus,
3193 3203 3269 3243 ne
3288 3179 3732 3242 inconsideratela-

2196 3277 2365 3339 ceret,
2388 3277 2514 3343 jam
2554 3290 2766 3343 vespere
2794 3277 2958 3343 facta,
2999 3279 3172 3330 exivit
3208 3280 3277 3343 in
3332 3276 3592 3338 Bethania,
3615 3270 3732 3326 unde

2194 3381 2359 3429 mane
2380 3383 2669 3437 regressus
2698 3373 2757 3421 et
2774 3368 3059 3447 ingressus
3071 3368 3128 3422 in
3148 3369 3385 3440 templo,
3405 3367 3559 3439 coepit
3575 3363 3733 3435 ejicere

2196 3453 2341 3508 facto
2364 3456 2586 3525 ﬂagello
2618 3455 2686 3510 de
2719 3455 2961 3510 restibus
2989 3473 3183 3511 omnes
3210 3458 3512 3512 vendentes
3530 3461 3734 3519 etemen-
3840 3474 3841 3477 η

2195 3547 2299 3596 tes.
2332 3544 2477 3596 Nam
2507 3561 2572 3598 eo
2595 3545 2653 3599 in
2681 3550 2937 3616 tempore
2966 3545 3036 3599 de
3055 3546 3274 3601 cunctis
3300 3562 3440 3618 pene
3468 3540 3734 3615 regionibus

2195 3631 2512 3686 Judseorum
2522 3633 2673 3698 ,illuc
2685 3635 2924 3712 populus
2945 3634 3315 3705 conﬂuxerat,
3334 3630 3736 3690 innumerabiles-

2197 3736 2304 3801 que
2332 3720 2771 3785 immolabantur
2792 3722 3006 3788 hostiae,
3038 3723 3284 3777 maxime
3306 3725 3364 3778 in
3394 3722 3576 3777 diebus
3595 3717 3737 3782 festis,

2194 3814 2487 3863 taurorum
2518 3810 2750 3873 scilicet,
2775 3811 3015 3865 arietum
3035 3817 3093 3877 et
3112 3812 3421 3873 hircorum,
3438 3817 3736 3867 cancrorum-

2195 3913 2306 3969 que
2335 3898 2662 3961 animalium
2693 3915 2814 3971 quae
2844 3900 3056 3959 munda
3084 3901 3144 3954 in
3173 3901 3301 3973 lege
3330 3901 3651 3965 dicebantur.
3670 3895 3736 3950 ln-

2192 3991 2421 4043 venerat
2468 4003 2600 4065 ergo
2630 3989 2982 4047 sacerdotum
3019 3978 3319 4062 cupiditas,
3344 3996 3410 4045 ut
3435 3992 3549 4053 hac
3567 3984 3737 4049 omnia,

2195 4090 2264 4128 ne
2289 4075 2388 4129 ulli
2426 4075 2645 4130 deesset
2677 4077 2825 4153 quod
2866 4078 3091 4141 offerret
3127 4077 3472 4143 haberentur
3493 4079 3548 4131 in
3567 4070 3735 4155 templo

519 4175 614 4213 nes
635 4161 916 4213 uendentes
944 4165 993 4213 et
1022 4166 1251 4221 ementes
1278 4165 1339 4215 in
1373 4165 1587 4230 templo,
1620 4167 1668 4219 et
1694 4180 1908 4221 mensas
1941 4180 2108 4219 num-
2123 4186 2175 4246 D
2192 4163 2444 4231 venalia;
2469 4169 2526 4219 et
2546 4182 2615 4220 ne
2636 4150 2785 4225 ullus
2811 4183 2877 4227 ex
2904 4165 3246 4239 pauperibus
3262 4184 3331 4222 ea
3348 4172 3527 4234 864
3546 4165 3625 4219 die
3636 4152 3736 4215 abs-

519 4249 902 4300 mulariorum
923 4253 973 4300 et
992 4250 1276 4302 cathedras
1295 4251 1648 4303 vendentian
1672 4254 1947 4307 columbas
1967 4270 2109 4307 ever-

521 4336 607 4404 tit.
624 4332 880 4387 Primum
897 4339 999 4399 est,
1024 4340 1089 4388 ut
1100 4336 1444 4391 admiremur
1462 4342 2108 4413 rem_gestam,quoniarn

517 4437 690 4493 supra
718 4428 981 4487 naturam
1026 4422 1395 4483 humanitatis
1444 4431 1546 4484 est,
1594 4425 1655 4481 id
1690 4432 1774 4480 est
1801 4430 2107 4486 secundum

518 4509 668 4587 quod
686 4509 981 4577 videbatur
1002 4510 1147 4573 fabri
1167 4516 1225 4564 et
1262 4511 1452 4565 Mariae
1476 4515 1827 4584 pauperculae
1856 4518 2106 4573 mulieris

514 4598 635 4669 ipse
653 4614 867 4670 pauper
885 4599 1056 4663 ﬁlius,
1068 4604 1133 4661 ut
1154 4604 1311 4653 tanta
1325 4605 1579 4656 uteretur
1599 4602 1820 4669 ﬁducia,
1838 4610 2106 4680 tantaque

512 4690 808 4755 potestate,
841 4687 1070 4769 ejiciens
1102 4704 1295 4753 omnes
1324 4690 1627 4745 vendentes
1655 4698 1711 4744 et
1760 4699 2011 4749 ementes
2036 4696 2104 4750 de

510 4774 742 4845 templo,
774 4776 923 4846 quod
953 4778 1248 4849 augustius
1270 4778 1549 4839 retinebat
1577 4786 1633 4834 et
1655 4783 2024 4847 venerabatur
2044 4785 2107 4847 in

507 4867 628 4928 toto
660 4863 794 4918 orbe
809 4870 1089 4931 terrarum
1115 4885 1127 4933 ;
1154 4867 1286 4939 quia
1313 4884 1416 4925 nec
1438 4868 1694 4941 princeps
1715 4870 1952 4942 alicujus
1970 4890 2103 4942 gen-

503 4951 598 5017 tis,
631 4957 795 5007 utens
825 4954 1073 5031 qualibet
1097 4960 1393 5031 potestate,
1416 4956 1558 5017 forte
1589 4964 1813 5030 poterat
1828 4960 1986 5014 facile
2004 4978 2099 5015 ex-

501 5041 710 5112 plicare
736 5027 885 5127 quod
912 5041 1044 5097 fecit
1069 5027 1248 5098 Jesus.
1273 5045 1343 5107 Et
1372 5045 1475 5101 hoc
1503 5027 1902 5119 quodmemini
1927 5067 2098 5122 supra

495 5129 616 5199 jam
644 5131 877 5195 dixisse,
902 5131 1032 5202 quia
1067 5132 1174 5193 nisi
1196 5133 1408 5206 aliquid
1439 5135 1497 5191 in
1536 5152 1599 5189 eo
1641 5136 1908 5196 divinitus
1927 5138 2093 5192 reful-

500 5218 668 5272 sisset
694 5219 752 5273 in
772 5220 946 5284 vultu,
981 5219 1204 5291 quando
1233 5221 1369 5275 talia
1393 5222 1751 5292 gerebantur,
1787 5227 1934 5298 quod
1959 5244 2089 5299 per-

498 5306 725 5361 celleret
739 5308 1298 5385 adversarios,§ﬁa
1320 5326 1675 5391 nequaquam
1688 5314 1924 5379 dixerim
1939 5319 2087 5391 quod

2195 4270 2302 4323 que
2331 4253 2602 4317 sacriﬁcio
2633 4260 2797 4311 esset.
2832 4255 3007 4309 Erant
3031 4260 3089 4309 et
3114 4255 3255 4327 pulli
3284 4255 3646 4318 columbarum
3670 4263 3736 4301 ve-

2193 4341 2368 4407 nales,
2396 4359 2460 4396 ac
2485 4348 2743 4403 turtures.
2780 4360 2880 4398 seu
2909 4330 3185 4415 passeres,
3214 4351 3275 4399 et
3302 4351 3519 4408 caetera,
3548 4357 3657 4415 qua
3690 4337 3737 4400 ill

2189 4430 2508 4485 volatilibus
2550 4431 2947 4497 offerebantur.
2977 4432 3121 4496 Quia
3149 4434 3485 4511 plerumque
3528 4418 3736 4491 accidere

2188 4518 2421 4587 solebat,
2451 4525 2516 4575 ut
2544 4520 2639 4597 qui
2669 4521 2738 4575 de
2768 4522 2934 4597 longe
2960 4527 3229 4582 venerant
3258 4522 3510 4585 victimas
3537 4534 3635 4583 nou
3657 4515 3737 4579 Μ’

2188 4605 2413 4673 herent;
2463 4608 2668 4665 idcirco
2719 4612 3171 4682 excogitaverunt
3200 4610 3481 4689 quomodo
3508 4605 3605 4662 sibi
3628 4617 3736 4676 prae-

2187 4696 2315 4753 dam
2346 4697 2415 4751 de
2437 4699 2642 4781 populo
2669 4698 2938 4767 facerent,
2971 4705 3028 4759 et
3051 4698 3245 4765 omnia,
3269 4716 3395 4781 qua:
3415 4698 3485 4754 ad
3507 4689 3736 4757 sacriﬁcia

2185 4800 2324 4857 opus
2354 4793 2535 4848 erant,
2566 4786 2968 4853 vendebantur,
2994 4792 3058 4843 ut
3098 4794 3155 4850 et,
3206 4790 3455 4861 pretium
3506 4782 3739 4840 haberent

2183 4889 2399 4943 rerum,
2418 4881 2474 4930 et
2501 4878 2605 4955 ipsi
2645 4894 2839 4935 rursus
2869 4887 3059 4957 empta
3084 4878 3421 4955 reciperent.
3443 4878 3591 4941 nam“:
3609 4868 3737 4957 cam’

2182 4962 2415 5018 ditatem
2438 4982 2629 5027 eorum
2650 4955 2985 5041 plerumque
3015 4967 3391 5041 quorumdam
3419 4955 3737 5041 inopiadissi-

2178 5051 2368 5123 pabat,
2401 5055 2497 5127 qui
2517 5072 2636 5112 non
2650 5055 2831 5109 solum
2860 5055 3074 5109 hostias
3101 5071 3213 5109 non
3242 5054 3542 5119 habebant,
3570 5060 3734 5111 veer

2175 5157 2246 5195 ne
2279 5142 2426 5196 unde
2452 5149 2724 5209 emerent,
2758 5144 2959 5201 saltem
2983 5160 3130 5208 aves,
3150 5160 3249 5207 seu
3261 5143 3396 5197 vilia
3413 5135 3733 5198 munuscula;

2173 5230 2322 5287 unde
2352 5231 2491 5286 inibi
2531 5237 2841 5305 posuerunt
2882 5235 2938 5286 et
2958 5230 3501 5303 nummularios,qui
3517 5230 3736 5291 mutuam

2172 5318 2275 5374 sub
2304 5321 2569 5379 cautione.
2591 5321 2792 5376 darent
2819 5338 2931 5375 non
2956 5319 3292 5383 habentibus
3322 5306 3630 5391 pecuniam,
3656 5311 3733 5368 Et.

498 5393 752 5463 humana
776 5397 982 5453 virtute
1002 5397 1185 5454 facere
1202 5398 1495 5479 primisset,
1519 5400 1614 5469 ubi
1632 5405 1816 5463 nescio
1837 5405 1908 5471 ad
1936 5406 2095 5469 diem
2169 5409 2315 5467 sicut
2333 5411 2709 5484 Hieronymus
2724 5415 2984 5479 testatur,
3003 5410 3099 5482 qui
3114 5425 3309 5491 eorum
3329 5424 3467 5465 usus
3492 5406 3636 5463 inter
3652 5412 3732 5463 eos
