3888 6172
128 180 223 257 792

885 169 1267 251 musam
1306 156 1867 241 INMATI‘HW-
1900 190 1968 206 -
2004 162 2142 240 Lm-
2182 164 2277 240 1.x,
2321 166 2479 241 cu.
2521 168 2669 245 xxx.

3156 120 3177 126 υ
3281 178 3391 247 710

136 308 509 379 conversatus,
540 302 609 357 ad
639 301 868 373 plenum
897 299 1199 361 didicerat;
1235 294 1367 367 quia
1412 296 1535 387 erat
1577 304 1719 363 prae-
1736 286 1786 346 Δ
1808 288 2025 387 venalia
2052 254 2331 355 exercere,
2350 291 2490 347 lucri
2510 309 2697 363 causa,
2712 294 2847 364 quia
2863 296 2952 350 vix
2983 302 3082 352 aut
3102 314 3393 387 nunquam

129 403 343 469 ceptum
370 393 453 451 in-
478 392 622 470 lege,
651 394 715 445 ut
743 406 907 449 nemo
938 402 1134 443 eorum
1164 399 1367 440 usuras
1419 380 1713 451 acciperet,

79 518 85 525 ~
130 498 319 555 parum
351 481 433 535 eis
462 481 726 552 prodesse
758 482 977 550 poterat
1012 474 1248 551 pecunia
1289 472 1560 532 fenerata,
1595 482 1720 538 quae

132 569 401 625 commodi
427 569 507 623 nil
536 568 785 632 haberet,
820 572 876 619 et
897 564 1179 619 interdum
1210 566 1418 615 sortem
1440 558 1716 630 perderet,

134 658 596 733 excogitaverunt,
632 663 693 711 ut
739 655 858 726 ipse
888 654 983 719 ait,
1020 657 1076 706 et
1127 650 1297 705 aliam
1345 648 1631 713 technam,
1658 648 1725 699 ut

134 764 223 820 pro
254 746 657 806 nummulariis
702 742 1022 815 collybistas
1071 741 1335 803 facerent,
1369 738 1529 807 cujus
1570 732 1723 788 verbi

134 835 531 913 prOprietatem
560 834 698 888 dicit
724 832 957 887 latinam
981 830 1230 900 linguam
1252 843 1365 881 non
1388 825 1720 896 exprimere.

136 925 234 981 Sed
256 925 409 1003 quod
440 923 519 978 ibi
544 924 752 997 collybo
782 922 995 986 dicunt,
1011 935 1133 983 nos,
1151 917 1355 988 inquit,
1378 913 1725 1003 appellamus

135 1001 438 1083 trageniata
463 1012 551 1066 vel
577 1014 772 1067 tiliam
794 1012 1089 1065 unuscula.
1110 1006 1265 1060 verbi
1285 1004 1469 1076 gratia
1492 1002 1619 1056 frixi
1648 1001 1726 1055 ci-

134 1099 263 1157 ceris
294 1117 540 1156 uvarum
561 1114 855 1171 passarum
886 1103 943 1151 et
971 1111 1138 1173 poma
1157 1093 1359 1148 diversi
1378 1090 1629 1162 generis;
1658 1095 1725 1144 ut

137 1191 259 1262 quia
287 1206 494 1244 usuras
538 1188 789 1289 accipere
819 1202 930 1245 non
983 1190 1244 1256 poterant
1270 1180 1593 1253 collybistae,
1628 1178 1724 1249 qui

136 1279 425 1351 pecuniam
452 1270 689 1339 fenerati
710 1280 889 1339 erant,
918 1288 1020 1345 pro
1042 1272 1227 1327 usuris
1257 1270 1604 1342 accipiebant
1628 1283 1724 1322 va-

135 1367 237 1425 rias
267 1366 505 1443 species,
537 1371 601 1419 ut
649 1364 796 1441 quod
826 1363 882 1417 in
909 1378 1141 1416 nummo
1171 1375 1283 1413 non
1316 1357 1518 1413 licebat
1539 1358 1599 1410 in
1635 1355 1724 1410 his

138 1455 297 1512 rebus
327 1454 638 1531 exigerent,
657 1470 778 1524 qute
798 1451 1042 1506 nummis
1057 1452 1408 1509 coemuntur,
1423 1446 1582 1517 quasi
1612 1462 1724 1501 non

139 1543 232 1597 hoc
260 1541 452 1613 ipsum
483 1537 736 1592 Ezechiel
779 1534 1178 1608 praedicaverit,
1228 1532 1416 1586 dicens
1443 1549 1455 1585 :
1490 1532 1723 1585 Usuram

1800 377 1923 432 sine
1948 384 2177 451 peccato
2206 380 2409 451 agitur.
2440 382 2617 438 Multo
2648 384 2827 455 magis
2861 384 3035 455 igitur
3063 377 3382 457 servis'Dei,

1803 472 1859 520 et
1884 467 2085 522 divinis
2108 467 2306 523 ofﬁciis
2332 470 2559 526 Clericis
2608 475 2939 546 mancipatis
2959 477 3285 545 cavendum,
3317 497 3389 535 ne

1802 555 1906 609 hoc
1934 556 2142 611 faciant
2168 557 2225 611 in
2256 558 2422 613 domo
2448 560 2567 625 Dei,
2599 568 2661 616 ut
2706 562 2927 623 divitias
2954 555 3059 619 sibi
3101 571 3157 620 et
3186 568 3391 625 multas

1803 646 2179 714 possessiones
2199 648 2520 717 acquirant;
2544 667 2615 704 ne
2644 651 2784 706 forte
2806 652 2909 707 sub
2937 654 3047 708 illis
3076 656 3175 715 ﬁat
3203 656 3391 711 Eccle-

1804 732 1888 825 sia
1917 733 2118 825 inqua
2160 734 2388 805 degunt.
2420 736 2526 808 ipsi
2570 746 2908 795 mercatores
2931 744 3052 813 jam
3091 745 3239 811 facti,
3262 764 3394 825 spe-

1806 820 1972 875 lunca
1990 822 2290 877 latronum.
2308 829 2579 895 Caeterum
2593 827 2662 882 de
2674 829 2992 895 venditione
3007 820 3395 892 columbarum

1806 909 1944 964 satis
1972 910 2304 983 abundeque
2334 914 2681 986 disputatum
2712 923 2797 971 est
2824 936 2859 973 a
2885 922 3093 979 sanctis
3112 922 3391 991 Patribus.

1807 998 2001 1053 multis
2030 997 2088 1053 in
2118 1000 2281 1068 locis;
2315 1004 2555 1059 maxime
2584 1011 2781 1060 contra
2806 1006 3168 1079 simoniacam
3214 1011 3395 1069 inere-

1804 1088 1930 1154 sim,
1988 1105 2109 1159 quae
2176 1090 2463 1146 multoties
2518 1100 2604 1155 est
2655 1103 3007 1171 prOpugnata
3060 1096 3118 1152 in
3178 1098 3395 1160 Galliis.

1805 1178 1901 1230 sed
1969 1192 2260 1251 nunquam
2335 1188 2685 1259 expugnata;
2718 1186 2885 1256 -quia
2942 1187 3188 1247 latrones
3262 1188 3396 1244 facti

1807 1271 1959 1333 sunt,
1992 1273 2049 1321 et
2099 1268 2193 1338 qui
2239 1277 2433 1323 emunt
2483 1288 2605 1341 quae
2652 1274 2873 1347 pr0prie
2930 1275 3185 1334 Ecclesiae
3239 1283 3391 1344 sunt,

1807 1361 1865 1409 et
1893 1355 1986 1426 qui
2008 1357 2274 1412 vendunt.
2291 1358 2425 1422 Quae
2446 1358 2712 1423 nimirum
2740 1361 2986 1427 haeresis,
3008 1365 3113 1427 etsi
3141 1366 3398 1435 damnari

1807 1444 2009 1515 potuit.
2041 1445 2166 1499 ideo
2205 1462 2315 1505 non
2348 1448 2531 1519 potuit
2579 1448 2849 1505 hactenus
2887 1454 3193 1527 expugnari
3225 1473 3236 1507 :
3267 1455 3399 1529 quia

1809 1532 1957 1587 latro
1987 1534 2132 1589 sicut
2150 1552 2185 1590 a
2204 1535 2428 1591 latendo
2447 1536 2627 1593 dictus
2659 1542 2762 1607 est,
2783 1538 2861 1594 ita
2880 1544 2938 1601 et
2955 1541 3047 1594 isti
3071 1559 3236 1614 quam
3253 1561 3400 1617 saepe

139 1635 183 1682 et
201 1592 913 1697 superabundantiamnon
926 1624 1202 1691 accipietis
1221 1619 1428 1681 (Επειδὴ.
1442 1630 1598 1684 xvm,
1622 1614 1723 1686 l7).
1744 1592 1797 1653 Β
1813 1626 2005 1689 βω
2017 1624 2366 1678 latenterfaci
2374 1632 2494 1692 unt,
2510 1592 2608 1683 aut
2618 1626 2698 1680 ita
2714 1592 2903 1685 tanien

140 1718 262 1781 Qua:
294 1716 517 1770 utinam
549 1720 606 1767 et
623 1729 725 1767 nos
753 1712 811 1766 in
842 1713 946 1766 hac
974 1710 1184 1765 Christi
1214 1707 1459 1763 Ecclesia
1474 1707 1596 1761 fleri
1615 1722 1729 1761 non

140 1820 450 1871 nossemus.
483 1800 805 1858 Istiusmodi
834 1817 968 1873 ergo
988 1800 1261 1854 Dominus
1286 1813 1519 1852 cernens
1548 1795 1607 1849 in
1636 1796 1731 1849 do-

140 1911 222 1948 mo
250 1893 447 1951 Patris
474 1892 563 1946 sui
584 1891 1021 1969 negotiationem
1046 1888 1192 1943 ferre
1223 1903 1335 1941 non
1372 1885 1577 1967 potuit,
1607 1899 1731 1954 qua

143 1982 339 2043 domus
359 1979 632 2047 nimirum
662 1983 718 2043 et
746 1978 922 2050 ipsius
951 1981 1090 2041 erat,
1115 1976 1260 2029 sicut
1280 1989 1525 2046 praesens
1544 1970 1731 2026 Evan‘

142 2071 341 2149 gelista
358 2069 663 2143 Dominum
691 2067 895 2122 dixisse
932 2069 1188 2129 testatur,
1223 2063 1370 2135 quod
1400 2062 1621 2127 dixerit,
1655 2060 1733 2115 si-

145 2166 231 2214 cut
257 2158 541 2235 scriptum
580 2161 697 2211 est:
732 2158 933 2210 Domus
960 2172 1097 2218 mea,
1125 2155 1318 2217 domus
1348 2151 1617 2204 orationis
1647 2165 1733 2203 vo-

147 2247 573 2311 cabitur(Mare.
591 2257 666 2311 x1,
684 2245 793 2315 17).
812 2243 882 2303 Et
909 2243 1153 2297 Joannes
1181 2242 1279 2307 ait,
1313 2240 1460 2315 quod
1482 2238 1685 2293 dixerit
1714 2256 1726 2291 :

147 2338 322 2401 Nolite
334 2337 515 2403 facere
534 2314 955 2396 domumVPatris,
972 2334 1085 2395 mei
1100 2332 1329 2384 domum
1342 2314 1734 2396 negotiationis

144 2427 325 2503 (Joan.
359 2438 421 2489 Ιι,
451 2422 559 2487 i6).
587 2423 666 2476 Ac
702 2437 802 2493 per
841 2420 947 2474 hoc
972 2425 1276 2493 utrumque
1306 2417 1510 2477 dixisse
1538 2413 1734 2469 Domi-

147 2508 271 2571 num
306 2526 481 2567 nemo
519 2509 789 2580 ambigat,
820 2509 953 2584 quia
992 2506 1183 2571 omnia
1218 2506 1402 2561 Patris
1432 2505 1555 2576 ejus
1582 2505 1733 2567 sunt,

148 2606 198 2654 et
222 2601 356 2656 ideo
377 2599 564 2655 Patris
593 2599 792 2653 domus
822 2597 995 2671 ipsius
1033 2600 1135 2650 est.
1179 2596 1269 2649 Vos
1292 2598 1498 2659 autem,
1530 2589 1734 2661 inquit,

145 2691 344 2757 fem‘stz‘s
373 2706 495 2744 eam
532 2672 863 2759 speluncam‘
903 2689 1207 2741 latronum.
1243 2683 1412 2737 Latro
1464 2680 1614 2734 enim
1653 2683 1741 2733 est

1808 1709 1892 1762 vis
1919 1709 2217 1781 impudice,
2243 1717 2305 1765 ut
2335 1713 2523 1769 nullus
2543 1715 2750 1770 audeat
2773 1717 3070 1783 contraire.
3097 1717 3256 1792 Quod
3286 1718 3397 1774 fac-

1809 1803 1933 1851 tum
1961 1799 2145 1864 hodie,
2175 1806 2239 1854 ut
2267 1801 2348 1855 ita
2374 1801 2571 1869 fatear,
2593 1809 2713 1857 tota
2744 1805 2928 1860 Gallia
2948 1806 3121 1863 sentit
3149 1813 3206 1864 et
3225 1806 3395 1871 dolet.

1811 1886 1928 1946 Nec
1949 1886 2250 1954 immerito,
2277 1890 2408 1965 quia
2436 1891 2597 1947 Iesus
2617 1909 2730 1946 non
2759 1892 2877 1947 sine
2904 1911 3071 1959 causa
3107 1894 3278 1949 ﬂebat
3298 1895 3403 1955 mi—

1815 1990 1998 2037 seram
2028 1976 2183 2033 illam
2206 1976 2537 2044 Jerusalem,
2555 1996 2658 2033 nec
2677 1980 3154 2037 irrationabiliter.
3178 1983 3400 2047 Quanto

1815 2063 1995 2133 magis
2015 2064 2403 2127 rationabilius
2419 2083 2539 2121 esse
2550 2067 2791 2138 videtur,
2814 2068 2945 2141 quia
2964 2070 3021 2123 in
3042 2070 3287 2125 Ecclesia
3297 2088 3402 2126 sua

1817 2150 2073 2215 Christus
2083 2170 2183 2225 pro
2202 2154 2408 2213 talibus
2426 2154 2597 2225 dolet,
2616 2163 2681 2211 ut
2700 2157 2817 2233 ipse
2829 2156 3081 2213 dolentes
3102 2164 3159 2213 et
3175 2177 3402 2237 gemen-

1813 2246 1900 2295 tes
1944 2241 2140 2310 faciat;
2171 2249 2514 2321 quapropter
2540 2245 2729 2321 turpia
2776 2246 2931 2309 lucra
2958 2252 3015 2302 et
3042 2247 3238 2302 luxum
3270 2266 3404 2321 quo:

1815 2331 2094 2395 rumdam,
2121 2328 2428 2388 secundum
2456 2334 2739 2411 prOpriam
2762 2335 3105 2404 voluntatem
3132 2323 3405 2397 Ecclesias

1816 2419 2025 2475 Christi
2052 2419 2163 2475 illis
2191 2423 2569 2491 committunt,
2604 2426 2697 2501 qui
2726 2441 2845 2485 non
2869 2443 2994 2496 quae
3023 2426 3155 2482 Iesu
3198 2426 3417 2495 Christi

1816 2513 1965 2574 sunt,
1991 2509 2088 2563 sed
2111 2528 2232 2587 quae
2253 2530 2356 2567 sua
2384 2520 2517 2568 sunt
2544 2519 2819 2587 quaerunt.
2839 2515 2963 2577 Non
2985 2515 3132 2577 enim
3151 2514 3274 2577 dico
3294 2514 3405 2573 isto

1816 2596 1875 2650 in
1899 2603 2170 2673 tempore,
2187 2600 2283 2677 qui
2311 2601 2605 2656 cathedras
2633 2608 2827 2658 tenent
2845 2603 3238 2676 Ecclesiarum,
3257 2604 3407 2681 quod

1818 2685 2102 2742 columbas
2130 2690 2378 2747 vendant
2409 2710 2421 2744 :
2455 2689 2554 2748 sed
2583 2692 2716 2764 quia
2763 2692 2963 2767 quibus
2991 2710 3103 2751 non
3133 2698 3409 2765 oporteat,

146 2780 231 2854 qui
256 2778 543 2853 templum
584 2776 686 2831 Dei
738 2773 1125 2838 latrOCinandO
1155 2768 1429 2826 convertit
1456 2768 1515 2823 in
1547 2783 1736 2839 ερθοιι.
1821 2776 2077 2833 Ecclesiae
2099 2779 2548 2846 committuntur,
2572 2798 2683 2835 non
2715 2781 2785 2836 ad
2816 2781 3037 2839 lucrum,
3065 2782 3413 2851 animarum,

146 2867 232 2943 qui
275 2868 446 2922 lucra
486 2871 735 2920 sectatur
785 2865 854 2921 de
903 2862 1205 2935 religione;
1254 2861 1549 2931 cultusque
1594 2859 1736 2929 ejus,
1768 2940 1799 2945 _
1823 2865 1920 2918 sed
1938 2865 2009 2920 ad
2037 2864 2230 2937 luxum
2248 2873 2305 2925 et
2331 2869 2644 2924 voluntates
2671 2870 2943 2945 proprias,
2968 2869 3109 2924 Hinc
3123 2887 3257 2935 sane
3276 2886 3415 2943 pm,

146 2940 247 3010 non
282 2963 411 3010 tam
465 2956 649 3009 cultus
694 2953 817 3019 Dei,
850 2969 1018 3029 quam
1070 2949 1467 3023 negotiationis
1524 2940 1802 3011 occasioC
1823 2955 2131 3011 cavendum
2164 2955 2322 3011 valde
2350 2956 2610 3025 arbitror,
2645 2940 2716 3013 ne
2740 2940 2881 3013 forte
2912 2957 3200 3023 columbas
3230 2940 3303 3013 sit
3329 2957 3412 3022 eis

146 3051 240 3119 est.
273 3045 403 3099 Hoc
450 3045 614 3129 juxta
658 3041 953 3103 historiam
1006 3040 1211 3129 dixisse
1263 3037 1522 3129 sufﬁciat.
1569 3037 1740 3129 caete-
1819 3044 2081 3110 vendere,
2101 3044 2198 3117 qui
2219 3044 2451 3101 tradunt
2466 3046 2737 3102 Ecclesias
2759 3047 2980 3103 Christo
3000 3048 3239 3113 Domino
3276 3064 3410 3110 con-

148 3151 262 3192 mm
283 3126 618 3203 hacomnia
633 3131 692 3189 in
708 3129 975 3202 mysterio
994 3128 1140 3195 facta
1156 3133 1305 3195 sunt,
1321 3127 1598 3203 quiatunc
1613 3126 1743 3180 feeit
1822 3139 2066 3197 secratas
2094 3134 2388 3206 ﬂagitiosis
2418 3141 2475 3190 et
2502 3135 2684 3199 avaris
2722 3135 3063 3205 hominibus,
3094 3137 3409 3213 tyrannice,

148 3227 334 3301 δεῇ
360 3219 657 3276 visibiliter
684 3236 807 3295 quae
830 3234 1051 3299 semper
1070 3219 1127 3271 in
1168 3214 1410 3277 Ecclesia
1441 3218 1582 3296 (quae
1611 3231 1740 3269 vere

147 3296 346 3379 domus
364 3310 470 3373 Dei
494 3314 595 3384 est)
626 3309 761 3383 agit.
781 3307 945 3384 Ejicit
962 3296 1205 3379 namque
1230 3307 1531 3362 vendentes
1554 3306 1739 3381 quoti-

146 3402 228 3464 die
255 3408 309 3459 et
332 3405 595 3473 ementes.
612 3397 681 3452 de
696 3414 782 3465 ea,
802 3395 1042 3455 maxime
1069 3412 1162 3450 eos
1188 3395 1285 3469 qui
1305 3399 1581 3469 quaestum
1601 3392 1741 3447 lucri

148 3489 432 3543 aestimant
476 3487 766 3561 pietatem,
790 3490 847 3539 et
874 3484 1064 3541 omnia
1093 3501 1214 3558 quae
1237 3482 1296 3541 in
1342 3482 1743 3537 Ecclesiasticis

150 3584 393 3649 aguntur
423 3573 594 3636 rebus
619 3573 837 3628 venalia
864 3573 1097 3639 ducunt,
1129 3588 1255 3631 cum
1285 3576 1623 3643 praeceptum
1648 3569 1740 3635 sit,

152 3666 328 3722 Gratis
349 3667 656 3735 accepistis,
686 3664 865 3732 gratis
893 3663 1016 3725 date
1049 3661 1257 3719 lMatth.
1279 3677 1333 3723 x,
1366 3658 1444 3727 8).
1475 3658 1631 3725 Alias
1651 3673 1747 3717 au-

155 3760 257 3817 tem
280 3752 525 3827 periculi
550 3758 653 3819 est.
671 3757 900 3825 propter
914 3749 1208 3807 avaritiam
1229 3748 1579 3805 sacerdotum
1601 3747 1746 3805 alta-

1824 3221 2025 3295 quibus
2041 3239 2153 3283 non
2174 3230 2515 3296 oportuerat,
2532 3223 2960 3303 indisciplinatis
2984 3231 3042 3287 et
3058 3224 3408 3301 irreligiosis.

1820 3310 2059 3389 Propter
2073 3311 2220 3385 quod
2248 3311 2541 3373 cathedras
2570 3330 2637 3373 ac
2664 3330 2886 3384 mensas
2906 3310 3417 3381 nummulariorum

1822 3400 2212 3467 tantummodo
2238 3401 2537 3472 appellavit
2566 3402 2924 3479 Evangelista
2950 3419 3172 3465 eversas
3191 3418 3312 3467 esse
3345 3399 3417 3463 ab

1824 3487 1852 3542 J
1858 3504 1974 3541 esu.
1991 3487 2150 3553 Quod
2167 3486 2383 3544 utinam
2402 3488 2663 3555 audirent
2680 3491 2775 3562 qui
2788 3489 3169 3563 glorianturin
3185 3488 3413 3555 talibus,

1827 3582 1884 3630 et
1912 3575 2161 3641 vendunt
2188 3576 2475 3645 Ecclesias,
2510 3594 2648 3648 quas
2675 3595 2786 3637 non
2815 3578 3097 3641 immerito
3130 3576 3427 3645 columbas,

1827 3664 2084 3731 dicimus,
2101 3671 2157 3720 et
2177 3666 2534 3731 committunt
2557 3682 2653 3731 eas
2664 3682 2776 3723 non
2798 3665 3136 3737 pastoribus,
3151 3666 3248 3729 sed
3266 3681 3415 3726 mer-

1828 3753 2067 3813 cenariis
2093 3759 2150 3808 et
2177 3752 2522 3825 raptoribus;
2556 3771 2658 3827 pro
2689 3753 2893 3827 quibus
2928 3770 3079 3821 nunc
3116 3751 3294 3831 magis
3324 3752 3419 3813 de-

150 3844 229 3897 ria
250 3845 355 3903 Dei
384 3840 899 3901 nummulariorum
951 3854 1173 3907 mensas
1203 3837 1494 3912 appellari.
1529 3843 1586 3891 et
1608 3842 1749 3897 tcm-
1830 3843 1967 3913 ﬂere
1985 3842 2259 3906 convenit,
2282 3859 2457 3914 quam,
2473 3858 2749 3916 exponere
2763 3843 2912 3899 mala
2944 3858 3068 3917 quae
3087 3840 3416 3907 nonlatent.

154 3933 300 4007 plum
329 3933 443 4007 Dei
465 3932 792 4003 speluncam
820 3930 1103 3985 latronum
1143 3927 1285 3984 ﬁeri.
1312 3926 1459 3995 Quia.
1490 3925 1586 4001 qui
1613 3941 1748 3979 ven-
1830 3931 1975 4001 Nam
2014 3931 2119 3997 etsi
2150 3948 2305 3989 nunc
2337 3931 2498 3993 Jvesus
2548 3932 2713 3989 silere
2743 3930 3009 3998 creditur,
3041 3929 3149 3999 erit
3193 3937 3431 4000 tempus,

155 4020 287 4078 dunt
307 4039 443 4097 quae
472 4019 683 4083 Christi
703 4024 836 4079 sunt
862 4019 1027 4085 dona,
1054 4016 1298 4091 Spiritus
1311 4013 1490 4071 sancti
1507 4013 1749 4091 gratiam
1833 4019 2513 4097 quandointrospecturus
2527 4020 2825 4085 Ecclesium
2844 4035 3024 4085 suam,
3043 4014 3424 4085 considerabit

155 4112 422 4166 vendunt.
460 4108 659 4195 Neque
692 4108 843 4164 enim
865 4108 936 4162 ad
958 4108 1066 4165 hoc
1087 4104 1374 4195 constituti
1407 4107 1541 4158 sunt
1564 4102 1757 4195 clerici,
1833 4125 2046 4175 omnes,
2071 4110 2219 4193 quod
2248 4114 2305 4171 et
2333 4115 2466 4173 tunc
2508 4108 2701 4175 fecisse
2738 4108 2970 4189 legitur;
3004 4111 3071 4173 et,
3101 4104 3290 4181 ejiciet
3336 4103 3422 4167 vel

156 4202 209 4251 et
230 4198 483 4266 ministri
512 4190 735 4269 altaris,
754 4202 818 4255 ut
846 4196 1005 4271 quasi
1044 4212 1147 4269 pro
1186 4192 1474 4267 religione,
1505 4191 1753 4271 negotia—
1772 4204 2047 4277 “evertet
2076 4186 2217 4277 quos
2243 4198 2519 4269 invenerit
2531 4215 2645 4257 non
2659 4186 2827 4270 digne
2853 4196 3109 4257 sedentes
3126 4192 3185 4251 in
3205 4194 3327 4257 loco
3339 4209 3426 4261 re-

158 4288 402 4345 tionibns
432 4286 621 4342 saeculi
641 4286 948 4343 inserviant
975 4291 1032 4339 et
1047 4282 1245 4359 lucris,‘
1263 4299 1329 4336 ac
1355 4281 1403 4335 si
1430 4297 1598 4335 causa
1628 4279 1748 4351 Dei,
1774 4279 2081 4357 ugiminis.

158 4374 615 4451 emptionibuset
635 4370 1482 4463 venditionibusiquiamuillis
1498 4369 1757 4441 congruit
1846 4362 1862 4375 ”
1906 4376 1984 4435 Et
2007 4382 2346 4443 accesserunt
2373 4377 2446 4445 ad
2474 4391 2599 4433 eum
2625 4377 2766 4441 caici,
2798 4377 2849 4436 ei
2877 4376 3086 4445 claudi.
3125 4376 3191 4441 in
3228 4373 3425 4441 templo

160 4464 357 4535 quibus
384 4481 507 4535 non
533 4463 773 4538 expedit,
791 4479 972 4539 neque
993 4462 1050 4515 in
1064 4458 1183 4531 loco
1204 4458 1326 4513 ﬁeri
1349 4475 1458 4533 quo
1480 4475 1592 4512 non
1610 4475 1757 4513 com-
1836 4470 1884 4531 et
1909 4468 2129 4523 sanavit
2149 4481 2251 4525 eos.
2268 4465 2403 4527 Ecce
2424 4463 2675 4541 mysticis
2687 4462 2851 4525 rebus
2873 4468 2930 4531 et
2951 4462 3125 4541 gestis
3154 4458 3427 4523 miracula

160 4553 313 4627 petit,
343 4551 598 4608 maxime
622 4549 679 4607 in
706 4568 771 4607 eo
796 4549 891 4606 ubi
914 4568 1027 4615 non
1052 4548 1259 4607 debent
1278 4546 1393 4603 nisi
1408 4547 1755 4617 orationibus
1836 4554 2159 4620 succedunt;
2191 4560 2254 4610 ut
2275 4554 2336 4609 in
2373 4569 2485 4609 uno
2506 4552 2812 4623 eodemque
2832 4550 3049 4625 templo
3062 4551 3423 4617 monstraret,

160 4655 374 4695 vacare.
399 4639 475 4694 Et
490 4638 595 4693 hoc
614 4637 683 4693 de
699 4638 907 4710 templo
928 4636 1169 4709 diximus
1185 4634 1569 4707 materialibus
1587 4635 1753 4691 rebus
1836 4643 1971 4725 quid
1996 4642 2057 4701 in
2084 4642 2236 4709 omni
2255 4647 2508 4713 tempore
2532 4640 2653 4715 ipse
2677 4639 2741 4697 in
2757 4655 2861 4697 sua
2880 4637 3011 4701 facit
3025 4635 3286 4701 Ecclesia.
3312 4631 3426 4696 Fe-

159 4728 266 4791 Deo
285 4737 647 4801 constructo,
657 4748 765 4807 quo
786 4747 898 4795 non
915 4728 1157 4803 debeant
1165 4729 1422 4804 vendere,
1442 4729 1529 4786 vel
1544 4747 1750 4798 emere,
1836 4723 1911 4795 cit
1939 4730 2089 4788 enim
2117 4746 2265 4795 nova,
2275 4734 2332 4787 et
2357 4728 2614 4797 inaudita
2632 4726 2807 4801 prius,
2825 4725 3028 4783 deinde
3047 4725 3192 4791 mira
3207 4723 3428 4803 sibique

156 4818 232 4872 vel
263 4819 491 4892 aliquid
516 4837 683 4895 agere
729 4837 851 4895 quae
896 4836 1010 4875 non
1037 4820 1289 4887 deceant.
1324 4820 1546 4891 Quanto
1576 4820 1759 4893 magis
1837 4824 2123 4889 consueta,
2138 4823 2204 4883 ut
2222 4835 2288 4879 ex.
2306 4833 2418 4879 uno
2439 4832 2635 4877 eorum
2654 4808 2975 4881 terreantur
2988 4812 3231 4885 reprobi,
3251 4830 3321 4877 ex
3348 4811 3428 4875 al-

156 4907 402 4965 arbitror
420 4906 781 4983 cogitandum
798 4910 867 4964 de
887 4908 1097 4995 templo
1112 4908 1212 4981 Dei
1234 4926 1305 4979 ex
1321 4908 1598 4983 lapidibus
1619 4909 1755 4975 vivis
1836 4916 1958 4971 tero
1985 4926 2115 4969 vero
2134 4908 2451 4967 releventur
2466 4905 2675 4966 inﬁrmi
2696 4924 2706 4960 :
2736 4904 3000 4976 quoniam
3021 4903 3127 4965 etsi
3139 4903 3326 4974 justus
3343 4907 3429 4963 est

159 5005 505 5067 constructo,
525 4998 593 5059 de
623 5015 732 5074 quo
758 4998 840 5055 ait
865 4990 1183 5071 Apostolus,
1214 4998 1493 5067 Templum
1525 4998 1622 5057 Dei
1642 4999 1757 5051 vivi
1837 4992 3265 5075 inﬂagello,piusetmisericorsestin.subventu.N0n
3277 4990 3433 5061 enim.

160 5091 278 5143 esti:
306 5105 403 5142 vos
439 5090 518 5159 «ΙΙ
544 5088 665 5149 Car.
702 5104 783 5157 vi,
817 5083 923 5159 16),
949 5086 1082 5161 quia
1112 5084 1354 5157 Spiritus
1397 5091 1621 5151 sanctus
1650 5087 1754 5147 ha-

160 5173 296 5231 bitat
316 5175 389 5237 in,
404 5172 581 5235 vobis.
614 5173 966 5247 Quapropter
994 5174 1315 5248 quicunque
1341 5173 1617 5246 templum
1638 5175 1759 5247 Spi-

158 5262 295 5329 ritus
326 5262 518 5324 sancti
548 5270 649 5333 est,
681 5258 865 5333 videat
885 5280 956 5335 ne
980 5260 1051 5317 ad
1066 5261 1253 5323 forum
1276 5263 1488 5329 redeat,
1508 5263 1656 5325 unde
1686 5263 1756 5327 ad

158 5352 385 5419 vineam
410 5359 642 5425 vocatus
661 5356 749 5421 est
764 5356 825 5425 et
843 5351 1076 5425 locatus.
1101 5353 1239 5427 quia
1252 5369 1366 5413 non
1391 5357 1611 5426 oportet
1632 5353 1757 5411 ani-

158 5454 305 5509 mam
354 5438 671 5519 Christiani
715 5438 1043 5519 speluncam
1069 5458 1195 5507 esse
1240 5442 1545 5510 latronum.
1577 5456 1759 5518 neque

1838 5089 2045 5155 desunt
2070 5087 2199 5148 caeci
2229 5091 2287 5151 et
2313 5083 2495 5145 claudi
2524 5083 2581 5147 in
2625 5081 2888 5149 Ecclesia.
2921 5083 2980 5147 et
3007 5081 3132 5143 ideo
3163 5083 3435 5150 operetur

1838 5177 2019 5237 solida
2047 5177 2255 5251 pietate
2278 5178 2343 5237 ut
2360 5190 2420 5231 se
2442 5176 2631 5251 83},
2652 5172 2831 5231 Deum
2852 5170 3118 5237 insinuet,
3134 5168 3253 5227 sine
3268 5166 3431 5236 cujus

1838 5265 2025 5337 gratia
2056 5280 2227 5333 nemo
2252 5263 2435 5325 lucem
2461 5260 2629 5331 videt,
2653 5260 2774 5321 sine
2819 5260 2983 5339 cujus
3009 5258 3233 5325 ducatu.
3264 5270 3433 5317 nemo

1839 5355 1905 5423 in
1931 5353 2021 5425 via
2048 5351 2158 5409 nisi
2177 5350 2409 5413 claudus
2432 5348 2702 5421 mbulat.
2719 5348 2998 5419 Triasunt
3023 5360 3149 5421 quae
3175 5342 3435 5413 condam,-

1840 5446 1943 5519 nut
1961 5446 2018 5506 et
2045 5442 2157 5504 duo
2176 5438 2686 5520 immmsentiarum
2708 5438 3144 5519 queremur“
3168 5451 3189 5508 ξ
3215 5430 3351 5505 08091
3371 5434 3439 5501 ut
