3888 6172
478 234 579 293 711

1252 230 1307 285 S.
1349 229 1728 286 PASCHASII
1765 227 2127 284 RADBERTI
2165 224 2470 281 ABBATIS
2507 226 3004 285 CORBEIENSIS.

3569 230 3646 286 ’112

480 362 670 414 lumen
701 357 945 424 videant,
977 361 1035 411 et
1053 356 1237 411 claudi
1296 360 1359 409 ut
1384 355 1552 408 rectis
1570 353 1854 423 gressibus
1884 353 1954 407 ad
1975 368 2073 422 pa-
2086 353 2132 411 A
2154 366 2356 420 susque
2376 366 2571 405 eorum
2591 352 2651 405 in
2666 352 2877 423 templo
2898 351 3231 419 subvertere,
3245 357 3298 407 et
3320 354 3567 408 cathedras
3584 355 3653 407 de-

480 448 671 512 triam,
703 464 803 518 per
849 447 995 500 viam
1028 462 1149 516 quae
1196 444 1314 514 ipse
1363 448 1468 506 est,
1496 441 1733 495 feliciter
1788 440 2067 494 incedant.
2147 439 2321 508 jicere
2352 457 2417 493 ac
2464 446 2771 506 conterere,
2806 448 2863 495 et
2909 441 3047 494 talia
3081 441 3255 496 facere
3302 458 3411 512 quae
3454 443 3654 497 inﬁnitus

481 538 655 591 Porro
684 553 779 590 eos
809 535 903 606 qui
934 551 1045 588 non
1074 534 1252 587 solum
1280 531 1347 584 ad
1376 530 1556 584 forum
1587 530 1842 595 redeunt,
1875 545 2070 581 verum

482 627 650 681 etiam
679 626 829 679 intra
859 622 1067 678 Christi
1098 620 1418 683 Ecclesium,
1450 635 1515 671 ac
1543 618 1589 671 si
1626 635 1750 671 cum
1799 623 1986 671 essent
2014 617 2071 670 in

479 714 619 774 foro,
641 714 942 767 vendentes
984 716 1041 763 et
1075 714 1344 765 ementes,
1377 707 1656 760 nundinas
1680 715 1737 759 ct
1764 706 1952 776 turpia
1980 722 2067 759 se-

480 809 705 857 ctantur
720 802 891 857 lucra,
911 798 1219 867 ﬂagellatos
1231 802 1584 865 peccatorum
1602 811 1830 848 suorum
1844 793 2068 847 funibus

481 894 629 947 foras
657 888 839 959 ejecit.
861 886 944 940 Ob
976 887 1077 937 hoc
1097 884 1271 953 igitur
1296 883 1514 936 videtur
1542 884 1825 952 ﬂagellum
1850 882 2064 948 fecisse,

2153 544 2263 581 non
2296 529 2513 582 fecisset
2532 530 2825 584 exercitus.
2859 531 3037 595 Unde,
3070 531 3209 584 sicut
3241 532 3350 600 jam
3376 548 3519 602 supra
3551 531 3652 595 dixi,

2153 617 2382 687 aliquid,
2417 619 2645 687 igneum
2676 626 2846 690 atque
2874 619 3152 673 sidereum
3173 619 3438 691 Oportebat
3464 620 3659 673 radiaret

2155 722 2221 757 ex
2248 706 2425 759 oculis
2445 708 2586 776 ejus,
2606 713 2663 760 et
2688 707 2993 761 divinitatis
3014 709 3291 777 majestas,
3317 708 3447 761 sicut
3470 708 3658 776 majores

2151 794 2329 847 nostri
2350 794 2630 858 dixerunt,
2652 797 2934 850 relucebat
2952 796 3010 850 in
3026 796 3357 857 facie.Unde,
3376 796 3489 866 quia
3505 812 3659 848 manus

2150 884 2207 937 in
2220 901 2348 937 eum
2362 901 2471 937 non
2483 884 3093 956 audentinjicere,quia
3104 890 3317 954 tempus
3327 883 3540 937 nondum
3550 889 3658 947 erat,

480 981 766 1051 signantes
781 976 849 1029 de
870 973 1131 1028 funiculis
1152 972 1235 1026 vel
1256 971 1512 1037 restibus,
1534 972 1665 1041 quia
1688 971 2068 1042 unusquisque
2148 978 2336 1026 tamen
2370 973 2634 1043 Operibus
2669 974 3104 1033 calumniantur,
3142 979 3197 1026 et
3232 972 3569 1026 testimonium
3592 989 3660 1024 re-

476 1065 732 1122 funiculis
751 1070 1104 1135 peccatorum
1134 1078 1382 1115 suorum.
1410 1059 1612 1130 quibus
1642 1060 2066 1129 constringitur,

478 1156 679 1210 merito
697 1153 1016 1223 ﬂagellatur
1031 1156 1087 1205 et
1101 1150 1338 1220 ejicitur.
1349 1149 1561 1204 Deinde
1581 1165 1801 1202 mensas
1814 1165 2071 1202 nummu-

476 1244 743 1298 lariorum
762 1247 818 1295 et
835 1239 1129 1295 cathedras
1148 1238 1366 1300 evertit,
1383 1236 1668 1290 columbas
1685 1237 2065 1303 vendentium,

477 1333 609 1405 quia
632 1331 727 1385 ubi
755 1330 917 1401 panis
936 1326 1377 1399 propositionum
1401 1325 1742 1378 oﬂ'erebatur
1760 1326 1917 1395 prius
1931 1326 2064 1390 Deo,

478 1421 617 1476 nihil
649 1420 718 1474 ad
745 1416 897 1472 aliud
926 1433 1092 1487 quam
1122 1415 1190 1468 ad
1212 1414 1400 1484 turpia
1429 1415 1584 1487 lucra
1613 1414 1877 1467 sectanda
1904 1430 2069 1484 pone-

478 1510 699 1571 bantur,
722 1513 779 1561 et
793 1486 1069 1559 cathedrae
1088 1504 1401 1568 doctorum,
1423 1486 1492 1555 de
1520 1502 1722 1573 quibus
1746 1503 1831 1555 lex
1859 1508 1915 1556 et
1938 1502 2069 1555 doc-

477 1598 626 1651 trina
646 1611 875 1648 manare
892 1592 1164 1646 debuerat
1177 1591 1374 1661 gratis,
1400 1590 1533 1661 quia
1555 1590 1771 1643 venalia
1785 1589 2071 1643 sectaban-

2151 1062 2508 1134 prehendunt
2528 1062 2736 1133 populi,
2762 1062 2908 1132 quo‘d
2922 1079 3048 1115 cum
3070 1060 3395 1115 clamoribus
3414 1061 3664 1114 adescensu

2153 1151 2571 1206 montisOliveti
2605 1167 2783 1221 usque
2812 1151 2882 1204 ad
2912 1151 3277 1220 templum,et
3301 1150 3354 1203 in
3367 1149 3665 1219 templo,sine

2152 1239 2568 1294 intermissione
2588 1240 2809 1293 fortiter
2824 1236 3667 1302 resonabant.Qnasnimirumlau-

2151 1329 2249 1382 des
2277 1328 2334 1381 in
2355 1327 2693 1381 calumniam
2709 1332 2959 1393 vertunt;
2993 1343 3057 1380 eo
3081 1326 3225 1397 quod
3251 1326 3556 1394 intelligunt,
3571 1323 3669 1393 quia

2153 1433 2265 1471 non
2294 1415 2562 1486 competit
2589 1422 2653 1469 ut
2681 1415 2847 1469 alicui
2877 1415 3114 1477 dicatur,
3151 1416 3367 1469 Osanna
3392 1416 3493 1479 ﬁlio
3516 1412 3666 1475 David,

2155 1507 2461 1559 benedictus
2474 1506 2574 1572 qui
2593 1507 2737 1556 venit
2757 1507 2815 1556 in
2833 1506 3055 1557 nomine
3071 1505 3313 1563 Domini,
3334 1502 3430 1555 nisi
3445 1501 3563 1554 Filio
3572 1500 3667 1553 Dei:

2155 1600 2211 1646 et
2235 1592 2360 1645 ideo
2391 1590 2584 1644 dicunt
2621 1590 2692 1654 ei,
2719 1592 2891 1643 Audis
2922 1592 3060 1658 quid
3090 1593 3186 1642 isti
3220 1592 3435 1642 dicunt?
3460 1590 3527 1642 Ac
3551 1587 3588 1640 si
3608 1587 3671 1639 di-

475 1691 590 1749 tur,
626 1686 953 1737 evertuntur
980 1680 1250 1737 funditus,
1286 1679 1381 1750 qui
1402 1679 1549 1732 dona
1574 1679 1824 1748 gratuita
1860 1677 2068 1731 Christi
2091 1661 2302 1742 Bcant,
2329 1680 2413 1732 Tu
2443 1679 2608 1731 homo
2638 1694 2765 1730 cum
2796 1677 2891 1741 sis,
2934 1676 3074 1730 fabri
3113 1677 3282 1742 ﬁlius,
3311 1693 3405 1730 cur
3430 1675 3670 1746 permittis.

476 1772 655 1843 gratis
675 1771 809 1824 dare
837 1768 1122 1822 deberent.
1147 1768 1252 1821 Sed
1283 1767 1411 1837 quia
1441 1765 1568 1820 caeci
1584 1766 1775 1820 omnia
1804 1765 2072 1836 profana-

477 1860 633 1926 bant,
664 1864 722 1912 et
748 1858 997 1912 tulerant
1030 1857 1239 1909 clavem
1261 1854 1525 1919 scientiae,
1547 1870 1618 1907 ne
1647 1860 1746 1907 aut
1770 1853 1875 1924 ipsi
1902 1852 2073 1907 intra-

475 1953 605 2002 rent
655 1947 725 2000 ad
769 1951 980 2008 sancta,
1030 1950 1130 1998 aut
1177 1960 1279 1996 nec
1322 1942 1417 1996 alii
1470 1948 1698 2013 possent
1738 1942 1966 1995 intrare.
2000 1941 2074 1995 Et

476 2037 602 2091 ideo
615 2051 784 2105 quam
802 2036 894 2104 pie
912 2033 1051 2087 tales
1067 2031 1487 2096 subvertuntur,
1503 2036 1567 2084 ut
1587 2031 1681 2083 alii
1697 2030 1928 2100 quicseci
1941 2036 2074 2083 sunt

474 2126 530 2180 in
562 2124 789 2194 templo,
816 2139 882 2176 ex
901 2138 1095 2175 eorum
1119 2120 1475 2189 corruptione
1496 2125 1705 2188 queant
1724 2118 1970 2188 recipere
1989 2118 2073 2172 lu-

2153 1774 2216 1821 ut
2244 1767 2445 1820 divinis
2494 1764 2753 1819 laudibus
2785 1772 2841 1819 te
2890 1766 3234 1819 acclament?
3262 1766 3435 1829 Quare
3480 1781 3576 1817 non
3611 1763 3673 1815 in-

2152 1872 2345 1925 erepas
2373 1871 2467 1908 eos
2496 1859 2559 1908 ut
2603 1853 2865 1907 taceant?
2892 1855 3045 1906 Jesus
3087 1859 3276 1907 autem
3327 1855 3453 1907 dicit
3480 1856 3562 1909 eis.
3592 1852 3676 1905 Uti-

2153 1960 2271 2012 que.
2303 1944 2384 1996 Ac
2412 1942 2457 1995 si
2486 1942 2714 2006 diceret,
2763 1941 2967 2012 Utique
2995 1942 3164 1995 audio
3196 1948 3253 1995 et
3292 1939 3520 2012 approbo
3544 1940 3677 1992 mira-

2151 2031 2311 2096 culis,
2346 2030 2493 2100 quod
2521 2029 2625 2099 ipsi
2656 2046 2786 2083 voce
2807 2030 3177 2099 proclamant.
3197 2031 3265 2084 Et
3293 2030 3483 2100 adjecit
3501 2028 3676 2082 dicens:

2153 2120 2455 2186 Nunquam
2468 2120 2828 2185 lcgistis.quia
2844 2135 2907 2171 ex
2916 2134 3006 2171 ore
3024 2120 3339 2185 infantium
3355 2124 3401 2171 et
3417 2118 3679 2171 laetantium

477 2211 898 2281 men.Alioquin
917 2209 1025 2263 nisi
1047 2225 1269 2262 mensas
1284 2207 1789 2261 nummulariorum
1812 2212 1868 2258 et
1882 2205 2069 2258 cathe-
2146 2208 2426 2275 perfecisti
2438 2208 2687 2259 laudem?
2699 2205 2841 2259 Mira
2856 2206 3155 2276 siquidem,
3178 2206 3321 2261 sicut
3336 2207 3391 2259 in
3403 2204 3683 2266 omnibus,et

478 2301 609 2354 dras
648 2296 1009 2352 vendentium
1034 2296 1320 2350 columbas
1350 2295 1639 2348 evertisset
1657 2295 1685 2347 J
1691 2309 1836 2357 esus,
1861 2294 1989 2347 caici
2012 2299 2069 2347 et

479 2388 662 2443 claudi
683 2388 864 2441 lucem
888 2385 1203 2456 pristinam,
1222 2391 1279 2437 et
1294 2400 1523 2453 gressus
1542 2383 1807 2441 concitos,
1823 2399 1934 2435 non
1956 2398 2071 2435 me-

481 2478 725 2531 ruissent
751 2475 1018 2545 recipere.
1047 2474 1170 2527 Non
1193 2472 1338 2526 enim
1370 2471 1439 2525 ob
1468 2471 1633 2525 aliam
1666 2486 1892 2524 causam
1923 2470 2070 2523 solas

482 2564 768 2620 columbas
818 2564 923 2617 hoc
951 2564 1072 2617 loco
1104 2561 1454 2631 Evangelista
1486 2559 1810 2625 nominavit,
1843 2575 1971 2612 cum
2001 2559 2070 2612 de

479 2655 764 2709 eversione
792 2653 1011 2708 sedium
1041 2636 1391 2706 sacerdbtum
1421 2650 1778 2721 loqueretur;
1806 2649 1902 2701 sed
1945 2647 2070 2702 ideo

476 2745 580 2797 hoc
594 2743 738 2803 fecit,
753 2748 825 2796 ut
842 2758 1007 2795 nemo
1029 2741 1173 2795 dona
1188 2739 1365 2793 sancti
1381 2739 1621 2810 Spiritus
1640 2738 1695 2791 in
1712 2753 1945 2789 vacuum
1977 2753 2070 2789 ac-

475 2832 664 2902 cipiat;
683 2847 752 2885 ne
774 2831 943 2883 forte!
953 2829 1099 2898 quod
1131 2827 1293 2893 absit)
1319 2844 1446 2880 cum
1476 2826 1701 2881 Simone
1728 2824 2069 2877 sententiam

478 2919 875 2981 damnationis,
898 2918 945 2970 si
976 2933 1043 2969 ea
1059 2916 1297 2968 vendere
1320 2915 1401 2966 vel
1416 2931 1603 2967 emere
1625 2912 1943 2975 tentaverit,
1962 2912 2073 2964 hae-

2150 2294 2395 2363 prudens
2408 2293 2844 2364 responsio.Non
2857 2294 3003 2347 enim
3016 2294 3155 2348 dixit
3171 2295 3319 2365 quod
3337 2293 3528 2350 Scriba:
3541 2294 3686 2357 369

2152 2382 2347 2436 audire
2366 2381 2685 2453 cupiebant,
2709 2381 3062 2436 benefaciunt
3076 2383 3238 2453 pueri
3256 2389 3319 2437 ut
3337 2382 3465 2436 mihi
3483 2379 3687 2434 testimo-

2153 2471 2308 2524 nium
2363 2470 2720 2541 perhibeant;
2756 2487 2938 2541 neque
2969 2471 3110 2524 dixit
3160 2478 3373 2537 errant,
3405 2472 3525 2542 quia
3566 2466 3688 2539 pueri

2154 2566 2287 2614 sunt
2326 2566 2382 2613 et
2410 2559 2755 2630 insipientes,
2789 2558 2913 2612 ideo
2934 2559 3151 2613 debetis
3192 2560 3274 2615 eis
3312 2560 3592 2630 ignoscere,
3617 2553 3685 2608 sed

2154 2650 2366 2719 profert
2388 2648 2704 2718 exemplum
2724 2654 2840 2701 tam
2868 2648 3157 2702 moderate
3187 2650 3257 2703 de
3288 2650 3492 2720 psalmo
3519 2652 3685 2705 octavo,

2152 2737 2341 2806 sicque
2370 2741 2647 2805 temperat
2664 2737 3022 2801 sententiam,
3064 2742 3128 2790 ut
3154 2738 3228 2791 ad
3255 2743 3537 2807 utramque
3558 2730 3689 2804 possit

2152 2840 2459 2893 congruere
2491 2830 2729 2895 partem,
2760 2825 2880 2879 sine
2909 2826 3195 2879 calumnia
3221 2825 3525 2897 prolatoris,
3550 2823 3595 2876 id
3627 2824 3690 2874 est

2155 2920 2217 2967 ut
2243 2919 2299 2967 et
2328 2913 2657 2967 insidiantes
2695 2914 2882 2967 divina
2907 2916 3249 2985 comprimat
3292 2914 3616 2971 auctoritate.
3649 2914 3691 2962 et

477 3008 685 3061 reticus
698 3004 1259 3074 magisfactus,quam
1274 3001 1793 3065 doctor,damnatus
1806 2999 2063 3070 excipiat.
2085 2993 2128 3053 Ο
2150 3002 2470 3055 testimonio
2523 3001 2961 3072 Scripturarum,
2992 3002 3115 3073 ipso
3163 3009 3403 3070 tacente,
3439 3014 3693 3073 puerorum

554 3094 795 3145 Videntes
816 3096 1001 3144 autem
1030 3092 1306 3156 principes
1322 3090 1663 3140 sacerdotum
1678 3093 1725 3141 ct
1747 3090 1948 3143 Scriba:
1969 3091 2069 3141 mi-

476 3180 681 3233 rabilia
695 3194 811 3245 qua:
821 3180 1021 3244 fecit,ct
1031 3191 1225 3243 pueros
1243 3180 1540 3229 clamantes
1556 3178 1615 3229 in
1634 3179 1829 3245 tempto
1848 3178 2067 3231 Osanna

476 3269 591 3334 ﬁlio
611 3267 804 3328 David,
838 3266 1125 3330 indignati
1140 3269 1271 3317 sunt
1302 3267 1349 3316 et
1370 3264 1619 3317 dicebant
1648 3266 1717 3329 ei,
1742 3265 1917 3318 Audis
1932 3265 2070 3332 quid

475 3357 571 3408 isti
584 3356 777 3407 dicunt
792 3360 815 3405 ?
834 3352 976 3406 Mira
994 3352 1210 3405 caecitas
1242 3351 1663 3412 Pharisaeorum,
1685 3358 1743 3406 et
1766 3352 1941 3405 nimia
1952 3369 2070 3406 cor-

477 3442 564 3496 dis
580 3439 806 3495 duritia.
823 3439 1023 3495 Turba:
1043 3439 1224 3493 verbis
1253 3456 1381 3494 eum
1408 3440 1707 3493 Dominum
1736 3441 1999 3504 clamant,
2014 3447 2071 3495 et

478 3529 735 3585 Christus
754 3545 813 3583 se
841 3528 996 3581 factis
1021 3529 1292 3593 ostendit;
1318 3529 1382 3581 fit
1408 3529 1556 3582 enim
1590 3528 1810 3583 vocibus
1841 3529 2065 3583 illorum

474 3617 597 3688 ipse
624 3616 804 3679 testis,
844 3632 972 3670 cum
1004 3622 1167 3669 sanat
1192 3633 1363 3669 caecos
1392 3623 1457 3670 ut
1477 3617 1720 3677 videant.
1751 3623 1807 3671 et
1838 3617 2067 3670 claudos

474 3713 538 3763 ut
568 3707 874 3771 ambulent,
892 3711 955 3759 ut
974 3705 1079 3775 ipsi
1106 3704 1202 3775 qui
1233 3705 1360 3759 caeci
1381 3711 1544 3759 erant
1571 3711 1758 3770 865
1781 3705 2062 3775 principes

475 3804 533 3852 et
550 3796 753 3859 claudi,
786 3795 1096 3864 dirigerent
1121 3809 1350 3863 gressus
1377 3811 1507 3847 suos
1538 3795 1607 3847 ad
1656 3794 1977 3851 Dominum.
2012 3799 2067 3848 et

481 3885 765 3940 miraculis
792 3883 1246 3938 illuminarentur
1270 3899 1280 3933 :
1313 3880 1418 3952 ipsi
1446 3899 1572 3935 vero
1604 3882 1751 3935 unde
1766 3882 1952 3935 sanari
1977 3882 2068 3935 de-

472 3973 735 4036 buerunt,
763 3972 1131 4042 indignantur
1156 3976 1213 4023 et
1234 3970 1451 4039 pejores
1475 3971 1635 4023 fiunt.
1656 3970 1724 4024 Et
1744 3986 1854 4023 non
1885 3971 2067 4024 solum

471 4061 582 4116 ista
608 4063 879 4127 viderant;
913 4060 1011 4115 sed
1058 4059 1225 4113 etiam
1278 4058 1494 4127 majora
1521 4064 1690 4127 atque
1738 4058 2063 4124 innumera;

473 4166 602 4203 nam
629 4157 685 4202 et
708 4151 978 4203 Lazarum
1004 4146 1443 4217 quatriduanum
1472 4162 1652 4216 nuper
1668 4152 1952 4200 mortuum
1975 4163 2064 4201 re-

474 4241 796 4307 surgentem
808 4236 1081 4299 viderant,
1105 4241 1163 4289 et
1178 4235 1318 4287 forte
1333 4240 1467 4288 tunc
1487 4234 1563 4287 ibi
1581 4235 1739 4288 testis
1759 4241 1898 4299 erat,
1916 4236 2065 4290 unde

2150 3106 2248 3143 seu
2279 3088 2453 3159 plebis
2476 3088 2626 3141 dicta
2653 3089 2923 3154 ﬁrmaret,
2947 3091 3080 3160 quia
3108 3093 3166 3145 in
3195 3092 3406 3163 Spiritu
3425 3096 3570 3145 santo
3590 3086 3693 3141 olim

2151 3177 2525 3249 praenuntiata
2544 3184 2705 3230 erant
2721 3194 2843 3248 qua:
2864 3178 3141 3232 dicebant.
3168 3180 3327 3235 Sicut
3349 3187 3405 3234 et
3422 3179 3519 3251 ipsi
3535 3176 3692 3232 eodem

2149 3284 2260 3321 uno
2292 3266 2502 3336 Spiritu
2548 3265 2725 3318 afﬂati
2754 3273 2940 3319 tacere
2970 3283 3081 3320 non
3112 3274 3391 3338 poterant,
3425 3285 3489 3322 ne
3526 3266 3695 3319 clama—

2151 3362 2295 3410 rent.
2312 3357 2437 3425 Ipse
2464 3353 2614 3407 enim
2631 3352 2735 3407 sibi
2757 3354 2906 3408 Deus
2924 3354 2980 3407 in
3007 3355 3221 3410 talibus
3238 3356 3454 3428 perﬁcit
3480 3353 3694 3413 laudem;

2150 3462 2250 3516 pro
2271 3443 2472 3515 quibus
2490 3442 2702 3513 gratias
2722 3458 2894 3512 agens
2915 3443 3068 3497 Patri
3088 3444 3265 3499 Filius
3294 3444 3507 3500 dicebat
3530 3461 3542 3495 :
3564 3442 3700 3506 Conﬁ-

2152 3539 2266 3586 teor
2286 3534 2406 3598 tibi,
2440 3535 2622 3597 Pater,
2649 3533 2892 3594 Domine,
2911 3534 3029 3585 cwli
3053 3538 3105 3586 et
3136 3538 3318 3596 terra»,
3350 3530 3700 3602 quoniamut):-

2150 3624 2385 3674 condisti
2427 3622 2535 3674 lucc
2563 3636 2598 3671 a
2642 3622 2998 3687 sapientibus.
3033 3626 3080 3674 ct
3112 3625 3370 3676 revctasti
3405 3639 3464 3674 ea
3488 3618 3700 3688 part-ult":

2148 3710 2343 3776 (.llatth
2397 3723 2472 3772 χι,
2506 3707 2613 3766 25).
2635 3708 2759 3760 Non
2784 3708 2931 3777 quod
2957 3709 3172 3778 parvuli
3204 3726 3271 3763 ac
3299 3710 3555 3763 lactentes
3572 3708 3702 3759 erant

2150 3798 2245 3867 qui
2272 3796 2607 3856 clamabant.
2631 3812 2755 3850 cum
2775 3796 2940 3866 paulo
2966 3798 3225 3868 superius
3246 3798 3454 3852 dictum
3480 3797 3549 3850 sit
3564 3792 3698 3865 quod,

2155 3887 2343 3939 Turba:
2372 3902 2489 3953 qua:
2516 3885 2902 3953 prae-edebant,
2932 3890 3114 3954 etquae
3128 3889 3513 3955 sequebantur,
3534 3886 3701 3937 clama-

2151 3976 2300 4028 bant.
2335 3973 2495 4027 Unde
2536 3972 2921 4041 intelligimus,
2954 3973 3088 4043 quia
3124 3973 3370 4029 infantes
3416 3972 3703 4027 dicebantur

2148 4079 2260 4116 non
2288 4067 2471 4125 astate,
2504 4061 2602 4114 sed
2630 4060 2988 4130 simplicitate
3015 4062 3217 4116 cordis.
3242 4064 3397 4117 Alias
3424 4068 3613 4123 autem,
3634 4057 3699 4109 in-

2147 4151 2326 4203 fantes
2354 4166 2457 4203 nec
2482 4148 2795 4217 intelligere
2820 4148 3086 4218 aliquem,
3125 4167 3230 4203 nec
3259 4151 3488 4205 laudare
3505 4152 3699 4218 queunt.

2149 4236 2257 4289 Sed
2286 4234 2526 4289 infantes
2561 4233 2690 4303 jure
2721 4231 2982 4287 dicuntur
3014 4239 3070 4288 et
3098 4234 3388 4300 lactentes,
3423 4234 3547 4305 quia
3573 4225 3698 4300 quasi

471 4331 531 4381 et
575 4341 705 4379 eum
730 4325 849 4393 jam
892 4322 1163 4389 occidere,
1195 4327 1338 4375 teste
1382 4322 1753 4391 Evangelista.
1785 4322 2063 4392 volebant,
2084 4301 2308 4378 Dlactis
2333 4301 2606 4377 suavitate
2637 4320 2693 4374 in
2734 4320 2923 4375 animo
2956 4323 3196 4383 excitati,
3234 4324 3315 4378 ita
3346 4301 3700 4377 miraculorum

473 4413 571 4467 sed
593 4418 650 4467 et
670 4428 875 4467 caseum
898 4428 963 4464 ex
996 4417 1153 4464 utero
1176 4409 1372 4462 matris
1393 4426 1508 4463 suae
1522 4409 1901 4464 illuminatum
1922 4412 2064 4465 vide-

472 4509 619 4557 rant.
653 4501 813 4567 Quod
842 4500 889 4559 si
922 4499 1125 4553 altiora
1158 4498 1483 4568 repetimus,
1519 4498 1577 4551 in
1606 4496 1847 4550 .lordane
1876 4515 2065 4552 vocem

474 4591 658 4646 Patris
683 4591 752 4644 de
773 4589 910 4644 coelo
925 4604 1095 4659 super
1116 4603 1244 4641 eum
1263 4586 1613 4640 intonantem
1632 4586 1945 4651 audierant,
1966 4589 2011 4641 Η
2019 4591 2067 4642 ie

474 4684 547 4732 est
582 4680 762 4733 Filius
789 4694 936 4732 meus
951 4675 1556 4739 dilectus(.llatth.xvu,
1583 4673 1657 4740 5).
1680 4675 1811 4728 Haec
1841 4675 2066 4745 quidem

472 4783 680 4837 magna
708 4771 855 4831 sunt,
900 4771 956 4819 et
998 4764 1110 4818 alia
1145 4763 1578 4818 innumerabilia
1604 4779 1728 4833 qua:
1773 4764 1922 4817 fecit.
1957 4764 2065 4818 Sed

474 4854 631 4918 mihi,
661 4859 725 4907 ut
752 4853 993 4924 praemisi
1025 4853 1190 4924 paulo
1217 4853 1492 4924 superius,
1515 4853 1665 4906 inter
1693 4852 1884 4905 omnia
1902 4853 2067 4920 signa

472 4958 595 5013 quae
622 4942 771 5005 fecit,
805 4942 908 4996 hoc
934 4941 1155 4996 videtur
1192 4958 1313 4995 esse
1370 4941 1703 5005 mirabilius,
1743 4940 1892 5009 quod
1922 4957 2066 4995 unus

477 5018 671 5098 homo,
685 5036 742 5085 et
757 5030 852 5084 illo
872 5031 932 5083 in
951 5035 1203 5100 tempore
1225 5029 1345 5083 vilis
1368 5029 1515 5083 inter
1528 5046 1641 5089 eos,
1668 5034 1725 5083 et
1738 5029 2068 5099 contempti-

473 5119 602 5174 bilis
631 5124 800 5191 atque
828 5118 1140 5190 despectus,
1174 5124 1231 5172 et
1256 5117 1312 5171 in
1338 5124 1558 5172 tantum
1589 5116 1710 5171 vilis
1741 5134 1805 5171 ac
1835 5118 1881 5171 si
1904 5134 2066 5172 cruce

475 5206 696 5278 dignus,
753 5214 815 5261 ut
860 5212 1054 5278 postea
1108 5206 1555 5274 cruciﬁgeretur;
1612 5206 2068 5277 quandoquidem

477 5294 683 5349 Scribis
707 5303 764 5349 et
792 5294 1088 5349 Pharisaeis
1118 5300 1315 5347 contra
1344 5309 1402 5363 se
1432 5294 1802 5358 saevientibus,
1828 5294 2069 5349 maxime

480 5398 545 5436 eo
561 5383 709 5453 quod
727 5383 998 5438 vidissent
1012 5383 1170 5436 lucra
1188 5397 1292 5435 sua
1303 5380 1535 5443 destrui,
1549 5384 1797 5452 potuerit
1810 5383 1881 5437 ad
1904 5385 2071 5439 unius

481 5470 690 5542 ﬂagelli
719 5471 965 5545 verbera,
985 5475 1203 5527 tantam
1232 5469 1435 5545 ejicere
1459 5470 1882 5527 multitudinem
1910 5489 2069 5527 men-

2148 4412 2270 4475 Dei,
2299 4412 2451 4466 intus
2479 4412 2849 4468 delectatione
2877 4411 3113 4477 accensi,
3132 4411 3468 4465 clamabant.
3492 4411 3595 4463 Nec
3622 4405 3702 4457 im-

2149 4500 2347 4553 merito
2380 4500 2553 4571 igitur
2580 4518 2720 4573 opus
2759 4500 3159 4555 miraculorum
3210 4499 3420 4553 Christi
3457 4493 3600 4568 quasi
3634 4492 3701 4544 lac

2147 4594 2408 4655 vocatur;
2435 4589 2566 4660 quia
2592 4590 2844 4644 inﬁdeles
2875 4595 2931 4643 et
2960 4587 3175 4659 parvuli
3199 4588 3385 4641 adhuc
3409 4588 3465 4641 in
3488 4584 3604 4649 ﬁde,
3631 4579 3699 4633 his

2147 4682 2331 4747 egent,
2352 4683 2416 4732 ut
2443 4678 2675 4732 credant
2700 4686 2757 4733 et
2784 4679 3097 4732 firmentur.
3131 4676 3398 4730 Doctrina
3425 4690 3564 4737 vero,
3587 4686 3642 4724 ac
3663 4664 3700 4719 si

2127 4765 2357 4845 solidus
2384 4765 2559 4832 cibus,
2611 4766 2984 4838 perfectorum
3015 4771 3119 4831 est,
3166 4765 3315 4835 quod
3358 4763 3585 4818 necdum
3626 4753 3701 4811 isti

2147 4853 2318 4907 fuisse
2360 4854 2689 4925 probantur.
2741 4856 2877 4910 Ecce
2908 4854 3185 4925 quomodo
3227 4851 3511 4907 calumnia
3538 4859 3699 4902 eorum

2150 4942 2244 5013 qui
2264 4943 2565 5013 culpabant
2592 4946 2619 4999 J
2626 4960 2803 5009 esum,
2838 4944 2986 5015 quod
3018 4959 3127 4997 non
3156 4944 3472 5014 increparet
3500 4941 3704 4994 claman-

2147 5036 2252 5096 tes,
2285 5048 2604 5103 compressa
2633 5040 2719 5087 est
2762 5034 3093 5087 auctoritate
3137 5031 3580 5103 Scripturarum;
3607 5029 3707 5077 tan-

2153 5136 2319 5191 quam
2350 5121 2397 5174 si
2426 5121 2638 5175 diceret
2667 5146 2680 5181 :
2717 5122 2831 5176 Etsi
2860 5138 2986 5176 mea
3013 5120 3175 5191 culpa
3205 5125 3290 5174 est
3327 5118 3475 5190 quod
3502 5115 3585 5169 isti
3612 5110 3705 5164 clas

2154 5215 2329 5267 mant,
2357 5209 2609 5280 nunquid
2641 5226 2765 5263 mea
2790 5211 2953 5280 culpa
2983 5216 3087 5272 est,
3123 5208 3270 5280 quod
3293 5216 3426 5261 ante
3447 5212 3527 5260 tot
3561 5195 3707 5255 millia

2152 5312 2427 5352 annorum
2450 5299 2553 5352 hoc
2576 5299 2826 5375 futurum
2856 5299 3129 5369 propheta
3171 5296 3427 5368 praedixit
3446 5302 3468 5348 Ρ
3490 5293 3639 5347 Forte
3660 5286 3707 5375 in

2153 5403 2220 5440 ea
2262 5386 2429 5441 turba
2482 5393 2618 5441 tunc
2667 5370 2807 5442 tales
2863 5393 3043 5453 erant,
3087 5386 3180 5458 qui
3230 5390 3423 5456 postea
3450 5370 3709 5436 clamaturi

2153 5479 2332 5545 erant,
2367 5476 2656 5551 Cruci/iga,
2694 5476 2960 5544 Cruci/iga
2997 5491 3122 5531 eum
3154 5475 3327 5543 (Joan.
3378 5486 3485 5543 xix,
3522 5467 3587 5527 6i.
3618 5461 3706 5520 Sed
