3888 6172
148 152 234 208 713
386 142 399 149 ’
874 152 1257 211 EXPOSITIO
1296 157 1376 211 IN
1415 155 1860 213 MATI‘H/EUM.
1903 185 1968 198 —
2008 156 2144 211 LIB.
2186 157 2281 223 IX,
2324 156 2481 213 CAP.
2522 161 2667 217 XXI.
3297 164 3403 225 714

146 277 433 343 miraculis,
457 280 522 331 ut
541 276 671 342 dixi,
695 278 941 344 excitati,
966 296 1078 334 non
1100 286 1361 351 poterant
1379 283 1543 337 silere
1572 282 1718 354 quod
1737 284 1788 344 Α
1804 286 2196 349 reverteretur,
2232 282 2447 349 esuriit,
2479 286 2565 339 vel
2596 286 2890 342 veritatem
2920 289 3180 347 humanae
3210 294 3399 349 carnis

146 369 195 420 in
222 365 429 436 Spiritu
459 371 652 420 sancto
680 365 977 435 agebatur.
1008 370 1077 423 Et
1096 369 1220 424 ideo
1248 372 1501 425 Salvator
1529 389 1723 426 secun-
1805 371 2102 424 ostendens
2130 371 2215 424 vel
2247 372 2516 439 esuriens,
2549 375 2696 444 quod
2728 376 2904 447 magis
2951 377 3242 434 fatendum
3288 386 3391 446 est,

145 456 260 509 dum
289 455 689 525 evangelistam
731 456 883 510 aliud
923 458 1157 524 addidit,
1189 460 1380 514 dicens
1423 479 1434 513 :
1493 462 1642 528 Quod
1674 464 1724 513 si
1805 459 2043 513 salutem
2072 460 2437 524 credentium,
2463 467 2520 515 et
2546 470 2790 519 aestuans
2811 466 2926 519 zelo
2950 466 3020 520 ad
3045 466 3405 524 incredulita-

149 547 228 597 isti
247 546 541 608 tacuerint,
569 546 773 612 lapides
804 544 1433 616 clamabunt(Luc.x1x,
1467 547 1577 616 40).
1607 550 1722 603 Nec
1805 552 1919 601 tem
1949 548 2189 613 Israelis,
2222 548 2281 602 in
2321 566 2431 619 qua
2482 567 2811 620 permanere
2854 570 2965 607 non
3006 556 3209 625 potuit.
3262 557 3404 612 Mira

144 632 330 686 mirum
353 631 547 701 igitur,
579 632 625 685 si
664 633 855 686 laudes
887 635 1107 688 Domini
1133 636 1224 689 isti
1258 638 1576 701 decantauit,
1603 654 1725 708 per-
1805 635 2081 705 siquidem
2107 636 2407 690 inﬁdelitas
2432 654 2645 703 eorum,
2678 646 2742 693 ut
2766 642 2824 694 in
2854 642 2991 696 urbe
3022 645 3285 711 maxima,
3314 645 3403 699 his

145 721 264 775 moti
293 720 604 787 miraculis,
626 723 879 792 quamvis
908 724 1149 794 scopulis
1171 725 1284 778 sint
1312 726 1417 796 ipsi
1447 726 1720 792 duriores,
1806 723 2019 785 diebus,
2054 725 2270 778 nullum
2314 726 2610 796 hospitem,
2673 730 2998 800 nullamque
3049 733 3403 787 mansionem

145 826 255 863 cum
278 815 476 862 contra
504 815 767 863 naturam
813 826 973 863 suam
1004 814 1559 883 saxa'respondeant,
1603 831 1724 884 quae
1808 811 2103 865 invenerit.
2140 812 2297 865 Unde
2342 829 2467 866 cum
2517 814 2749 869 vidisset
2776 816 3034 871 arborem
3063 836 3254 883 unam,
3305 837 3407 891 per

146 897 371 952 ctscissa
386 897 651 951 dicuntur
669 903 857 962 3570
874 898 931 952 in
950 899 1209 969 passione
1232 900 1436 971 ipsius;
1458 901 1725 971 quoniam
1808 917 1976 970 quam
2002 900 2258 969 intelligi,
2286 917 2349 954 ac
2370 902 2415 954 si
2441 902 2627 957 divino
2647 904 2839 968 aifatu,
2864 906 3158 977 Synagoga
3184 914 3408 979 poterat

148 986 312 1040 omnis
340 992 619 1051 creatura,
651 987 756 1040 etsi
783 987 1141 1053 insensibilis,
1176 988 1347 1041 sentit
1378 989 1722 1055 Creatorem,
1809 990 2149 1048 Judaeorum.
2167 995 2224 1043 et
2242 990 2432 1043 omnia
2451 1007 2645 1045 eorum
2666 994 3034 1049 conciliabula
3046 997 3209 1065 juxta
3232 997 3402 1062 viam,

149 1081 197 1129 et
221 1077 339 1146 ejus
360 1075 621 1129 subditur
644 1076 914 1147 imperiis,
953 1078 1116 1146 jussu
1162 1077 1487 1131 dominante
1517 1078 1725 1131 divino.
1813 1078 1945 1148 quia
1983 1095 2094 1131 non
2124 1084 2287 1131 erant
2314 1079 2374 1132 in
2418 1078 2507 1132 via
2537 1097 2661 1149 qua:
2704 1082 2959 1135 Christus
2989 1090 3092 1149 est,
3124 1085 3221 1138 sed
3246 1086 3409 1155 juxta

149 1165 404 1235 Sequitur
435 1184 447 1217 :
1814 1166 1961 1219 viam
1990 1166 2149 1236 legis,
2172 1183 2332 1220 secus
2362 1183 2530 1237 quam
2560 1168 2679 1221 sine
2709 1168 2892 1224 fructu
2917 1171 3121 1226 virides
3150 1172 3410 1228 videban-

208 1255 269 1308 Et
290 1255 504 1307 relictis
532 1258 669 1319 illis,
701 1256 859 1317 abiit,
887 1256 1039 1321 foras
1070 1260 1228 1309 castra
1257 1257 1532 1309 civitatem
1558 1258 1618 1309 in
1640 1257 1735 1308 Bc-
1816 1261 1911 1308 tur
1933 1273 1944 1306 :
1967 1271 2203 1325 quorum
2228 1255 2478 1308 esuriens
2505 1256 2743 1310 salutem
2764 1257 2917 1311 venit
2940 1259 3011 1312 ad
3032 1260 3405 1330 Synagogam,

151 1344 413 1409 thaniam,
437 1348 485 1396 et
508 1346 713 1396 mansit
742 1346 837 1397 ibi.
862 1345 1020 1397 Mane
1056 1348 1242 1397 autem
1273 1346 1436 1411 facto,
1466 1350 1736 1397 revertens
1821 1350 1877 1396 et
1904 1343 2117 1397 invenit
2144 1360 2268 1397 eam
2298 1343 2672 1410 infecundam,
2714 1346 2834 1399 sine
2862 1346 3064 1409 fructu,
3100 1347 3245 1401 foliis
3290 1354 3413 1402 tan-

152 1434 519 1497 incivitatem,
553 1436 769 1486 csuriit.
794 1433 860 1486 Et
894 1434 1082 1485 ridens
1110 1435 1245 1500 ﬁcus
1265 1434 1518 1486 arborem
1560 1449 1735 1486 unam
1819 1432 2109 1486 tummodo
2132 1432 2411 1497 vestitam,
2442 1432 2497 1485 id
2530 1438 2633 1497 est,
2660 1433 3133 1507 verbis'inanibus
3160 1436 3412 1504 glorian-

149 1537 280 1573 secus
308 1524 487 1584 viam,
510 1523 655 1573 venit
685 1522 760 1574 ad
786 1536 927 1586 eam,
947 1526 997 1574 et
1028 1522 1173 1575 nihil
1201 1524 1415 1575 invenit
1436 1525 1498 1574 in
1527 1538 1588 1574 ea
1626 1523 1738 1574 nisi
1818 1526 1953 1585 tem,
2005 1528 2062 1574 et
2088 1520 2358 1575 fructibus
2389 1538 2635 1586 vacuam,
2667 1522 2929 1592 operibus
2975 1523 3202 1593 quidem
3252 1523 3412 1579 bonis

148 1609 269 1675 folia
300 1612 549 1672 tantum,
568 1614 616 1662 et
636 1611 717 1662 ait
748 1611 838 1662 illi
859 1625 874 1659 :
903 1610 1207 1678 Nunquam
1228 1626 1291 1663 ex
1313 1614 1360 1662 te
1388 1611 1605 1676 fructus
1636 1595 1795 1662 na-B
1818 1608 2084 1663 sterilem.
2120 1610 2189 1663 Et
2208 1610 2339 1679 quia
2365 1610 2673 1680 paenitendi
2716 1616 2942 1681 tempus
2972 1612 3053 1664 illi
3080 1618 3411 1679 excesserat,

149 1701 323 1751 scatur
385 1700 449 1751 in
476 1700 892 1765 sempiternum.
925 1698 1096 1751 Facta
1123 1697 1282 1752 factis
1319 1698 1645 1762 succedunt,
1679 1701 1736 1751 et
1816 1698 1872 1771 in
1903 1702 2236 1768 perpetuum
2268 1698 2547 1752 sententia
2574 1700 2815 1752 coelestis
2831 1699 3057 1768 judicis,
3084 1706 3148 1754 ut
3173 1701 3281 1771 ipsi
3301 1718 3417 1756 cer-

147 1785 413 1839 miracula
439 1786 740 1851 miraculis,
771 1803 895 1857 quae
916 1803 1027 1840 non
1053 1787 1244 1840 omnia
1283 1783 1394 1840 uno
1423 1787 1482 1839 in
1506 1787 1628 1839 loco
1666 1784 1735 1838 ab
1818 1787 2025 1850 nimus,
2060 1787 2303 1839 arefacta
2337 1786 2395 1840 in
2443 1787 2829 1840 testimonium
2882 1794 3094 1841 manet.
3128 1790 3329 1844 Nescio
3368 1791 3416 1844 si

150 1874 499 1944 evangelistis
551 1880 872 1940 narrantur,
924 1891 995 1928 ne
1045 1875 1340 1929 videantur
1386 1874 1736 1929 solummodo
1819 1875 2129 1929 evidentius
2149 1874 2362 1945 aliquid
2380 1874 3083 1946 inveniatur,quopersona
3107 1877 3416 1947 Synagoga:

150 1962 437 2016 historiam
469 1968 657 2017 texere
686 1964 1024 2030 Salvatoris;
1054 1964 1151 2018 sed
1168 1963 1247 2018 sic
1274 1964 1518 2018 vicissim
1549 1962 1738 2017 omnia
1819 1963 1876 2017 in
1907 1963 2199 2018 arboribus
2247 1964 2689 2025 commendetur,
2725 1981 2894 2034 quam
2935 1964 2982 2018 si
3020 1964 3152 2018 huic
3192 1966 3320 2019 ﬁcui
3351 1983 3418 2020 ex

150 2057 379 2121 ponunt,
409 2057 473 2105 ut
518 2052 723 2122 singuli
761 2069 863 2106 sua
914 2057 1202 2117 exornent,
1248 2058 1303 2106 et
1351 2052 1737 2122 unusquisque
1820 2053 2038 2106 ratione
2063 2058 2419 2123 comparetur
2472 2053 2599 2107 Haec
2627 2068 2868 2123 namque
2907 2052 3076 2106 arbor
3105 2054 3265 2108 valde
3298 2054 3416 2108 dis-

152 2156 356 2205 eorum,
393 2140 540 2210 quod
592 2140 740 2194 intus
768 2140 1101 2194 mirabiliter
1131 2140 1400 2211 conspicit
1430 2155 1738 2210 congruere
1821 2142 2082 2195 similiter
2118 2148 2447 2196 caeterarum
2479 2140 2764 2207 arborum,
2808 2147 2865 2195 et
2893 2148 3096 2196 natura
3137 2147 3195 2196 et
3224 2143 3420 2197 condi-

148 2228 201 2282 in
222 2228 515 2299 mysterio,
542 2228 676 2282 foris
706 2234 936 2283 exornet
963 2235 1021 2283 et
1048 2234 1264 2283 retexat
1287 2230 1346 2282 in
1375 2230 1619 2282 oraculo.
1653 2229 1741 2282 Ita
1820 2230 1973 2284 tione
2004 2231 2202 2284 ﬂorere
2227 2230 2451 2284 dicitur.
2472 2232 2615 2284 Nam
2646 2232 2747 2283 ﬂos
2765 2231 2887 2300 ejus
2918 2230 3134 2301 primus
3154 2232 3213 2285 in
3239 2232 3420 2302 pomis

149 2323 205 2371 ut
227 2317 463 2381 nesciat,
499 2317 751 2388 quamvis
781 2318 1025 2388 prudens
1072 2318 1330 2371 videatur
1370 2335 1491 2371 esse
1523 2317 1734 2381 doctor,
1824 2325 1938 2386 est;
1960 2319 2057 2372 sed
2084 2336 2197 2373 non
2222 2335 2286 2372 ea
2316 2335 2438 2389 quae
2461 2319 2703 2389 primum
2738 2319 3093 2386 emerserint,
3130 2320 3423 2375 maturita-

148 2406 271 2476 quid
297 2406 552 2478 primum
583 2406 774 2459 mirari
803 2405 1004 2460 debeat
1036 2423 1047 2459 ε
1083 2407 1230 2477 quod
1278 2423 1423 2460 unus
1453 2423 1646 2460 eorum
1681 2405 1740 2459 in
1825 2413 1940 2461 tem
1970 2413 2390 2477 consequuntur
2424 2425 2435 2458 :
2469 2422 2665 2476 grossa
2685 2407 2834 2460 enim
2860 2407 2994 2471 haec,
3018 2414 3075 2461 et
3106 2408 3422 2463 communis

153 2497 403 2551 ordinem
430 2497 607 2567 ponit,
630 2513 702 2550 an
723 2496 870 2567 quod
899 2495 1164 2551 immutat
1188 2497 1349 2561 alius,
1367 2504 1424 2550 et
1446 2502 1635 2551 tamen
1665 2496 1744 2549 di-
1827 2513 1980 2562 usus,
2017 2502 2074 2550 et
2104 2495 2432 2567 prophetica
2472 2495 2776 2549 auctoritas
2818 2498 3179 2567 nuncupavit.
3210 2498 3420 2551 Verum

150 2585 348 2640 vinitus
397 2586 478 2640 sic
534 2603 638 2640 sua
678 2585 939 2651 contexit,
1000 2590 1065 2639 ut
1106 2602 1301 2639 verum
1358 2586 1744 2656 unusquisque
1829 2592 2040 2656 postea,
2094 2589 2157 2638 ut
2204 2584 2507 2647 cernimus,
2546 2583 2781 2637 internae
2816 2584 3173 2639 fecunditatis
3214 2585 3420 2639 virtute

147 2690 331 2728 eorum
361 2673 535 2739 dicat,
558 2672 697 2727 nihil
720 2673 1053 2727 dissentiens
1083 2673 1153 2727 ab
1182 2674 1343 2741 aliis;
1377 2681 1434 2727 et
1472 2674 1531 2727 in
1566 2674 1742 2744 signi-
1829 2673 2188 2739 exuberante,
2245 2673 2304 2726 in
2361 2673 2613 2742 ejusdem
2669 2673 2911 2742 speciem
2959 2677 3127 2742 atque
3182 2673 3422 2727 formam

148 2762 499 2817 ﬁcationibus
530 2763 646 2817 suis
678 2780 742 2817 ac
768 2763 962 2833 ﬁguris
983 2768 1039 2816 et
1065 2763 1249 2825 rebus,
1282 2763 1603 2833 pulchriora
1634 2763 1745 2816 sin—
1827 2780 2022 2817 rursus
2050 2778 2216 2832 poma
2242 2766 2638 2832 prorumpunt,
2672 2761 2874 2830 quibus
2906 2761 3421 2832 prorumpentibus,

146 2852 273 2921 guli,
296 2869 365 2906 ac
395 2852 444 2905 si
473 2852 693 2923 lapillos
722 2868 1095 2921 gemmarum,
1128 2858 1398 2922 ponentes
1428 2852 1485 2905 in
1514 2851 1738 2917 fabrica,
1762 2868 1805 2928 α
1829 2853 1937 2906 ista
1966 2852 2287 2914 truduntur,
2317 2856 2375 2904 et
2429 2849 2714 2903 dissolutis
2747 2850 2947 2919 quibus
2992 2850 3424 2905 continebantur

150 2943 401 2997 ornatius
429 2948 760 2996 construant
787 2947 1138 2996 sacramenta
1162 2947 1471 3011 gestorum.
1504 2939 1661 2994 Unde
1688 2944 1746 2993 et
1829 2940 2039 3001 caudis,
2066 2939 2347 3001 decidunt,
2373 2938 2595 3008 aliaque
2616 2939 2713 2991 illa
2732 2938 2925 2992 euntia
2951 2954 3128 3009 usque
3148 2939 3220 2992 ad
3242 2943 3423 2993 matu-

150 3030 245 3085 hoc
282 3032 434 3095 loco,
469 3032 618 3102 quod
648 3032 868 3085 Marcus
909 3030 1160 3086 secunda
1197 3030 1286 3084 die
1330 3046 1495 3083 mane
1540 3029 1745 3083 factum
1829 3030 2054 3083 ritatem
2099 3027 2449 3099 proveniunt.
2498 3026 2605 3081 Sed
2656 3032 2714 3080 et
2762 3026 2831 3080 de
2878 3026 3261 3098 superioribus
3314 3027 3425 3081 illis

149 3119 273 3174 dicit
295 3122 360 3174 in
397 3121 597 3174 ordine
634 3120 976 3175 narrationis
1006 3120 1073 3173 de
1107 3120 1235 3184 ﬁcu,
1268 3124 1326 3172 et
1355 3123 1550 3188 postea
1576 3116 1748 3171 tertia
1830 3134 1998 3188 quam
2030 3134 2175 3188 saepe
2200 3116 2494 3186 contingit,
2519 3121 2583 3169 ut
2612 3115 2867 3186 quaedam
2889 3122 3158 3169 maneant
3179 3132 3420 3187 semper,

146 3208 229 3261 die
255 3209 563 3264 arefactam
588 3209 810 3279 repetit,
843 3215 900 3262 et
924 3208 1141 3262 addidit
1166 3208 1309 3278 quod
1344 3207 1593 3260 nondum
1624 3210 1748 3259 erat
1830 3211 1887 3260 et
1915 3223 2027 3260 non
2068 3206 2214 3260 sicut
2251 3209 2450 3259 caetera
2489 3204 2751 3257 decidant
2776 3221 2974 3273 gressa
3007 3224 3023 3259 :
3069 3205 3167 3259 sed
3213 3205 3429 3260 haerent

150 3301 363 3368 tempus
397 3299 665 3359 ficorum;
690 3298 987 3352 Matthazus
1008 3297 1233 3368 quidem
1265 3295 1432 3349 tertia
1462 3295 1552 3348 die
1581 3294 1747 3348 simul
1830 3299 2052 3349 tantum
2083 3310 2267 3363 poma,
2302 3310 2424 3363 qum
2472 3298 2674 3346 caetera
2704 3292 3031 3347 maturitate
3059 3294 3423 3364 praeveniunt.

148 3393 353 3451 narrat,
391 3387 619 3457 quando
675 3386 935 3456 discipuli
980 3385 1170 3439 mirati
1227 3389 1361 3439 sunt
1398 3401 1520 3438 eam
1564 3381 1747 3436 subito
1833 3388 2019 3448 81°;
2050 3382 2120 3435 Et
2139 3382 2240 3435 hos
2271 3380 2677 3451 pulcherrimos
2709 3381 2919 3435 fructus
2948 3380 3115 3435 arbor
3139 3382 3236 3435 illa
3265 3398 3330 3436 ex
3358 3399 3418 3436 se

147 3476 384 3542 aruisse;
416 3475 550 3545 quia
576 3492 675 3545 per
690 3475 939 3545 singulas
958 3480 1167 3539 noctes,
1184 3478 1248 3527 ut
1273 3472 1634 3542 Evangelium
1656 3471 1749 3524 de—
1830 3471 1947 3536 dat,
1979 3469 2217 3540 quicum
2234 3469 2445 3539 gressis
2458 3469 2673 3523 caeteris
2698 3470 3121 3540 promergen'tes
3140 3471 3209 3524 de
3231 3470 3414 3524 medio

146 3562 332 3629 clarat,
366 3563 583 3617 relictis
610 3562 738 3628 illis,
776 3562 960 3616 exibat
987 3579 1101 3615 una
1126 3578 1251 3615 cum
1284 3561 1400 3615 suis
1430 3560 1499 3613 ab
1528 3561 1749 3613 Jerusa-
1829 3566 2200 3628 utrarumque
2228 3557 2570 3627 virgularum
2602 3557 2851 3611 claviculi
2874 3558 3251 3627 proferuntur.
3278 3558 3425 3622 Qua-

145 3650 269 3717 lem,
299 3659 359 3706 et
414 3650 679 3705 manebat
717 3651 775 3704 in
806 3634 1098 3713 Bethania,
1133 3650 1190 3703 id
1222 3656 1306 3703 est
1333 3649 1390 3702 in
1423 3649 1589 3702 domo
1618 3647 1744 3700 obe-
1831 3654 2060 3720 propter
2088 3664 2153 3700 ex
2178 3645 2495 3699 conditione
2524 3644 2740 3699 arboris
2763 3646 2952 3714 hujus,
2985 3646 3212 3715 propria
3252 3642 3309 3699 et
3334 3646 3423 3699 ni-

145 3740 386 3806 dientize,
440 3740 591 3811 apud
635 3741 925 3803 Lazarum,
977 3755 1310 3808 sororesque
1354 3739 1476 3807 ejus
1508 3755 1519 3789 :
1554 3754 1747 3790 eorum
1831 3736 1937 3790 mis
1965 3739 2285 3806 competens
2314 3750 2613 3806 synagoga:
2635 3733 2943 3787 similitudo
2965 3750 2999 3785 a
3029 3732 3266 3787 Domino
3297 3750 3422 3804 pro-

144 3828 344 3900 quippe
369 3829 529 3883 vicus
556 3827 835 3882 Bethania
864 3831 1011 3883 erat.
1060 3828 1185 3880 Jam
1234 3832 1368 3879 tunc
1398 3824 1747 3878 vocationem
1830 3826 2013 3897 posita
2065 3830 2168 3879 est.
2195 3825 2412 3878 Primos
2464 3823 2615 3877 enim
2671 3821 2860 3893 populi
2907 3825 3139 3887 fructus,
3173 3838 3311 3893 quos
3349 3821 3420 3876 ab

142 3918 396 3985 gentium
417 3915 832 3988 praeﬁgurabat,
859 3915 1065 3986 quiain
1085 3915 1396 3969 Jerusalem
1418 3929 1747 3984 permanere
1830 3913 2054 3968 exordio
2113 3928 2399 3984 synagoga
2470 3911 2801 3982 protulerat,
2848 3926 3171 3988 grossorum
3232 3909 3422 3964 amisit

146 3984 250 4059 non
279 3984 491 4077 potuit,
522 3984 668 4059 sicut
689 4006 811 4076 jam
840 3984 991 4058 retro
1020 4004 1213 4058 multis
1255 4006 1747 4074 praemonstratum
1832 4003 2111 4073 exemplo;
2147 4001 2281 4072 quia
2308 3999 2526 4071 plebem
2556 4001 2678 4068 ejus
2714 3984 2991 4063 inutilem,
3025 3998 3207 4052 ﬁdelis
3235 4015 3418 4052 emcr-

146 4101 223 4148 est
250 4096 502 4150 indiciis.
535 4094 687 4148 Nam
707 4098 764 4148 et
792 4094 1029 4148 ﬁculnea
1058 4094 1191 4157 haec,
1224 4092 1364 4146 nihil
1394 4090 1546 4145 aliud
1577 4106 1746 4161 quam
1828 4107 1967 4159 gens
1996 4091 2234 4160 pepulus
2259 4088 2604 4159 gentium,et
2629 4087 2883 4158 pertinax
2898 4086 2954 4139 in
2968 4086 3250 4140 viriditate
3268 4086 3417 4153 ﬁdei,

146 4183 472 4239 ariditatem
492 4184 813 4239 Iudaeorum
827 4183 1093 4237 declarat.
1113 4181 1375 4252 Alioquin
1392 4170 1549 4234 tanta
1570 4180 1747 4233 virtus
1764 4222 1812 4279 D
1833 4184 1891 4233 et
1919 4195 2095 4249 usque
2116 4179 2186 4231 ad
2208 4172 2748 4231 consummationem
2768 4180 3083 4246 temporum
3108 4191 3343 4229 manens
3364 4176 3421 4230 in

147 4272 373 4341 Christi,
411 4278 687 4344 tantaque
715 4271 989 4343 sapientia
1008 4271 1139 4341 quid
1162 4270 1266 4324 sibi
1297 4270 1415 4322 vult
1445 4268 1591 4339 quod
1617 4284 1747 4321 esu-
1767 4263 1811 4279 "
1832 4268 1940 4321 ﬁde
1955 4267 2420 4337 patriarcharum,
2436 4263 2942 4336 protrusit.Deinde
2955 4263 3244 4317 credentes
3256 4263 3421 4333 primi

146 4361 289 4416 riens
316 4362 487 4417 venit
512 4362 583 4415 ad
624 4362 938 4423 ﬁculneam,
982 4376 1237 4430 quaerens
1278 4359 1519 4412 fructum
1556 4357 1614 4410 in
1657 4373 1741 4421 ea,
1832 4373 1898 4409 ex
1919 4356 2090 4410 Israel
2114 4356 2372 4426 apostoli,
2404 4354 2553 4408 inter
2573 4354 2753 4424 legem
2784 4358 2841 4407 et
2861 4351 3164 4422 evangelia,
3196 4367 3422 4421 grosse-

146 4464 265 4504 cum
294 4450 653 4521 evangelista
678 4450 846 4513 dicat,
881 4447 1015 4519 quia
1058 4464 1170 4501 non
1209 4451 1329 4500 erat
1376 4452 1585 4513 tempus
1619 4448 1747 4512 fico-
1832 4461 1957 4498 rum
1980 4445 2144 4498 modo
2173 4444 2527 4508 inhaerentes,
2554 4440 2981 4497 resurrectionis
3007 4440 3183 4509 gloria
3209 4445 3267 4493 et
3284 4443 3421 4493 tem-

145 4554 269 4592 rum.
298 4546 323 4593 Ρ
383 4538 654 4610 Nunquid
705 4538 801 4609 qui
851 4537 1042 4591 omnia
1085 4534 1469 4609 cognoscebat,
1532 4534 1749 4588 occulta
1832 4550 1967 4603 pore
2017 4533 2311 4587 anteibunt
2355 4545 2602 4586 caeteros.
2654 4530 2944 4600 Siquidem
2996 4534 3053 4582 et
3088 4529 3148 4582 in
3194 4527 3419 4582 exordio

146 4628 311 4682 etiam
332 4606 647 4699 antequam
675 4606 894 4691 ﬁerent,
922 4631 1041 4692 87
1130 4606 1343 4679 nescire
1364 4628 1585 4695 poterat
1603 4623 1752 4693 quod
1835 4621 2089 4686 Genesis,
2106 4621 2162 4674 in
2184 4621 2351 4689 hujus
2366 4620 2446 4673 rei
2468 4623 2725 4678 formam,
2751 4618 2928 4671 Adam
2945 4617 3215 4687 pudorem
3232 4632 3417 4679 suum,
3464 4606 3473 4609 5

144 4719 359 4773 cunctis
388 4720 454 4772 in
482 4722 679 4788 aperto
710 4716 874 4770 erat?
906 4716 989 4768 vel
1019 4714 1297 4785 quomodo
1328 4711 1570 4766 esurisse
1601 4717 1751 4765 recte
1834 4716 2001 4781 atque
2031 4708 2165 4774 Eva,
2196 4709 2365 4777 hujus
2410 4707 2626 4762 arboris
2670 4706 2814 4760 foliis
2866 4711 3144 4769 texerunt,
3168 4721 3296 4759 cum
3332 4720 3423 4758 se-

146 4807 434 4867 credatur,
454 4822 584 4859 cum
613 4821 777 4858 mane
804 4803 978 4857 fuisse
1007 4802 1248 4856 dicitur?
1268 4802 1431 4855 Patet
1458 4800 1649 4870 igitur,
1673 4799 1750 4853 si-
1833 4799 1983 4869 ipsos
2021 4798 2091 4851 ad
2147 4797 2449 4851 adventum
2500 4794 2725 4849 Domini
2754 4794 3004 4847 vocantis
3035 4794 3418 4848 occuluerunt.

144 4903 234 4949 cut
258 4912 444 4967 quam
473 4911 623 4965 saepe
654 4911 744 4947 me
773 4892 979 4946 dixisse
1010 4891 1212 4955 recolo,
1249 4890 1381 4960 quia
1412 4888 1602 4942 omnia
1630 4905 1751 4959 quae
1835 4887 1978 4952 Quia
2027 4887 2324 4957 Synagoga
2352 4882 2614 4943 inﬁdelis,
2647 4883 2787 4952 legis
2837 4882 3104 4935 mandata
3135 4887 3421 4951 transgre-

146 4983 357 5038 ﬁebant
381 4983 456 5038 ab
485 5000 571 5047 eo,
609 4983 740 5037 licet
767 4982 913 5035 mira
943 4987 1131 5035 essent
1161 4986 1226 5033 ut
1254 4980 1393 5033 ﬁdes
1423 4977 1751 5032 corrobora-
1836 4977 2014 5039 diens,
2043 4974 2405 5046 impudentia:
2451 4982 2565 5026 Sua:
2613 4969 2891 5024 faeditates
2922 4975 2979 5023 et
3008 4969 3421 5041 turpitudinum

142 5080 315 5138 retur,
344 5074 523 5145 plena
541 5078 674 5127 sunt
701 5070 1086 5132 sacramentis,
1111 5071 1387 5139 plenaque
1408 5068 1581 5121 oculis
1600 5067 1753 5120 intus
1835 5064 2235 5127 confusionem,
2267 5060 2627 5115 infructuosis
2648 5064 2795 5113 esset
2821 5057 3119 5112 verborum
3150 5058 3426 5111 velamen-

145 5168 196 5215 et
224 5144 389 5218 foris.
431 5162 788 5233 Quapropter
815 5158 1080 5214 discussis
1111 5157 1289 5212 noctis
1328 5156 1593 5221 tenebris,
1627 5172 1752 5209 cum
1836 5155 1926 5217 tis,
1947 5159 2217 5223 tanquam
2248 5152 2384 5205 ﬁcus
2405 5149 2571 5207 foliis.
2602 5153 2945 5202 contectura.
2975 5147 3083 5202 Sed
3110 5144 3425 5199 misericors

142 5252 434 5307 matutina
462 5251 558 5305 lux
584 5252 704 5321 jam
747 5249 1010 5315 radiaret,
1045 5253 1102 5302 et
1129 5246 1309 5301 vicina
1345 5244 1608 5299 meridies
1634 5245 1753 5314 jam
1838 5241 2107 5297 Dominus
2130 5246 2321 5295 manet
2341 5244 2626 5294 revertens
2647 5237 2717 5291 ad
2738 5253 2882 5301 eam,
2906 5234 3122 5299 esuriit,
3136 5249 3249 5288 non
3269 5234 3430 5304 quasi

143 5341 395 5408 adesset,
433 5340 490 5394 in
524 5356 637 5410 qua
675 5339 947 5394 Dominus
976 5337 1236 5410 passione
1279 5352 1399 5401 sua,
1435 5350 1535 5389 seu
1575 5349 1759 5387 resur—
1838 5328 2138 5394 homo,sed
2152 5329 2311 5401 quasi
2332 5327 2746 5394 Deus,salutem
2769 5321 3435 5395 eorum;necquasiindi-

142 5431 427 5495 rectione,
460 5428 847 5483 illustratums
873 5433 996 5483 erat
1010 5426 1222 5495 orbem,
1249 5441 1375 5479 cum
1399 5423 1456 5478 in
1478 5423 1759 5478 civitatem
1841 5438 1979 5492 gens
1991 5424 2181 5475 nostra
2187 5417 2532 5489 justitia,aut
2543 5414 2775 5482 ﬁde,sed
2792 5413 2949 5485 quasi
2962 5411 3278 5467 misericors
3290 5410 3435 5465 desi-

394 5531 669 5593 PATBOL-
717 5528 896 5592 CXX.
3117 5510 3195 5569 23
