3888 6172
138 308 203 366 71
214 311 245 365 7

877 305 1259 363 EXPOSITIO
1299 306 1379 361 IN
1415 301 1867 361 MATTHEUM.
1902 333 1967 343 —
1995 302 2131 357 LIB.
2174 303 2269 370 IX,
2314 304 2472 359 CAP.
2515 308 2661 363 XXI.

3305 312 3411 371 718

139 437 528 505 haesitantes,“
544 437 801 499 dixeritis
816 437 996 488 monti
1013 434 1171 495 huic;
1191 431 1324 503 quia
1342 431 1413 486 ab
1432 432 1552 503 ipso
1571 430 1735 485 Chri-
1755 430 1806 489 A
1822 434 2003 499 roget,
2036 428 2235 482 deinde
2266 446 2387 501 quae
2417 438 2580 501 rogat
2606 449 2703 509 spe
2725 438 2879 487 certa
2923 439 3045 511 jam
3099 436 3408 508 contingat,

140 530 227 580 sto
253 524 575 592 videbatur,
607 530 665 579 et
691 523 1021 579 manifestus
1051 520 1199 589 erat,
1226 527 1282 575 et
1309 521 1433 576 ideo
1469 519 1629 590 quasi
1654 519 1740 573 di-

138 611 257 684 gito
278 613 724 675 monstrabatur,
757 612 879 676 Quo
907 610 1179 666 translato
1224 610 1293 663 de
1321 607 1581 662 cordibus
1620 623 1741 661 cre-

139 698 415 767 dentium,
438 706 496 756 et
521 703 672 756 foras
693 701 863 755 misso
890 701 950 757 in
980 715 1155 766 mare,
1187 699 1369 767 major
1394 697 1570 753 virtus
1608 712 1740 767 pro-

138 790 327 856 batur,
358 796 529 862 atque
563 790 842 845 salubrior
861 788 1203 853 hominibus,
1237 803 1404 858 quam
1434 786 1483 840 si
1520 790 1741 840 montes

138 880 329 933 volare
367 879 745 934 tecissent.Ac
773 894 875 949 per
887 878 993 931 hoc
1022 893 1183 930 mons
1213 877 1337 935 iste.
1356 875 1425 928 de
1456 891 1564 947 quo
1584 874 1737 939 dicit,

140 967 429 1031 contraria
453 973 703 1041 potestas
729 969 857 1037 jure
899 965 1252 1036 intelligitur,
1283 963 1379 1036 qui
1419 980 1479 1017 se
1526 964 1744 1019 extollit

142 1055 317 1109 etiam
344 1061 540 1109 contra
568 1056 777 1109 Deum.
830 1054 933 1108 Cui
965 1054 1227 1107 dixerunt
1275 1051 1511 1124 apostoli
1551 1051 1737 1119 verbo,

141 1144 279 1198 tolle
293 1148 352 1198 te
392 1144 524 1198 hinc
554 1160 590 1197 a
620 1143 880 1198 cordibus
909 1142 1181 1207 ﬁdelium,
1214 1146 1271 1195 et
1310 1142 1516 1194 missus
1546 1145 1634 1194 est
1661 1157 1745 1194 sa-

140 1238 309 1287 tanas
327 1232 388 1286 id
411 1240 513 1297 est,
536 1232 774 1287 altitudo
796 1232 892 1285 illa
911 1230 1085 1285 totius
1109 1230 1359 1296 malitiae,
1384 1231 1443 1283 in
1480 1246 1655 1292 mare,
1686 1228 1744 1286 id

142 1328 229 1377 est
256 1322 319 1376 in
339 1321 628 1393 abyssum,
646 1321 916 1391 gehennae
932 1320 1137 1375 locum.
1163 1320 1242 1373 De
1259 1335 1368 1391 quo
1388 1319 1531 1373 mari
1542 1318 1747 1373 dicitur

141 1411 201 1465 in
230 1411 461 1473 PsalmO
494 1429 508 1464 :
542 1411 650 1464 Hoc
674 1426 830 1464 mare
878 1425 1149 1477 magnum
1172 1415 1220 1461 et
1247 1411 1546 1477 spatiosum
1578 1428 1593 1461 :
1626 1409 1746 1461 illic

144 1516 310 1554 naves
318 1499 794 1568 pertransibunt:i
798 1501 851 1552 bi
860 1500 1138 1553 animalia
1148 1501 1356 1567 pusilla
1368 1514 1493 1550 cum
1506 1499 1742 1565 magnis,

144 1594 192 1644 et
210 1591 509 1658 draco,qut
526 1590 803 1657 formatus
823 1593 917 1655 est,
938 1589 1011 1641 ad
1025 1588 1375 1641 illudendum
1389 1589 1440 1641 ei
1454 1588 1742 1654 (Psal.cuI,

143 1677 230 1742 25,
246 1676 344 1743 26,
366 1674 480 1745 27);
505 1680 562 1730 et
581 1676 713 1730 alibi
738 1693 750 1728 :
781 1677 859 1730 Tu
884 1677 1202 1745 confregisti
1221 1678 1400 1743 capita
1438 1676 1747 1729 draconum

1823 517 2095 572 charitate
2126 518 2308 573 adhuc
2336 519 2563 589 pulsans
2586 521 2706 590 jam
2728 523 3027 593 possideat,
3059 541 3186 579 cum
3232 524 3416 581 Deum

1823 606 2078 659 totumin
2108 624 2167 659 se
2197 606 2424 675 habeat,
2446 625 2613 679 quem
2663 616 2844 680 rogat,
2872 628 2985 665 non
3014 619 3171 666 extra
3207 631 3289 677 se,
3316 615 3415 670 sed

1823 693 1992 759 intra,
2025 694 2121 749 ubi
2143 696 2357 751 accedit
2382 696 2453 750 ad
2486 714 2613 750 eum
2661 699 2995 754 ﬁducialiter
3050 702 3282 757 devotus
3326 720 3416 758 se-

1822 784 2066 837 cundum
2105 784 2303 852 Deum,
2335 790 2399 837 ut
2440 786 2715 857 percipiat
2743 804 2810 841 ea
2836 805 3198 863 perseverans
3236 808 3417 864 quan-

1823 871 2025 945 doque,
2055 888 2176 943 quae
2203 872 2372 943 digna
2401 873 2516 929 Deo
2543 875 2825 946 implorat.

1894 963 1963 1017 Et
1990 978 2115 1015 cum
2145 966 2371 1019 venisset
2402 967 2463 1017 in
2495 970 2777 1035 templum,
2809 975 3148 1024 accesserunt
3180 972 3254 1024 ad
3290 988 3417 1029 eum

1825 1050 2097 1102 docentem
2116 1054 2398 1119 principes
2413 1054 2753 1107 sacerdotum
2774 1060 2821 1108 et
2836 1060 3069 1110 seniores
3082 1062 3293 1129 populi,
3326 1059 3419 1113 di-

1827 1143 1999 1192 centes
2026 1157 2042 1191 :
2066 1140 2133 1192 In
2156 1154 2265 1208 qua
2290 1144 2547 1207 potestate
2568 1143 2675 1195 haec
2697 1144 2836 1209 facis
2860 1149 2883 1196 ν
2916 1150 2965 1197 et
3003 1149 3125 1214 quis
3154 1148 3297 1201 dedit
3316 1149 3418 1205 tibi

1826 1228 1969 1281 hanc
1993 1233 2346 1296 potestatem?
2372 1230 2502 1282 Haec
2525 1230 2693 1284 tertia
2719 1232 2809 1286 die
2838 1234 2987 1287 dicta
3015 1240 3162 1302 sunt,
3196 1236 3420 1307 quando

1828 1321 1886 1370 et
1911 1316 2171 1387 discipuli
2187 1318 2345 1389 juxta
2377 1319 2629 1377 Marcum
2662 1320 2853 1375 mirati
2882 1332 3015 1376 sunt
3056 1324 3125 1377 de
3155 1324 3419 1383 ariditate

1829 1406 2085 1460 ﬁculnea.
2104 1406 2261 1460 Tunc
2280 1414 2651 1472 accesserunt,
2686 1426 2799 1463 non
2822 1411 3009 1463 animo
3026 1417 3089 1464 ut
3107 1413 3419 1483 crederent,

1829 1495 1926 1548 sed
1956 1511 2186 1566 corpore
2216 1501 2279 1548 ut
2307 1500 2614 1551 tentarent.
2634 1496 2738 1551 Ubi
2768 1498 3095 1568 ambiguum
3116 1501 3337 1557 videtur
3354 1502 3423 1558 de

1830 1600 1941 1654 qua
1960 1588 2237 1657 potestate
2258 1585 2621 1655 interrogent,
2639 1603 2765 1640 cum
2788 1587 2943 1643 nulla
2974 1595 3060 1643 est
3087 1588 3193 1643 nisi
3222 1606 3257 1644 a
3284 1590 3422 1663 Deo;

1830 1689 1902 1727 an
1922 1672 1991 1727 de
2012 1678 2291 1743 potestate
2329 1673 2584 1741 Ctesaris,
2616 1680 2714 1729 aut
2742 1676 3011 1747 praesidis,
3035 1683 3135 1732 aut
3163 1679 3425 1735 sacerdo-

146 1768 207 1820 in
232 1768 421 1833 aquis,
454 1770 504 1819 et
533 1766 732 1819 dedisti
760 1781 884 1818 eum
905 1766 969 1817 in
993 1778 1168 1817 escam
1195 1766 1414 1832 populis
1434 1764 1746 1832 xEthiopum
1765 1777 1812 1835 Β
1830 1768 1973 1830 tum,
2016 1769 2115 1816 aut
2144 1770 2292 1817 certe
2320 1764 2366 1817 si
2396 1764 2454 1818 in
2503 1769 2779 1834 potestate
2826 1766 3063 1836 alicujus
3116 1767 3425 1841 prophetia:

146 1855 321 1921 (Psal.
372 1868 557 1921 LXXIII,
593 1852 696 1921 14).
748 1854 874 1924 Ipse
933 1852 1109 1922 igitur
1136 1857 1237 1917 est,
1274 1852 1369 1925 qui
1406 1869 1440 1905 a
1476 1853 1750 1926 propheta

149 1959 315 1998 mons
334 1948 638 2014 corruptus
665 1948 913 2008 vocatur,
928 1958 993 1995 eo
1025 1942 1174 2013 quod
1202 1940 1488 2016 superbiat
1506 1958 1744 2017 semper,

150 2038 205 2087 et
223 2031 416 2103 erigat
428 2048 488 2086 se
510 2035 705 2085 contra
725 2030 869 2084 facto
878 2047 997 2084 rem
1031 2046 1216 2083 suum.
1242 2030 1494 2094 Quicum
1520 2030 1753 2101 jubetur

152 2121 220 2175 ab
250 2120 546 2195 apostolis,
574 2120 661 2174 vel
690 2137 723 2175 a
753 2118 1010 2173 fidelibus
1024 2118 1247 2183 sanctis,
1274 2119 1342 2172 de
1358 2118 1617 2174 cordibus
1635 2136 1753 2173 cre-

153 2209 413 2263 dentium
447 2209 621 2277 exire,
650 2213 708 2263 et
754 2207 813 2261 in
869 2224 1025 2261 mare
1054 2207 1155 2273 ire,
1204 2224 1313 2279 quo
1354 2224 1576 2280 semper
1600 2207 1755 2262 saevit

154 2301 464 2369 tempestas
494 2297 709 2367 utique,
740 2297 825 2362 fit,
858 2300 915 2350 et
942 2296 1280 2351 transfertur
1316 2295 1386 2353 ad
1420 2296 1543 2351 loca
1572 2296 1755 2351 salsis-

157 2386 302 2441 sima
331 2392 391 2440 et
420 2385 1116 2457 ﬁuctuantia,semperque
1146 2401 1357 2450 amara,
1384 2402 1507 2455 quae
1538 2385 1753 2441 nullam

154 2475 368 2530 habent
385 2475 739 2529 dulcedinem
760 2474 880 2528 Dei.
902 2474 983 2527 De
1007 2473 1211 2547 quibus
1232 2474 1518 2527 montibus
1548 2474 1605 2527 in
1623 2491 1753 2545 per-

157 2580 295 2619 sona
306 2564 825 2635 apostolorum,seu
847 2566 1179 2617 czeterorum
1196 2562 1445 2617 ﬁdelium
1462 2561 1519 2615 in
1539 2563 1754 2633 psalmo

156 2649 366 2723 legitur
398 2669 410 2704 :
442 2652 569 2706 Non
617 2650 933 2704 timebimus
976 2651 1112 2704 dum
1135 2652 1458 2704 turbabitur
1505 2655 1673 2716 terra,
1706 2656 1755 2704 et

159 2743 580 2808 transferentur
599 2746 807 2794 montes
829 2742 891 2793 in
938 2755 1030 2793 cor
1058 2742 1237 2796 maris
1271 2742 1435 2806 (Psal.
1469 2754 1619 2805 XLIII,
1681 2738 1751 2809 3).

158 2830 431 2884 Nonnulli
457 2829 654 2891 volunt
680 2828 750 2883 de
797 2828 1021 2887 Christo
1048 2828 1154 2882 hoc
1182 2828 1394 2882 dictum
1423 2828 1671 2903 accipere
1699 2828 1753 2881 in

158 2918 367 2973 vertice
390 2920 645 2973 omnium
671 2918 952 2972 montium
986 2917 1216 2980 elevato,
1255 2934 1423 2990 super
1444 2934 1611 2988 quem
1631 2917 1759 2970 civi-

160 3014 242 3062 tas
258 3008 543 3063 aediﬁcata
566 3023 681 3061 non
711 3011 896 3078 potest
916 3007 1109 3061 latere.
1135 3006 1311 3070 Quem
1328 3023 1463 3063 sane
1486 3012 1755 3075 montem,

1831 1852 2017 1909 dicere
2044 1853 2228 1918 vellet,
2262 1869 2389 1906 cum
2428 1852 2509 1906 illi
2558 1859 2747 1907 tamen
2774 1870 2887 1909 non
2925 1854 2982 1909 in
3013 1855 3245 1910 alterius
3273 1864 3426 1928 pote-

1832 1946 1976 1995 state
2004 1940 2114 1994 ista
2134 1941 2275 2006 ﬁeri,
2308 1957 2478 2009 quam
2506 1941 2563 1995 in
2591 1940 2899 1995 Beelzebub
2928 1943 3194 2012 principis
3218 1945 3427 2000 daemo-

1834 2029 2057 2083 niorum
2087 2029 2595 2083 calumniabantur.
2624 2031 2801 2085 Multa
2829 2029 3001 2100 igitur
3025 2037 3187 2087 erant
3217 2050 3339 2104 quae
3354 2033 3429 2091 fe-

1836 2123 2007 2183 cerat,
2025 2124 2081 2172 et
2098 2118 2335 2189 grandia
2352 2136 2415 2172 ac
2435 2118 2806 2188 deiﬁca,quod
2824 2119 3093 2175 Lazarum
3107 2122 3424 2189 suscitarat,

1837 2208 1985 2279 quod
2014 2225 2186 2261 caecos
2212 2207 2578 2273 illuminarat,
2610 2207 2757 2279 quod
2788 2225 2915 2262 cum
2972 2209 3143 2263 tantis
3171 2210 3431 2267 laudibus

1836 2297 2109 2367 templum
2141 2296 2454 2359 introierat,
2490 2296 2638 2367 quod
2671 2313 2894 2355 mensas
2923 2301 2981 2351 et
3009 2298 3302 2353 cathedras
3331 2298 3431 2354 do-

1838 2390 2058 2440 ctorum
2078 2390 2373 2448 everterat,
2399 2390 2455 2437 et
2466 2402 2661 2438 rursus
2678 2385 2736 2438 in
2768 2386 2977 2458 templo
2994 2403 3165 2441 caecos
3198 2392 3256 2443 et
3278 2378 3434 2443 clau;

1838 2474 1938 2528 dos
1970 2478 2284 2539 curaverat,
2309 2474 2459 2546 quod
2479 2474 2775 2527 ﬁculneam
2799 2474 2966 2530 verbo
2987 2475 3311 2532 arefecerat.
3328 2476 3438 2535 Sed

1838 2580 1964 2617 cum
1993 2562 2129 2616 talia
2167 2568 2433 2633 tantaque
2463 2562 2593 2627 sint,
2617 2562 2969 2632 interrogant
3000 2583 3011 2616 :
3042 2564 3179 2628 Quis
3206 2564 3307 2619 tibi
3338 2565 3438 2619 de-

1840 2652 1924 2706 dit
1953 2651 2096 2707 hanc
2130 2652 2508 2722 potestatem?
2538 2652 2619 2706 Ex
2640 2668 2752 2721 quo
2764 2653 3220 2711 manifestissime
3238 2653 3435 2725 liquet,

1840 2741 1974 2813 quia
2002 2744 2211 2810 negant
2240 2756 2368 2793 eum
2431 2740 2533 2794 Dei
2583 2740 2803 2806 Filium,
2836 2741 2971 2797 dum
3024 2747 3227 2813 putant
3250 2747 3437 2813 δαν

1841 2846 1970 2884 eum
2000 2846 2112 2886 non
2143 2846 2247 2884 sua
2274 2829 2480 2882 virtute
2510 2829 2619 2883 ista
2649 2829 2888 2900 Operari,
2918 2831 3015 2884 sed
3052 2831 3253 2889 aliena.
3285 2834 3442 2888 Atta-

1842 2936 1973 2973 men
1994 2918 2124 2975 licet
2143 2918 2378 2971 dixerim
2401 2917 2636 2971 dubium
2658 2935 2798 2978 esse.
2816 2918 2885 2972 de
2909 2936 3021 2991 qua
3048 2924 3325 2990 potestate
3349 2921 3440 2977 in-

1840 3010 2148 3077 terrogent,
2192 3006 2271 3059 sic
2300 3022 2501 3060 sonare
2550 3022 2744 3059 eorum
2792 3006 3160 3079 interrogatio
3197 3009 3436 3078 videtur,
3507 2998 3526 3019 ’

162 3113 284 3152 cum
341 3097 586 3151 ﬁculnea
612 3096 858 3150 arefacta
885 3101 987 3162 est,
1020 3096 1257 3171 apostoli
1286 3095 1699 3149 transtulerunt
1725 3092 1819 3153 aC
1842 3096 2002 3165 quasi
2029 3096 2169 3149 duas
2188 3095 2335 3149 solas
2355 3094 2737 3164 intelligerent
2758 3100 3084 3167 potestates;
3125 3114 3300 3155 unam
3321 3099 3448 3173 qui-

162 3185 395 3251 Judaeis,
431 3190 490 3239 et
515 3184 794 3239 miserunt
822 3200 952 3238 eum
1012 3201 1076 3237 ac
1132 3184 1542 3239 collocaverunt
1578 3184 1636 3240 in
1666 3202 1761 3239 cor

162 3277 357 3345 maris,
391 3275 452 3330 id
483 3280 570 3329 est
595 3291 696 3347 per
723 3274 892 3329 ﬁdem
942 3274 1355 3348 plantaverunt,
1410 3279 1467 3327 et
1498 3278 1761 3344 transpo-

163 3370 405 3419 suerunt
421 3363 709 3418 Christum
728 3364 786 3417 in
800 3362 1058 3419 cordibus
1074 3362 1350 3434 gentium,
1373 3380 1500 3417 cum
1523 3380 1623 3437 per
1644 3380 1763 3417 ver-

163 3450 297 3508 bum
330 3469 534 3507 eorum
570 3452 640 3507 de
667 3451 873 3507 Judaais
923 3452 1077 3506 venit
1126 3451 1196 3505 ad
1234 3455 1450 3521 gentes.
1482 3452 1546 3506 Et
1572 3455 1763 3505 omnia

168 3558 506 3611 quacunque
521 3544 791 3611 petieritis
804 3545 867 3597 in
886 3543 1133 3594 oratione
1154 3542 1441 3607 credentes,
1463 3543 1761 3609 accipietis.

167 3630 375 3701 Magna
395 3629 674 3700 siquidem
702 3629 889 3702 gratia
937 3629 1068 3685 ﬁdei
1123 3628 1458 3693 declaratur,
1496 3645 1765 3698 magnum

166 3719 398 3787 donum,
428 3734 811 3791 magnumque
852 3722 1286 3775 sacramentum.
1321 3717 1431 3771 Sed
1480 3717 1538 3773 in
1595 3733 1765 3787 parvo

164 3825 372 3879 magna
400 3812 806 3871 monstrantur,
842 3823 964 3881 quae
996 3822 1109 3860 non
1135 3805 1242 3860 nisi
1274 3806 1465 3876 magni
1512 3806 1759 3880 capiunt,

167 3902 360 3963 816
384 3913 529 3970 quos
557 3896 698 3950 ﬁdes
760 3896 899 3968 (quae
930 3912 1031 3968 per
1081 3895 1437 3949 dilectionem
1479 3895 1761 3969 operatur)

163 3998 401 4057 magnos
423 3984 559 4043 facit
583 4003 596 4052 ;
631 3984 761 4055 quia
782 4000 896 4039 non
912 3982 1176 4038 continuo
1206 3982 1449 4055 perfecta
1485 3987 1617 4038 sunt
1641 3999 1764 4036 om-

164 4074 275 4141 nia,
294 4091 485 4147 neque
502 4072 837 4145 integra,vel
853 4071 1084 4129 robusta
1102 4088 1230 4127 mox
1250 4077 1315 4125 ut
1333 4071 1558 4126 initium
1580 4088 1764 4145 coepe-

161 4162 302 4218 rint.
329 4162 607 4235 Alioquin
638 4162 685 4217 si
713 4162 870 4219 nulla
896 4161 1129 4231 indigna
1148 4161 1406 4232 gigneret
1432 4161 1518 4215 vel
1547 4162 1763 4232 proter-

163 4258 246 4306 ret
270 4257 503 4319 natura,
536 4257 595 4305 et
624 4251 672 4305 si
703 4251 894 4305 omnia
920 4267 1049 4304 mox
1079 4249 1347 4303 virtutum
1380 4248 1626 4321 perfecta
1670 4249 1765 4303 da-

163 4347 377 4407 rentur,
412 4340 666 4415 profecto
695 4339 1015 4395 aboleretur
1040 4339 1238 4411 pietas,
1264 4337 1452 4392 studia
1479 4342 1826 4437 cessarentD

163 4430 476 4501 religionis.
503 4430 573 4484 Et
596 4429 723 4483 ideo
739 4429 1092 4503 imploranda
1112 4434 1169 4481 et
1185 4427 1486 4481 excolenda
1505 4432 1590 4482 est
1602 4428 1758 4494 ﬁdes,

164 4517 410 4576 Charitas
439 4518 764 4573 nutrienda.
817 4517 1093 4582 Quoniam
1127 4522 1212 4571 est
1256 4521 1313 4569 et
1349 4516 1569 4571 modica
1603 4517 1760 4585 ﬁdes,

165 4612 245 4661 est
271 4614 334 4664 et
360 4623 577 4679 magna
604 4606 746 4663 nihil
775 4606 1059 4673 haesitans,
1112 4606 1423 4679 praesertim
1470 4623 1597 4660 cum
1643 4606 1766 4677 ipsa

163 4695 406 4763 Veritas,
441 4696 585 4755 nihil
622 4695 941 4769 petentibus
970 4700 1028 4749 et
1054 4695 1145 4767 pie
1174 4694 1545 4766 cupientibus,
1568 4694 1768 4768 przedi-

162 4786 238 4839 xit
266 4803 396 4841 esse
425 4785 772 4857 negandum,
802 4784 1074 4839 dicendo:
1112 4784 1254 4850 Quia
1281 4787 1333 4841 si
1361 4785 1469 4838 duo
1506 4801 1570 4837 ea:
1599 4786 1763 4852 vobis,

164 4875 247 4929 vel
274 4880 419 4943 tres,
450 4876 828 4930 consenserint
847 4890 1017 4943 super
1045 4879 1255 4929 terram
1280 4874 1513 4927 deomni
1527 4890 1768 4941 re,qu.e-

163 4980 385 5035 cunque
403 4966 680 5035 petieritis
702 4978 739 5016 a
758 4965 922 5017 Patre
940 4978 1075 5029 meo,
1100 4965 1189 5031 fiet
1212 4964 1355 5016 vobis
1380 4963 1593 5029 (Matth.
1610 4975 1764 5028 XVIII,

167 5052 269 5123 t9).
291 5052 516 5109 Idcirco
527 5052 921 5109 meditandum
938 5051 1092 5107 omni
1112 5050 1449 5116 Christiano,
1470 5055 1534 5104 ut
1549 5050 1771 5120 integra

162 5141 236 5195 sit
263 5143 317 5197 ei
341 5143 510 5209 ﬁdes,
542 5147 603 5197 et
630 5159 743 5198 non
773 5140 1194 5215 qualiscunque,
1226 5141 1323 5194 sed
1378 5157 1445 5195 ea
1476 5157 1576 5212 per
1601 5156 1771 5210 quam

163 5229 310 5285 Deus
336 5232 403 5286 in
432 5235 623 5285 mente
679 5236 831 5285 totus
872 5230 1024 5289 intus
1066 5228 1364 5297 inhabitat,
1397 5235 1451 5283 et
1472 5247 1573 5302 per
1601 5246 1770 5300 quam

161 5321 465 5390 possibilia
493 5326 629 5374 sunt
647 5320 837 5377 omnia
855 5324 1006 5373 recte
1021 5319 1255 5390 petenti.
1281 5321 1460 5375 Nemo
1501 5319 1770 5374 Christia-

162 5426 370 5464 norum
391 5415 485 5465 est
503 5409 601 5485 qui
618 5409 787 5464 ﬁdem
827 5426 887 5463 se
912 5426 1024 5463 non
1054 5410 1388 5481 proﬁteatur
1415 5409 1639 5477 habere,
1673 5409 1773 5463 sed

161 5514 323 5556 rarus
352 5497 462 5571 qui
488 5499 663 5552 talem
686 5502 1017 5571 tantamque
1080 5497 1303 5566 habeat,
1325 5504 1443 5552 tam
1471 5498 1769 5567 eruditam,

163 5593 401 5662 tamque
426 5604 532 5663 spe
553 5592 612 5646 et
637 5586 913 5645 charitate
960 5587 1208 5663 plenam,
1238 5592 1304 5643 ut
1336 5588 1585 5660 primum
1631 5587 1773 5644 bene

1843 3185 1971 3239 dem
1993 3184 2116 3251 Dei,
2140 3184 2235 3256 qui
2254 3184 2394 3237 talia
2410 3189 2596 3255 potest
2617 3183 2816 3252 facere,
2842 3185 3011 3242 aliam
3050 3203 3181 3255 vero
3210 3187 3439 3257 diaboli,

1844 3291 1878 3328 a
1906 3290 2016 3345 quo
2044 3272 2155 3325 ista
2203 3272 2606 3345 retorquebant
2658 3272 2843 3341 facta;
2883 3275 3031 3346 quod
3070 3275 3295 3331 omnino
3326 3293 3443 3337 non

1846 3362 2104 3417 convenit
2133 3366 2197 3415 ut
2226 3360 2318 3414 ille
2348 3359 2671 3430 hujusmodi
2695 3360 2855 3431 signa
2875 3361 3060 3417 faciat.
3090 3364 3200 3420 Sed
3224 3365 3319 3421 isti
3340 3382 3444 3421 sua

1847 3450 2036 3505 caecati
2067 3449 2357 3520 pravitate,
2387 3465 2499 3502 non
2524 3447 2593 3501 ob
2636 3448 2788 3502 aliud
2844 3449 3215 3524 interrogant,
3245 3453 3356 3509 nisi
3378 3459 3444 3511 ut

1848 3556 1913 3596 ex
1942 3539 2059 3593 Deo
2082 3555 2148 3592 ea
2178 3554 2298 3591 esse
2329 3535 2734 3600 contradicant,
2760 3543 2817 3592 et
2845 3541 3185 3597 calumniam
3207 3559 3441 3613 respon-

1849 3627 2005 3681 denti
2032 3627 2294 3680 inferant,
2321 3627 2397 3679 At
2422 3624 2694 3679 Dominus
2723 3642 2833 3679 non
2865 3629 2937 3682 ad
2977 3629 3324 3701 interrogata
3344 3648 3441 3686 eo-

1847 3733 1975 3771 rum
1990 3716 2297 3787 respondit,
2312 3716 2408 3770 sed
2422 3732 2522 3788 pro
2543 3715 2759 3771 duabus
2780 3733 2975 3771 eorum
2990 3717 3443 3790 interrogationi-

1852 3804 1953 3860 bus
1978 3805 2342 3877 respondens,
2400 3804 2541 3858 dixit
2592 3805 2703 3859 illis
2736 3830 2749 3861 :
2782 3808 3067 3874 Interrogo
3116 3823 3205 3861 vos
3249 3812 3297 3861 et
3349 3824 3440 3875 ego

1848 3911 2032 3949 unum
2057 3910 2384 3958 sermonem,
2410 3910 2573 3962 quem
2599 3896 2918 3949 sidixeritis
2938 3895 3103 3959 mihi,
3121 3900 3169 3949 et
3186 3912 3277 3964 ego
3296 3898 3441 3950 vobis

1848 3984 2031 4039 dicam
2052 3986 2114 4037 in
2133 4000 2243 4053 qua
2256 3988 2515 4053 potestate
2534 3985 2641 4037 hac
2658 3985 2838 4050 facio:
2870 3985 3179 4053 Baptismus
3208 3988 3441 4041 Joannis

1848 4073 1994 4131 unde
2006 4078 2124 4125 erat
2143 4078 2165 4124 Ρ
2184 4074 2247 4125 de
2274 4075 2415 4138 caelo,
2435 4088 2512 4125 an
2530 4089 2595 4125 ex
2613 4073 2931 4127 hominibus
2946 4079 2969 4125 ?
2995 4072 3148 4129 Fecit
3168 4089 3297 4144 ergo
3314 4074 3439 4129 Sal-

1847 4165 2007 4214 vator
2029 4161 2177 4232 quod
2208 4160 2373 4231 vulgo
2400 4160 2622 4227 dicitur,
2659 4160 2790 4231 quia
2827 4161 2975 4214 malo
3027 4161 3243 4216 arboris
3292 4163 3440 4219 nodo

1846 4250 2029 4305 malus
2060 4250 2264 4314 clavus,
2296 4250 2383 4303 vel
2405 4249 2579 4303 durus
2609 4266 2818 4304 cuneus
2856 4249 3172 4321 inﬁgendus
3224 4257 3346 4319 est;
3388 4256 3445 4308 et

1845 4338 1956 4393 duo
1988 4344 2185 4393 contra
2212 4339 2322 4392 duo
2352 4338 2561 4410 objicit,
2586 4345 2649 4393 ut
2669 4339 2937 4410 quidquid
2962 4340 3159 4394 horum
3172 4339 3443 4396 dixissent

1846 4445 1949 4482 sua
1975 4432 2310 4498 caperentur
2340 4444 2644 4498 responso;
2681 4427 2829 4498 quod
2884 4428 2991 4499 ipsi
3038 4446 3149 4484 non
3180 4434 3442 4503 poterant

1847 4517 2154 4582 Christum,
2184 4517 2231 4570 si
2261 4516 2471 4570 diceret
2508 4533 2620 4569 non
2649 4516 2757 4569 nisi
2807 4516 2865 4569 in
2915 4523 3193 4588 potestate
3248 4519 3349 4574 Dei
3379 4536 3440 4575 se

1846 4607 2045 4672 facere,
2078 4623 2143 4659 eo
2174 4606 2321 4676 quod
2347 4622 2540 4659 verum
2572 4623 2692 4659 esse
2746 4622 2912 4659 nemo
2969 4607 3147 4662 ﬁdelis
3186 4607 3432 4665 dubitat.

1848 4695 2001 4750 Alias
2023 4712 2131 4748 non
2148 4700 2369 4765 poterat
2384 4695 2505 4747 ﬁeri
2527 4701 2591 4748 ut
2606 4695 2663 4749 in
2675 4700 2949 4765 potestate
2964 4695 3168 4753 diaboli
3185 4697 3431 4766 diceret;

1851 4784 1998 4859 quod
2020 4800 2122 4838 nec
2142 4783 2260 4854 ipse
2282 4783 2447 4836 homo
2463 4783 2694 4855 peccati,
2743 4783 2839 4854 qui
2884 4784 3231 4850 adversatur,
3258 4792 3315 4841 et
3342 4804 3437 4842 ex-

1848 4873 2067 4929 tollitur
2086 4889 2256 4943 supra
2284 4888 2447 4925 omne
2471 4872 2617 4944 quod
2639 4870 2841 4925 dicitur
2868 4872 3037 4940 Deus,
3069 4879 3168 4928 aut
3217 4876 3436 4942 colitur,

1849 4963 2215 5034 responderet
2243 4960 2389 5032 quod
2410 4966 2558 5013 esset
2585 4978 2797 5025 verum,
2827 4978 2953 5016 cum
2974 4963 3164 5017 omnia
3193 4964 3356 5035 signa
3384 4971 3443 5020 et

1851 5051 2109 5124 prodigia
2138 5049 2338 5122 quibus
2367 5048 2598 5103 seducat
2627 5049 2831 5104 electos
2862 5049 2982 5116 Dei,
3014 5052 3074 5107 in
3104 5069 3168 5107 eo
3189 5052 3440 5109 facturus

1853 5148 1955 5197 est.
1976 5140 2135 5207 Quod
2165 5141 2211 5193 si
2234 5156 2336 5192 nec
2364 5137 2456 5191 ille
2489 5138 2590 5193 hoc
2618 5138 2847 5203 diceret,
2880 5146 3089 5211 quanto
3120 5142 3299 5211 magis
3329 5143 3441 5197 Do-

1853 5231 2041 5285 minus
2091 5230 2345 5309 Salvator
2388 5244 2742 5299 nequaquam
2794 5228 2947 5282 aliud
3005 5231 3370 5301 responderet
3395 5231 3444 5289 si

1852 5320 2037 5384 vellet,
2066 5318 2172 5371 nisi
2196 5319 2250 5373 in
2282 5323 2554 5391 potestate
2576 5317 2710 5371 Dei?
2739 5318 2807 5372 Et
2849 5318 2973 5373 ideo
3003 5320 3074 5373 ad
3113 5326 3229 5377 tam
3260 5322 3442 5379 mani-

1853 5411 2053 5465 festam
2075 5408 2368 5471 rationem,
2390 5407 2525 5459 satis
2545 5406 2763 5459 videtur
2786 5408 2913 5461 talis
2932 5408 3315 5480 interrogatio,
3336 5411 3443 5467 nisi

1854 5500 1996 5553 forte
2025 5497 2227 5569 aliquis
2259 5495 2390 5553 velit
2437 5495 2637 5562 dicere,
2682 5496 2829 5566 quod
2878 5514 2989 5551 non
3039 5497 3441 5567 interrogantis

1853 5594 2077 5643 tantum
2097 5587 2298 5643 atl'ectu
2315 5586 2593 5660 principes
2611 5588 2964 5643 sacerdotum
3002 5594 3059 5644 et
3077 5590 3322 5645 seniores
3340 5604 3437 5667 po-
