3872 6158
497 206 603 265 719

1258 205 1314 259 S.
1356 199 1735 258 PASCHASII
1773 197 2133 253 RADBERTI
2169 197 2474 253 ABBATIS
2514 197 3007 256 CORBEIENSIS.

3571 208 3649 267 720

495 331 615 404 puli
632 330 742 385 ista
756 327 1099 401 quaerebant,
1112 327 1209 381 sed
1220 324 1632 389 comminantis,
1646 323 1731 376 vel
1753 321 2088 376 deterrentis
2103 325 2154 383 A
2172 323 2309 377 ritas
2338 339 2450 377 non
2473 328 2674 394 potest.
2697 324 2777 378 Ex
2791 344 2902 398 quo
2932 300 3174 383 ostendit
3206 346 3262 383 se
3278 345 3434 395 nosse,
3447 331 3554 401 quia
3566 348 3649 387 non

497 426 654 486 astu;
678 419 824 473 sicut
847 434 1014 488 quam
1046 433 1190 487 saepe
1215 415 1451 468 dicimus
1481 413 1706 477 nostris,
1742 412 1964 482 quando
1985 428 2086 464 no-

496 509 583 563 bis
610 525 723 563 non
753 508 975 578 placent
1008 522 1128 575 quae
1170 503 1304 557 facit
1348 502 1570 573 aliquis.
1604 501 1852 555 Dicimus
1896 500 2088 571 itaque

498 598 582 653 ei:
609 598 746 662 Quis
766 602 822 650 te
836 595 1008 666 jussit
1040 593 1142 646 hoc
1177 593 1357 645 facere
1379 592 1401 643 ?
1428 592 1555 645 Non
1584 584 1830 643 volentes
1862 607 2089 660 respon-

497 702 625 741 sum
649 685 862 748 audire,
887 683 984 737 sed
1006 699 1133 735 eum
1178 681 1481 741 deterrere,
1501 684 1566 732 ut
1598 679 1693 732 ille
1725 678 1923 743 sciens,
1955 679 2087 749 quia

497 791 662 831 nemo
680 774 732 828 ei
757 773 943 843 jussit,
960 771 1186 825 recedat
1197 768 1267 822 ab
1283 775 1431 823 actu.
1450 769 1540 823 Sic
1568 773 1622 822 et
1645 768 1739 821 isti
1759 768 1900 821 forte
1927 768 2088 821 inter-

492 861 768 932 rogabant
817 859 1141 924 Dominum,
1200 875 1313 912 non
1363 864 1427 912 ut
1472 857 1770 922 discerent,
1804 857 1901 910 sed
1957 873 2087 909 eum

493 950 655 1021 quasi
676 948 960 1003 hominem
991 946 1361 1009 deterrerent,
1376 963 1448 1000 ne
1471 945 1707 999 ulterius
1734 951 1849 999 tam
1869 944 2087 1016 publice

493 1040 720 1097 doceret
765 1037 824 1091 in
877 1037 1111 1107 templo,
1140 1036 1226 1089 vel
1257 1051 1587 1105 quocunque
1616 1034 1674 1087 in
1721 1035 1860 1098 loco,
1904 1049 2087 1104 neque

489 1126 630 1181 talia
657 1126 809 1181 ultra
838 1126 1063 1179 faceret.
1086 1123 1195 1179 Sed
1225 1123 1273 1176 si
1316 1124 1396 1176 ita
1423 1127 1571 1176 esset
1592 1122 1956 1192 intelligenda
1980 1121 2089 1175 ista

489 1214 878 1286 interrogatio,
904 1220 969 1268 ut
999 1212 1227 1283 quidam
1247 1212 1458 1279 volunt,
1493 1211 1632 1265 mihi
1668 1211 1907 1274 videtur,
1939 1227 2085 1263 nun-

492 1320 662 1374 quam
696 1303 775 1357 sic
810 1303 891 1356 eis
923 1301 1329 1371 respondisset;
1354 1300 1401 1353 si
1433 1300 1638 1353 vellent
1656 1316 1845 1352 verum
1878 1299 2081 1365 dicere,

489 1398 556 1446 ut
565 1393 645 1446 eis
663 1407 996 1461 responsum
1018 1389 1339 1443 redditurus
1350 1388 1629 1441 esset.Sed
1650 1388 1828 1457 magis
1848 1387 1953 1441 hoc
1964 1405 2086 1441 sen-

489 1480 743 1534 tiendum
763 1479 913 1549 quod
932 1494 1105 1548 supra
1113 1478 1229 1546 jam
1253 1476 1385 1539 dixi,
1402 1476 1533 1546 quia
1572 1476 1712 1529 duas
1747 1476 2086 1545 generaliter

490 1573 800 1639 potestates
817 1584 885 1621 ex
906 1572 1021 1631 se
1034 1574 1091 1631 δ
1105 1564 1502 1619 traditionibus
1530 1581 1755 1618 suorum
1787 1563 2079 1631 tenebant;

2170 417 2255 466 est
2278 418 2524 482 potestas
2554 415 2663 468 nisi
2694 432 2727 468 a
2756 418 2892 482 Deo,
2942 435 3112 489 quam
3152 420 3354 490 proprie
3394 419 3588 474 habebat
3607 426 3654 474 ut

2170 502 2336 566 Deus,
2353 503 2449 555 sed
2471 520 2530 556 se
2549 503 2629 556 eis
2650 506 2990 575 respondere
3001 508 3146 561 nolle
3171 526 3183 573 ;
3208 514 3261 561 et
3287 508 3655 573 819ideonon

2169 590 2373 651 dicere.
2395 591 2529 661 quia
2546 592 2627 645 illi
2647 595 2790 663 quod
2816 594 3069 649 sciebant
3091 596 3336 649 insidiose
3352 602 3508 650 tacere
3521 597 3659 650 decre-

2166 685 2379 733 verant.
2396 681 2553 734 Unde
2575 698 2687 734 non
2707 682 2942 737 fortuitu
2961 684 3078 738 haec
3094 684 3161 738 de
3187 685 3379 738 Joanne
3402 687 3657 754 interrogat,

2167 784 2350 839 neque
2370 769 2722 823 solummodo
2752 777 2816 824 ut
2837 788 2932 825 eos
2964 789 2997 825 a
3027 789 3085 826 se
3115 773 3353 843 repellat,
3373 772 3597 826 sedetiam
3616 778 3663 825 ut

2169 873 2263 910 eos
2282 857 2572 911 convincat
2601 858 2741 911 falsa
2761 860 2968 913 sentire
2997 853 3066 914 de
3095 861 3317 923 Joanne,
3336 859 3465 931 quod
3480 861 3577 928 ejus
3598 858 3666 911 ba-

2168 945 2407 1015 ptismus
2429 963 2494 1000 ex
2524 946 2844 1001 hominibus
2870 954 3034 1003 esset.
3085 950 3313 1020 Propter
3337 948 3467 1019 quod
3489 964 3663 1018 respon-

2169 1034 2307 1087 dens
2326 1034 2754 1104 cogitationibus
2774 1052 2990 1102 eorum,
3013 1041 3078 1090 ut
3091 1037 3237 1091 Deus
3255 1036 3343 1107 qui
3360 1041 3530 1089 cuncta
3539 1034 3663 1101 novit,

2169 1122 2304 1176 satis
2319 1122 2389 1175 ad
2410 1122 2515 1176 hoc
2542 1122 2856 1177 mirabilem
2888 1129 2946 1178 et
2973 1128 3392 1195 consequentem
3416 1121 3668 1194 parabolam

2168 1211 2492 1265 introducit.

2240 1302 2382 1368 Quid
2412 1303 2557 1355 vobis
2586 1303 2825 1368 videtur,
2847 1302 3065 1373 inquit:
3099 1305 3263 1358 Ποθηο
3291 1304 3494 1372 quidam
3526 1301 3669 1355 habuit

2166 1390 2298 1441 duos
2328 1391 2490 1456 ﬁlios,
2514 1395 2577 1459 et,
2603 1392 2855 1444 accedens
2876 1393 2949 1445 ad
2962 1395 3238 1460 primum,
3276 1394 3406 1445 dia-it
3421 1411 3433 1444 :
3451 1391 3556 1453 Fili,
3577 1390 3672 1444 rode

2166 1478 2321 1530 hodie
2340 1482 2561 1546 operari
2577 1482 2640 1531 in
2660 1482 2880 1533 vineam
2901 1497 3100 1534 meam.
3116 1484 3214 1536 Ille
3232 1486 3402 1535 autem
3416 1480 3671 1548 respondens

2166 1569 2247 1619 ait
2279 1586 2294 1619 :
2324 1568 2476 1620 Nolo.
2504 1569 2687 1622 Postea
2713 1574 2901 1622 autem
2942 1572 3265 1637 paenitentia
3294 1573 3455 1622 matus
3475 1568 3603 1620 abiit.
3624 1565 3671 1618 Et

489 1674 665 1712 unam
696 1674 761 1711 ex
782 1662 941 1727 parte
963 1655 1081 1721 Dei,
1125 1660 1182 1709 et
1209 1656 1445 1709 alteram
1476 1672 1539 1707 ex
1569 1660 1729 1724 parte
1760 1652 1986 1706 diaboli.
2019 1655 2083 1707 In
2100 1678 2147 1736 Β
2166 1656 2774 1724 accedensadalterum,
2793 1658 2935 1711 dixit
2955 1659 3407 1712 similiter.Atille
3423 1655 3675 1724 respondens

488 1746 710 1817 quibus.
731 1752 787 1800 et
816 1763 881 1799 ex
910 1744 1109 1815 quibus
1138 1743 1411 1814 partibus,
1437 1743 1668 1796 diversa:
1688 1741 2001 1812 specialiter
2029 1746 2087 1795 et

485 1836 679 1907 plures
709 1833 1056 1904 accipiebant
1089 1836 1425 1903 potestates;
1459 1831 1529 1884 de
1554 1830 1756 1901 quibus
1784 1832 2085 1901 Apostolus

486 1924 749 1995 loquitur,
778 1922 967 1977 omnia
994 1939 1029 1975 a
1056 1922 1173 1975 Deo
1196 1927 1403 1986 creata,
1436 1937 1560 1991 qua:
1589 1920 1646 1973 in
1673 1920 1827 1974 cmlis
1852 1926 2002 1987 sunt,
2028 1925 2086 1974 et

486 2030 609 2086 quas
638 2013 697 2067 in
724 2012 912 2078 terris,
939 2010 1181 2065 visibilia
1204 2015 1262 2064 et
1280 2009 1598 2075 invisibilia,
1634 2009 1747 2063 sive
1776 2010 2079 2075 sedes,sive

483 2102 909 2165 dominationes,
941 2100 1051 2151 sive
1068 2101 1440 2166 principatus,
1488 2103 1536 2149 et
1558 2100 1843 2165 potestates
1872 2096 2069 2159 (Calas.

476 2202 525 2255 ει,
554 2188 660 2255 16).
692 2189 756 2242 In
777 2187 981 2257 quibus
1010 2185 1318 2249 ordinibus,
1346 2202 1459 2239 non
1491 2201 1661 2239 unam
1691 2200 1887 2238 earum
1913 2185 2079 2252 dixit,

482 2276 581 2330 sed
596 2276 803 2330 multas
832 2280 1136 2346 potestates
1172 2280 1229 2328 et
1255 2274 1685 2337 dominationes,
1728 2290 1826 2328 seu
1856 2280 2075 2329 caetera.

485 2364 760 2419 Similiter
788 2370 845 2418 et
872 2382 937 2418 ex
966 2369 1126 2436 parte
1156 2362 1379 2429 diaboli,
1413 2363 1576 2417 multi
1620 2364 1969 2435 principatus
1999 2365 2081 2418 di-

483 2458 688 2508 cuntur
717 2459 772 2508 et
799 2459 1124 2525 potestates,
1158 2452 1303 2507 sicut
1331 2457 1390 2506 et
1417 2453 1533 2523 ipse
1579 2459 1819 2507 testatur
1845 2455 2081 2524 Aposto-

481 2542 589 2609 lus,
622 2542 771 2613 quod
792 2558 907 2597 non
936 2541 1011 2595 sit
1036 2541 1196 2595 nobis
1225 2544 1534 2595 colluctatio
1562 2543 1823 2595 adversus
1853 2558 2079 2596 carnem

481 2636 530 2685 et
568 2635 921 2699 sanguinem,
950 2633 1040 2685 sed
1058 2632 1319 2684 adversus
1344 2630 1702 2699 principatus
1733 2636 1780 2683 et
1796 2635 2079 2698 potestates

482 2722 692 2790 (Ephes.
718 2735 792 2787 vI,
828 2720 938 2787 1‘2).
965 2719 1123 2773 Talia
1147 2720 1323 2789 igitur
1343 2724 1399 2772 et
1428 2719 1540 2772 alia
1561 2719 2082 2790 quamplura,prin-

479 2810 630 2881 cipes
658 2809 1033 2873 sacerdotum,
1067 2813 1125 2862 et
1170 2808 1418 2861 seniores
1461 2812 1856 2877 cognoscentes
1886 2807 1953 2860 de
1984 2825 2079 2877 po-

396 2948 415 2968 .
477 2896 778 2951 testatibus
808 2902 865 2950 et
891 2901 1375 2950 sacramentorum
1430 2895 1698 2965 gradibus
1741 2896 2072 2960 caelestium,

2167 1747 2287 1797 ait:
2316 1746 2410 1810 Eo,
2432 1746 2691 1811 Domine;
2723 1752 2771 1800 et
2793 1763 2905 1800 non
2938 1750 3059 1801 ivit.
3112 1748 3241 1813 Quis
3286 1763 3353 1800 ea:
3388 1746 3567 1799 duobus
3589 1742 3676 1809 fecit

2166 1836 2503 1887 voluntatem
2522 1837 2705 1888 Patris
2718 1840 2741 1887 ?
2761 1836 2965 1889 Dicunt
2980 1854 2997 1889 :
3027 1838 3267 1890 Primus.
3287 1837 3421 1890 Dicit
3438 1836 3537 1888 illis
3548 1834 3675 1885 Iesus:

2166 1922 2339 1975 Amen
2355 1923 2475 1976 dico
2494 1925 2658 1986 vobis,
2693 1926 2837 1992 quod
2844 1927 3203 1993 publicaniet
3230 1927 3510 1979 meretrices
3531 1935 3679 1991 prm-

2160 2011 2287 2064 dent
2318 2027 2405 2064 vos
2444 2014 2508 2065 in
2538 2028 2775 2080 regnum
2804 2015 2918 2067 Dei.
2955 2015 3107 2068 Venit
3125 2021 3309 2069 autem
3326 2012 3606 2068 Joannesad
3620 2024 3679 2060 τω

2159 2102 2223 2152 in
2240 2102 2591 2167 riajustitia’,
2611 2105 2657 2152 et
2690 2117 2801 2154 non
2834 2102 3144 2155 credidistis
3174 2105 3243 2155 ei.
3261 2102 3583 2156 Publicaniet
3601 2112 3679 2149 me-

2164 2190 2385 2240 retrices
2406 2189 2759 2242 crediderunt
2776 2191 2845 2253 ei;
2878 2206 2968 2243 vos
2996 2196 3184 2244 autem
3206 2193 3435 2244 videntes
3458 2186 3682 2256 necpani-

2164 2280 2394 2329 tentiam
2412 2277 2681 2330 habuistis
2689 2284 2872 2345 postea
2894 2284 2955 2331 ut
2998 2281 3290 2334 crederetis
3306 2283 3354 2333 ei
3361 2279 3557 2333 .Totam
3579 2275 3683 2327 hanc

2160 2363 2485 2434 parabolam
2514 2364 2683 2418 simul
2708 2366 2972 2436 proposui
2990 2383 3056 2421 ex
3076 2368 3318 2439 integro,
3348 2372 3407 2421 ut
3432 2364 3686 2433 intelligant

2162 2452 2448 2507 auditores
2471 2458 2683 2523 quanta
2714 2454 2789 2507 sit
2840 2454 2899 2508 in
2948 2457 3354 2526 respondendo,
3382 2460 3435 2509 et
3460 2455 3508 2507 in
3533 2466 3685 2524 prope

2162 2541 2347 2594 nendo
2380 2541 2657 2611 sapientia
2680 2542 3018 2611 Salvatoris;
3052 2544 3147 2613 qui
3182 2562 3327 2611 cum,
3359 2549 3420 2598 ut
3442 2541 3536 2612 ipsi
3557 2537 3686 2594 Judaei

2162 2629 2598 2696 calumniantur,
2634 2630 2854 2685 litteras
2882 2648 2995 2686 non
3027 2632 3308 2699 didicerit,
3329 2631 3489 2686 vincit
3517 2642 3688 2684 omnem

2164 2718 2543 2787 eloquentiam
2588 2719 3076 2790 philosophorum.
3128 2727 3189 2776 et
3241 2722 3481 2777 omnium
3522 2733 3687 2779 eorum,

2164 2820 2302 2875 quos
2332 2806 2584 2861 rhetores
2612 2814 2829 2872 vocant,
2861 2809 3201 2877 facundiam,
3244 2816 3300 2865 et
3318 2811 3374 2864 in
3397 2804 3690 2881 proponendo

2161 2910 2286 2964 qua:
2297 2911 2411 2948 suae
2435 2896 2611 2965 partis
2635 2903 2785 2961 sunt,
2809 2897 2868 2951 in
2886 2898 3224 2953 revincendo
3241 2916 3361 2971 quae
3372 2899 3569 2969 objecta
3579 2896 3689 2957 sunt,

477 2984 593 3039 sive
619 3002 685 3038 ex
712 2984 1013 3038 traditione
1028 2986 1329 3055 majorum,
1357 2983 1471 3036 sive
1498 2984 1567 3036 de
1596 2984 1825 3036 secretis
1856 2983 2138 3054 quibus-(3
2162 2981 2221 3036 in
2250 2985 2586 3053 proterendo
2616 3002 2737 3056 quae
2776 2987 3231 3043 adversariorum
3257 2993 3402 3052 sunt,
3431 2988 3505 3041 ita
3528 2990 3581 3039 ut
3603 2997 3693 3036 reos

478 3073 610 3126 dam
666 3071 1079 3126 rationabiliter
1144 3078 1243 3126 aut
1297 3071 1760 3126 irrationabiliter
1826 3073 2073 3143 excitati,

477 3161 611 3231 quia
635 3160 900 3215 videbant
926 3161 953 3215 J
960 3177 1116 3215 esum
1148 3161 1326 3214 multa
1354 3161 1516 3230 signa
1529 3166 1699 3231 atque
1726 3146 1981 3231 prodigia
1998 3161 2075 3215 fa-

476 3248 751 3317 cientem;
786 3249 1141 3304 wstimabant
1164 3232 1327 3316 forte,
1360 3266 1474 3303 non
1503 3249 1625 3303 sine
1670 3250 1858 3319 aliqua
1893 3255 2076 3321 potes-

476 3342 593 3394 tate
622 3338 728 3394 sibi
757 3338 1011 3409 subjecta
1035 3355 1101 3393 ea
1120 3339 1278 3407 ﬁeri;
1338 3344 1395 3392 et
1436 3337 1565 3399 ideo
1595 3339 1888 3409 potestatis
1924 3339 2075 3393 illius

475 3428 739 3499 speciem,
765 3433 823 3482 et
842 3428 1246 3499 proprietatem
1275 3425 1535 3481 volebant
1556 3426 1753 3480 audire
1779 3444 1814 3480 a
1829 3427 2071 3482 Christo.

476 3517 637 3581 Quod
666 3518 805 3573 side
825 3518 945 3571 sola
971 3517 1225 3571 doctrina
1276 3517 1646 3586 interrogant,
1680 3532 1791 3586 qua
1843 3515 2077 3570 docebat

472 3606 535 3662 in
559 3608 769 3679 templo
798 3607 1088 3679 populum,
1124 3606 1347 3677 quando
1377 3604 1650 3660 accedunt
1679 3604 1747 3657 ad
1778 3621 1926 3671 eum,
1950 3604 2074 3675 quis

474 3697 527 3752 ei
550 3698 771 3753 dederit
790 3702 1126 3769 potestatem
1153 3696 1411 3763 docendi,
1434 3699 1620 3766 potest
1630 3693 1886 3764 superior
1900 3710 2071 3763 expo-

473 3787 603 3841 sitio
623 3804 949 3860 congruere.
986 3787 1237 3851 Quorum
1270 3784 1636 3839 calliditatem
1669 3782 2070 3851 interrogando

472 3877 747 3933 Dominus
777 3877 857 3931 sic
884 3876 1106 3942 refellit,
1123 3882 1188 3930 ut
1216 3891 1317 3929 suo
1344 3874 1429 3927 vel
1454 3872 1674 3927 silentio
1690 3872 1776 3925 vel
1796 3870 2076 3924 sententia

473 3966 856 4036 responsionis
887 3966 1353 4020 condemnentur.
1387 3962 1531 4026 Quia
1560 3961 1607 4015 si
1654 3960 2076 4031 respondissent

472 4052 815 4122 baptismum
846 4053 1078 4107 Joannis
1099 4054 1221 4107 esse
1242 4052 1311 4105 de
1333 4051 1492 4113 coelo,
1506 4056 1571 4104 ut
1592 4066 1781 4104 verum
1800 4048 2069 4114 dicerent,

475 4138 624 4208 quod
644 4141 751 4210 ipsi
771 4142 942 4193 astuti
960 4142 1018 4194 in
1034 4140 1249 4193 malitia
1268 4144 1702 4209 pertractarunt,
1725 4154 2072 4208 consequens

475 4231 599 4280 erat
616 4228 904 4298 responsio
922 4249 932 4280 :
950 4229 1136 4292 Quare
1158 4244 1289 4296 ergo
1318 4242 1414 4280 vos
1443 4243 1554 4280 non
1570 4227 1885 4280 credidistis
1916 4226 1985 4293 ei,
2019 4231 2077 4280 et

2158 3089 2297 3143 quos
2327 3080 2522 3127 contra
2546 3092 2605 3127 se
2652 3075 2917 3146 proponit
2959 3077 3019 3129 in
3047 3093 3238 3143 causa,
3274 3077 3421 3148 ipsos
3456 3080 3509 3129 et
3528 3072 3695 3145 judices

2157 3166 2331 3231 petat.
2368 3162 2680 3217 Mirabilius
2710 3180 2847 3234 ergo
2874 3181 3040 3235 agere
3071 3166 3298 3221 videtur
3315 3170 3501 3221 contra
3515 3158 3697 3217 causidi-

2158 3267 2250 3304 cos
2281 3250 2442 3320 legis,
2472 3257 2530 3305 et
2574 3252 2836 3322 peritiam
2892 3254 3270 3316 sacerdotum,
3306 3271 3467 3325 quam
3494 3252 3594 3306 ulla
3631 3261 3695 3301 ars

2159 3338 2356 3393 doceat
2377 3339 2642 3410 juridica,
2678 3341 2813 3395 dum
2837 3341 2941 3395 sibi
2979 3343 3345 3399 adversantes
3374 3344 3439 3397 de
3484 3341 3586 3395 suis
3610 3354 3637 3390 a
3656 3351 3699 3388 se

2157 3426 2388 3498 objectis
2411 3429 2667 3499 judicare
2692 3430 2977 3501 compellit
3000 3449 3010 3483 :
3048 3433 3317 3502 quoniam
3335 3431 3452 3503 ipsa
3464 3447 3517 3484 se
3540 3425 3698 3481 veritas

2155 3518 2382 3588 propria
2412 3518 2658 3571 defendit
2688 3536 2881 3584 manu,
2915 3525 2974 3573 et
3030 3520 3382 3577 adversarios
3426 3525 3487 3574 ut
3508 3515 3701 3589 gloriose

2156 3606 2359 3669 vincat,
2389 3607 2630 3678 prOpriis
2651 3607 2849 3678 alligat
2876 3608 3134 3675 vinculis,
3162 3617 3225 3665 et
3256 3613 3528 3683 expugnat
3551 3603 3699 3663 armis,

2156 3701 2220 3749 ut
2240 3695 2313 3748 sit
2326 3695 2525 3765 judicii
2550 3698 2708 3766 justa
2722 3697 3052 3752 deliberatio
3075 3700 3228 3769 quod
3261 3717 3295 3754 a
3327 3699 3477 3754 nullo
3500 3707 3702 3750 meream

2153 3787 2244 3836 tur
2280 3782 2509 3850 absolvi,
2533 3785 2629 3854 qui
2655 3783 2867 3855 seipsos
2897 3802 2997 3839 suo
3022 3784 3613 3855 condemnantjudicio.
3646 3779 3703 3833 Ex

2157 3888 2266 3941 quo
2282 3876 2439 3942 patet
2460 3890 2628 3943 quam
2660 3889 2868 3943 magna
2893 3873 2967 3927 sit
2989 3874 3196 3929 ﬁducia
3207 3875 3459 3945 justitiaa.
3474 3872 3560 3927 ubi
3575 3884 3705 3924 causa

2155 3960 2472 4015 adversario
2494 3961 2600 4032 ipsi
2629 3962 3016 4029 committitur,
3051 3963 3160 4017 Sed
3192 3964 3263 4018 de
3310 3981 3373 4018 re
3398 3952 3701 4017 formidabili,

2156 4066 2226 4104 ne
2248 4049 2451 4103 veritas
2473 4051 2626 4103 nuda
2645 4051 2888 4120 primum
2910 4052 3262 4107 adversarios
3279 4052 3552 4107 deterreat
3578 4041 3705 4116 aequi-

2155 4137 2288 4190 tatis
2317 4138 2565 4209 proferre
2589 4139 2883 4209 judicium,
2906 4139 3375 4212 utiturMagister
3399 4140 3565 4194 bonus
3582 4147 3705 4202 argu-

2158 4232 2347 4280 mento
2377 4244 2567 4281 rerum
2588 4234 2972 4298 gestarum.et
3000 4231 3213 4300 ﬁgurat
3240 4231 3302 4284 in
3326 4225 3589 4302 parabolis
3614 4232 3706 4293 pef-

475 4332 649 4388 quare
673 4333 785 4370 non
808 4316 940 4370 estis
973 4315 1232 4386 baptizati
1260 4315 1319 4367 in
1349 4314 1460 4366 eo?
1490 4315 1559 4367 Et
1586 4314 1632 4367 si
1655 4315 1839 4368 dicere
1860 4316 2064 4368 voluis-
2083 4307 2132 4365 D
2150 4332 2316 4369 sonas
2335 4333 2550 4383 eorum,
2575 4322 2639 4371 ut
2650 4334 2759 4388 quo
2782 4319 2948 4372 modo
2968 4318 3318 4390 intelligunt,
3335 4337 3401 4374 ac
3421 4319 3465 4373 si
3482 4317 3545 4371 de
3568 4312 3706 4367 altera

474 4410 618 4473 sent,
638 4406 887 4461 humana
917 4404 1242 4475 deceptione
1271 4402 1637 4472 compositum
1660 4402 1730 4455 ab
1759 4404 1992 4465 Joanne,
2017 4409 2074 4458 et

472 4494 617 4549 nihil
635 4495 898 4549 habuisse
923 4493 1192 4553 divinum,
1225 4490 1556 4546 seditionem
1587 4491 1777 4562 p0puli
1806 4491 2072 4546 formida-

471 4581 627 4639 bant.
662 4581 861 4638 Omnis
896 4583 1048 4637 enim
1104 4586 1444 4653 congregata
1491 4580 1793 4635 multitudo
1839 4581 2070 4636 Joannis

472 4670 755 4740 baptisma
775 4677 1083 4743 receperat,
1099 4677 1156 4726 et
1176 4672 1256 4725 sic
1286 4688 1416 4726 eum
1448 4669 1730 4724 habebant
1754 4670 1915 4740 quasi
1943 4687 2069 4741 pro-

471 4759 1047 4832 phetam.Respondit
1057 4765 1248 4815 autem
1269 4760 1603 4832 impiissima
1624 4759 1811 4825 factio,
1840 4764 1897 4813 et
1908 4759 2068 4829 quasi

470 4848 808 4904 humilitatis
837 4849 1017 4905 verbis
1044 4866 1168 4915 usa,
1198 4850 1486 4904 dixerunt:
1520 4850 1820 4904 Nescimus.
1854 4847 2069 4911 Quibus

471 4938 591 5010 ipse
607 4937 688 4994 ait
705 4956 717 4992 :
735 4939 844 4994 Nec
854 4956 945 5009 ego
964 4941 1084 4993 dico
1098 4940 1244 4992 vobis
1257 4942 1321 4993 in
1339 4955 1450 5007 qua
1474 4942 1732 5007 potestate
1760 4938 1868 4991 haec
1899 4938 2062 5004 facio.

474 5027 674 5099 Sicque
703 5044 770 5083 ex
810 5043 914 5083 sua
968 5027 1227 5082 Christus
1273 5026 1715 5097 interrogatione
1761 5026 2068 5098 prudenter

473 5117 608 5187 egit,
644 5122 707 5172 ut
734 5122 792 5172 et
809 5133 904 5172 eos
933 5132 966 5170 a
997 5132 1056 5171 se
1084 5116 1397 5187 repelleret,
1425 5120 1481 5169 et
1503 5133 1574 5170 ne
1604 5120 1860 5170 sanctum
1907 5116 2068 5170 daret

471 5204 723 5274 canibus,
748 5206 1000 5279 pandens
1023 5205 1104 5259 eis
1132 5204 1321 5258 divina
1374 5204 1665 5275 mysteria.
1716 5206 1862 5260 Nam
1903 5203 1961 5259 in
2000 5220 2064 5259 eo

471 5295 620 5366 quod
650 5297 866 5357 nescire
899 5295 1327 5367 responderunt,
1352 5295 1573 5349 mentiti
1594 5300 1729 5350 sunt
1752 5315 1763 5349 :
1790 5301 1847 5350 et
1867 5312 2063 5350 conse-

469 5399 648 5455 quens
702 5391 827 5440 erat
873 5389 1036 5458 juxta
1075 5383 1496 5455 responsionem
1525 5400 1720 5437 eorum
1759 5385 2061 5439 Dominum

2154 4403 2261 4475 ipsi
2292 4405 2556 4459 adversus
2585 4422 2644 4459 se
2674 4405 3011 4460 sententiam
3041 4406 3258 4461 dictent
3287 4408 3376 4462 sui
3423 4408 3612 4460 reatus.
3638 4393 3707 4450 Sic

2155 4498 2211 4546 et
2225 4493 2397 4547 David
2434 4494 2735 4564 aliquando
2778 4512 2905 4548 cum
2936 4494 2992 4548 in
3026 4502 3322 4565 peccatum
3354 4493 3629 4550 corruisset
3653 4484 3708 4537 fe-

2153 4580 2290 4634 cisse
2321 4581 2558 4650 legimus
2584 4599 2712 4636 cum
2729 4582 2955 4636 Nathan
2986 4581 3388 4653 parabolarum
3399 4579 3594 4636 retibus
3607 4585 3707 4628 eum

2151 4668 2471 4740 obligasset,
2500 4671 2581 4723 ita
2599 4675 2663 4724 ut
2690 4670 2810 4741 ipse
2839 4671 3107 4725 adversus
3134 4676 3332 4737 880
3385 4689 3444 4725 se
3474 4664 3705 4740 judicium

2150 4759 2347 4812 mortis
2359 4758 2651 4829 proferret.
2679 4759 2786 4813 Sed
2814 4760 2991 4814 altera
3012 4759 3066 4813 in
3081 4776 3145 4813 eo
3166 4760 3417 4814 conditio
3436 4756 3553 4822 fuit,
3568 4753 3707 4807 altera

2149 4863 2276 4900 vero
2308 4847 2366 4901 in
2388 4848 2544 4915 istis;
2601 4848 2736 4902 dum
2782 4848 2876 4901 ille
2925 4848 2997 4903 ad
3053 4849 3453 4920 penitentiam
3472 4848 3706 4902 evocatur,

2150 4941 2205 4990 et
2233 4936 2329 4990 isti
2368 4937 2439 4990 ad
2470 4937 2746 4991 malitiam
2775 4937 2954 5007 magis
2987 4943 3121 4992 sunt
3164 4939 3416 4992 excitati.
3449 4937 3569 4991 Hec
3593 4929 3709 4985 enim

2147 5026 2463 5096 proprietas
2507 5026 2785 5081 bonorum
2837 5025 3130 5080 hominum
3154 5030 3211 5080 et
3240 5026 3521 5080 malorum
3547 5024 3634 5083 est,
3664 5018 3713 5069 ut

2147 5114 2327 5169 bonus
2351 5117 2736 5187 deprehensus
2752 5116 2811 5169 in
2843 5119 3069 5185 peccato
3099 5115 3460 5186 ingemiscat,
3478 5111 3597 5185 quia
3610 5121 3711 5179 pec-

2149 5204 2295 5259 cavit
2317 5224 2329 5272 ;
2358 5205 2540 5260 malus
2560 5222 2688 5260 vero
2713 5204 2937 5258 frondet
2957 5209 3015 5258 et
3035 5203 3296 5267 tabescit,
3334 5220 3451 5259 non
3472 5200 3593 5273 quia
3615 5209 3714 5267 pec-

2149 5294 2310 5357 cavit,
2340 5294 2438 5349 sed
2470 5295 2603 5365 quia
2628 5294 3010 5366 deprehensus
3060 5299 3146 5347 est
3180 5293 3239 5346 in
3282 5296 3534 5363 peccato.
3564 5287 3712 5341 Homo

2147 5381 2241 5451 qui
2262 5381 2463 5436 habuit
2491 5383 2631 5437 duos
2661 5383 2823 5449 filios,
2857 5382 3007 5437 Deus
3034 5386 3137 5444 est,
3173 5380 3270 5452 qui
3296 5379 3511 5436 creavit
3552 5385 3714 5431 omnes

469 5472 673 5555 dicere,
696 5490 800 5533 nec
825 5457 929 5547 ego
947 5474 1061 5532 scio
1093 5489 1218 5545 quae
1245 5470 1538 5544 quaesistis.
1565 5472 1676 5528 Sed
1704 5473 1933 5529 mentiri
1960 5488 2058 5527 ve-
2141 5471 2396 5527 homines
2416 5478 2648 5543 paterno
2679 5472 2899 5528 aﬂ‘ectu.
2922 5471 3032 5538 Qui
3060 5487 3187 5528 cum
3212 5470 3292 5526 sit
3328 5474 3535 5526 natura
3556 5457 3713 5519 Domi-
