3872 6158
162 290 257 349 721
834 351 843 358 _
926 293 1304 349 EXPOSITIO
1345 294 1423 349 IN
1460 292 1989 348 MATTHEULL—
2019 294 2155 348 LIB.
2199 294 2293 361 IX,
2330 294 2487 351 CAP.
2521 297 2667 352 XXI.
3330 298 3437 359 722

159 430 280 481 nus,
309 420 506 472 tamen
538 417 718 488 magis
743 417 864 472 vult
904 434 964 472 se
995 417 1151 487 diligi
1183 418 1343 489 quasi
1373 424 1550 490 pater,
1584 433 1753 488 quam
1771 420 1970 479 Acani
1996 424 2181 473 autem
2221 424 2269 471 et
2312 424 2619 476 meretrices
2671 424 3046 478 crediderunt.
3088 424 3182 479 Vos
3241 432 3427 482 autem

158 504 343 559 timeri
371 512 437 559 ut
456 507 747 561 Dominus.
766 507 833 561 Et
852 512 1147 577 propterea
1166 507 1223 560 in
1246 508 1366 576 lege
1386 523 1498 560 non
1527 506 1748 573 dicitur,
1835 510 2091 573 videntes,
2121 524 2216 561 nec
2238 512 2619 577 paenitentiam
2650 511 2919 567 habuistis
2948 518 3011 565 ut
3037 514 3325 567 crederetis
3356 519 3426 568 ei.

160 592 384 647 timebis
404 595 705 649 Dominum
728 596 905 649 Deum
928 600 1089 649 tuum
1110 595 1179 649 de
1198 601 1317 649 toto
1334 596 1499 648 corde
1518 600 1636 660 tuo,
1654 595 1751 648 sed
1836 597 2142 650 Considera
2160 602 2433 667 quantum
2458 604 2760 667 exaggerat
2780 600 3025 654 ofﬁcium
3047 607 3105 654 et
3131 618 3430 673 personam

156 682 371 752 diliges.
388 683 757 738 Dilectionem
779 685 927 738 enim
950 684 1169 754 exigere
1190 683 1259 737 ab
1280 682 1623 749 hominibus,
1640 700 1751 737 non

157 770 369 825 domini
390 776 494 837 est,
529 773 629 826 sed
656 773 850 843 patris.
872 774 979 837 Qui
1001 772 1199 826 habuit
1222 773 1361 826 duos
1382 773 1545 837 ﬁlios,
1576 788 1753 826 unum

158 859 384 930 quidem
407 861 662 930 gentium
682 862 973 933 populum,
994 862 1232 916 alterum
1254 862 1594 915 Judzeorum.
1611 860 1755 925 Quo-

158 964 280 1002 rum
312 948 470 1018 prior
497 950 648 1004 ﬁlius
674 952 930 1020 gentium
955 955 1077 1004 erat
1104 951 1362 1021 populus,
1393 950 1489 1020 qui
1520 966 1584 1003 ex
1609 956 1753 1003 tem-

157 1052 291 1108 pore
305 1037 426 1091 Noe
448 1053 572 1092 esse
588 1039 774 1110 coepit,
797 1040 981 1093 minor
994 1055 1143 1103 vero,
1159 1040 1397 1109 populus
1411 1039 1726 1092 Judaeorum
1736 1078 1749 1104 ,

161 1124 251 1196 qui
278 1141 345 1178 ex
364 1131 620 1197 tempore
639 1127 920 1181 Abraham
944 1144 1046 1198 per
1065 1127 1543 1181 circumcisionem
1570 1144 1753 1197 segre-

157 1214 271 1282 gati
301 1220 438 1268 sunt
466 1231 501 1268 a
526 1215 806 1284 gentibus,
832 1224 898 1269 ut
926 1222 1115 1269 essent
1143 1215 1254 1269 duo
1274 1215 1373 1269 ﬁlii
1401 1216 1680 1281 Dei,unus
1693 1216 1752 1270 in

156 1302 453 1373 pmputio,
469 1310 528 1357 et
551 1304 694 1358 alter
713 1304 773 1358 in
791 1304 1231 1359 circumcisione.
1250 1305 1358 1359 Sed
1389 1305 1569 1375 primo
1593 1306 1747 1369 dixit,

157 1406 279 1444 cum
303 1397 361 1445 et
380 1393 699 1446 naturalem
718 1393 899 1463 legem
920 1393 980 1447 in
1002 1398 1189 1447 mente
1209 1394 1603 1457 instituit,Fili,
1622 1396 1755 1447 vade

167 1483 391 1547 operari
416 1483 481 1534 in
506 1484 725 1535 vineam
756 1498 933 1535 meam
958 1483 1134 1547 hodie,
1157 1482 1212 1535 id
1243 1488 1326 1535 est
1358 1482 1412 1535 in
1436 1483 1589 1536 omni
1621 1488 1756 1536 tem-

1832 685 2063 739 Joannis
2093 701 2218 738 cum
2246 686 2343 750 ait,
2382 688 2522 754 Quia
2554 690 2705 742 venit
2742 690 2816 741 ad
2843 705 2925 741 eos
2969 692 3031 742 in
3059 694 3152 743 via
3170 694 3427 759 justitiz.

1835 774 1995 837 Quod
2021 773 2068 826 si
2090 778 2311 827 tantum
2333 774 2688 845 praedicasset
2705 775 3044 847 baptismum
3064 779 3425 849 paenitentiae,

1834 861 1941 932 ipsi
1967 862 2124 931 quasi
2153 863 2469 916 sacerdotes
2496 864 2884 934 prudentes,et
2902 866 3061 937 quasi
3078 866 3296 936 judices
3316 884 3430 924 non

1835 966 2225 1020 personarum,
2248 951 2345 1003 sed
2376 968 2585 1018 rerum,
2611 952 2931 1007 debueratis
2958 954 3009 1007 ei
3038 954 3296 1022 credere;
3324 956 3430 1010 etsi

1836 1055 1949 1093 non
1979 1039 2137 1108 quasi
2161 1040 2340 1108 justo,
2360 1045 2551 1093 tamen
2582 1042 2741 1111 quasi
2766 1043 2920 1111 justa
2951 1047 3007 1095 et
3028 1058 3161 1096 vera
3184 1042 3425 1097 docenti.

1837 1127 2057 1191 Quanto
2097 1128 2276 1196 magis
2305 1144 2470 1193 nunc,
2505 1129 2636 1198 quia
2668 1130 2816 1183 venit
2843 1130 2913 1183 ad
2943 1146 3039 1184 vos
3068 1130 3127 1184 in
3153 1130 3243 1184 via
3265 1131 3431 1201 justi-

1834 1218 1946 1271 tiae.
1981 1218 2050 1271 Et
2070 1222 2186 1270 tam
2218 1216 2512 1271 manifesta
2540 1218 2649 1272 fuit
2677 1219 2798 1288 ejus
2835 1220 3198 1285 conversatio,
3223 1226 3281 1275 et
3311 1224 3431 1275 tam

1834 1305 2167 1360 venerabilis
2199 1311 2256 1359 et
2277 1306 2529 1375 angelica
2560 1305 2690 1370 vita,
2714 1313 2778 1360 ut
2805 1306 2972 1360 etiam
3004 1308 3433 1378 publicanorum

1836 1401 1894 1449 et
1917 1395 2274 1448 meretricum
2297 1394 2466 1447 corda
2495 1400 2834 1460 concuteret,
2868 1401 2924 1448 et
2943 1412 3211 1451 concussa
3231 1413 3435 1467 pavore

1838 1485 2090 1537 ﬂecteret
2119 1483 2188 1537 ad
2219 1483 2626 1554 paenitentiam,
2660 1489 2719 1537 et
2735 1489 2923 1537 vestra
2945 1501 3068 1555 quae
3088 1484 3309 1538 dicebat
3332 1502 3437 1540 nec

166 1585 302 1639 pore
325 1569 500 1639 hujus
529 1570 735 1633 seculi,
765 1571 911 1624 sicut
932 1572 1052 1641 jam
1082 1576 1138 1624 et
1165 1571 1222 1625 in
1250 1570 1363 1625 alia
1392 1569 1658 1641 parabola
1677 1570 1760 1622 vi-
1841 1578 2147 1644 potuerunt
2166 1573 2490 1642 contingere
2512 1572 2699 1626 corda.
2716 1571 2928 1627 Idcirco
2950 1572 3230 1643 publicani
3247 1578 3305 1627 et
3323 1590 3438 1628 me-

165 1673 282 1711 neae
304 1663 683 1713 monstratum
712 1661 1196 1731 est.Nequaquam
1226 1660 1284 1714 in
1310 1660 1447 1713 facie
1476 1665 1539 1714 ut
1567 1661 1753 1723 homo,
1779 1730 1802 1732 _
1838 1662 2070 1715 retrices
2093 1663 2222 1731 jure
2254 1662 2570 1732 praecedent
2597 1678 2691 1715 vos
2719 1660 2777 1714 in
2806 1678 3042 1732 regnum
3073 1661 3192 1715 Dei.
3229 1662 3438 1717 Consi-

164 1745 246 1801 his
288 1747 553 1801 omnibus
600 1749 817 1803 locutus
846 1730 949 1815 est,
983 1730 1080 1803 sed
1111 1749 1168 1802 in
1198 1748 1455 1803 cordibus
1484 1754 1547 1802 ut
1586 1749 1753 1814 Deus,
1774 1730 1820 1788 Β
1840 1751 2053 1811 derate,
2073 1730 2573 1821 quaeso—,quomodo
2592 1730 2938 1804 conversatio
2960 1756 3156 1804 sancta
3175 1750 3438 1821 praedica-

163 1850 347 1906 neque
377 1836 436 1889 in
484 1836 713 1891 auribus
749 1838 1012 1904 exterius,
1056 1838 1153 1893 sed
1190 1839 1341 1892 intus
1384 1839 1442 1892 in
1472 1838 1757 1891 intellectu

163 1925 392 1978 mentis.
408 1927 594 1979 Atille
613 1927 779 1992 dixit,
805 1929 961 1980 Nolo.
981 1927 1271 1991 Quomodo
1296 1927 1454 1990 dixit,
1472 1927 1631 1991 Nolo,
1647 1926 1756 1979 nisi

162 2011 217 2067 in
243 2013 500 2084 cogitatu
527 2019 585 2068 et
605 2014 927 2069 voluntate?
954 2016 1229 2079 Quoniam
1260 2032 1294 2069 a
1322 2021 1529 2069 natura
1549 2021 1635 2068 est
1662 2015 1758 2067 ho-

162 2102 298 2155 mini
343 2118 681 2172 cognoscere
711 2104 848 2177 quid
888 2104 963 2158 sit
1006 2104 1156 2158 inter
1186 2104 1393 2158 bonum
1421 2109 1477 2158 et
1520 2104 1752 2157 malum.

163 2190 317 2254 Quod
350 2190 565 2245 bonum
595 2208 722 2245 cum
751 2193 1017 2263 relinquit
1046 2193 1232 2257 homo,
1265 2199 1322 2247 et
1349 2193 1605 2263 sequitur
1633 2209 1754 2246 ma-

160 2278 290 2343 lum,
312 2279 376 2333 in
395 2286 586 2333 mente
613 2285 671 2334 et
694 2280 1032 2351 cogitatione
1056 2286 1225 2352 atque
1245 2282 1445 2335 studiis
1475 2282 1610 2345 suis,
1630 2298 1756 2335 con-

158 2374 241 2421 tra
256 2368 469 2434 Deum,
488 2368 584 2439 qui
604 2370 919 2423 naturalem
940 2370 1121 2441 legem
1137 2370 1400 2436 instituit,
1416 2371 1752 2441 respondere

157 2456 381 2510 videtur
412 2473 425 2506 :
456 2459 612 2511 Nolo.
653 2458 809 2512 Sicut
847 2459 905 2511 in
942 2460 1180 2528 psalmo,
1217 2460 1365 2513 Dixit
1408 2462 1651 2526 injustus
1690 2464 1752 2511 ut

155 2545 446 2613 delinquat
460 2548 525 2599 in
538 2550 817 2615 semetipso
845 2549 1011 2607 (Psal.
1044 2563 1207 2612 xxxv,
1226 2546 1301 2609 2).
1319 2547 1477 2601 Unde
1501 2553 1698 2616 gentes
1718 2564 1752 2600 a

154 2632 428 2704 principio
445 2634 826 2704 relinquentes
845 2635 1110 2700 Deum,et
1129 2636 1317 2689 omnia
1334 2635 1603 2688 virtutum
1622 2652 1750 2705 ope-

1840 1839 1977 1892 toris
2006 1839 2387 1909 praedicationi
2418 1855 2531 1892 sua:
2558 1844 2773 1893 tantam
2804 1843 3035 1908 praestat
3058 1837 3342 1904 virtutem,
3373 1844 3438 1893 ut

1839 1927 2140 1997 aliquando
2165 1927 2334 1980 etiam
2365 1926 2729 1980 indomabilia
2759 1926 2865 1979 sibi
2895 1927 3119 1980 edomet
3147 1927 3334 1980 corda.
3367 1926 3437 1980 Et

1838 2016 2168 2082 notandum,
2214 2016 2346 2086 quia
2397 2016 2729 2069 concludens
2791 2015 3064 2069 Dominus
3107 2014 3434 2085 parabolam

1837 2122 2018 2171 suam,
2042 2120 2389 2176 consequens
2420 2109 2543 2158 erat
2567 2110 2631 2158 ut
2658 2104 2887 2170 diceret,
2910 2103 3087 2158 Amen
3116 2104 3236 2157 dico
3263 2105 3430 2170 vobis,

1835 2196 1971 2262 quia
1999 2199 2179 2260 gentes
2202 2194 2506 2261 prazeedent
2535 2209 2623 2246 vos
2653 2196 2717 2245 in
2736 2208 2974 2259 regnum
3010 2192 3119 2245 Dei.
3138 2191 3299 2245 Nunc
3326 2207 3435 2245 au-

1835 2288 1952 2336 tem
1982 2282 2135 2347 dicit,
2181 2282 2314 2352 quia
2354 2280 2637 2352 publicani
2665 2285 2722 2334 et
2764 2279 3087 2334 meretrices
3113 2279 3434 2350 praecedent

1840 2388 1953 2425 vos.
1991 2370 2096 2423 Ubi
2137 2369 2279 2423 forte
2325 2370 2476 2439 vulgi
2519 2370 2708 2440 populi
2753 2368 2999 2423 ostendit
3034 2367 3429 2435 conditionem,

1837 2466 2024 2524 832
2046 2459 2131 2511 vel
2151 2464 2507 2529 peccatorum
2535 2458 2714 2527 magis
2734 2474 2902 2528 quam
2921 2457 3178 2527 gentium
3198 2462 3429 2512 statum.

1834 2548 1909 2601 Ut
1935 2547 2178 2613 videant,
2208 2547 2358 2618 quod
2389 2547 2560 2600 etiam
2591 2546 2790 2615 vulgus
2820 2546 3079 2616 populus,
3110 2552 3168 2599 et
3194 2545 3426 2609 laicalis,

1834 2652 1899 2688 eo
1928 2636 1988 2688 in
2017 2642 2288 2705 tempore,
2310 2635 2508 2688 melior
2535 2640 2683 2687 esset
2708 2634 2836 2699 illis,
2871 2634 2978 2687 nisi
3006 2640 3063 2687 et
3089 2633 3213 2703 ipsi,
3240 2634 3337 2704 qui
3359 2634 3430 2687 de

154 2737 230 2783 ra,
250 2723 565 2777 noluerunt
601 2724 848 2777 excolere
879 2724 1046 2777 fidem
1066 2724 1291 2787 Christi,
1316 2740 1499 2794 neque
1528 2740 1651 2794 quae
1678 2723 1747 2777 ad
1831 2723 2094 2793 gentibus
2115 2729 2407 2787 venerunt,
2444 2722 2723 2793 publicani
2752 2729 2809 2775 et
2842 2722 3163 2777 meretrices
3186 2723 3316 2791 jure
3338 2722 3428 2775 in-

153 2810 433 2864 culturam
456 2811 742 2881 pertinent
764 2812 1032 2866 virtutum
1056 2818 1113 2866 et
1135 2813 1374 2866 salutem
1400 2812 1738 2866 animarum.
1835 2813 2178 2883 telligantur,
2206 2817 2263 2866 et
2282 2812 2329 2865 si
2351 2812 2460 2865 ista
2481 2811 2669 2864 minus
2700 2811 2903 2864 idonea
2928 2810 3149 2863 videtur
3175 2810 3428 2880 traditio,

155 2899 1201 2970 Tuncpaterfamiliasvidensabolitam
1217 2901 1271 2954 in
1287 2901 1750 2955 cordibuseorum
1833 2901 2040 2955 sufﬁcit
2084 2900 2233 2971 quod
2277 2917 2449 2971 supra
2495 2899 2753 2963 diximus,
2786 2899 2932 2969 quod
2984 2898 3430 2967 exaggerationis

156 2986 326 3059 legem
352 2989 737 3055 naturae,dixit
751 2989 956 3042 minori
978 2989 1091 3042 ﬁlio
1105 2989 1382 3053 similiter,
1404 2990 1627 3060 quando
1648 2990 1752 3042 cir-
1771 3044 1810 3061 η
1834 3006 2002 3044 causa
2032 2989 2357 3061 publicanos
2386 2994 2443 3042 et
2470 2988 2793 3042 meretrices
2821 2987 3133 3040 introduxit
3162 3003 3257 3041 eos
3284 3003 3430 3058 pra:-

155 3077 552 3131 cumcisionem
576 3077 627 3131 ei
644 3077 818 3142 dedit,
836 3079 1081 3149 etlegem
1102 3094 1201 3149 per
1221 3078 1583 3150 Moysen.Qui
1604 3079 1752 3133 dixe-
1768 3075 1812 3104 “‘
1833 3080 2032 3133 cedere
2060 3078 2117 3131 in
2147 3094 2385 3148 regnum
2416 3077 2538 3131 Dei.
2564 3077 2632 3130 Et
2652 3075 2723 3130 ad
2754 3092 2881 3130 eum
2906 3080 3095 3129 autem
3126 3075 3303 3129 ﬁlium
3333 3076 3429 3147 qui

156 3174 282 3220 runt
307 3166 511 3236 Moyse
530 3166 914 3236 interrogante
944 3172 1000 3220 et
1025 3168 1157 3221 Jesu
1185 3168 1358 3234 Nave,
1390 3168 1591 3222 Omnia
1612 3184 1753 3236 quze-
1833 3167 1989 3232 dixit,
2014 3168 2188 3233 Vado,
2223 3166 2479 3231 Domine,
2508 3171 2565 3221 et
2592 3182 2705 3219 non
2734 3164 2890 3230 abiit,
2918 3165 3028 3218 hoc
3048 3164 3235 3231 infert,
3276 3165 3431 3219 Venit

155 3268 367 3323 cunque
380 3259 637 3323 praecepit
657 3257 810 3309 nobis
832 3258 1118 3320 Dominus,
1141 3258 1407 3323 faciemus
1430 3258 1590 3326 (Psal.
1608 3270 1744 3317 xvu,
1832 3257 1905 3308 ad
1932 3272 2021 3308 vos
2048 3258 2284 3309 Joannes
2310 3259 2373 3309 in
2402 3258 2492 3308 via
2510 3257 2766 3322 justitia,
2790 3259 2840 3307 et
2872 3269 2983 3307 non
3011 3254 3321 3306 credidistis
3354 3256 3423 3307 ei.

153 3338 256 3405 46).
274 3342 392 3396 Sed
406 3348 600 3412 postea
610 3344 789 3397 aversi
804 3344 1026 3399 mentiti
1052 3350 1185 3398 sunt
1212 3344 1503 3398 sicutdicit
1516 3345 1751 3415 prophe-

154 3436 208 3484 ta
222 3446 286 3484 ex
302 3447 554 3502 persona
573 3432 818 3498 Domini,
843 3433 975 3486 Filii
993 3436 1169 3487 alieni
1183 3435 1402 3486 mentiti
1424 3432 1711 3486 suntmihi
1731 3452 1747 3487 :

154 3519 478 3573 Filiialieni
497 3523 789 3573 inveterati
798 3526 949 3587 sunt,
964 3526 1012 3575 et
1031 3523 1481 3575 claudicaverunt
1493 3538 1527 3574 a
1539 3523 1747 3574 semitis

152 3612 280 3661 suis.
290 3612 422 3674 88
436 3614 474 3673 Ι
490 3609 557 3662 Et
570 3612 933 3677 interrogavit
950 3626 1030 3663 eos
1042 3612 1485 3678 quiseorum/‘eeil
1499 3611 1749 3662 volunta-

151 3701 246 3749 tem
252 3699 526 3765 patris:al
540 3699 634 3751 illi
644 3699 1167 3765 responderunt,Pri
1172 3715 1310 3751 mus.
1320 3698 1455 3751 Ecce
1467 3698 1745 3768 quomodo

147 3782 453 3839 introducti
471 3790 624 3851 sunt,
648 3790 713 3840 ut
736 3802 908 3856 supra
932 3788 1051 3856 jam
1072 3786 1335 3848 diximus,
1356 3786 1670 3858 parabolice
1688 3794 1745 3841 et

148 3874 393 3939 attracti,
418 3879 482 3927 ut
506 3873 773 3928 adversus
791 3891 852 3928 se
870 3876 1118 3945 (veritati
1151 3875 1590 3944 consentientes)
1615 3893 1743 3930 sen-

149 3963 379 4015 tentiam
409 3963 749 4032 protulerint
774 3963 1041 4029 dicentes,
1065 3965 1315 4035 priorem
1345 3966 1522 4018 tilium
1550 3966 1743 4020 fecisse

148 4050 495 4104 voluntatem
527 4051 722 4121 patris,
740 4057 797 4105 et
823 4068 936 4106 non
966 4069 1093 4106 eum
1124 4054 1220 4124 qui
1248 4054 1309 4107 in
1339 4054 1452 4107 alia
1479 4054 1746 4125 parabola

149 4136 278 4193 dicit
294 4138 464 4210 patri,
485 4139 600 4209 Ego
621 4140 949 4195 mandatum
968 4147 1130 4196 tuum
1145 4158 1431 4213 nunquam
1446 4143 1740 4213 praeterivi.

149 4226 396 4290 Quorum
417 4228 713 4298 judicium.
748 4229 881 4299 quia
908 4230 1019 4300 ipsi
1049 4248 1108 4284 se
1144 4231 1545 4302 obligaverunt,
1565 4231 1745 4286 abun-

1832 3344 2043 3398 Iterum
2070 3349 2258 3397 autem
2289 3344 2358 3396 ad
2385 3343 2649 3413 primum,
2682 3341 2816 3411 quia
2856 3340 3137 3411 publicani
3166 3346 3225 3395 et
3252 3358 3430 3397 mere-

1831 3432 2000 3485 trices
2029 3432 2389 3485 crediderunt
2415 3431 2486 3495 ei,
2511 3437 2568 3484 et
2592 3430 2718 3483 ideo
2749 3428 3130 3499 paenitentiam
3163 3436 3423 3501 egerunt.

1832 3520 1990 3573 Hanc
2024 3520 2215 3590 itaque
2261 3519 2584 3590 parabolam
2633 3517 2880 3571 Hilarius
2928 3519 3123 3571 doctor
3166 3519 3425 3588 egregius

1828 3608 1994 3677 longe
2023 3608 2189 3661 aliter
2212 3608 2486 3678 exposuit,
2517 3607 2660 3661 forte
2690 3606 2931 3659 falsitate
2961 3606 3213 3659 codicum
3246 3606 3424 3660 intro-

1828 3697 2048 3750 ductus.
2084 3696 2227 3759 Quia
2263 3696 2319 3748 in
2350 3695 2635 3748 nonnullis
2663 3692 2964 3758 codicibus,
2999 3693 3222 3762 quando
3253 3694 3425 3746 inter-

1825 3785 2044 3855 rogavit
2068 3784 2193 3855 quis
2217 3800 2283 3838 ex
2310 3782 2527 3837 duobus
2560 3782 2689 3836 ﬁliis
2717 3781 2910 3835 fecerit
2940 3781 3290 3834 voluntatem
3320 3797 3421 3852 pa-

1825 3875 1949 3939 tris,
1968 3874 2092 3927 illos
2112 3873 2465 3943 respondisse
2484 3887 2595 3925 non
2620 3871 2883 3941 primum,
2906 3869 3005 3922 sed
3032 3868 3415 3935 novissimum,

1825 3963 2127 4018 invenitur.
2152 3962 2451 4016 Sciendum
2474 3966 2685 4023 tamen,
2706 3958 2852 4030 quod
2881 3958 2939 4012 in
2966 3955 3219 4027 pluribus
3249 3962 3306 4011 et
3331 3973 3420 4011 ve-

1826 4052 2067 4106 rioribus
2105 4049 2515 4122 exemplaribus
2543 4065 2656 4103 non
2700 4047 3063 4101 novissimum
3097 4044 3287 4112 habet,
3319 4046 3419 4100 sed

1826 4142 2091 4212 primum.
2125 4142 2355 4194 Necnon
2399 4145 2455 4193 et
2496 4139 2556 4192 in
2594 4138 2809 4205 Graeco,
2857 4152 2971 4189 non
3004 4135 3232 4207 ἔσχατος,
3269 4134 3420 4205 quod

1827 4236 1913 4284 est
1940 4229 2291 4294 novissimus,
2318 4228 2415 4282 sed
2440 4234 2654 4298 πρῶτος,
2680 4225 2829 4298 quod
2856 4229 2941 4278 est
2968 4224 3202 4295 primus,
3227 4222 3415 4278 habet.

151 4314 346 4370 danter
365 4317 684 4383 conﬁrmat,
713 4318 932 4372 dicens:
957 4320 1131 4373 Amen
1151 4322 1269 4374 dico
1300 4323 1464 4381 vobis,
1483 4323 1626 4389 quod
1633 4338 1808 4416 pu-D
1828 4319 2028 4388 Sicque
2063 4320 2227 4389 juxta
2264 4316 2718 4387 consequentiam
2751 4313 3028 4386 parabolae
3074 4318 3130 4366 et
3167 4312 3421 4413 .circum-

152 4404 355 4461 blicani
383 4411 430 4458 et
450 4408 760 4459 meretrices
781 4409 1082 4475 precedent
1102 4424 1189 4461 vos
1206 4411 1267 4461 in
1289 4425 1522 4476 regnum
1545 4411 1641 4463 Dei
1648 4413 1744 4464 .Ac

151 4507 193 4544 ει
220 4493 430 4548 diceret
462 4511 475 4545 :
516 4495 644 4548 Non
669 4496 852 4548 solum
880 4497 1130 4566 ,populus
1156 4497 1411 4567 gentium
1436 4499 1633 4552 melior
1660 4505 1746 4553 est

151 4580 297 4635 vobis
325 4582 557 4647 Judazis,
598 4582 743 4636 sicut
777 4583 1094 4653 judicastis,
1116 4602 1309 4639 verum
1349 4586 1518 4639 etiam
1553 4594 1610 4640 et
1638 4587 1743 4658 ipsi

149 4669 428 4739 publicani
453 4677 511 4725 et
539 4672 882 4738 meretrices,
908 4673 1004 4743 qui
1033 4681 1167 4727 sunt
1194 4674 1342 4727 inter
1363 4692 1475 4741 vos,
1504 4693 1745 4746 quorum

149 4760 449 4827 pessimam
498 4776 613 4813 non
660 4760 934 4830 ignoratis
961 4763 1150 4816 vitam.
1183 4764 1248 4817 In
1288 4763 1489 4834 quibus
1529 4764 1745 4819 duabus

150 4849 402 4915 personis
420 4848 674 4902 omnium
701 4855 1053 4919 peccatorum
1073 4868 1283 4921 genera
1303 4868 1421 4906 com
1429 4854 1745 4924 prehendit.

148 4934 208 4988 In
234 4937 552 5007 publicanis
572 4937 783 4991 scilicet
805 4938 1057 4993 omnium
1087 4940 1353 5006 virorum,
1380 4942 1474 5012 qui
1494 4958 1595 5013 per
1621 4959 1746 4996 ava-

148 5022 339 5078 ritiam
372 5031 429 5079 et
455 5027 613 5079 lucra
640 5026 863 5080 diversa
891 5044 1120 5097 peccare
1139 5028 1479 5099 probantur;
1514 5048 1614 5101 per
1634 5048 1745 5085 me-

148 5112 377 5167 retrices
405 5131 559 5179 vero,
593 5115 844 5169 omnium
875 5116 1177 5171 mulierum
1206 5119 1577 5189 peccantium.
1601 5120 1746 5183 Quo-

149 5201 293 5254 niam
316 5202 465 5257 sicut
482 5203 542 5257 in
561 5203 695 5257 viris
715 5204 948 5259 avaritia
969 5206 1209 5260 maxime
1233 5206 1483 5261 abundat
1505 5214 1563 5261 et
1586 5208 1744 5262 lucra

146 5291 552 5374 pecuniarum;
604 5291 685 5346 ita
718 5293 778 5346 in
814 5294 1143 5349 mulieribus
1172 5295 1485 5350 fornicatio.
1521 5297 1745 5351 Interea

147 5381 381 5450 exponit
403 5397 631 5435 causam
654 5381 917 5436 continuo
938 5388 1168 5455 propter
1191 5401 1360 5455 quam
1389 5384 1667 5456 publicani
1690 5390 1745 5439 et

147 5468 474 5524 meretrices
528 5470 847 5541 praecedant
892 5488 1013 5530 eos.
1058 5474 1205 5528 Venit
1256 5476 1329 5527 ad
1382 5491 1489 5540 vos,
1539 5474 1740 5545 inquit,

146 5557 389 5612 Joannes
416 5562 480 5614 in
508 5564 601 5616 via
619 5562 875 5629 justitia,
907 5566 957 5616 et
980 5577 1094 5617 non
1114 5565 1425 5619 credidistis
1449 5567 1500 5619 ei
1520 5583 1536 5618 :
1560 5566 1745 5633 publi-

1828 4407 2096 4461 stantiam
2119 4407 2393 4472 lectionis,
2426 4406 2625 4460 melius
2654 4421 2776 4458 esse
2805 4411 2940 4474 puto
2964 4420 2975 4454 :
3003 4407 3068 4455 ut
3088 4401 3221 4472 quia
3249 4416 3422 4472 supra

1826 4496 1968 4550 aridi
1997 4502 2130 4551 sunt
2144 4494 2555 4566 praemonstrati
2577 4493 2633 4546 in
2659 4494 2786 4551 ficu,
2809 4492 3041 4561 dignum
3068 4494 3191 4543 erat
3218 4494 3282 4543 ut
3308 4489 3418 4559 ipsi

1824 4585 2050 4656 proprio
2077 4601 2179 4638 suo
2208 4601 2268 4637 se
2305 4583 2517 4653 judicio
2546 4582 3002 4636 condemnarent.
3035 4578 3179 4631 sicut
3225 4582 3283 4631 et
3327 4593 3417 4631 se-

1827 4673 2018 4745 quenti
2038 4671 2302 4743 parabola
2321 4671 2456 4724 satis
2477 4674 2669 4740 aperte
2691 4669 2920 4722 faciunt.
2939 4668 3083 4721 Nam
3106 4666 3212 4720 etsi
3238 4665 3420 4720 novis-

1826 4764 2033 4816 simum
2057 4760 2291 4814 voluerit
2309 4759 2433 4829 quis
2461 4759 2668 4827 legere,
2690 4756 2987 4810 manifesta
3014 4755 3123 4809 erit
3146 4756 3421 4825 interpre-

1826 4851 1986 4916 tatio,
2020 4856 2084 4903 ut
2108 4848 2487 4917 intelligamus
2503 4846 2723 4899 Judaeos
2752 4845 3040 4899 veritatem
3067 4844 3316 4898 noluisse
3330 4841 3419 4895 di-

1826 4956 1971 5004 cere,
1997 4939 2094 4993 sed
2123 4935 2481 5006 tergiversari
2505 4953 2517 5000 ;
2550 4938 2608 4988 et
2630 4934 2877 4987 noluisse
2905 4933 3245 5003 respondere
3265 4931 3335 4984 de
3358 4946 3419 4983 se

1828 5028 1976 5100 quod
2008 5025 2341 5089 sentiebant,
2366 5023 2509 5077 sicut
2536 5028 2593 5076 et
2615 5023 2685 5075 de
2713 5021 2993 5093 baptismo
3021 5020 3270 5085 Joannis,
3289 5018 3420 5072 licet

1827 5116 2103 5171 sentirent
2132 5130 2260 5169 eum
2300 5128 2420 5166 esse
2455 5111 2524 5165 de
2554 5112 2712 5177 coelo,
2742 5111 2928 5165 dicere
2955 5109 3278 5165 noluerunt.
3313 5106 3418 5160 Se-

1828 5205 2020 5276 quitur
2044 5219 2058 5258 :

1895 5293 2084 5349 Aliam
2100 5292 2424 5360 parabolam
2435 5289 2654 5343 audite:
2670 5288 2838 5342 Homo
2849 5291 2967 5340 erat
2988 5288 3417 5356 paterfamilias,

1827 5386 1926 5453 qui
1967 5384 2248 5451 plantavit
2278 5383 2516 5444 vineam,
2550 5384 2657 5434 etc.
2688 5376 2983 5431 Prolixitas
3024 5374 3251 5446 quidem
3293 5377 3424 5432 libri

1828 5469 2092 5542 poscebat
2104 5470 2222 5540 jam
2243 5469 2414 5521 ﬁnem
2438 5484 2449 5519 :
2471 5466 2567 5520 sed
2586 5466 2688 5520 bas
2708 5466 2847 5519 duas
2863 5463 3108 5517 dividere
3126 5463 3421 5534 parabolas

1828 5562 1973 5616 ratio
1999 5576 2114 5618 non
2141 5558 2295 5628 sinit,
2327 5573 2450 5639 quae
2477 5556 2645 5612 simul
2674 5554 3017 5639 principibus
3037 5558 3095 5609 et
3126 5551 3333 5607 Scribis
3359 5550 3420 5608 in
