3872 6158
434 290 542 348 ’7ίὶ3
1200 291 1257 345 S.
1297 288 1676 345 PASCHASII
1713 286 2076 345 RADBERTI
2110 288 2417 345 ABBATIS
2454 285 2945 344 CORBEIENSIS.
3547 290 3629 349 7%

434 416 860 487 responsionem
882 420 1015 470 sunt
1030 415 1497 488 prolataeQuibus
1510 413 1725 468 duabus
1748 414 1804 467 in
1821 416 2030 486 templo
2047 417 2099 476 Α
2116 414 2431 479 dissimilia,
2463 417 2531 467 ut
2559 428 2625 465 ex
2653 408 3019 465 dissimilibus
3046 410 3316 466 discamus
3348 411 3635 471 differentias

436 503 740 577 parabolis,
763 502 841 558 sic
870 504 1135 559 duritiam
1153 502 1334 557 cordis
1355 520 1548 556 eorum
1571 503 1712 556 miro
1736 503 1900 556 modo
1925 503 2031 556 for-
2112 501 2489 557 dissimilium.
2511 500 2703 554 Simile
2725 501 2811 552 est
2831 516 2964 569 ergo
2986 499 3133 569 quod
3156 499 3252 565 ait,
3272 500 3394 572 quia
3415 502 3639 572 plantavit

436 594 573 647 titer
600 593 861 665 percutit,
896 610 961 646 ac
989 590 1036 646 si
1066 590 1281 646 duobus
1310 591 1526 644 malleis
1556 608 1713 645 mens
1748 592 2028 646 feriretur.
2112 592 2355 657 vineam,
2399 596 2456 645 et
2483 606 2615 659 sepe
2642 587 3012 642 circumdedit
3038 605 3179 653 eam,
3219 605 3314 643 seu
3351 592 3575 657 maceria,
3595 598 3640 646 et

439 681 795 751 QuaprOpter
834 679 1101 733 duritiam
1133 677 1314 731 cordis
1357 694 1572 739 eorum,
1605 683 1669 732 ut
1700 679 2035 749 proficerent
2114 680 2256 734 fodit
2282 680 2342 733 in
2376 695 2443 733 ea
2468 676 2733 741 torcular,
2769 680 2825 730 et
2852 675 3144 730 aedificavit
3163 677 3375 732 turrim.
3410 678 3641 735 Dissimile

437 770 659 824 mollire
685 768 1080 839 nequiverunt;
1113 774 1301 819 tamen
1325 766 1404 819 sic
1428 766 1863 822 introducuntur
1882 767 2033 822 duri-
2111 785 2264 834 vero,
2287 767 2434 839 quod
2461 767 2520 820 in
2551 765 2697 820 Isaia
2721 764 2899 835 ipsam
2925 764 3143 819 vineam
3172 772 3387 820 accusat
3412 767 3643 839 plantator

438 856 633 911 cordes
661 857 720 910 in
749 862 986 926 utraque
1015 852 1298 925 parabola,
1332 859 1396 908 ut
1424 852 1529 926 ipsi
1556 870 1617 909 se
1646 872 1746 909 suo
1776 856 2034 910 condem-
2113 856 2288 911 vineas
2318 872 2443 910 cum
2474 854 2557 909 ait
2586 870 2598 904 :
2630 852 2953 925 Exspectavi
2982 857 3047 907 ut
3074 853 3278 908 faceret
3303 870 3443 920 uvas,
3479 860 3527 908 et
3543 855 3645 912 fecit

436 948 576 999 nent
598 940 922 1015 judicio.Ac
946 958 1048 1014 per
1073 942 1177 997 hoc
1203 939 1333 997 licet
1352 940 1598 997 diversas
1628 940 1871 998 habeant
1896 945 2033 1015 figu-
2117 948 2327 1015 spinas.
2376 943 2550 997 Porro
2598 941 2659 997 in
2698 940 2997 1012 Evangelio
3040 956 3153 996 non
3188 941 3346 1017 vinea
3384 948 3644 1009 accusatur,

434 1049 547 1099 ras,
582 1048 696 1086 una
724 1036 915 1087 tamen
935 1036 1019 1085 est
1046 1029 1282 1086 intentio
1311 1028 1903 1087 introducentis.Unde
1923 1034 2029 1087 etsi
2114 1034 2277 1106 quasi
2306 1050 2427 1104 quae
2448 1048 2562 1086 non
2589 1030 2786 1085 fecerit
2816 1031 3062 1085 fructum
3092 1030 3150 1084 in
3178 1035 3418 1103 tempore
3443 1048 3546 1097 suo,
3571 1033 3649 1086 sed

433 1120 546 1174 alia
574 1119 777 1175 dicitur
823 1120 1109 1191 parabola,
1155 1138 1268 1174 una
1298 1126 1384 1174 est
1422 1137 1623 1175 manus
1662 1121 1934 1187 ferientis,
1966 1127 2033 1176 ut
2110 1122 2310 1188 coloni,
2344 1121 2442 1193 qui
2468 1124 2852 1190 susceperunt,
2882 1124 2939 1174 et
2965 1118 3375 1189 patrisfamilias
3401 1137 3562 1175 servos
3577 1121 3645 1175 di-

434 1209 551 1263 sint
577 1208 1000 1264 inexcusabiles.
1033 1206 1168 1262 Vult
1191 1207 1336 1262 enim
1361 1208 1826 1264 clementissimus
1846 1209 2032 1265 Domi—
2110 1210 2285 1266 versis
2335 1208 2688 1264 contumeliis
2735 1208 3061 1275 effecerunt,
3104 1208 3393 1263 novissime
3425 1214 3477 1263 et
3511 1209 3652 1279 ipsius

434 1313 562 1361 nus,
587 1300 651 1351 ut
678 1298 979 1368 aliquando
1004 1297 1279 1351 sentirent
1306 1296 1556 1351 dolorem
1584 1299 1879 1353 vulnerum
1908 1315 2035 1353 suo—
2115 1297 2534 1371 patrisfamilias
2564 1296 2743 1351 filium
2775 1297 3116 1352 occiderunt.
3162 1299 3242 1352 At
3276 1313 3400 1352 vero
3420 1314 3587 1353 rursus
3606 1298 3652 1352 in

432 1403 582 1452 rum,
605 1390 662 1439 et
683 1390 869 1451 883
893 1384 1017 1439 ideo
1038 1385 1197 1455 quasi
1227 1384 1355 1456 pius
1378 1386 1629 1441 medicus
1656 1404 1852 1442 rursus
1880 1388 2035 1442 aliud
2116 1389 2265 1444 Isaia
2284 1387 2392 1458 ipsi
2411 1387 2586 1440 vineae
2603 1385 3000 1451 comminatur,
3019 1385 3208 1439 dicens
3225 1404 3239 1440 :
3254 1386 3503 1454 Auferam
3515 1401 3653 1453 sepem

437 1473 489 1529 ei
511 1473 744 1546 apponit
760 1475 960 1528 vulnus
984 1491 1195 1545 asperae
1221 1473 1571 1529 concisionis.
1591 1477 1865 1547 Expendit
1884 1477 2036 1531 enim
2116 1483 2252 1547 ejus,
2270 1481 2319 1531 et
2347 1478 2452 1530 erit
2474 1477 2539 1528 in
2558 1477 2844 1543 rapinam,
2868 1479 2919 1528 et
2945 1476 3229 1528 destruant
3255 1476 3533 1528 maceriam
3546 1476 3653 1543 ejus,

437 1563 597 1634 quasi
628 1579 852 1637 omnem
882 1563 1017 1616 artis
1039 1580 1151 1617 suae
1170 1562 1432 1634 peritiam
1465 1564 1722 1619 Salvator
1750 1565 1808 1619 in
1837 1566 1938 1631 eis,
1962 1582 2033 1620 ne
2116 1571 2164 1620 et
2194 1568 2300 1619 erit
2330 1567 2394 1617 in
2417 1565 2880 1618 conculcationem
2902 1564 3033 1629 (Isa.
3066 1580 3118 1624 ν,
3144 1561 3215 1630 5),
3251 1568 3353 1617 etc.
3384 1563 3481 1617 Sed
3503 1567 3552 1616 et
3572 1578 3655 1616 nu-

435 1650 694 1705 videatur
721 1650 901 1722 culpa,
927 1652 1024 1704 sed
1055 1658 1120 1706 ut
1146 1653 1476 1707 ostendatur
1501 1653 1561 1706 in
1590 1654 1671 1707 eis
1698 1650 1869 1709 fuisse
1889 1670 2033 1709 mor-
2114 1653 2277 1707 bibus
2305 1669 2366 1707 se
2407 1650 2686 1723 promittit
2715 1650 3133 1715 mandaturum,
3167 1667 3239 1705 ne
3281 1667 3439 1723 super
3478 1649 3656 1705 vineam

433 1740 542 1795 bus
583 1736 912 1795 insanabilis
946 1760 957 1793 :
993 1741 1125 1811 quia
1152 1745 1286 1795 tunc
1314 1740 1612 1796 laudabilis
1642 1748 1728 1796 est
1759 1743 2028 1808 medicus,
2047 1726 2095 1788 Β
2116 1742 2269 1797 illam
2300 1742 2497 1812 pluant
2525 1739 2784 1804 imbrem,
2828 1756 2951 1811 quae
2982 1739 3090 1794 fuit
3110 1741 3274 1811 juxta
3299 1739 3533 1794 eamdem
3556 1754 3656 1810 pro-

437 1828 543 1884 etsi
590 1845 704 1883 non
745 1833 905 1883 curat
941 1828 1248 1893 interdum,
1288 1846 1416 1884 cum
1459 1830 1762 1901 expleverit
1808 1848 2032 1886 omnem
2115 1828 2579 1900 phetiamdomus
2595 1828 3165 1900 Israel,quianullum
3185 1828 3656 1884 fructumfecerunt.

433 1917 697 1988 peritiam
715 1916 852 1970 artis
866 1934 980 1971 suze
999 1923 1055 1970 et
1074 1914 1423 1988 diligentiam
1440 1917 1760 1972 adhibuerit
1777 1920 2030 1974 curandi.
2116 1919 2181 1973 In
2201 1918 2307 1971 hac
2333 1934 2463 1970 vero
2485 1916 2754 1988 parabola
2782 1917 2977 1977 vineae,
3002 1933 3116 1971 non
3147 1917 3358 1988 aliquid
3387 1917 3576 1971 vineam
3598 1914 3660 1970 in-

433 2002 608 2060 Homo
622 2008 761 2069 erat,
787 2004 988 2076 inquit,
1007 2006 1441 2074 paterfamilias.
1474 2006 1731 2061 Hominis
1758 2007 2037 2078 siquidem
2118 2007 2371 2060 venimus
2402 2005 2735 2077 patientem,
2766 2006 2863 2060 sed
2895 2004 3075 2075 magis
3103 2012 3469 2071 consecutam,
3495 2010 3552 2059 ut
3568 2004 3660 2057 fru-

433 2090 683 2160 nomine,
708 2097 772 2148 ut
799 2094 858 2147 in
888 2090 1169 2165 parabolis
1200 2092 1343 2148 solet
1370 2094 1513 2159 ﬁeri,
1538 2098 1685 2151 Deus
1712 2101 1873 2166 pater
1900 2097 2038 2151 acci-

434 2182 609 2254 pitur,
639 2186 696 2236 et
723 2199 836 2237 non
866 2190 1086 2237 natura.
1118 2180 1234 2237 Etsi
1255 2182 1447 2255 aliqua
1474 2183 1532 2238 in
1558 2184 1928 2239 similitudine
1965 2184 2035 2238 ob

435 2275 688 2325 nostram
717 2268 1079 2340 exiguitatem
1109 2272 1256 2326 Deus
1285 2278 1447 2343 pater
1470 2274 1638 2327 homo
1669 2273 1892 2339 dicitur,
1924 2290 2037 2328 non

436 2359 498 2413 in
525 2359 762 2414 veritate
792 2355 1195 2431 accipiendum,
1220 2367 1283 2415 ut
1311 2360 1523 2431 aliquid
1545 2361 1595 2415 ei
1624 2362 1791 2431 digne
1819 2379 2042 2433 compa-

438 2448 617 2514 retur,
645 2447 731 2500 vel
769 2447 889 2519 ipse
920 2446 1119 2502 similis
1148 2446 1312 2503 alicui
1340 2466 1460 2503 esse
1495 2448 1731 2504 dicatur.
1766 2451 1875 2506 Sed
1911 2451 2038 2507 ideo

436 2537 607 2591 homo
636 2534 1058 2608 paterfamilias,
1092 2552 1219 2591 cum
1252 2536 1327 2591 sit
1355 2536 1647 2593 invisibilis
1685 2546 1742 2593 et
1786 2539 2040 2611 incorpo-

436 2642 589 2691 reus,
629 2622 863 2693 dicitur;
912 2625 1045 2697 quia
1079 2626 1281 2680 caelum
1311 2630 1366 2681 et
1397 2634 1549 2681 terra
1577 2633 1635 2682 et
1669 2626 1860 2682 omnia
1886 2645 2040 2699 quae-

440 2728 659 2785 cunque
688 2720 820 2768 sunt
855 2721 1063 2781 creata,
1103 2716 1263 2786 quasi
1293 2733 1408 2770 una
1433 2721 1519 2770 est
1556 2716 1793 2784 domus;
1827 2717 1885 2771 in
1928 2734 2039 2787 qua

439 2802 710 2858 nimirum
732 2800 897 2857 domo
919 2805 1251 2873 angelorum
1273 2810 1329 2858 et
1353 2805 1665 2870 hominum,
1687 2806 1821 2875 quia
1838 2811 2042 2860 natura

441 2890 702 2946 dominus
724 2896 827 2958 est,
851 2892 998 2962 regit
1023 2898 1080 2946 et
1103 2891 1385 2962 gubernat
1404 2910 1518 2959 eos,
1539 2910 1667 2947 cum
1692 2895 1844 2946 omni
1869 2892 2040 2947 bene-

438 2978 686 3035 volentia
712 2979 890 3051 patris
920 2978 1140 3034 atl‘ectu.
1176 2979 1284 3044 Qui
1330 2978 1455 3034 ideo
1486 2998 1545 3034 se
1592 2986 1811 3052 patrem
1841 2982 2044 3037 maluit

2119 2100 2241 2149 ctus
2274 2094 2446 2166 possit
2472 2094 2618 2149 ferre
2634 2094 2954 2164 ampliores,
2976 2094 3079 2148 Dei
3100 2094 3515 2166 providentiam.
3538 2090 3662 2147 Unde

2120 2190 2177 2237 et
2197 2184 2449 2238 aufertur
2469 2182 2539 2237 ab
2559 2183 2749 2254 impiis
2769 2182 3000 2248 colonis,
3017 2189 3075 2237 et
3103 2183 3273 2238 datur
3289 2183 3437 2254 genti
3466 2181 3657 2236 meliori.

2120 2272 2315 2327 Coloni
2360 2278 2551 2326 autem
2595 2271 2751 2343 pravi
2797 2276 2854 2326 et
2897 2273 3127 2344 pessimi
3170 2289 3391 2327 omnem
3432 2270 3665 2342 excipiunt

2117 2360 2281 2424 iram,
2317 2366 2375 2414 et
2427 2360 2534 2432 ipsi
2582 2365 2781 2415 contra
2813 2376 2873 2415 se
2918 2359 3263 2415 sententiam
3306 2360 3536 2415 inferunt
3575 2374 3663 2412 sua

2120 2449 2519 2514 damnationis,
2553 2465 2684 2502 cum
2725 2448 2921 2503 dicunt
2962 2449 3317 2520 interrogati,
3365 2450 3520 2504 Malos
3552 2447 3664 2500 male

2113 2540 2320 2607 perdet,
2377 2544 2483 2591 etc.
2534 2537 2615 2591 De
2668 2538 2865 2592 eadem
2920 2553 3168 2608 namque
3222 2538 3383 2592 vinea
3433 2535 3660 2592 Jeremias

2121 2626 2259 2680 dicit
2288 2627 2358 2680 ad
2395 2626 2689 2696 p0pulum,
2718 2627 2828 2694 Ego
2870 2631 2917 2681 te
2950 2627 3214 2695 plantavi
3262 2629 3491 2693 vineam,
3516 2623 3665 2679 fructi-

2119 2714 2314 2780 feram,
2338 2715 2424 2768 vel
2445 2718 2685 2780 electam,
2705 2712 2864 2768 omne
2880 2731 3061 2769 semen
3082 2731 3302 2780 verum,
3318 2716 3558 2785 quomodo
3575 2729 3666 2767 con-

2120 2819 2275 2855 versa
2306 2818 2358 2856 es
2388 2806 2453 2856 in
2479 2804 2922 2857 amaritudinem
2949 2805 3077 2857 vitis
3102 2807 3337 2859 alienae?
3360 2803 3488 2872 (Jer.
3510 2816 3563 2867 n,
3579 2798 3664 2869 23.)

2123 2890 2337 2945 Videtis
2355 2892 2624 2961 quoniam
2641 2891 2700 2945 in
2719 2891 3009 2962 prophetis
3026 2893 3273 2963 populus
3290 2890 3668 2947 Judaicusvinea

2122 2980 2456 3052 appellatur,
2484 2986 2542 3034 et
2577 2981 2636 3034 in
2664 2980 2876 3035 eisdem
2908 2981 3279 3035 Comminatio
3306 2977 3669 3053 patrisfamilias

442 3066 570 3134 dici,
606 3074 671 3121 ut
718 3084 913 3121 omnes
956 3065 1265 3121 bonitatem
1309 3069 1432 3139 ejus
1472 3068 1891 3123 considerantes
1930 3076 2105 3137 nonc
2125 3075 2323 3123 contra
2357 3069 2577 3123 vineam
2608 3069 2690 3123 ﬁt.
2722 3070 2798 3123 At
2834 3085 2961 3123 vero
2991 3070 3052 3123 in
3080 3069 3382 3141 Evangelia
3406 3069 3553 3123 vinea
3573 3082 3669 3120 om-

440 3155 605 3211 inviti
646 3154 894 3209 serviant
927 3154 997 3221 ei,
1031 3161 1096 3209 ut
1141 3154 1275 3210 mali
1322 3156 1485 3221 servi,
1516 3158 1614 3211 sed
1654 3158 1941 3213 voluntate
1972 3158 2040 3212 li-

443 3244 600 3309 bera,
652 3240 812 3314 quasi
857 3240 988 3297 boni
1036 3242 1137 3297 filii
1191 3244 1579 3299 amantissimo
1628 3247 1894 3317 genitori.
1937 3248 2042 3313 Qui

434 3334 717 3403 plantavit
745 3334 985 3386 vineam.
1016 3331 1290 3395 Quoniam
1322 3330 1553 3389 diversae
1591 3333 1870 3407 parabolae
1911 3342 2044 3390 sunt

444 3420 665 3475 vineam
692 3417 1066 3488 nominantes,
1089 3426 1207 3474 tam
1232 3423 1291 3476 in
1313 3418 1618 3494 Evangelio
1644 3440 1813 3494 quam
1838 3424 1897 3478 in
1918 3442 2041 3496 pro-

443 3508 652 3582 phetis,
694 3507 1056 3580 quaerendum
1098 3516 1290 3565 utrum
1322 3512 1629 3566 secundum
1663 3512 1909 3568 diversas
1949 3531 2039 3569 res

445 3600 610 3653 vinea
636 3596 1002 3669 intelligenda
1030 3599 1125 3666 sit,
1141 3617 1213 3655 an
1231 3601 1537 3656 secundum
1565 3618 1737 3656 unam
1762 3604 2043 3657 eamdem-

445 3705 556 3759 que
584 3705 704 3742 rem
736 3703 747 3736 :
777 3682 1089 3758 praesertim
1120 3706 1248 3743 cum
1285 3690 1346 3744 in
1386 3692 1498 3744 ﬁne
1543 3691 1712 3762 hujus
1740 3691 2038 3762 parabolae,

445 3777 598 3832 dicat
619 3774 965 3849 principibus
986 3778 1339 3832 sacerdotum
1361 3784 1417 3832 et
1452 3778 1657 3833 Scribis
1687 3798 1698 3832 :
1728 3783 1903 3836 Amen
1924 3782 2043 3835 dico

442 3868 590 3922 vobis
629 3869 763 3936 quia
796 3870 1019 3920 tolletur
1058 3884 1093 3920 a
1130 3870 1276 3921 vobis
1315 3885 1551 3935 regnum
1582 3871 1694 3934 Dei,
1731 3875 1778 3922 et
1816 3871 2046 3924 dabitur

444 3957 598 4024 genti
624 3957 856 4024 facienti
882 3957 1102 4024 fructus
1131 3973 1273 4010 suos.
1300 3956 1441 4021 Quid
1483 3962 1648 4028 putas
1677 3973 1914 4027 regnum
1942 3958 2045 4012 Dei

444 4044 685 4109 dicatur,
734 4040 882 4116 quod
920 4044 1137 4098 tollitur
1180 4060 1215 4097 a
1261 4045 1522 4117 pessimis
1569 4046 1907 4112 doctoribus,
1938 4046 2046 4100 nisi

445 4132 571 4202 ipsa
600 4128 777 4197 vinea,
796 4149 918 4202 quae
933 4132 1151 4186 locatur
1170 4134 1296 4187 aliis
1324 4134 1601 4205 agricolis,
1627 4135 1887 4205 pessimis
1915 4152 2047 4206 per-

2122 3158 2257 3212 nino
2283 3174 2395 3211 non
2423 3158 2705 3228 culpatur,
2736 3158 2834 3211 sed
2863 3157 3064 3212 coloni.
3099 3158 3171 3212 Et
3199 3159 3327 3213 ideo
3352 3158 3562 3231 quidam
3580 3154 3669 3209 exi-

2123 3247 2222 3301 mii
2251 3247 2524 3313 doctores,
2554 3246 2774 3301 vineam
2800 3247 2905 3301 hoc
2930 3247 3052 3302 loco
3073 3263 3188 3302 non
3210 3248 3282 3303 ad
3313 3248 3577 3320 populum,
3597 3243 3671 3298 sed

2124 3334 2195 3389 ad
2240 3335 2551 3390 doctrinam
2603 3334 2761 3405 legis,
2802 3335 2889 3389 vel
2930 3336 3003 3390 ad
3036 3336 3321 3406 justitiam
3359 3353 3472 3408 quae
3498 3334 3673 3403 exlego

2124 3429 2227 3491 est,
2259 3425 2706 3491 transtulerunt;
2753 3440 2819 3478 eo
2849 3424 3001 3495 quod
3037 3425 3229 3480 cultus
3276 3431 3334 3480 et
3374 3421 3675 3496 providentia

2123 3513 2227 3569 Dei
2263 3513 2322 3566 in
2355 3512 2566 3566 eisdem
2596 3512 2901 3583 Scripturis
2931 3513 3103 3567 sacris
3141 3512 3317 3568 insita
3344 3518 3441 3567 est.
3473 3506 3612 3565 Unde
3632 3513 3675 3561 et

2124 3602 2416 3667 Dominus,
2460 3603 2700 3655 Tolletur
2735 3617 2771 3655 a
2809 3603 2976 3667 vobis,
3017 3601 3226 3673 inquit,
3265 3618 3490 3670 regnum
3513 3602 3612 3664 Dei,
3637 3600 3673 3650 et

2125 3693 2355 3745 dabitur
2397 3692 2549 3759 genti
2587 3691 2821 3756 facienti
2856 3692 3074 3756 fructus
3112 3694 3252 3759 eius.
3306 3684 3576 3745 Manifesta
3598 3701 3674 3757 per

2126 3779 2459 3851 mysterium
2500 3793 2740 3847 regnum
2784 3777 2885 3832 Dei
2921 3778 3099 3833 voluit
3123 3779 3349 3833 vineam
3378 3776 3608 3847 intelligi,
3631 3773 3674 3827 id

2128 3872 2212 3921 est
2247 3868 2428 3937 legem
2457 3871 2513 3920 et
2540 3867 2863 3937 prophetas,
2897 3872 2955 3922 et
2991 3883 3190 3922 omnes
3230 3868 3439 3922 divinas
3464 3865 3677 3935 Scriptu-

2126 3973 2237 4022 ras,
2272 3972 2410 4025 quas
2441 3956 2673 4009 tradidit
2697 3956 2970 4010 Dominus
2994 3953 3190 4013 vineae.
3213 3957 3462 4011 Primum
3490 3952 3676 4025 quidem

2127 4044 2354 4111 colonis,
2387 4045 2592 4116 populo
2622 4045 2703 4098 illi
2732 4044 2926 4115 priori,
2958 4045 3092 4116 quia
3118 4045 3370 4116 primum
3396 4045 3471 4099 eis
3504 4040 3676 4097 credita

2129 4139 2261 4188 sunt
2290 4134 2513 4204 eloquia
2532 4133 2633 4187 Dei
2659 4152 2670 4186 :
2702 4133 2904 4187 deinde
2923 4133 3034 4187 illis
3050 4133 3305 4204 abjectis,
3337 4132 3561 4189 secundo
3584 4136 3676 4184 ttae

447 4220 601 4272 ditis.
646 4216 919 4272 Fortassis
950 4238 1083 4290 ergo
1112 4218 1234 4291 ipsa
1269 4228 1355 4281 est
1398 4223 1560 4275 vinea
1588 4240 1709 4292 qua
1738 4224 2044 4290 colebatur,
2129 4223 2273 4276 didit
2290 4239 2357 4277 ea
2368 4221 2912 4292 gentibus,fructum
2933 4222 3356 4294 Scripturarum
3373 4214 3674 4277 facientibus.

450 4305 600 4377 quod
621 4309 678 4357 et
697 4322 934 4373 regnum
950 4306 1069 4372 Dei,
1088 4304 1237 4378 quod
1251 4309 1802 4380 tollituraprioribus
1815 4314 2044 4377 colonis,
2129 4313 2177 4364 A
2194 4328 2306 4382 qua
2335 4328 2469 4366 sane
2495 4311 2673 4375 vinea,
2693 4312 2812 4381 jam
2837 4311 2989 4366 ultra
3012 4327 3114 4365 nec
3141 4312 3293 4383 scpis
3322 4312 3574 4374 aufertur,
3600 4319 3679 4361 nec

449 4400 508 4448 et
552 4390 720 4446 datur
745 4393 900 4463 genti
928 4394 1111 4456 alteri,
1153 4402 1253 4447 aut
1294 4395 1444 4449 aliud
1472 4398 1751 4453 aestimare
1780 4401 2047 4457 debemus
2064 4386 2373 4453 Dmaceria
2387 4399 2904 4470 destruitur,neque
2923 4399 3074 4454 ultra
3092 4399 3149 4453 in
3166 4401 3423 4472 rapinam
3438 4393 3679 4454 etconcul-

449 4499 570 4537 esse
592 4496 830 4553 regnum
852 4478 972 4547 Dei,
994 4488 1050 4536 et
1069 4482 1223 4537 aliud
1242 4483 1478 4537 vineam.
1500 4483 1646 4539 Nam
1670 4487 1892 4542 vineam
1913 4491 2047 4560 quid

449 4569 768 4640 intelligere
787 4566 1092 4624 debeamus
1112 4588 1251 4639 esse,
1270 4573 1513 4627 ostendit
1532 4572 1692 4629 nobis
1721 4576 1894 4631 Isaias
1916 4596 2046 4648 pro-

449 4661 623 4731 pheta
667 4656 1021 4713 manifestius
1053 4679 1064 4713 :
1104 4660 1363 4729 Cantabo,
1402 4662 1589 4734 inquit
1625 4665 1761 4735 (Isa.
1794 4682 1849 4731 v,
1886 4665 1934 4733 1,
1963 4664 2042 4737 2),

453 4751 646 4803 dilecto
667 4765 783 4801 meo
804 4752 1085 4803 canticum
1108 4750 1312 4804 dilecte
1338 4768 1465 4805 mea;
1484 4756 1651 4806 vineae
1673 4773 1688 4807 :
1714 4757 1876 4809 vinea
1898 4758 2047 4823 facta

452 4842 527 4892 est
557 4838 749 4891 dilecto
771 4842 833 4892 in
858 4841 1116 4903 cornuin
1145 4843 1254 4893 loco
1283 4842 1459 4894 uberi.
1483 4843 1553 4896 Et
1576 4858 1690 4911 sepe
1710 4846 2049 4899 circumdedi

453 4942 575 4981 eam
605 4931 653 4980 et
683 4926 821 4994 fodi,
855 4933 903 4980 et
928 4931 1186 4995 plantavi
1213 4932 1433 4983 vineam
1457 4929 1671 4986 Sorech.
1700 4932 1770 4985 Et
1797 4938 1861 4986 ut
1893 4949 2049 4987 eam-

454 5014 584 5069 dem
624 5013 846 5069 vineam
879 5014 1047 5068 istam
1092 5033 1213 5070 esse
1254 5016 1502 5074 insinuet
1530 5036 1597 5073 ex
1634 5020 1957 5090 Evangelio,
1984 5023 2050 5076 Et

454 5105 761 5172 aediﬁcavit,
795 5103 996 5175 inquit,
1029 5108 1238 5159 turrim
1270 5109 1333 5160 in
1366 5109 1543 5162 medio
1567 5111 1704 5176 ejus,
1723 5114 1769 5162 et
1802 5113 2051 5164 torcular

453 5194 594 5261 fodit
630 5197 697 5247 in
724 5210 804 5247 ea.
841 5190 911 5247 Et
929 5202 1055 5263 post
1082 5209 1277 5263 pauca,
1314 5196 1477 5249 Vinea
1501 5200 1670 5263 enim,
1705 5197 1907 5268 inquit,
1939 5200 2047 5253 Do-

454 5284 604 5335 mini
630 5283 870 5348 sabaoth,
904 5284 1096 5335 domus
1124 5284 1295 5336 Israel
1319 5289 1412 5349 est,
1444 5290 1493 5337 et
1521 5286 1677 5340 homo
1705 5288 1853 5341 Juda
1875 5291 2053 5343 novel-

458 5372 572 5423 lum
592 5386 834 5437 germen.
861 5368 927 5425 In
955 5387 1066 5441 qua
1094 5371 1361 5426 nimirum
1384 5374 1666 5444 parabola,
1686 5391 1786 5430 seu
1812 5376 2049 5443 cantico,

457 5456 714 5527 quaedam
744 5458 947 5513 similia
974 5460 1271 5521 habentur.
1285 5479 1407 5533 quae
1437 5469 1493 5517 et
1516 5464 1575 5517 in
1604 5464 1706 5518 hoc
1735 5465 1877 5527 loco,
1906 5482 2051 5535 quae.

458 5544 589 5601 dam
616 5548 806 5615 384
825 5552 1015 5605 autem
1044 5549 1358 5606 dissimilia.
1388 5550 1740 5624 Quapropter
1758 5553 2047 5610 videamus

2129 4488 2403 4543 cationem
2419 4493 2607 4553 985
2619 4488 3037 4558 Scripturarum
3048 4489 3241 4543 venire
3253 4490 3507 4544 creditur.
3517 4486 3677 4555 Sicque

2129 4576 2390 4648 deinceps
2403 4593 2469 4631 ex
2482 4576 2689 4630 eisdem
2706 4575 3008 4645 Scripturis
3021 4581 3077 4631 et
3087 4578 3395 4632 toreularia
3405 4576 3676 4632 traduntur.

2128 4670 2187 4719 et
2211 4664 2386 4719 turris
2413 4665 2473 4719 in
2502 4664 2993 4734 contemplatione,
3019 4669 3075 4719 et
3103 4666 3423 4736 repulsione
3450 4662 3674 4723 hostium,

2128 4754 2199 4808 ab
2224 4752 2304 4808 eis
2356 4750 2493 4807 satis
2533 4753 2797 4807 decenter
2840 4753 3096 4824 erigitur.
3127 4754 3238 4808 Sed
3266 4771 3389 4818 nos,
3423 4753 3544 4823 quia
3565 4756 3613 4803 et
3633 4747 3680 4799 in

2130 4842 2239 4896 alia
2288 4841 2557 4913 parabole.
2590 4841 2782 4907 vineae,
2814 4841 2966 4911 ipsos
2995 4842 3237 4897 cultores
3282 4843 3471 4909 vineae,
3500 4844 3551 4895 et
3573 4850 3678 4907 ope-

2131 4928 2308 4985 rarios
2337 4931 2433 5002 qui
2478 4929 2635 4984 missi
2678 4936 2810 4983 sunt
2840 4946 2943 5000 per
2968 4930 3189 4986 diversa
3224 4932 3486 4986 horarum
3513 4924 3677 4999 spatia.

2131 5021 2203 5074 ad
2233 5019 2579 5091 operandum
2608 5019 2670 5072 in
2715 5034 2801 5084 ea,
2832 5018 3015 5089 ipsam
3050 5020 3272 5074 vineam
3302 5036 3421 5075 esse
3457 5016 3677 5075 diximus,

2132 5126 2197 5162 eo
2222 5108 2369 5178 quod
2398 5106 2663 5179 palmites
2682 5113 2870 5161 essent
2888 5107 3016 5162 vitis
3040 5125 3185 5164 verae
3208 5128 3221 5178 ;
3249 5115 3308 5163 et
3335 5112 3468 5180 quot
3497 5107 3681 5159 sanch

2132 5197 2201 5251 ab
2243 5196 2406 5251 initio
2461 5195 2649 5250 saeculi
2695 5211 2874 5266 usque
2901 5196 2963 5250 in
3014 5198 3203 5265 tinem,
3245 5198 3307 5253 in
3356 5213 3420 5252 ea
3465 5192 3681 5249 Christus

2132 5285 2416 5351 conduxit,
2461 5285 2622 5357 quasi
2663 5289 2749 5338 tot
2776 5285 3037 5356 palmites
3084 5287 3145 5341 in
3188 5303 3247 5341 se
3278 5281 3602 5359 propagavit,
3628 5292 3680 5330 ex

2135 5374 2336 5446 quibus
2374 5376 2494 5430 haec
2534 5375 2697 5428 vinea
2741 5379 2861 5428 tota
2903 5374 3204 5430 fructiﬁcat
3245 5382 3304 5430 et
3351 5371 3555 5428 crescit.
3604 5365 3679 5421 Id-

2131 5465 2276 5518 circo
2306 5464 2469 5530 hanc,
2503 5480 2673 5535 quam
2717 5462 2921 5517 locavit
2963 5465 3240 5535 agricolis,
3271 5480 3384 5518 non
3409 5461 3565 5515 aliam
3597 5470 3679 5511 nos

2127 5552 2445 5626 intelligere
2485 5558 2723 5626 oportet,
2774 5567 2947 5623 quam
2998 5554 3181 5625 ipsam
3232 5546 3597 5622 eamdemque,
3629 5543 3676 5597 in
