3872 6158
130 293 223 352 72ῢ
838 290 1218 347 EXPOSITIO
1255 292 1336 348 IN
1371 293 1824 350 MATTHJEUM.
1864 321 1934 337 —
1967 293 2106 349 LIB.
2146 294 2244 361 IX,
2285 291 2442 349 CAP.
2481 290 2631 347 XXI.
3264 283 3376 345 726

129 434 227 492 qua
239 432 405 489 supra
418 414 685 471 conduxit
704 415 1009 487 aperarios,
1030 416 1169 471 hora
1185 418 1386 489 prima,
1422 425 1479 472 et
1502 419 1690 485 tertia,
1712 420 1852 479 Aad
1878 421 2086 487 ﬂumen
2112 419 2440 486 propagines
2469 420 2584 485 ejus
2609 416 2768 485 (Ibid.
2799 432 2848 468 υ.
2888 412 2971 480 11,
3004 412 3116 481 42).
3155 412 3222 469 In
3259 429 3371 483 qua

127 515 176 564 et
215 512 380 572 sexta,
428 521 709 575 nonaque.
768 505 837 559 Et
862 521 1096 577 peregre
1134 506 1413 576 profectus
1445 513 1547 572 est,
1581 525 1696 563 non
1777 504 2047 560 nimirum
2104 504 2297 574 vinea;
2334 506 2456 560 alia}
2486 504 2713 559 fuerunt
2757 504 2895 557 vites
2921 517 3044 575 qua:
3089 515 3368 556 conversa

125 597 216 652 loci
243 595 571 659 mutatione,
620 593 720 649 sed
748 609 850 664 pro
896 593 1155 649 libertate
1202 594 1419 650 arbitrii
1449 596 1601 661 dicit,
1632 601 1697 651 ut
1776 601 1910 649 sunt
1936 595 1996 648 in
2037 591 2490 658 amaritudinem,
2530 594 2693 664 juxta
2722 592 3043 658 Jeremiam,
3074 588 3201 644 vitis
3229 587 3368 644 alie-

122 683 434 741 vinitoribus
487 685 718 737 daretur
756 681 990 737 facultas
1055 683 1339 739 interdum
1404 685 1692 756 operandi.
1778 700 1884 747 me,
1908 683 2030 737 aliae
2063 700 2185 754 quae
2214 681 2542 755 placabilem
2572 682 2688 736 Deo
2709 681 2952 734 fructum
2982 680 3251 734 tulerunt.
3285 676 3369 734 Ex

121 772 364 845 Alioquin
392 768 543 826 Deus
573 771 722 826 unde
748 770 942 826 abesse
973 778 1176 843 potest,
1234 773 1329 844 qui
1369 774 1613 844 complet
1641 779 1698 828 et
1779 771 1983 842 quibus
2023 772 2275 842 utrisque
2337 769 2591 843 partibus
2638 771 2757 841 ipse
2795 774 3038 823 testatur
3093 768 3368 839 propheta

121 860 578 935 circumplectitur
615 860 975 927 omnia,sicut
992 861 1112 933 ipse
1132 861 1213 914 ait
1237 878 1337 933 per
1354 863 1689 916 Jeremiam:
1777 857 1969 926 David,
1987 860 2134 930 quod
2165 860 2275 913 alia
2299 876 2427 931 pars
2456 860 2577 930 ejus
2604 859 2751 913 male
2780 854 3066 929 perdenda
3084 852 3370 923 esset,alia

118 953 214 1022 Ego
229 952 366 1007 Deus
394 952 871 1021 appropinquans,
900 955 951 1004 et
975 966 1088 1003 non
1117 952 1180 1003 de
1208 954 1364 1018 longe
1393 956 1417 1003 Ρ
1446 951 1555 1005 Sed
1586 952 1691 1006 hu-
1774 965 1905 1002 vero
1925 949 1985 1002 in
2017 946 2218 1002 melius
2237 947 2593 1019 perﬁcienda,
2616 951 2673 1001 et
2689 962 2857 1018 super
2883 946 3061 999 ﬁlium
3093 943 3363 1010 hominis,

115 1043 196 1111 jus
217 1040 388 1095 vineae
414 1035 681 1111 parabole
710 1038 837 1094 ideo
867 1038 977 1092 alia
1001 1039 1224 1093 videtur
1259 1056 1428 1110 quam
1466 1040 1566 1094 illa
1594 1058 1691 1095 su-
1773 1053 1838 1090 ac
1885 1054 2053 1108 super
2080 1042 2329 1091 montem
2354 1034 2694 1090 collocanda.
2734 1035 2893 1090 Unde
2932 1049 2998 1089 ex
3025 1048 3141 1088 una
3169 1048 3367 1088 earum

117 1130 300 1201 perior,
338 1129 427 1183 vel
461 1128 531 1183 de
560 1144 673 1200 qua
698 1128 983 1200 prophetae
1007 1127 1333 1198 loquuntur,
1358 1129 1491 1199 quia
1518 1135 1584 1183 ut
1602 1147 1692 1185 su-
1771 1132 1931 1197 parte
1960 1126 2301 1197 prOphetans
2321 1143 2386 1180 ac
2411 1141 2641 1196 gemens
2667 1124 2834 1178 dicit:
2857 1122 3069 1194 (liquid
3086 1120 3366 1193 (le/lusisti

115 1234 205 1289 pra
238 1218 604 1285 ostendimus,
658 1217 821 1289 longe
872 1217 1036 1272 aliter
1092 1220 1274 1288 ﬁgura
1300 1218 1490 1289 ,ipsius
1518 1218 1690 1273 intro—
1772 1217 2071 1269 maceriam
2098 1219 2232 1283 ejus,
2258 1214 2340 1267 vel
2369 1230 2578 1284 sepem,
2610 1218 2656 1267 et
2687 1215 3030 1266 vindemiant
3048 1221 3364 1265 eamomnes

116 1307 314 1362 ducitur
342 1306 695 1361 abumbrata.
734 1307 800 1360 In
854 1323 966 1377 qua
1011 1322 1125 1360 non
1160 1307 1342 1361 solum
1384 1308 1689 1362 cultoribus
1771 1307 1869 1373 qui
1890 1305 2429 1372 pratergrediuntur
2457 1301 2845 1372 viam?(lbid.,
2867 1298 2980 1369 13).
3016 1300 3196 1363 Quam
3226 1311 3362 1353 sane

115 1396 265 1450 vineae
290 1396 450 1450 nulla
474 1395 948 1467 repromittuntur
966 1396 1199 1466 praemia
1224 1415 1237 1461 ;
1259 1413 1454 1450 verum
1482 1395 1689 1467 ipsi,ac
1770 1392 2011 1458 vineam,
2045 1389 2176 1462 quia
2196 1377 2468 1463 pcenitere
2497 1388 2696 1470 noluit,
2719 1390 3111 1444 exterminavit
3140 1400 3273 1456 aper
3300 1385 3365 1441 de

114 1485 152 1538 si
176 1483 483 1555 prophetali
512 1483 746 1555 Spiritu,
793 1501 896 1538 suo
944 1501 1002 1538 se
1033 1485 1413 1539 condemnant
1451 1485 1684 1555 judicio,
1768 1484 1934 1547 silva,
1981 1486 2029 1535 et
2061 1480 2215 1549 ferus
2248 1482 2499 1549 depastus
2528 1484 2603 1533 est
2652 1496 2771 1533 eam
2812 1474 3007 1552 (Ibid.,
3056 1474 3143 1543 14)
3186 1474 3243 1529 id
3276 1478 3364 1530 est

112 1573 184 1626 Ad
210 1574 305 1627 hoc
328 1573 540 1645 quippe
569 1577 765 1627 contra
784 1589 880 1627 eos
907 1572 1003 1644 qui
1023 1573 1264 1644 superbe
1294 1574 1597 1628 Dominum
1626 1574 1684 1629 in
1768 1569 2045 1624 exercitus
2074 1570 2456 1624 Romanorum
2486 1569 2590 1623 sub
2638 1569 2763 1623 Tito
2794 1572 2850 1622 et
2872 1564 3235 1639 Vespasiano,
3266 1562 3363 1636 qui

109 1662 291 1733 templo
318 1662 620 1716 docentem
648 1667 782 1716 sunt
808 1661 1110 1732 congressi,
1157 1661 1274 1715 haec
1306 1662 1574 1732 parabola
1600 1663 1683 1717 in-
1765 1654 1922 1711 missi
1945 1664 2077 1713 sunt
2104 1659 2173 1713 ad
2193 1660 2509 1730 perdendos
2531 1659 2709 1713 malos
2721 1664 2777 1711 et
2795 1657 3067 1729 pessimos
3083 1654 3255 1709 vinem
3277 1667 3365 1708 co-

111 1750 419 1815 troducitur,
461 1756 527 1805 ut
560 1767 656 1805 eos
702 1750 954 1805 revincat
1000 1750 1188 1821 potius
1219 1734 1744 1806 initerminatoresB
1763 1746 1920 1800 lonos
1946 1766 1959 1813 ;
1993 1745 2086 1818 qni
2119 1764 2227 1801 non
2256 1747 2437 1802 solum
2458 1747 2678 1801 vineam
2701 1747 2806 1801 sibi
2822 1743 3179 1801 commissam
3208 1756 3364 1797 exca-

112 1839 258 1894 vinea
296 1838 491 1907 fuisse,
534 1855 705 1911 quam
748 1839 1009 1893 cultores.
1044 1839 1203 1894 Unde
1257 1856 1426 1911 quam
1456 1841 1681 1911 provide
1762 1833 1897 1896 lere,
1925 1840 1990 1888 ut
2014 1835 2258 1889 fructum
2288 1834 2461 1889 ferret
2480 1836 2599 1901 Dei,
2627 1836 2948 1899 noluerunt,
2972 1845 3163 1886 verum
3190 1831 3361 1886 etiam

108 1928 241 1995 satis,
266 1934 321 1982 et
350 1944 524 1999 quam
554 1927 693 1982 bene
722 1944 965 1999 praesens
991 1928 1263 1999 parabola
1298 1928 1469 1983 vinem
1497 1930 1680 1984 varia-
1764 1921 1975 1993 seipsos
1996 1923 2064 1978 de
2084 1924 2389 1995 propagine
2406 1941 2550 1978 verae
2579 1923 2705 1977 vitis
2726 1920 3104 1984 absciderunt,
3128 1921 3363 1990 insuper

107 2020 216 2069 tur:
238 2016 387 2071 sicut
416 2022 492 2081 et,
517 2016 577 2070 in
604 2016 1036 2088 quamplurimis
1090 2017 1224 2070 locis
1262 2017 1683 2087 Scripturarum
1764 2016 1821 2065 et
1848 2029 1942 2065 eos
1962 2013 2057 2083 qui
2080 2012 2321 2067 fructum
2351 2013 2409 2066 in
2440 2012 2548 2067 vite
2573 2028 2673 2084 per
2702 2011 2869 2066 ﬁdem
2898 2014 3191 2065 manentes
3212 2009 3359 2062 ferre

108 2105 429 2159 consuetudo
452 2110 558 2170 est,
581 2110 647 2158 ut
659 2121 771 2158 una
796 2105 1105 2176 eademque
1124 2122 1214 2159 res
1234 2105 1383 2159 varie
1406 2107 1681 2177 ﬁguretur
1761 2100 2054 2167 curabant,
2078 2102 2355 2173 perimere
2385 2119 2607 2174 semper
2631 2099 2968 2173 gestiebant.
2985 2100 3064 2154 De
3093 2110 3204 2170 qua
3222 2110 3355 2168 pro-

107 2192 157 2246 in
189 2193 485 2265 parabolis,
537 2199 595 2247 et
621 2193 856 2264 singula
880 2193 998 2248 suis
1023 2193 1270 2248 habeant
1291 2192 1512 2266 singula
1543 2195 1679 2250 locis
1759 2190 1902 2243 facto
1941 2190 2124 2257 Vinea,
2160 2208 2282 2262 quae
2313 2191 2625 2262 permansit
2652 2189 2710 2244 in
2758 2189 2888 2254 vite,
2922 2193 3047 2242 orat
3092 2182 3356 2258 praefatus

105 2295 159 2333 ac
180 2282 445 2353 personis,
479 2288 537 2336 et
565 2280 932 2353 temporibus,
972 2282 1200 2351 negotia
1228 2298 1524 2337 causarum
1555 2283 1677 2337 dili-
1758 2278 2038 2350 PrOpheta
2068 2281 2287 2334 dicens:
2313 2282 2453 2334 Deus
2473 2283 2769 2345 virtutum,
2790 2282 3114 2342 convertere,
3155 2277 3358 2343 respice

103 2369 298 2438 gentius
325 2369 625 2424 attributa.
659 2367 818 2424 Unde
841 2370 995 2441 prior
1011 2370 1278 2441 parabola
1308 2371 1481 2425 vineae
1507 2372 1676 2427 simul
1757 2369 1819 2420 de
1848 2372 1971 2421 calo
1993 2374 2042 2422 et
2068 2369 2207 2435 vide,
2225 2370 2449 2423 etrisita
2469 2372 2689 2422 vineam
2711 2370 2895 2433 881
2919 2369 3085 2421 istam
3106 2362 3358 2433 etperﬁce

104 2456 161 2512 ab
183 2459 331 2513 initio
363 2459 559 2513 saeculi
585 2475 763 2529 usque
801 2456 873 2512 ad
905 2459 1076 2513 ﬁnem
1106 2476 1272 2515 omne
1299 2466 1523 2530 tempus
1547 2477 1675 2514 con-
1755 2471 1893 2520 eam,
1926 2474 2093 2525 quam
2120 2460 2399 2526 plantavit
2420 2460 2641 2512 dextera
2663 2460 2840 2523 tua,et
2871 2467 3033 2525 super
3053 2453 3236 2521 ﬁlium
3266 2450 3356 2505 ho-

104 2546 283 2617 cludit;
333 2547 631 2620 operarios
678 2547 738 2601 in
778 2548 1001 2602 vineam
1028 2548 1311 2615 conduxit,
1338 2565 1441 2602 nec
1495 2549 1672 2602 ullum
1755 2546 1945 2610 minis,
1994 2544 2196 2617 inquit,
2248 2563 2415 2614 quam
2467 2548 2813 2614 conﬁrmasti
2862 2546 2966 2597 tibi
3001 2541 3180 2609 (Ibid.,
3241 2538 3351 2609 15).

103 2642 264 2691 tamen
301 2654 334 2692 α
383 2636 751 2691 conventione
806 2637 1025 2692 denarii
1079 2637 1280 2708 privat.
1332 2637 1430 2691 sed
1477 2654 1672 2692 omnes
1755 2632 1896 2696 Quia
1917 2634 1976 2686 in
2005 2651 2070 2687 eo
2101 2641 2159 2689 et
2186 2634 2293 2706 ipsi
2322 2633 2560 2706 plantati
2592 2638 2773 2699 erant,
2788 2636 2844 2688 et
2871 2628 3188 2687 conﬁrmati
3214 2628 3345 2694 ﬁde,

104 2741 442 2798 quoscunque
485 2725 768 2792 conduxit,
815 2726 875 2780 in
920 2727 1031 2780 ﬁne
1061 2726 1317 2780 mercede
1347 2732 1673 2780 remunerat
1752 2721 1881 2776 ideo
1913 2728 2352 2793 permanserunt
2371 2722 2428 2776 in
2443 2723 2628 2777 radice
2647 2739 2761 2776 suae
2785 2717 3351 2793 pinguedinis.Caete-

101 2814 173 2867 sui
192 2813 411 2870 laboris.
438 2815 510 2869 Et
534 2814 661 2868 ideo
679 2831 794 2869 non
814 2814 925 2869 nisi
945 2814 1092 2868 solos
1111 2815 1332 2880 electos,
1358 2832 1497 2886 quos
1526 2832 1666 2886 prze-
1752 2810 1801 2864 ri
1856 2829 1986 2866 vero
2038 2812 2200 2879 rami,
2262 2812 2347 2867 vel
2402 2810 2662 2883 palmites
2686 2809 2879 2870 vineae.
2913 2810 3047 2881 quia
3078 2806 3347 2861 confracti

103 2901 235 2956 scivit
257 2910 311 2958 et
337 2903 781 2976 predestinavit,
820 2904 881 2957 in
909 2920 977 2958 ea
1004 2902 1269 2974 parabole
1289 2905 1419 2974 jure
1447 2910 1669 2959 vocatos
1752 2906 1901 2965 sunt,
1938 2906 2230 2955 aruerunt.
2283 2900 2383 2955 Isti
2413 2905 2600 2955 autem
2633 2898 2863 2953 dextera
2890 2896 2990 2952 Dei
3041 2892 3348 2950 introducti

104 2991 373 3062 accipimus
400 3008 413 3041 :
462 2992 561 3063 qui
591 3008 784 3046 omnes
804 2992 1091 3046 novissimi
1112 3009 1176 3046 ac
1216 2993 1581 3064 primi,simul
1608 2994 1669 3047 in
1751 2993 1900 3055 sunt,
1929 2988 2075 3043 sicut
2104 2988 2284 3044 Maria
2309 2989 2462 3043 canit
2506 3005 2665 3043 soror
2691 2990 2877 3042 Aaron
2908 2987 2968 3041 in
3011 2983 3260 3051 Cantico,
3286 2981 3347 3038 in

101 3081 285 3135 unitate
323 3082 505 3136 vinea:
555 3080 902 3147 laborarunt,
937 3098 1162 3152 unaque
1190 3083 1505 3136 aeternitate
1534 3082 1668 3137 bea—
1687 3089 1731 3151 α
1752 3084 1941 3132 monte
1972 3076 2314 3133 haereditatis
2342 3076 2462 3144 Dei,
2488 3083 2545 3132 et
2572 3075 2813 3149 plantati
2840 3077 2901 3131 in
2922 3072 3241 3130 habitacula
3256 3074 3348 3127 ﬁr-

101 3174 158 3222 ta
196 3170 635 3225 immortalitatis
661 3171 1076 3241 gloriﬁcantur.
1114 3172 1181 3224 In
1207 3171 1312 3225 hac
1340 3188 1468 3226 vero
1499 3188 1669 3243 para-
1749 3163 2003 3220 missimo
2034 3165 2153 3233 Dei,
2187 3167 2334 3239 quod
2364 3168 2627 3239 operatus
2646 3173 2732 3221 est
2755 3164 2992 3225 Deus.et
3019 3178 3134 3219 non
3156 3161 3341 3230 homo,

101 3256 205 3312 bola
238 3260 356 3329 ipsa
404 3260 720 3330 eademque
755 3260 920 3314 vinea
962 3261 1404 3325 commendatur,
1442 3267 1497 3315 et
1534 3278 1668 3316 cura
1749 3250 1885 3308 etin
1901 3254 2220 3311 sanctuario
2250 3256 2399 3328 quod
2419 3258 2788 3311 ﬁrmaverunt
2809 3273 3011 3311 manus
3031 3256 3175 3326 ejus.
3208 3244 3344 3318 Quae

100 3342 306 3418 amplior
329 3365 397 3403 ac
445 3346 743 3418 diligentia
786 3349 1135 3421 exprimitur,
1168 3366 1268 3403 seu
1313 3350 1585 3421 quidquid
1608 3350 1666 3405 in
1748 3343 1890 3397 bene
1919 3345 2096 3408 vinea,
2130 3344 2362 3416 perditis
2400 3350 2457 3399 et
2483 3344 2675 3416 ejectis
2696 3344 2859 3399 malis
2896 3339 3129 3411 colonis,
3161 3339 3346 3399 locata

100 3434 177 3488 illa
224 3442 410 3503 330
460 3438 905 3508 praetermissum
957 3443 1061 3503 est,
1110 3443 1226 3492 tam
1258 3438 1366 3504 hic,
1408 3455 1578 3510 quam
1606 3439 1666 3493 in
1748 3436 1835 3485 est
1857 3436 1913 3486 et
1931 3431 2229 3488 commissa
2272 3432 2557 3505 apostolis,
2583 3432 2669 3487 vel
2708 3430 3025 3505 apostolicis
3062 3431 3215 3485 viris.
3257 3424 3345 3484 Ad

99 3524 367 3596 prophetis,
401 3521 480 3579 ad
511 3526 788 3596 liquidum
816 3527 1170 3581 describitur.
1221 3528 1458 3597 Insuper
1487 3532 1542 3582 et
1572 3544 1664 3581 re-
1748 3536 1915 3589 quam
1942 3522 2124 3575 omnis
2152 3519 2307 3576 natio
2335 3522 2609 3592 gentium,
2658 3528 2716 3577 et
2743 3520 2803 3576 in
2827 3539 2938 3594 qua
2966 3527 3195 3576 auctore
3224 3518 3341 3574 D80

99 3612 228 3679 probi
263 3614 509 3686 operarii
536 3615 623 3668 vel
665 3610 867 3682 coloni,
911 3615 1008 3687 qui
1035 3616 1107 3670 ad
1141 3632 1265 3671 eam
1304 3617 1661 3670 excolendam
1745 3606 1958 3662 inserta
1979 3615 2082 3674 est:
2131 3616 2187 3663 εἴ
2214 3617 2524 3682 Ρνορθεειιει
2546 3612 2615 3665 de
2644 3610 2755 3665 Vite
2786 3626 2908 3682 qua?
2943 3608 3200 3665 Christus
3232 3612 3337 3674 est,

99 3702 244 3755 vocati
270 3709 452 3766 erant,
511 3720 651 3774 quos
687 3704 810 3759 aliae
849 3704 1127 3776 parabolae
1164 3705 1657 3775 praetermiserunt,
1741 3694 1801 3748 in
1833 3712 1943 3766 qua
1968 3694 2136 3751 Pater
2163 3706 2247 3752 est
2275 3698 2537 3770 agricola,
2570 3705 2627 3753 et
2655 3697 2926 3753 dilatatur
2951 3696 3199 3770 quotidie
3236 3708 3338 3767 per

98 3787 185 3843 ista
223 3791 279 3845 in
322 3808 572 3864 persona
597 3792 1011 3846 Pharisaeorum
1041 3799 1099 3848 et
1125 3792 1445 3847 Scribarum
1474 3793 1657 3847 mani-
1742 3782 2065 3840 universum
2111 3786 2323 3844 orbem.
2394 3786 2540 3842 Nam
2592 3804 2829 3858 regnum
2876 3789 3146 3841 caelorum
3190 3798 3337 3855 saepe

93 3875 206 3931 {este
224 3881 619 3937 condemnant.
651 3882 889 3953 Propter
931 3882 1080 3953 quod
1114 3882 1229 3937 haec
1275 3881 1541 3953 parabola
1578 3883 1657 3936 sic
1739 3890 1983 3945 prmsens
2010 3873 2258 3931 Ecclesia
2289 3873 2736 3931 dicitur.Dicitur
2753 3882 2942 3930 autem
2966 3878 3023 3930 et
3057 3872 3334 3939 Christus,

92 3969 385 4037 contexitur,
422 3969 563 4041 quia
604 3968 735 4025 boni
765 3975 823 4025 et
851 3971 985 4024 mali
1015 3970 1201 4037 simul,
1231 3971 1363 4025 olim
1393 3971 1463 4025 ab
1493 3972 1654 4026 initio
1739 3962 1834 4034 qui
1864 3961 1921 4016 in
1956 3980 2022 4018 ea
2049 3970 2218 4036 caput
2249 3970 2352 4030 est,
2408 3962 2732 4037 frequenter
2779 3980 3016 4035 regnum
3046 3962 3332 4019 ccelorum.

92 4052 220 4124 legis,
246 4058 389 4113 sicut
417 4062 481 4112 et
508 4074 678 4126 nunc,
710 4059 866 4113 misti
895 4066 1083 4126 erant;
1116 4071 1182 4114 ut,
1208 4076 1275 4114 ea
1302 4077 1432 4131 pars
1460 4061 1650 4127 vinea,
1738 4051 1896 4105 Unde
1924 4070 2052 4108 cum
2081 4050 2161 4107 illi
2202 4053 2431 4125 pessimi
2464 4050 2644 4108 coloni
2674 4050 2936 4123 indignos
2961 4069 3021 4107 se
3046 4049 3334 4121 judicave-

92 4139 192 4199 licet
213 4146 269 4200 in
294 4147 512 4218 paucis,
547 4164 672 4221 qum
709 4148 879 4203 ﬁdem
931 4149 1139 4203 Christi
1185 4154 1481 4220 receptura
1509 4156 1649 4216 erat,
1735 4147 1869 4194 runt
1895 4148 2116 4196 aeterna:
2144 4143 2286 4210 vitae,
2320 4142 2572 4197 nolentes
2610 4140 2897 4197 Christum
2943 4141 3209 4212 recipere,
3240 4156 3337 4195 au-

93 4230 505 4291 incontaminata
550 4237 622 4291 ad
674 4236 1034 4292 excolendum
1066 4237 1192 4291 aliis
1222 4238 1483 4293 tradatur
1507 4240 1653 4293 colo-
1733 4228 1912 4284 fertur
1948 4231 2017 4284 ab
2047 4232 2126 4286 eis
2156 4229 2432 4299 Christus,
2473 4232 2727 4287 aufertur
2757 4238 2813 4287 et
2859 4228 3125 4298 Ecclesia,
3179 4227 3335 4284 aufe-

92 4319 189 4389 nis;
226 4341 290 4379 ea
331 4342 470 4381 vero
518 4342 642 4397 quae
694 4342 807 4381 non
860 4327 1042 4380 solum
1073 4326 1315 4381 fructum
1354 4327 1498 4381 ferre
1529 4326 1938 4383 con-Druntur
1968 4326 2025 4375 et
2052 4317 2243 4376 omnia
2299 4328 2654 4376 sacramenta
2680 4317 2897 4388 salutis,
2948 4322 3005 4375 et
3035 4318 3202 4375 datur
3248 4318 3336 4373 his

93 4413 301 4484 tempsit,
334 4431 538 4470 verum
576 4415 747 4469 etiam
788 4432 854 4469 ac
880 4416 928 4468 si
957 4416 1201 4487 operarii
1230 4416 1422 4483 vineae,
1457 4416 1552 4488 qui
1584 4417 1655 4472 ad
1738 4409 1833 4480 qui
1863 4410 2100 4464 credunt
2125 4411 2183 4464 in
2206 4408 2450 4479 Christo,
2472 4416 2588 4465 tam
2611 4407 2815 4466 Judaeis
2837 4427 3006 4481 quam
3026 4414 3083 4465 et
3111 4426 3176 4463 ex
3201 4424 3337 4480 gen-

94 4511 139 4549 se
350 4509 494 4558 sunt
535 4520 724 4558 servos
752 4510 1131 4576 peremerunt,
1166 4504 1377 4560 Idcirco
1408 4505 1524 4560 hac
1553 4522 1652 4576 pa-
1735 4497 1905 4565 tibus,
1938 4505 2002 4554 ut
2030 4499 2271 4554 reddant
2305 4499 2513 4571 singuli
2543 4500 2786 4554 fructum
2827 4498 2959 4553 ﬁdei
2988 4497 3335 4570 temporibus

93 4584 250 4645 rabola
269 4592 598 4648 introducta
636 4609 749 4647 non
777 4593 943 4648 latior
970 4610 1092 4648 esse
1117 4590 1353 4660 videtur,
1388 4610 1556 4666 quam
1589 4611 1655 4648 ex
1735 4588 1871 4642 suis.
1904 4590 1984 4643 Ac
2010 4605 2113 4661 per
2136 4586 2242 4643 hoc
2274 4606 2388 4644 non
2418 4596 2504 4644 est
2532 4600 2759 4644 neCesse
2789 4603 3027 4659 regnum
3066 4583 3167 4641 Dei
3187 4584 3334 4641 solas

93 4687 144 4726 eo
179 4683 420 4752 tempore
469 4698 581 4753 quo
617 4681 794 4737 Judaei
831 4681 1090 4737 translati
1120 4688 1253 4737 sunt
1291 4698 1359 4737 ex
1391 4684 1650 4755 Egypto,
1739 4680 2055 4752 Scripturas
2079 4682 2300 4736 divinas
2320 4682 2654 4752 intelligere,
2688 4681 2831 4735 sicut
2850 4675 3106 4735 nonnulli
3120 4675 3330 4747 volunt,

90 4777 235 4835 usque
261 4770 330 4823 ad
362 4770 657 4825 Christum
698 4789 712 4824 :
740 4771 811 4825 de
839 4788 951 4842 qua
978 4772 1152 4826 David
1201 4772 1371 4838 canit,
1413 4773 1603 4829 dicens
1636 4792 1648 4828 :
1735 4777 1801 4826 ut
1827 4771 1897 4827 ab
1918 4772 1997 4826 eis
2025 4772 2192 4827 liceat
2220 4773 2289 4826 de
2316 4772 2440 4843 ipsa
2466 4771 2629 4827 vinea
2660 4771 2828 4826 latius
2856 4769 3257 4842 dogmatizare,
3280 4773 3338 4824 et

100 4851 289 4910 Vineam
320 4860 386 4913 de
428 4861 657 4928 ﬁgi/pta
723 4862 1086 4926 transtulisti,
1118 4864 1323 4929 ejecisti
1371 4868 1571 4930 gentes,
1605 4869 1654 4917 et
1737 4860 2377 4916 nonnullaintroducere
2394 4860 2481 4914 sui
2496 4858 3136 4914 erroris.Porrovineam
3165 4872 3337 4930 quam

87 4944 321 5005 plantain
348 4963 477 5001 eam
508 4950 670 5013 (Psal.
704 4962 888 5015 LXXIX,
928 4948 1004 5017 9).
1038 4949 1171 5013 Quae
1198 4949 1464 5004 nimirum
1494 4950 1656 5004 vinea
1735 4952 2022 5022 propheta
2050 4951 2421 5021 degenerasse
2448 4949 2743 5020 plangunt,
2776 4950 2909 5019 quia
2932 4966 3046 5004 non
3076 4965 3337 5021 perman—
3374 4975 3378 4983 -

92 5041 179 5082 non
203 5033 379 5088 solum
410 5039 470 5090 et
496 5035 557 5089 in
584 5034 827 5108 Egypto
843 5038 964 5107 jam
993 5044 1134 5102 erat,
1168 5054 1359 5092 verum
1383 5039 1555 5092 etiam
1584 5039 1654 5094 ab
1735 5044 1887 5093 serat
1930 5040 1989 5092 in
2019 5056 2152 5093 vera
2192 5038 2320 5104 vite,
2356 5038 2481 5092 ideo
2520 5037 2579 5092 in
2611 5037 2715 5091 hoc
2734 5037 2855 5091 loco
2884 5038 3137 5094 Christus
3157 5036 3333 5093 malos

90 5114 221 5174 initio
260 5124 456 5177 saeculi
498 5124 916 5195 propagabatur
960 5126 1020 5180 in
1063 5127 1268 5181 sanctis
1316 5127 1568 5198 patribus
1597 5135 1654 5183 et
1734 5129 1960 5182 colonos
2000 5134 2178 5195 vocat,
2225 5132 2283 5182 et
2323 5126 2688 5181 transformat
2713 5115 3040 5198 parabolam
3072 5143 3235 5185 suam
3262 5122 3336 5181 ad

92 5207 409 5271 patriarchis.
445 5213 553 5266 Sed
574 5213 704 5266 inde
732 5229 798 5266 ac
820 5213 867 5266 si
887 5213 946 5267 in
981 5220 1139 5270 sexta
1165 5217 1304 5269 hora
1330 5217 1441 5270 diei
1462 5222 1650 5271 trans-
1734 5215 1904 5287 ipsos,
1936 5221 2001 5271 ut
2026 5216 2133 5287 ipsi
2170 5232 2284 5270 non
2314 5215 2475 5269 vinea
2503 5216 2599 5269 sed
2628 5215 2883 5286 agricola:
2898 5217 3177 5281 dicantur,
3201 5231 3334 5288 qua-

91 5289 388 5368 lata,ejectis
407 5300 692 5370 gentibus,
711 5297 1170 5372 quiainfructosze
1193 5310 1372 5373 erant,
1401 5306 1656 5376 plantata
1736 5312 1901 5359 tenus
1926 5306 1995 5359 de
2022 5322 2082 5359 se
2112 5305 2404 5359 manifeste
2434 5304 2713 5376 principes
2735 5304 3089 5360 sacerdotum
3111 5309 3168 5360 et
3195 5306 3337 5362 scri-

93 5390 158 5433 est
179 5383 404 5441 dextera
426 5389 529 5443 Dei
556 5389 615 5442 in
646 5395 801 5444 terra
829 5390 961 5444 olim
990 5392 1245 5463 patribus
1269 5394 1608 5465 repromissa
1638 5414 1651 5464 ;
1739 5393 1822 5447 bas
1866 5394 2076 5448 dictum
2120 5393 2457 5464 intelligant,
2497 5410 2668 5466 seque
2695 5395 2921 5466 proprio
2950 5394 3331 5450 condemnant

92 5470 220 5541 cuius
245 5479 455 5530 umbra
494 5481 709 5547 operuit
748 5484 974 5548 montes,
995 5486 1041 5535 et
1069 5482 1299 5536 arbusta
1328 5487 1443 5552 ejus
1473 5486 1655 5538 cedros
1733 5482 1967 5553 judicio,
2006 5488 2064 5536 et
2081 5482 2294 5537 alienos
2314 5482 2384 5537 ab
2412 5484 2517 5538 hac
2534 5484 2697 5537 vinea
2716 5500 2778 5537 se
2803 5490 3237 5554 recognoscant;
3269 5489 3335 5540 ut

93 5556 181 5628 Dei,
200 5565 505 5620 αηιεηάίι
516 5570 774 5637 palmites
791 5585 916 5624 suos
940 5586 1111 5640 usque
1130 5572 1204 5625 ad
1224 5587 1397 5640 mare,
1428 5577 1476 5626 et
1487 5589 1656 5647 usque
1737 5571 1984 5628 seniores
2001 5573 2195 5645 populi
2207 5573 2304 5645 qui
2322 5573 2809 5646 interrogaverunt
2817 5573 3123 5630 Dominum
3135 5575 3206 5628 In
3222 5588 3332 5642 qua
