3872 6158
514 315 619 376 727
1278 309 1335 363 S.
1377 303 1754 361 PASCHASII
1793 300 2153 356 RADBERTI
2191 300 2494 357 ABBATIS
2532 300 3023 356 CORBEIENSIS.
3500 286 3507 287 ί
3600 306 3674 363 ἠε

508 445 772 514 potestate
791 440 902 496 hate
914 439 1127 507 facis,el
1148 434 1385 506 quislibi
1399 431 1547 485 dedit
1564 431 1705 483 hanc
1718 432 2036 496 potestatem.
2050 426 2170 486 etA
2189 426 2444 491 dicimus,
2478 427 2743 497 quoniam
2774 426 2958 480 omnis
2985 426 3279 496 speculatio
3304 428 3444 499 legis,
3478 436 3525 483 et
3556 431 3673 484 fom-

514 513 776 585 volebant
802 527 860 582 in
909 525 1080 581 verbo
1118 538 1315 594 capere
1344 517 1680 591 sapientiam
1709 516 1848 583 ejus,
1881 530 2105 585 supera-
2185 515 2321 569 tudo
2353 519 2549 567 contra
2578 514 2765 567 hostes
2793 513 2853 566 in
2884 529 2950 565 ea
2978 517 3103 578 est;
3152 513 3292 567 unde
3325 514 3449 569 bene
3494 516 3551 570 ad
3582 533 3673 571 eum

514 622 713 671 rentur
738 615 939 681 verbis,
972 620 1029 668 et
1081 612 1189 683 ipsi
1226 627 1288 664 se
1316 610 1434 662 suis
1474 606 1710 675 alligent
1740 603 1990 668 vinculis,
2033 620 2103 657 ne
2186 618 2446 657 oramus:
2482 603 2605 656 Esto
2644 603 2817 660 nobis,
2846 603 3096 656 Domine.
3128 604 3297 654 turris
3325 604 3630 669 fortitudinis,
3652 622 3675 657 α

513 706 666 760 ultra
712 705 764 758 ei
814 703 967 774 loqui
1016 702 1282 756 audeant.
1327 698 1483 752 Alias
1513 701 1723 760 autem,
1759 692 1891 763 quia
1916 708 2103 745 sacras
2184 692 2324 757 facie
2362 691 2586 742 inimici
2623 691 2790 753 (Psal.
2834 701 2922 750 Lx,
2956 688 3029 750 4),
3072 686 3325 756 quoniam
3354 688 3415 742 de
3439 689 3552 759 ipso,
3577 690 3678 743 etin

516 794 832 865 Scripturas
857 793 1051 846 dicunt
1080 789 1233 861 pravi
1254 781 1926 857 dogmatizatores,ipsam
1957 780 2103 834 viam
2183 776 2324 845 ipso,
2357 782 2443 829 est
2463 775 2645 829 omnis
2664 774 3058 845 contemplatio
3079 782 3282 840 nostra,
3306 791 3369 828 ne
3388 776 3678 847 eapiamurab

516 863 656 947 esse,
688 882 774 936 vel
792 897 1029 951 regnum
1045 879 1145 933 Dei
1177 877 1325 948 quod
1349 875 1602 929 aufertur
1631 889 1665 924 a
1692 870 1915 925 Judzeis.
1951 869 2101 933 Quo-
2184 863 2456 927 hostibus,
2503 871 2559 917 et
2599 863 2718 934 ipse
2768 863 2949 917 omnis
2998 863 3262 916 fortitudo
3291 868 3344 917 et
3374 864 3621 934 refugium,
3643 871 3682 919 et

514 972 681 1027 modo
708 971 978 1037 _aufertur
1001 969 1070 1023 ab
1096 969 1177 1022 eis
1224 965 1371 1037 quod
1391 963 1620 1026 habent,
1654 961 1761 1014 nisi
1789 976 1916 1012 cum
1945 958 2103 1012 Chri-
2184 954 2454 1023 protectio
2484 957 2697 1008 nostra.
2730 953 2909 1016 Quem
2929 951 3062 1022 quia
3089 952 3263 1006 Judaei
3284 953 3681 1023 rejecerunt,eapti

514 1066 653 1127 stus,
683 1060 778 1131 qui
806 1060 866 1113 in
886 1060 967 1114 eis
999 1058 1349 1129 praedicatur,
1383 1053 1654 1115 aufertur,
1679 1051 1791 1103 imo
1812 1066 1882 1102 ne
1906 1048 2101 1101 ereda-
2184 1046 2317 1095 sunt
2344 1040 2413 1094 ab
2443 1040 2716 1105 hostibus,
2739 1046 2795 1093 ct
2812 1039 3074 1093 subversa
3095 1045 3226 1093 sunt
3245 1055 3421 1094 eorum
3439 1040 3682 1097 toreularia.

512 1155 609 1204 tur
675 1130 993 1219 repellitur;
1032 1146 1216 1201 omnis
1267 1141 1640 1211 intelligentia
1686 1139 2103 1209 Scripturarum
2186 1148 2345 1202 sepes
2376 1148 2598 1202 quoque
2629 1130 2698 1184 ab
2729 1130 2810 1183 eis
2839 1130 3045 1184 ablata.
3095 1130 3273 1195 Quam
3309 1146 3430 1183 sane
3454 1147 3604 1200 sepem
3628 1132 3685 1183 vi-

513 1241 818 1293 evacuatur
842 1241 899 1289 et
924 1235 1143 1289 tollitur
1166 1232 1236 1286 ab
1266 1232 1363 1286 eis.
1405 1232 1473 1301 Et
1500 1245 1626 1282 cum
1655 1227 1830 1297 igitur
1852 1244 1951 1297 per
1976 1243 2106 1297 apo-
2186 1238 2304 1275 nea:
2352 1220 2693 1273 extrinsecus
2741 1218 3213 1289 circumpositam,
3260 1219 3399 1289 ipsas
3448 1219 3687 1289 Scripturas

513 1327 687 1382 stolos
705 1330 892 1391 888
918 1320 1328 1377 transferturin
1339 1317 1620 1388 gentibus,
1645 1316 1846 1387 quibus
1866 1314 2106 1369 Ecclesia
2181 1310 2344 1379 juxta
2371 1308 2618 1362 litteram
2645 1324 2765 1362 esse
2789 1307 3016 1377 quidam
3046 1308 3320 1371 dixerunt,
3344 1323 3403 1359 eo
3430 1307 3553 1376 quod
3578 1307 3689 1376 quasi

513 1414 815 1468 commissa
842 1411 1237 1478 est,radicatur
1263 1409 1320 1462 in
1354 1407 1614 1461 cordibus
1644 1404 2106 1474 eorum,etplan-
2188 1414 2383 1451 murus
2405 1403 2505 1451 aut
2529 1396 2676 1468 sepis
2705 1397 2969 1450 claudant
2996 1413 3028 1449 a
3057 1395 3191 1449 foris
3220 1412 3337 1466 quas
3362 1396 3498 1448 intus
3515 1402 3630 1459 sunt,
3644 1411 3690 1447 ne

510 1508 667 1556 tatur
717 1501 973 1555 Christus
1025 1498 1151 1552 vitis
1182 1514 1326 1561 vera,
1360 1502 1425 1550 ut
1452 1479 1645 1549 omnes
1692 1511 1758 1547 ex
1800 1510 1865 1546 eo
1895 1509 2101 1563 pr0pa-
2186 1487 2482 1540 videantur
2516 1486 2730 1539 fructus
2778 1485 2970 1551 vineae,
3014 1485 3110 1555 qui
3161 1491 3290 1538 sunt
3332 1484 3387 1537 in
3423 1483 3688 1537 abscondito.

510 1596 735 1661 gentur,
770 1595 827 1643 et
853 1592 1068 1643 crescat
1095 1587 1154 1640 in
1184 1592 1301 1640 toto
1316 1590 1595 1639 terrarum
1622 1583 1755 1637 orbe
1774 1582 1935 1635 vinea
1964 1597 2094 1645 una,
2180 1576 2355 1629 Porro
2386 1574 2651 1628 severitas
2682 1575 2844 1644 legis,
2892 1580 2949 1628 et
2981 1590 3151 1644 grave
3190 1575 3400 1644 jugum,
3427 1572 3628 1625 torcular
3646 1571 3693 1624 ab

511 1695 680 1751 quam
709 1677 870 1732 bonis
899 1683 957 1731 et
1010 1674 1335 1731 melioribus
1365 1673 1620 1727 Christus
1648 1671 1930 1725 commisit
1955 1670 2101 1740 agri-
2123 1664 2260 1751 “eis
2291 1664 2580 1734 accipitur.
2641 1664 2721 1717 De
2751 1680 2860 1734 quo
2897 1664 3039 1733 jugo
3082 1663 3170 1716 vel
3199 1674 3446 1733 pressura
3468 1661 3695 1731 Apostolus

510 1738 665 1832 colis,
701 1766 797 1837 qui
826 1765 1064 1820 reddant
1093 1764 1143 1818 ei
1165 1764 1406 1818 fructum
1438 1760 1799 1831 multiplicem
1833 1738 2101 1829 tempori-
2123 1738 2170 1798 Β
2191 1753 2343 1817 dicit,
2392 1753 2538 1823 quod
2598 1769 2699 1806 nec
2740 1769 2843 1806 nos
2872 1751 3158 1822 potuimus
3187 1757 3418 1822 portare,
3455 1766 3540 1802 nec
3562 1755 3695 1819 patres

510 1856 615 1913 bus
645 1855 780 1909 suis.
814 1853 1027 1918 Quibus
1056 1852 1137 1906 ita
1164 1852 1328 1906 dictis
1356 1856 1549 1904 contra
1578 1866 1673 1903 eos
1704 1849 1799 1919 qui
1823 1848 2017 1902 dicunt
2039 1864 2105 1900 ex
2186 1841 2381 1895 nostri.
2411 1841 2637 1895 Turrim
2662 1858 2811 1907 vero,
2836 1847 2899 1894 ut
2917 1840 3051 1907 dixi,
3073 1839 3464 1893 aediﬁcatamin
3480 1853 3695 1901 ea,aseeu-

507 1946 672 2000 vinea
722 1943 1004 1997 neminem
1061 1957 1222 2012 posse
1280 1940 1500 2011 perire;
1564 1944 1620 1992 et
1668 1938 1830 1992 aiunt
1872 1954 1983 1991 non
2013 1953 2105 1990 so-
2188 1946 2310 1983 sum
2339 1929 2756 2003 Scripturarum
2787 1929 3107 1993 habentem,
3134 1927 3479 1981 eminentiam
3497 1932 3545 1978 et
3565 1925 3696 1977 altitu-
3794 1934 3797 1943 ‘

508 2035 628 2088 lum
680 2032 739 2086 in
793 2031 897 2085 hac
949 2029 1215 2101 parabola
1265 2029 1479 2082 nullam
1532 2027 1746 2098 culpari
1780 2026 1968 2092 vitem,
2009 2042 2103 2079 ve-
2188 2019 2376 2073 dinem
2407 2018 2809 2088 intelligentiae,
2845 2034 3015 2088 super
3042 2017 3257 2070 vineam
3288 2016 3473 2087 ipsam,
3515 2020 3562 2067 et
3581 2029 3699 2083 super

508 2139 638 2178 rum
688 2121 859 2176 etiam
932 2120 1084 2174 salva
1138 2117 1464 2172 melioribus
1528 2115 1900 2169 committitur
1962 2115 2105 2168 colo—
2186 2125 2394 2179 sepem,
2424 2117 2481 2161 et
2510 2124 2681 2178 super
2706 2107 3029 2171 toreularia,
3061 2106 3211 2176 quod
3234 2110 3316 2159 est
3332 2103 3537 2158 verbum
3555 2102 3698 2171 deipso

509 2211 616 2267 nis.
2190 2197 2335 2265 Deo,
2365 2204 2424 2250 et
2451 2197 2519 2250 de
2548 2196 2965 2267 dispensatione
2994 2194 3229 2260 Christi,
3254 2193 3563 2263 ettemplum
3578 2188 3699 2243 divini

580 2298 831 2353 Tandem
864 2296 1162 2351 redeamus
1216 2296 1287 2349 ad
1317 2295 1573 2349 ordinem
1599 2292 1775 2363 ipsius
1805 2274 2101 2363 parabolm,
2189 2302 2404 2349 sensus,
2437 2286 2584 2356 quod
2614 2285 2961 2339 construitur
2984 2283 3043 2336 in
3070 2299 3166 2349 eo;
3205 2282 3334 2353 quia
3360 2282 3630 2352 quicunque
3659 2278 3698 2329 in

512 2386 779 2459 quoniam
808 2384 1079 2455 quidquid
1108 2383 1441 2438 aediﬁcatum
1489 2381 1695 2435 dicitur
1742 2382 1799 2435 in
1826 2398 1891 2433 ea
1925 2387 2108 2433 totum
2190 2375 2399 2429 Christi
2426 2376 2769 2445 protectione
2789 2373 3061 2437 subsistit,
3084 2387 3373 2443 nunquam
3398 2370 3539 2423 facile
3561 2366 3703 2421 vulne-

511 2474 806 2546 augustius
822 2473 991 2549 hodie
1013 2473 1261 2527 cernitur
1280 2471 1338 2525 in
1369 2471 1701 2525 Ecclesia.Et
1726 2487 1846 2538 sepe
1875 2473 2109 2523 circum-
2191 2470 2370 2531 ratur,
2402 2481 2691 2534 nunquam
2719 2463 2788 2517 ab
2813 2464 2973 2517 hoste
2992 2462 3221 2516 incaute
3245 2460 3516 2530 decipitur.
3535 2456 3622 2511 Sed
3638 2454 3706 2508 mi-

510 2567 660 2620 dedit
709 2579 852 2629 eam,
884 2562 1086 2632 inquit,
1133 2562 1187 2615 id
1217 2568 1302 2615 est
1333 2577 1494 2614 muro
1522 2548 1859 2625 Jerusalem;
1885 2560 1969 2612 vel
1999 2576 2113 2613 me-
2194 2554 2303 2606 seri
2332 2552 2648 2606 sacerdotes
2687 2558 2745 2606 et
2774 2551 2996 2617 Scribze,
3039 2550 3139 2621 qui
3179 2566 3281 2603 nec
3307 2566 3369 2602 ex
3410 2543 3705 2600 torcularibus

509 2654 620 2709 lius
640 2631 980 2723 angelorum
997 2651 1269 2704 custodia.
1294 2650 1536 2719 Angelos
1553 2649 1700 2702 enim
1723 2648 1831 2701 illis
1863 2648 2108 2718 praefuis-
2194 2640 2679 2711 prophetarum,in
2701 2639 3095 2710 quibusgratia
3110 2639 3292 2692 sancti
3306 2637 3527 2708 Spiritus
3550 2631 3705 2687 ﬂuebat

508 2759 569 2797 se
620 2742 692 2796 ad
718 2739 1027 2795 custodiam
1064 2755 1230 2792 nemo
1272 2737 1370 2807 qui
1398 2736 1634 2801 dubitet,
1667 2753 1795 2789 eum
1826 2737 1883 2788 in
1915 2736 2107 2789 multis
2194 2737 2442 2783 mustum
2469 2730 2780 2783 hauserunt
2794 2729 3057 2783 defecatae
3078 2727 3557 2795 vindemize,neque
3573 2735 3709 2776 ascen-

508 2831 644 2886 locis
672 2831 1088 2900 Scripturarum
1120 2827 1194 2880 sit
1228 2831 1532 2879 ostensum.
1576 2825 1753 2890 Unde,
1788 2830 1852 2877 ut
1878 2824 1996 2894 ipse
2020 2826 2109 2878 Jo-
2191 2818 2395 2872 derunt
2442 2818 2796 2871 altitudinem
2842 2816 2981 2886 legis
3023 2821 3082 2869 et
3110 2816 3531 2886 prophetarum;
3560 2828 3611 2864 ex
3634 2823 3713 2878 qua

510 2920 719 2991 sephus
768 2922 981 2973 narrat.
1037 2932 1162 2969 cum
1205 2917 1325 2983 jam
1354 2913 1696 2967 destruenda
1728 2918 1878 2966 esset
1904 2913 2111 2966 misera
2192 2908 2342 2961 velut
2370 2907 2747 2976 speculatores
2768 2905 3053 2960 Christum
3081 2911 3379 2958 venturum
3407 2899 3713 2973 prospicerent

511 3008 724 3071 civitas,
745 3013 802 3059 et
816 3005 1057 3076 populus
1086 3002 1364 3065 obsessus,
1383 3001 1608 3054 vocibus
1629 3001 1687 3054 in
1718 3017 1786 3055 ea
1815 3001 2104 3065 clamasse,
2131 3054 2174 3076 η
2193 3002 2249 3049 et
2276 2996 2701 3066 specularentur
2752 3011 2875 3065 quae
2905 2999 3144 3048 ventura
3185 2990 3657 3065 praenuntiabantur
3674 2985 3713 3037 in

514 3054 1051 3076 """“'1"r'r“‘“'
1094 3054 1203 3056 '
1288 3054 1300 3056 -
1354 3054 1364 3065 ν
2094 3054 2103 3065 1

510 3095 887 3149 Transeamus
916 3108 980 3144 ex
1008 3091 1097 3144 his
1128 3089 1370 3144 sedibus.
1404 3090 1471 3143 Et
1493 3091 1634 3156 fodit
1660 3092 1722 3143 in
1753 3106 1815 3142 ea
1840 3093 2105 3156 torcular,
2131 3054 2293 3149 CSeis.

512 3181 691 3236 altare
736 3179 951 3234 scilicet
998 3178 1057 3231 in
1116 3195 1226 3249 quo
1256 3177 1445 3231 omnia
1482 3193 1676 3230 eorum
1718 3176 2112 3246 eliquabantur
2254 3165 3717 3242 Gumautemappropinquassettempusfructamn,misit

512 3275 661 3325 vota.
710 3268 813 3323 Vel
841 3268 1011 3321 etiam
1045 3240 1152 3320 hoc
1198 3272 1428 3338 propter
1468 3265 1566 3318 illa
1608 3240 1913 3320 toreularia
1953 3266 2107 3332 dicit,
2193 3278 2369 3315 servos
2406 3279 2528 3315 suos
2549 3240 2930 3330 adagricolas,
2965 3266 3028 3314 ut
3063 3240 3375 3329 acciperent
3410 3261 3602 3327 fructus
3618 3257 3715 3321 ejus.

515 3375 639 3431 quae
676 3358 736 3412 in
783 3355 963 3410 titulis
991 3355 1163 3410 trium
1210 3354 1554 3424 psalmorum
1586 3360 1971 3425 prmnotantur
1997 3373 2010 3422 ;
2043 3372 2108 3409 eo
2192 3354 2461 3419 Agricola:
2489 3356 2675 3404 autem
2706 3351 3057 3419 apprehensis
3086 3352 3263 3402 servis
3294 3352 3424 3417 ejus,
3444 3348 3602 3400 alium
3624 3342 3720 3395 θεεί-
3812 3340 3813 3351 ‘

516 3447 660 3519 quod
689 3446 747 3499 in
789 3445 877 3498 his
903 3444 1174 3516 mysteria
1201 3442 1505 3497 Dominicae
1535 3443 1810 3513 passionis
1837 3449 1891 3497 et
1922 3444 2109 3498 Eccle-
2193 3441 2415 3505 derant,
2448 3443 2629 3493 alium
2655 3442 2990 3503 occiderunt,
3023 3440 3209 3491 aliam
3229 3452 3355 3490 vero
3383 3431 3717 3503 lapidaverunt.
3812 3486 3813 3489 η

515 3536 610 3590 siae
634 3539 985 3589 sacramenta
1012 3537 1532 3604 praemonstrantur.
1565 3532 1689 3585 Non
1711 3531 1862 3585 enim
1881 3531 1988 3585 fuit
2016 3549 2111 3602 po-
2191 3527 2436 3581 Dederat
2455 3529 2604 3581 enim
2625 3528 2705 3581 eis
2729 3534 3007 3598 praecepta
3028 3527 3236 3598 operis,
3259 3531 3317 3579 et
3344 3516 3723 3578 institueratcul-

514 3624 681 3696 pulus
709 3623 1029 3677 Judzeorum
1058 3621 1178 3675 sine
1206 3636 1467 3699 pressura
1498 3619 1894 3685 tentationum,
1928 3636 2109 3691 neque
2190 3621 2377 3670 turam
2400 3617 2660 3681 vineae,ut
2674 3617 2916 3671 fructum
2936 3621 3265 3688 perceptum
3281 3615 3339 3667 in
3357 3630 3415 3667 se
3434 3610 3717 3667 exhiberem.

515 3730 583 3768 ex
608 3718 727 3766 toto
757 3713 1056 3784 Synagoga
1083 3726 1277 3763 eorum
1322 3708 1442 3762 sine
1472 3707 1686 3761 fervore
1716 3708 1957 3778 Spiritus
1986 3726 2110 3762 san-
2193 3704 2304 3773 Ipsi
2334 3721 2463 3758 vero
2496 3704 2715 3758 nullum
2765 3704 3087 3758 exhibentes
3118 3704 3365 3758 fructum
3404 3702 3559 3755 vineae
3582 3710 3723 3752 servos

515 3803 609 3857 cti.
648 3802 782 3866 Quae
826 3799 1129 3855 toreularia
1156 3815 1283 3852 cum
1313 3797 1371 3850 in
1403 3796 1644 3850 Ecclesia
1672 3797 1786 3850 sint
1815 3798 2106 3864 translata,
2192 3795 2971 3865 Dominisuiperemerunt,et
2985 3795 3266 3851 ideobene
3281 3804 3479 3864 tempus
3492 3793 3723 3859 fructuum

514 3891 870 3962 repleverunt
884 3894 1069 3943 musto
1086 3888 1329 3959 Spiritus
1350 3886 1527 3941 sancti
1549 3886 1716 3939 corda
1736 3887 2104 3953 credentium;
2191 3884 2397 3954 posuit,
2429 3889 2487 3936 et
2510 3900 2622 3937 non
2652 3891 3001 3954 proventum.
3044 3884 3250 3939 Nullus
3271 3885 3417 3939 enim
3451 3883 3634 3935 fruetus
3652 3875 3725 3944 ju-

516 3961 677 4051 cujus
706 3979 921 4033 fervore
944 3994 1069 4032 cum
1100 3985 1288 4031 essent
1308 3976 1505 4047 potati,
1538 3974 1677 4028 ebrii
1706 3974 2034 4028 dicebantur
2054 3980 2110 4028 et
2191 3970 2358 4022 stitia:
2394 3970 2453 4024 in
2480 3972 2560 4025 eis
2597 3973 2829 4037 exstitit,
2860 3973 3048 4027 nullus
3075 3973 3134 4027 in
3163 3974 3406 4035 Christo,
3425 3971 3513 4043 qui
3541 3972 3613 4021 est
3635 3961 3724 4015 vitis

516 4068 667 4139 pleni
698 4073 900 4121 musto.
926 4067 1061 4121 Inde
1088 4066 1263 4135 igitur
1290 4070 1375 4118 est
1403 4064 1550 4135 quod
1580 4064 1863 4134 propheta:
1893 4069 1949 4117 et
1976 4079 2106 4117 san-
2190 4073 2339 4124 vera,
2367 4060 2645 4130 profectus
2663 4062 2809 4115 ﬁdei.
2846 4063 2927 4115 Dc
2950 4079 3060 4132 qua
3074 4063 3331 4132 profecto
3357 4062 3511 4115 vinea
3530 4058 3629 4128 ipse
3650 4051 3721 4104 ait.

517 4157 592 4209 eti
624 4172 817 4208 omnes
861 4160 1023 4208 santo
1049 4154 1325 4207 ferventes
1351 4153 1561 4223 Spiritu
1601 4152 1987 4206 afliciebantur
2014 4168 2106 4206 ar-
2193 4147 2512 4218 Exspectavi
2529 4156 2591 4204 ut
2612 4153 2820 4204 taceret
2838 4151 3141 4216 uvas,fecit
3158 4157 3351 4207 autem
3370 4146 3725 4221 spinasltaque

518 4244 653 4297 dore
680 4241 989 4306 charitatis,
1021 4242 1089 4295 de
1107 4257 1345 4312 quorum
1368 4239 1719 4310 passionibus
1746 4247 1803 4294 et
1830 4243 2107 4311 pressuris
2190 4252 2302 4289 non
2319 4238 2522 4292 laetitia?
2546 4239 2811 4305 vin0,non
2824 4239 3063 4309 spiritali
3086 4246 3276 4295 musto
3293 4231 3726 4298 torculariaSW

517 4332 662 4386 bene
690 4329 898 4383 dictum
928 4335 1033 4389 est,
1068 4329 1216 4399 quod
1234 4332 1362 4381 vino
1394 4331 1697 4381 toreularia
1718 4332 2106 4385 redundabant
2191 4340 2387 4380 eorum
2435 4328 2847 4389 redundarunt.
2901 4329 2997 4382 sed
3039 4336 3339 4384 cruentum
3391 4326 3725 4399 prophetarum

517 4423 703 4490 (Prov.
758 4431 842 4484 In,
898 4414 999 4485 10).
1056 4416 1320 4486 Alioquin
1367 4415 1544 4469 sancti
1590 4432 1801 4481 omnes,
1848 4417 1955 4471 nisi
2000 4409 2521 4486 istoDsanguinem
2564 4416 2848 4470 fuderunt.
2892 4417 2959 4471 Et
2988 4419 3301 4472 notandum
3350 4415 3492 4488 quod
3527 4404 3728 4484 patrisfa-

518 4507 662 4562 ebrii
684 4512 872 4562 essent
897 4511 1103 4571 musto,
1134 4521 1424 4575 nunquam
1452 4504 1590 4557 talia
1609 4510 1875 4575 tantaque
1905 4506 2113 4561 ferrent
2194 4506 2380 4558 milias
2411 4510 2497 4558 est
2524 4505 2715 4570 solius,
2730 4522 3062 4575 cognoscere
3075 4523 3205 4560 vere
3235 4512 3458 4577 tempus
3476 4503 3723 4556 fructuum,

517 4601 863 4666 sponte,quae
884 4595 1400 4665 pertulerunt,quos
1428 4593 1669 4664 Spiritus
1696 4600 1921 4648 sanctus
1954 4612 2112 4649 mun-
2193 4594 2416 4664 quando
2467 4594 2910 4664 uniuscujusque
2940 4594 3186 4648 hominis
3217 4593 3639 4666 appropinquare
3659 4583 3726 4635 de-

517 4683 705 4738 dabat.
726 4682 798 4736 Et
823 4683 964 4737 bene
993 4683 1202 4737 dictum
1233 4688 1335 4749 est,
1361 4684 1493 4753 quia
1511 4684 1647 4749 fodit
1666 4686 1727 4736 in
1757 4699 1818 4736 ea
1840 4688 2104 4749 torcular,
2192 4682 2340 4749 beat,
2377 4683 2461 4735 vel
2493 4682 2716 4752 quando
2748 4683 2930 4736 adhuc
2960 4683 3182 4752 longius
3214 4689 3304 4737 est
3334 4688 3564 4752 tempus.
3607 4667 3727 4737 QuOd

518 4789 584 4827 eo
614 4772 763 4843 quod
777 4773 1012 4826 interior
1028 4771 1255 4826 ubertas
1274 4771 1487 4826 fructus
1500 4771 1714 4842 gratiae,
1750 4771 1857 4824 nisi
1877 4771 2110 4827 haberet
2190 4772 2327 4825 satis
2355 4771 2709 4825 considerare
2740 4776 2960 4841 oportet
3003 4788 3107 4842 per
3135 4770 3389 4841 singulas
3430 4773 3618 4827 aetates,
3643 4772 3726 4813 non

515 4860 686 4914 latius
728 4863 788 4914 in
828 4861 1099 4914 charitate
1137 4861 1305 4914 corda
1349 4860 1586 4925 defossa,
1639 4877 1751 4913 non
1781 4866 1927 4913 esset
1959 4862 2107 4931 quod
2191 4860 2371 4913 solum
2421 4850 2760 4931 temporum,
2804 4876 2999 4913 verum
3049 4860 3219 4913 etiam
3252 4866 3310 4914 et
3335 4855 3580 4913 hominis.
3608 4846 3731 4904 Unde

517 4950 720 5005 ﬂueret
763 4955 925 5003 tanta
966 4949 1075 5002 vini
1125 4949 1505 5003 exuberantia.
1540 4949 1625 5002 Ad
1653 4949 1758 5002 hoc
1786 4949 1989 5020 quippe
2010 4951 2107 5004 de-
2191 4948 2544 5003 considerare
2594 4954 2815 5020 oportet
2852 4965 2917 5001 ex
2965 4966 3074 5019 quo
3104 4954 3337 5003 vocatus
3368 4954 3452 5001 est
3479 4936 3729 5009 unusquis-

515 5038 727 5092 fossum
766 5043 851 5092 est
897 5038 1161 5101 torcular,
1212 5043 1277 5091 ut
1322 5054 1385 5091 ex
1432 5054 1698 5108 pressura
1731 5036 2108 5093 tribulationis
2191 5052 2319 5106 que,
2360 5042 2417 5091 et
2461 5037 2873 5091 discutiendum
2916 5043 3002 5091 est
3038 5041 3263 5106 tempus
3309 5036 3440 5090 fidei
3466 5026 3732 5088 nostris.“t

517 5127 759 5181 ebrietas
786 5126 998 5181 amoris
1017 5132 1074 5178 et
1098 5130 1343 5179 mustum
1356 5133 1576 5180 aeternae
1598 5125 1908 5180 dulcedinis
1927 5128 2109 5198 copio-
2188 5126 2366 5195 possit
2386 5126 2573 5180 videre
2602 5126 2835 5197 quilibet
2855 5130 3413 5195 nostrum,quantum
3446 5122 3523 5176 vel
3553 5115 3730 5189 qualem

516 5216 632 5269 sius
659 5230 724 5268 ac
752 5215 923 5269 latius
948 5216 1111 5270 ﬂuat.
1154 5215 1220 5268 Et
1248 5217 1532 5283 a’diﬁcavit
1564 5219 1793 5269 turrim.
1820 5216 1981 5269 Haud
2010 5217 2107 5271 du-
2188 5214 2331 5268 ferat
2353 5214 2598 5269 fructum
2628 5215 2936 5269 secundum
2980 5221 3203 5285 tempus
3250 5213 3433 5267 aetatis
3461 5226 3581 5272 suae,
3606 5210 3655 5258 et
3670 5201 3732 5253 in-

515 5301 670 5355 bium
699 5302 833 5370 quin
862 5302 1155 5372 templum,
1184 5302 1253 5355 de
1284 5318 1394 5372 quo
1425 5302 1631 5357 dicitur
1661 5320 1761 5374 per
1790 5303 2100 5360 Michaeam.
2187 5310 2474 5358 crementa
2502 5304 2670 5369 ﬁdei;
2701 5320 2771 5357 ne
2816 5304 2958 5357 forte
3004 5320 3131 5357 eum
3172 5301 3380 5356 debeat
3421 5297 3607 5368 aliquis
3638 5303 3732 5345 esse

515 5390 584 5443 Et
614 5394 673 5441 tu
705 5393 881 5443 turris
912 5393 1091 5459 gregis
1129 5392 1384 5444 nebulosa
1414 5394 1533 5458 ﬁlia
1563 5392 1697 5447 Sion
1725 5395 1800 5447 ad
1846 5400 1893 5447 te
1922 5398 2107 5448 veniat
2188 5393 2480 5463 magister,
2536 5392 2844 5446 secundum
2890 5390 3231 5445 maturitatis
3288 5380 3522 5461 tempus,
3562 5384 3730 5437 iterum

508 5481 741 5547 potestas
756 5480 949 5546 prima
972 5479 1160 5552 (Mieh.
1178 5495 1250 5545 1v,
1280 5478 1353 5548 8).
1384 5478 1493 5533 Sed
1522 5479 1663 5533 forte
1685 5480 1884 5534 melius
1916 5487 2105 5547 389
2187 5499 2330 5553 opus
2352 5481 2556 5536 habeat
2599 5480 2803 5546 doceri,
2849 5481 3037 5551 qualia
3065 5481 3176 5534 sint
3196 5480 3479 5533 elementa
3511 5464 3728 5545 principii

514 5564 777 5626 verticem
822 5566 980 5638 legis,
1029 5572 1087 5622 et
1122 5567 1555 5645 intelligentiam
1605 5568 1675 5623 de
1721 5568 1943 5623 Christo
1973 5585 2097 5623 esse
2185 5570 2532 5641 eloquiorum
2563 5570 2665 5624 Dei
2698 5588 2711 5636 ;
2746 5575 2803 5623 et
2830 5585 2958 5624 cum
2987 5567 3300 5641 oportuerit
3328 5568 3448 5637 jam
3476 5558 3620 5636 quasi
3643 5568 3727 5608 “"3
