3872 6158
206 327 304 385 7‘29

934 333 1316 389 EXPOSITIO
1353 333 1431 389 IN
1467 330 1913 388 MA’I'I‘HIEUM.
1959 362 2024 375 —
2063 333 2199 388 LIB.
2242 334 2338 401 IX,
2380 334 2537 389 CAP.
2577 335 2724 389 XXI.

3362 335 3471 395 730

203 470 497 527 praecoqua
525 462 902 514 maturescere
932 465 1292 529 mustumque
1322 458 1590 530 proferre,
1624 464 1681 512 et
1701 459 1797 528 ju-
1814 458 2010 526 Agna,
2026 462 2083 511 et
2111 462 2311 511 caitera
2335 475 2457 529 qua:
2477 459 2536 514 in
2561 476 2626 513 eo
2647 460 3092 531 leguntur.Ergo
3118 462 3265 533 quod
3281 462 3470 533 plures

205 545 549 600 cunditatem
598 549 776 603 sancti
824 549 1063 620 Spiritus
1093 548 1372 607 exhibere.
1403 552 1522 601 tum
1553 548 1798 618 primum

201 637 488 703 turgescat
515 637 572 690 in
601 639 1047 707 gemmamlnde
1067 639 1240 707 igitur
1269 643 1355 691 est
1369 637 1516 707 quod
1545 653 1669 690 cum
1698 637 1797 690 de-

200 721 397 777 berent
426 725 675 795 quidam,
716 732 990 797 quantum
1022 728 1092 781 ad
1123 732 1343 797 tempus
1363 725 1795 795 dispensationis

201 810 315 877 Dei,
362 818 420 866 et
456 815 762 868 secundum
806 816 1151 869 vocationem
1196 832 1377 879 suam,
1427 815 1545 885 jam
1582 815 1795 867 fructus

201 899 399 953 aﬁ'erre
428 901 720 966 ubertatis,
746 910 812 958 ut
834 904 1063 957 omnino
1098 921 1208 957 non
1233 902 1509 970 habeant;
1542 908 1641 956 aut
1666 918 1793 956 cum

200 986 468 1043 deberent
498 990 705 1045 habere
754 992 1044 1063 perfectos,
1090 993 1337 1046 habeant
1377 997 1535 1045 extra
1572 998 1794 1062 tempus

198 1077 483 1144 ﬂorentes,
503 1084 560 1133 et
585 1097 697 1134 non
726 1081 785 1134 in
814 1088 1065 1152 tempore
1084 1098 1185 1135 suo
1205 1098 1448 1135 acervos.
1475 1081 1582 1135 Sed
1610 1087 1796 1151 pater-

198 1166 439 1219 familias
470 1169 623 1222 novit
652 1186 752 1240 pro
774 1175 925 1224 certo
946 1171 1168 1241 quando
1189 1170 1389 1223 debeat
1418 1187 1539 1223 esse
1568 1175 1792 1240 tempus

196 1252 513 1322 vindemiis,
533 1262 591 1309 et
610 1259 832 1328 quando
862 1259 1167 1328 exigendus
1198 1264 1282 1311 est
1303 1258 1518 1312 fructus
1547 1258 1795 1327 singulo-

198 1357 340 1395 rum.
369 1342 438 1396 Et
459 1343 581 1398 ideo
610 1346 692 1399 ait
715 1346 783 1399 de
814 1346 923 1399 illis
951 1363 961 1397 :
988 1346 1125 1399 Cmn
1154 1348 1643 1414 appropinquasset
1663 1351 1790 1399 tem-

190 1445 293 1497 pus
324 1433 661 1497 fructuum;
708 1434 839 1504 quia
886 1435 1051 1503 longe
1096 1434 1193 1488 diu
1233 1439 1373 1498 erat,
1426 1433 1648 1503 quando
1690 1450 1790 1504 per

196 1520 430 1590 Moysen
460 1522 640 1592 legem
667 1528 1015 1594 acceperant,
1041 1523 1344 1593 multisque
1373 1522 1474 1576 Dei
1505 1521 1791 1575 beneﬁciis

196 1608 423 1673 eruditi,
439 1610 559 1679 jam
589 1614 809 1682 tempus
830 1618 952 1666 erat
971 1617 1034 1666 ut
1062 1611 1300 1665 fructum
1318 1608 1448 1663 ﬁdei
1476 1610 1544 1663 de
1567 1610 1791 1664 Christo

197 1696 349 1750 etde
392 1698 507 1751 Deo
548 1700 714 1753 Patre
753 1702 954 1754 saltem
1000 1701 1057 1754 in
1086 1706 1341 1770 tempore
1388 1700 1789 1770 prophetarum

1884 562 2075 600 rursus
2108 547 2177 600 ad
2208 563 2302 601 eos
2324 548 2647 614 mittuntur,
2673 550 2847 603 nimia
2873 549 3093 604 bonitas
3123 555 3225 615 est,
3247 558 3304 605 et
3331 552 3470 606 infa-

1880 633 2124 703 tigabilis
2144 635 2442 709 patientia.
2463 637 2567 700 Qui
2592 654 2717 691 cum
2740 644 2867 708 post
2884 644 3043 692 tanta
3061 638 3471 700 beneﬁcua,sine

1878 724 2162 776 exactione
2193 724 2382 791 Dei,et
2412 726 2812 794 pr0phetarum
2843 727 3247 797 admonitione,
3262 728 3470 782 debue-

1876 816 2006 863 rant
2043 811 2278 864 Domino
2317 813 2551 881 justitize
2582 831 2714 879 suae,
2751 820 2807 867 et
2836 816 2963 868 ﬁdei
2996 816 3064 868 de
3093 817 3337 881 Christo,
3366 816 3470 869 tri-

1876 898 2014 952 buta
2047 916 2111 953 ac
2136 899 2411 953 bonorum
2445 918 2677 971 Operum
2703 904 3016 973 persolvere
3045 902 3250 969 debita,
3283 903 3469 957 reddi-

1876 987 2081 1041 derunt
2108 989 2257 1041 mala
2299 1005 2400 1059 pro
2430 988 2609 1043 bonis.
2638 992 2753 1045 Nec
2791 997 2981 1045 tamen
3009 992 3087 1045 sic
3116 991 3470 1045 credentibus

1872 1076 2004 1139 illis,
2034 1093 2160 1129 cum
2194 1076 2477 1131 debuisset
2498 1080 2674 1148 magis
2694 1096 2794 1149 pro
2808 1079 3163 1134 contumeliis
3182 1095 3468 1133 servorum

1874 1181 1998 1235 quae
2027 1164 2354 1231 intulerant,
2395 1166 2577 1232 irasci,
2613 1168 2787 1221 mittit
2805 1169 2987 1221 adhuc
3024 1169 3249 1239 plures;
3282 1168 3468 1221 mino-

1873 1270 1963 1307 res
2006 1254 2218 1307 scilicet
2261 1256 2581 1326 prophetas,
2616 1255 2781 1310 simul
2811 1274 2936 1310 cum
2966 1257 3295 1327 majoribus,
3327 1271 3469 1326 quos

1871 1359 2013 1412 pene
2041 1359 2152 1395 uno
2173 1343 2229 1396 in
2260 1350 2513 1413 tempore
2544 1345 2868 1414 aggregavit
2894 1345 3106 1415 pariter
3133 1361 3259 1398 cum
3283 1359 3470 1398 sacer-

1871 1430 2094 1485 dotibus
2122 1437 2179 1485 et
2206 1432 2406 1485 levitis.
2440 1432 2650 1496 Quibus
2680 1433 3004 1495 interfectis,
3021 1433 3101 1486 ita
3121 1438 3185 1486 ut
3208 1432 3470 1486 Hierusa-

1871 1520 1982 1573 lem
2031 1525 2173 1574 teste
2217 1522 2510 1591 propheta,
2551 1522 2863 1592 repleretur
2907 1520 3196 1591 sanguine,
3244 1525 3472 1590 propter

1872 1606 2179 1663 bonitatem
2198 1615 2254 1663 et
2274 1610 2507 1665 nimiam
2530 1611 2858 1681 patientiam
2880 1627 3061 1673 suam,
3085 1614 3142 1662 et
3168 1608 3254 1662 vel
3276 1608 3354 1661 sic
3374 1624 3470 1661 eos

1871 1697 2118 1752 vinceret
2142 1715 2243 1769 per
2270 1700 2644 1764 clementiam,
2681 1700 2836 1753 misit
2862 1699 2941 1752 eis
2971 1698 3148 1752 ﬁlium
3174 1713 3365 1752 suum.
3404 1696 3473 1749 Et

193 1784 514 1851 redderent,
560 1804 729 1857 quam
769 1795 825 1842 et
859 1789 966 1859 ipsi
1000 1788 1376 1842 abundantius
1407 1793 1576 1857 atque
1604 1785 2019 1858 perfe-Bhunc
2075 1804 2186 1840 non
2234 1788 2393 1857 quasi
2440 1788 2510 1841 ad
2566 1786 2854 1849 obnoxios,
2899 1792 3089 1852 892
3132 1784 3473 1839 sententiam

193 1873 333 1927 ctius
348 1875 779 1929 annuntiabant.
791 1878 897 1931 Sed
916 1877 995 1931 illi
1009 1876 1355 1930 inﬁdelitatis
1366 1877 1503 1946 jugo
1519 1876 1787 1947 depressi,

194 1962 366 2015 alium
395 1963 734 2029 ceciderunt,
768 1966 913 2019 sicut
939 1966 1246 2030 Michteam,
1273 1965 1495 2035 quando
1520 1965 1794 2035 percussit

194 2066 316 2104 eum
349 2051 610 2105 Sedecias
649 2053 797 2107 ﬁlius
826 2054 1094 2108 Chanaan
1132 2054 1191 2107 in
1238 2053 1521 2107 maxillam
1550 2053 1789 2122 pseudo-

192 2140 501 2210 prophetae,
533 2146 591 2193 et
608 2142 779 2210 jussit
818 2158 889 2195 ne
922 2143 1317 2213 prophetaret;
1357 2141 1531 2194 alium
1574 2140 1790 2194 occide-

193 2234 342 2291 runt,
393 2229 540 2282 sicut
580 2230 923 2294 Zachariam,
965 2231 1115 2284 inter
1160 2231 1433 2301 templum
1476 2236 1532 2284 et
1572 2231 1787 2297 altare;

192 2316 363 2370 alium
391 2317 805 2387 lapidaverunt,
834 2319 980 2373 sicut
1005 2319 1325 2384 Nabuthan,
1355 2320 1514 2388 cujus
1539 2318 1645 2372 etsi
1671 2319 1793 2372 nul-

192 2405 303 2458 lum
346 2407 669 2476 accepimus
706 2408 1097 2478 propheticum
1152 2406 1404 2472 verbum,
1472 2407 1791 2476 accepimus

192 2500 382 2548 tamen
404 2494 464 2548 in
482 2512 610 2549 eum
634 2497 1022 2567 propheticum
1046 2496 1287 2563 factum;
1309 2495 1441 2566 quia
1461 2497 1667 2548 multos
1688 2511 1788 2565 pro

193 2582 289 2636 hac
320 2583 490 2636 vinea
536 2587 755 2638 futuros
793 2591 1071 2655 martyres
1103 2584 1326 2655 proprio
1356 2584 1630 2653 sanguine
1660 2599 1790 2653 pro-

194 2672 584 2741 phetavit.Sed
604 2678 660 2726 et
679 2674 980 2727 Jeremiam
998 2673 1186 2727 multis
1206 2673 1790 2726 excruciaverunttor-

196 2762 424 2827 mentis,
483 2778 650 2831 quem
703 2762 929 2815 demum
970 2762 1028 2815 in
1065 2763 1188 2815 lacu
1236 2761 1529 2815 miserunt.
1588 2762 1791 2816 Isaiam

197 2866 419 2920 quoque
444 2850 663 2904 facilius
688 2867 788 2921 per
818 2851 1066 2904 medium
1100 2855 1380 2916 secarunt,
1405 2867 1441 2903 a
1467 2850 1673 2904 vertice
1699 2866 1793 2904 ca-

193 2938 321 3008 pitis
349 2955 533 3009 usque
562 2940 632 2992 ad
661 2939 791 3005 ima,
828 2956 995 3010 quam
1025 2940 1149 3009 ejus
1176 2939 1365 3005 ﬁdem,
1400 2940 1633 3009 ejusque
1662 2955 1795 2993 con-

193 3026 463 3080 stantiam
484 3027 920 3098 disrumperent.
940 3028 1017 3080 Eo
1036 3032 1163 3091 δέ)
1178 3034 1211 3091 |
1244 3026 1419 3096 igitur
1447 3028 1655 3080 factum
1685 3032 1789 3093 est,
1810 3052 1855 3114 ο

198 3115 324 3184 quia
361 3120 588 3186 tempus
611 3115 895 3184 fructuum
922 3114 1188 3181 instabat,
1221 3121 1285 3168 ut
1313 3116 1627 3185 complures
1656 3115 1794 3169 alios

196 3219 383 3257 servos
428 3204 502 3257 ad
542 3204 890 3275 accipiendos
927 3204 1142 3258 fructus
1203 3204 1556 3270 destinasset,
1588 3210 1653 3258 ut
1694 3220 1790 3258 ac-

196 3292 449 3363 ciperent
474 3294 689 3347 fructus
720 3293 1160 3364 uniuscujusque
1197 3294 1344 3347 vitis.
1396 3294 1573 3347 Nemo
1619 3293 1793 3363 igitur

198 3387 292 3448 est,
336 3382 437 3452 qui
487 3381 754 3453 ambigat,
815 3399 1005 3436 servos
1046 3383 1347 3453 prophetas
1394 3382 1523 3448 dici,
1572 3382 1668 3452 qui
1720 3383 1793 3435 ad

196 3485 284 3524 eos
343 3487 517 3541 quam
570 3487 714 3541 saepe
766 3471 922 3524 missi
966 3476 1115 3524 sunt.
1168 3471 1276 3524 Sed
1323 3470 1465 3524 forte
1511 3470 1646 3523 dicit
1686 3470 1793 3523 ali-

194 3560 335 3627 quis,
382 3559 532 3629 quod
579 3560 864 3631 prophetae
907 3576 1019 3613 non
1068 3560 1137 3613 ad
1178 3558 1530 3629 accipiendos
1576 3559 1791 3613 fructus

194 3647 343 3701 missi
374 3652 530 3711 sunt,
564 3647 816 3717 quinimo
847 3654 911 3701 ut
934 3652 1305 3718 operarentur
1330 3647 1455 3717 ipsi,
1494 3650 1550 3700 et
1578 3644 1792 3700 excole-

194 3742 316 3789 rent
371 3736 617 3800 vineam,
677 3736 917 3807 operarii
970 3736 1153 3806 potius
1204 3741 1337 3789 sunt
1388 3734 1633 3791 dicendi.
1700 3734 1791 3788 Vi-

195 3823 426 3879 deamus
467 3840 603 3894 ergo
642 3824 687 3878 si
739 3841 1037 3895 possumus
1080 3824 1283 3888 dicere,
1332 3822 1464 3893 quia
1514 3823 1792 3893 spiritales

194 3912 406 3967 fructus
435 3919 496 3967 et
515 3913 730 3967 divinas
750 3913 1059 3967 oblationes
1081 3913 1194 3966 Deo
1226 3911 1379 3965 Patri
1410 3927 1474 3964 ac
1503 3911 1662 3975 Filio,
1672 3912 1791 3981 jam

194 4008 417 4073 tempus
440 4008 582 4067 erat,
606 4002 662 4055 in
685 4003 807 4072 lege
826 4002 1006 4055 edocti
1033 4001 1228 4067 Judaei,
1246 4006 1308 4053 ut
1330 4000 1709 4070 persolverent
1732 4000 1790 4053 in

196 4091 319 4157 ﬁde,
352 4090 600 4143 maxime
628 4090 808 4143 levita
835 4094 892 4143 et
928 4089 1263 4155 sacerdotes,
1296 4093 1466 4158 atque
1510 4088 1790 4159 principes

194 4180 405 4249 pepuli,
467 4178 564 4249 qui
610 4178 899 4231 coluerant
952 4177 1191 4250 vineam,
1248 4185 1304 4230 et
1357 4177 1792 4231 dominabantur

197 4284 407 4322 eorum.
462 4267 550 4321 Ad
606 4283 745 4337 quos
800 4266 1114 4320 transmissi
1160 4271 1293 4320 sunt
1354 4266 1659 4336 prophetae,
1729 4272 1792 4319 ut

195 4356 513 4425 acciperent
528 4354 829 4425 perfectam
850 4354 1278 4424 intelligentiam
1295 4370 1509 4416 eorum,
1533 4352 1603 4406 de
1625 4354 1791 4406 Patre

196 4449 249 4497 et
272 4444 438 4505 Filio,
467 4444 640 4497 etiam
671 4448 728 4497 et
755 4444 823 4496 de
837 4443 1049 4514 Spiritu
1072 4448 1265 4497 sancto
1288 4461 1301 4510 ;
1337 4458 1554 4496 necnon
1585 4447 1643 4495 et
1669 4458 1791 4495 om-

196 4532 285 4585 nia
310 4539 479 4586 recta:
510 4532 640 4585 ﬁdei
670 4548 857 4602 opera,
895 4548 1016 4601 qua:
1054 4533 1111 4584 in
1154 4531 1295 4600 lege,
1323 4536 1441 4583 tam
1473 4529 1790 4599 signiﬁcan-

196 4620 274 4674 dae
314 4638 486 4699 quam
529 4621 760 4690 agendae
799 4621 947 4685 vitae,
981 4620 1187 4673 tradita
1229 4624 1378 4681 sunt,
1422 4624 1477 4671 et
1526 4618 1790 4671 offerrent

196 4725 276 4775 ea,
337 4711 501 4780 quasi
556 4710 890 4773 sacerdotes,
943 4709 1078 4763 Deo.
1127 4708 1196 4761 Et
1237 4708 1367 4778 quia
1408 4708 1528 4776 jam
1567 4712 1789 4776 tempus

196 4798 486 4852 vindemia:
515 4803 903 4869 permaturum
935 4802 1075 4861 erat,
1113 4801 1175 4849 ut
1202 4794 1273 4848 ab
1310 4794 1447 4864 ipsis
1473 4793 1791 4864 acciperent

196 4886 508 4941 ubertatem
562 4885 903 4956 spiritalium
958 4900 1147 4937 rerum
1198 4883 1430 4947 fructus,
1463 4887 1519 4935 et
1564 4882 1788 4952 plenam

195 4975 453 5029 notitiam
483 4973 754 5039 Deitatis;
788 4972 943 5025 missi
972 4976 1104 5024 sunt
1130 4970 1211 5024 ita
1239 4976 1304 5023 ut
1331 4976 1389 5023 et
1412 4970 1517 5040 ipsi
1548 4968 1790 5040 cperarii

194 5068 386 5116 essent
410 5063 584 5116 vineae
613 5060 1024 5133 perfectissimi,
1047 5064 1104 5112 et
1123 5060 1367 5112 fructum
1383 5059 1595 5113 ferrent
1621 5058 1789 5112 uber-

192 5150 421 5216 rimum,
453 5168 517 5204 ac
544 5150 591 5203 si
620 5148 881 5220 palmites
908 5163 1050 5201 vera:
1074 5147 1218 5200 vitis.
1245 5147 1457 5200 Deinde
1484 5146 1792 5217 peremptis

192 5236 989 5308 paucioribus,paterfamilias
1019 5236 1173 5289 misit
1204 5235 1391 5306 plures
1422 5234 1697 5306 prioribus
1717 5234 1789 5287 ad

197 5328 424 5381 eosdem
467 5327 641 5381 vineae
680 5326 922 5389 colonos,
974 5330 1031 5377 et
1079 5324 1331 5378 fecerunt
1381 5324 1461 5377 eis
1508 5323 1784 5377 similiter.

194 5415 375 5469 Plena
405 5422 491 5470 est
519 5415 935 5485 Scripturarum
973 5412 1145 5466 series
1180 5412 1400 5465 Veteris
1421 5412 1782 5477 Testamenti,

195 5503 351 5573 quod
367 5503 686 5558 innumeros
700 5502 1023 5556 occiderunt
1037 5501 1358 5571 prophetas.
1379 5500 1487 5553 Sed
1515 5505 1570 5553 et
1581 5499 1788 5553 Paulus

197 5608 397 5647 eorum
414 5593 678 5649 describit
691 5608 919 5662 agones,
936 5592 1084 5664 quod
1099 5608 1200 5663 per
1226 5591 1395 5646 ﬁdem
1423 5590 1674 5645 vicerunt
1698 5606 1787 5643 re-

1875 1891 2050 1945 pmnae
2094 1875 2458 1945 bajulantem,
2499 1876 2597 1929 sed
2645 1875 3087 1928 misericordiam
3134 1873 3309 1927 veniae
3346 1876 3475 1942 post

1873 1968 1959 2016 tot
1994 1964 2223 2030 scelera,
2265 1970 2391 2034 post
2419 1964 2609 2017 omnia
2647 1964 2853 2017 damna
2879 1962 3112 2025 fructus,
3146 1966 3273 2031 post
3317 1960 3470 2013 inso-

1871 2051 2106 2123 lentiam
2161 2053 2473 2123 pravitatis,
2530 2053 2714 2106 adhuc
2768 2052 2849 2105 eis
2900 2051 3080 2105 locum
3128 2047 3469 2120 paenitentia;

1872 2156 2117 2194 servans.
2154 2141 2222 2195 Et
2261 2140 2397 2194 dicit
2425 2141 2506 2194 ita
2538 2156 2551 2194 :
2601 2142 2857 2193 Forsitan
2887 2140 3225 2193 verebuntur
3258 2138 3466 2190 Filium

1872 2245 2074 2287 meum.
2121 2230 2255 2283 Vult
2284 2246 2416 2299 ergo
2457 2246 2550 2283 eos
2581 2229 2761 2299 magis
2803 2227 3086 2294 confundi,
3119 2243 3184 2280 ac
3205 2226 3466 2292 revereri,

1874 2333 2043 2387 quam
2072 2319 2292 2389 punire.
2317 2318 2579 2388 Alioquin
2610 2335 2711 2389 pro
2740 2317 2914 2371 tantis
2941 2316 3166 2387 injuriis
3185 2315 3323 2369 ultio
3352 2315 3472 2368 cul-

1873 2423 2073 2475 parum
2108 2406 2399 2460 inferenda
2421 2408 2540 2477 jam
2581 2412 2719 2460 erat.
2768 2407 2874 2460 Sed
2920 2404 3322 2475 benignissimo
3354 2404 3472 2457 Deo

1872 2494 2078 2547 sufﬁcit
2120 2495 2238 2548 sola
2290 2495 2533 2549 vindicta
2574 2496 2801 2566 pudoris
2858 2495 2929 2548 ad
2985 2494 3222 2557 veniam,
3256 2498 3314 2546 et
3354 2492 3474 2545 sola
3508 2495 3517 2505 “

1873 2583 2118 2653 perfecta
2145 2584 2430 2637 conversio
2451 2585 2521 2638 ad
2541 2584 2968 2653 indulgentiam.
2992 2583 3135 2637 Nam
3172 2581 3353 2635 omnis
3383 2580 3471 2633 in-

1868 2672 2023 2741 juria
2044 2672 2217 2724 servis
2244 2672 2401 2725 illata
2432 2673 2503 2726 ad
2537 2673 2761 2726 Domini
2802 2672 3030 2743 respicit
3049 2669 3468 2724 contumeliam.

1873 2760 2088 2814 Tamen
2131 2760 2307 2815 mittit
2346 2761 2549 2815 Filium
2579 2778 2765 2820 suum.
2815 2777 2929 2815 non
2962 2759 3315 2830 adoptivum;
3358 2769 3473 2812 n'on

1877 2849 2103 2903 aliunde
2153 2866 2322 2920 quam
2377 2866 2443 2903 ex
2487 2867 2547 2904 se
2585 2850 2857 2920 genitum,
2889 2849 2986 2902 sed
3032 2847 3340 2918 proprium,
3375 2846 3473 2917 qui

1878 2937 2127 3007 possidet
2160 2955 2285 3007 quae
2309 2938 2491 2992 Patris
2510 2943 2686 2991 sunta
2711 2943 2934 3002 natura,
2957 2936 3146 2989 dicens
3178 2952 3190 2986 :
3222 2936 3473 2988 Forsitan

1876 3028 2213 3080 verebuntur
2223 3028 2431 3081 Filium
2456 3044 2640 3080 meum
2680 3027 2797 3079 Hoc
2808 3026 3013 3096 quippe
3026 3023 3335 3077 dubitantis
3350 3038 3475 3093 pro-

1875 3113 2149 3177 verbium,
2185 3130 2296 3167 non
2344 3114 2412 3167 de
2458 3114 2782 3183 ignorantia
2822 3114 2990 3178 venit,
3044 3129 3226 3183 neque
3255 3126 3323 3165 ex
3359 3111 3475 3164 ulla

1875 3203 2163 3258 dubietate
2186 3203 2548 3274 praescientiae
2568 3202 2687 3256 Dei.
2709 3202 2852 3266 Quid
2877 3202 3028 3256 enim
3054 3200 3267 3255 nesciat
3282 3204 3472 3271 pater-

1873 3292 2133 3357 familias,
2186 3292 2497 3363 przesertim
2540 3308 2667 3344 cum
2695 3292 2800 3345 hoc
2846 3290 2967 3343 loco
2998 3291 3146 3344 Deus
3180 3290 3349 3343 Pater
3384 3288 3475 3341 in-

1874 3382 2203 3451 telligatur?
2252 3381 2360 3434 Sed
2413 3380 2539 3433 ideo
2581 3379 2866 3450 ambigere
2915 3378 3136 3445 dicitur,
3192 3383 3257 3431 ut
3301 3373 3478 3431 libera

1876 3470 1957 3523 eis
1996 3470 2253 3522 voluntas
2297 3475 2633 3534 reservetur,
2667 3473 2723 3521 et
2769 3467 2955 3537 gratia
2996 3467 3281 3520 offeratur.
3315 3465 3473 3520 Unde

1875 3557 2148 3627 arguendi
2175 3565 2307 3610 sunt
2332 3556 2594 3618 haeretici,
2615 3555 2709 3626 qui
2739 3555 2934 3608 dicunt
2960 3555 3165 3609 Filium
3190 3554 3470 3623 ignorare,

1876 3662 1941 3699 eo
1972 3646 2121 3716 quod
2156 3646 2237 3698 ait
2265 3645 2415 3698 diem
2445 3644 2804 3697 novissimam
2854 3642 3135 3696 neminem
3175 3643 3318 3695 scire
3364 3641 3472 3695 nisi

1874 3732 2277 3787 Patrem.Dicit
2296 3731 2444 3785 enim
2469 3732 2617 3800 quod
2639 3730 2787 3783 diem
2810 3730 2966 3782 illam
2988 3746 3152 3782 nemo
3189 3728 3342 3782 novit
3361 3728 3471 3781 nisi

1874 3822 2027 3875 solus
2056 3821 2241 3882 Pater,
2277 3824 2335 3873 et
2362 3819 2450 3872 cui
2500 3821 2619 3888 ipse
2659 3818 2898 3871 voluerit
2944 3834 3068 3871 eam
3119 3816 3384 3881 revelare,
3417 3820 3473 3869 et

1872 3915 2062 3964 tamen
2092 3909 2153 3962 in
2172 3908 2326 3962 nullo
2345 3907 2521 3961 Filius
2538 3909 2723 3960 minor
2746 3907 2912 3960 Patre
2929 3905 3471 3977 praedicaturmeque

1870 3998 1929 4052 in
1976 4003 2269 4069 potestate,
2304 4012 2484 4067 neque
2511 3995 2571 4049 in
2619 3994 2872 4059 scientia,
2906 4011 3087 4065 neque
3120 3994 3179 4047 in
3208 3993 3325 4047 ulla
3361 3992 3472 4046 alia

1871 4104 1952 4141 re.
1997 4086 2207 4140 Idcirco
2243 4085 2388 4138 sicut
2414 4083 2491 4137 ibi
2516 4083 2586 4137 ad
2614 4082 2828 4153 aliquid
2859 4100 2919 4136 se
2961 4081 3178 4136 nescire
3208 4081 3345 4135 dicit
3380 4080 3469 4135 Fi-

1870 4174 2014 4241 lius;
2046 4175 2126 4227 ita
2163 4180 2219 4227 et
2256 4173 2346 4226 hic
2377 4173 2447 4226 ad
2476 4172 2688 4242 aliquid
2713 4172 2883 4225 Pater
2914 4170 3169 4225 dubitare
3200 4170 3466 4223 creditur.

1872 4262 2111 4333 PrOpter
2140 4261 2287 4332 quod
2319 4266 2376 4315 et
2405 4260 2742 4314 sententiam
2763 4264 3060 4330 temperat,
3085 4275 3197 4312 non
3227 4264 3292 4311 ut
3314 4258 3471 4328 igno-

1874 4357 1961 4404 ret
2009 4351 2157 4421 quod
2204 4350 2456 4404 futurum
2499 4354 2639 4413 erat,
2672 4348 2769 4402 sed
2799 4354 2864 4401 ut
2891 4348 3210 4401 introducat
3238 4348 3471 4401 modum

1873 4438 2157 4509 loquendi,
2180 4438 2370 4508 sicque
2395 4453 2491 4490 eos
2527 4453 2629 4490 suo
2676 4436 2863 4506 capiat
2897 4435 3111 4504 judicio
3143 4435 3346 4504 quibus
3384 4436 3469 4488 lo-

1873 4528 2085 4597 quitur,
2138 4532 2194 4579 et
2232 4530 2477 4596 praestet,
2520 4542 2584 4578 ac
2626 4525 2675 4578 si
2706 4525 2955 4577 humano
3008 4523 3249 4593 eloquio,
3282 4523 3468 4576 locum

1871 4615 2243 4668 convertendi.
2306 4616 2381 4667 At
2427 4630 2557 4666 vero
2599 4612 2845 4666 haeretici
2876 4610 3148 4682 quidquid
3197 4611 3301 4663 hoc
3344 4610 3468 4663 loco

1870 4719 1970 4773 pro
2018 4708 2178 4773 parte
2221 4701 2630 4772 responderint,
2688 4705 2873 4754 totum
2929 4715 3259 4769 responsum
3307 4698 3470 4752 intel-

1868 4790 2047 4861 ligant
2075 4796 2132 4844 et
2176 4806 2276 4859 pro
2304 4789 2346 4841 F
2348 4789 2464 4845 ilio.
2500 4788 2595 4857 qui
2625 4804 2684 4841 se
2732 4787 2867 4841 dicit
2903 4786 3164 4857 ignorare
3214 4802 3470 4840 consum-

1870 4879 2134 4932 mationis
2165 4878 2334 4931 diem.
2384 4876 2505 4930 Nisi
2535 4877 2677 4930 forte
2706 4875 2815 4929 alio
2863 4865 3031 4929 sensu
3075 4876 3191 4929 haec
3235 4875 3468 4945 quaestio

1870 4968 1980 5023 ista
2006 4968 2270 5030 solvatur,
2306 4969 2372 5018 ut
2398 4964 2493 5018 alii
2523 4965 2637 5017 sint
2665 4980 2730 5017 ex
2759 4963 2965 5017 Judaeis
2985 4964 3081 5033 qui
3102 4962 3325 5017 reveriti
3354 4962 3468 5016 sint

1872 5056 2082 5111 Filium
2110 5054 2229 5118 Dei,
2254 5057 2310 5106 et
2338 5052 2433 5106 alii
2453 5052 2637 5106 coloni
2669 5052 2767 5117 illi,
2802 5051 2898 5121 qui
2926 5050 3189 5104 dixerunt
3218 5068 3229 5101 :
3263 5051 3366 5103 Hic
3393 5054 3467 5101 est

1872 5148 2058 5208 lueres,
2099 5145 2292 5205 venite,
2338 5143 2650 5194 occidamus
2682 5157 2825 5194 eum.
2861 5141 2930 5193 Et
2968 5148 3160 5193 tamen
3208 5136 3368 5208 quasi
3399 5136 3468 5191 de

1871 5232 2130 5285 omnibus
2161 5230 2294 5284 dicit
2317 5230 2544 5295 Judzeis,
2577 5230 2725 5300 quod
2756 5227 2990 5282 occisuri
3020 5227 3133 5280 sint
3161 5241 3309 5289 eum,
3339 5240 3468 5278 cum

1869 5338 1982 5376 non
2002 5337 2195 5374 omnes
2224 5319 2401 5374 Judaei
2432 5317 2739 5372 occiderint
2768 5316 3075 5380 Christum,
3119 5314 3216 5367 sed
3245 5319 3468 5368 tantum

1870 5410 1966 5481 qui
1999 5408 2305 5463 secundum
2351 5423 2577 5461 carnem
2612 5406 2839 5460 fuerunt
2867 5404 3012 5458 servi
3037 5403 3252 5469 Judaei;
3286 5403 3367 5457 ita
3413 5406 3471 5456 et

1868 5500 1960 5554 hic
1995 5503 2177 5552 totum
2218 5513 2319 5568 pro
2361 5497 2525 5550 Patre
2572 5494 2715 5549 forte
2768 5493 3015 5565 ponitur,
3069 5493 3468 5546 reverebantur

1871 5590 2077 5643 Filium
2108 5602 2313 5651 meum,
2362 5585 2521 5656 quasi
2576 5600 2770 5637 omnes
2818 5598 2949 5636 eum
3006 5582 3121 5635 sint
3169 5575 3465 5632 reverituri
