3872 6158
358 282 463 340 731

1106 281 1165 337 S.
1205 279 1587 338 PASCHASII
1621 276 1985 335 RADBERTI
2020 272 2328 331 ABBATIS
2365 266 2865 329 CORBEIENSIS.

3490 265 3580 324 732

358 425 486 463 cum
530 424 645 463 non
694 421 890 462 omnes
939 420 1071 460 eum
1116 408 1466 477 receperunt,
1518 400 1616 456 sed
1662 401 1825 472 pauci
1859 398 1954 470 qui

2046 411 2241 484 pOpulo
2272 409 2395 474 Dei,
2423 406 2645 479 quando
2676 404 3019 460 sententiam
3043 404 3238 459 mortis
3273 408 3452 459 contra
3473 422 3581 461 eum

364 499 553 565 893
582 493 792 569 Spiritu
809 501 999 550 sancto
1016 500 1148 549 sunt
1174 490 1494 557 illuminati,
1512 496 1567 545 et
1596 489 1956 543 crediderunt

362 587 424 641 in
455 604 603 641 eum.
640 582 709 642 Et
731 586 811 640 sic
841 580 1180 656 generaliter
1208 579 1367 654 quasi
1405 578 1473 635 de
1512 575 1769 634 omnibus
1799 575 1951 644 dicit,

364 690 491 727 cum
522 690 635 728 non
663 689 856 727 omnes
892 666 1121 733 fuerint,
1150 669 1245 724 sed
1267 669 1429 741 pauci
1464 668 1560 739 qui
1588 664 1956 722 reverentiam

362 758 494 816 ﬁdei
516 762 567 815 ei
591 758 1290 833 praestiterintUtrumque
1311 772 1443 830 ergo
1456 758 1817 814 sensumideo
1834 774 1957 828 pro-

361 850 614 914 tulimus,
636 866 705 903 ne
737 848 903 902 alicui
928 844 1184 900 videatur
1194 843 1344 901 Deus
1366 846 1537 900 Pater
1549 844 1957 909 nescisse.Quia

359 940 523 1009 juxta
557 941 888 1010 praesentem
915 938 1131 989 textum
1162 934 1448 1006 Evangelii
1474 951 1828 1005 nequaquam
1848 935 1956 987 Ju-

365 1022 469 1081 daei
497 1024 755 1080 videntur
772 1041 898 1079 eum
930 1023 1178 1077 reveriti.
1216 1020 1324 1079 Sed
1354 1029 1411 1077 et
1436 1024 1621 1078 dicere
1651 1023 1803 1077 aliud
1836 1039 1957 1075 esse

362 1115 594 1183 factum,
616 1130 785 1185 quam
810 1109 958 1185 quod
986 1110 1305 1184 praescltum
1333 1119 1437 1178 est,
1452 1118 1552 1166 aut
1570 1129 1680 1166 non
1700 1111 1957 1183 praescire

363 1204 589 1257 Patrem
605 1201 871 1276 potuisse,
894 1200 1133 1274 impium
1158 1207 1243 1256 est
1265 1200 1494 1255 sentire.
1519 1198 1662 1256 Nam
1683 1201 1788 1255 hoc
1808 1199 1956 1271 quod

365 1288 578 1345 dictum
625 1294 727 1357 est,
774 1289 876 1345 llic
914 1293 989 1345 est
1031 1289 1216 1355 haeres,
1254 1294 1448 1367 venite,
1480 1292 1787 1343 decidamus
1808 1305 1953 1353 eum,

364 1379 425 1433 in
454 1374 562 1433 illis
590 1376 883 1449 impletum
912 1384 1016 1445 est,
1049 1377 1145 1451 qui
1174 1374 1423 1433 videntes
1452 1378 1753 1441 Christum,
1789 1384 1846 1432 et
1871 1395 1959 1432 co-

2034 502 2305 555 tulerunt.
2347 497 2456 552 Sed
2487 498 2626 550 bene
2656 496 2867 564 ejectus
2896 500 2982 549 est
3022 504 3177 548 extra
3204 493 3350 548 illam
3377 494 3581 561 vineam,

2036 606 2159 661 quae
2184 588 2316 642 fecit
2344 587 2563 658 spinas;
2593 590 2649 639 et
2677 584 2755 638 ibi
2783 583 3097 644 occisus.ut
3120 583 3520 653 suscipientibus
3536 600 3586 639 se

2036 677 2316 749 gentibus,
2352 676 2477 730 aliis
2508 674 2668 728 vinea
2695 674 2977 727 locaretur
2998 671 3274 742 agricolis.

2109 768 2247 821 Cum
2293 781 2437 833 ergo,
2486 762 2689 834 inquit,
2735 763 2994 815 dominus
3024 760 3231 815 venerit
3274 762 3449 827 vineae,
3477 762 3590 828 quid

2036 858 2199 924 faciet
2233 852 2493 923 agricolis
2523 854 2687 906 illis?
2723 851 3043 920 Interrogat
3069 866 3163 904 eos
3190 848 3464 915 Dominus,
3498 865 3590 904 non

2038 944 2188 1015 quod
2212 944 2435 1013 ignoret
2465 940 2600 1012 quid
2628 938 2952 1009 responsuri
2982 939 3117 1004 sint,
3143 938 3243 993 sed
3270 944 3332 992 ut
3364 937 3463 1009 ipsi
3483 954 3591 1009 pro-

2037 1032 2160 1104 pria
2179 1030 2543 1101 responsione
2573 1028 2929 1082 damnentur.
2974 1027 3185 1081 Verum
3217 1026 3324 1097 ipsi
3361 1042 3453 1080 cur
3488 1042 3595 1080 eum

2039 1120 2363 1185 occiderint,
2395 1118 2544 1172 inter
2590 1122 2792 1171 caetera
2829 1120 3133 1170 testantur.
3185 1117 3287 1170 Hic
3329 1119 3399 1168 est
3434 1115 3589 1179 haras,

2038 1209 2320 1280 inquiunt,
2351 1209 2525 1261 vertile
2553 1207 2863 1259 occidamus
2888 1221 3033 1270 eum,
3052 1210 3100 1258 et
3128 1202 3435 1258 habebimus
3452 1204 3593 1257 hare-

2038 1300 2267 1351 ditatem
2300 1300 2436 1366 ejus.
2460 1296 2577 1350 Hoc
2606 1294 2811 1365 quippe
2826 1292 2929 1347 etsi
2952 1310 3065 1347 non
3088 1309 3236 1358 voce,
3254 1290 3413 1346 corde
3435 1296 3596 1345 tamen

2039 1384 2578 1441 dixerunt.Maxime
2597 1388 2732 1437 tunc
2744 1381 2967 1452 quando
2997 1381 3227 1435 intravit
3253 1380 3312 1434 in
3337 1380 3594 1452 templum,

365 1470 700 1539 gnoscentes
723 1482 850 1521 eum
877 1462 1081 1522 Filium
1111 1464 1230 1532 Dei,
1247 1466 1613 1523 nihilominus
1640 1464 1962 1522 occiderunt
2043 1480 2100 1529 et
2125 1489 2322 1528 omnes
2338 1473 2648 1526 vendentes
2699 1469 2968 1525 animalia
2996 1469 3201 1523 diversi
3232 1468 3463 1540 generis,
3498 1485 3600 1539 quas

369 1572 520 1610 eum.
552 1552 677 1610 Non
706 1552 856 1610 enim
893 1552 999 1610 hoc
1034 1553 1294 1611 dixerunt
1322 1552 1403 1610 illi
1429 1557 1524 1628 qui
1552 1554 1774 1611 reveriti
1808 1560 1958 1621 sunt,

367 1650 425 1699 et
451 1640 812 1699 crediderunt
837 1639 896 1699 in
925 1662 1075 1713 eum,
1114 1646 1212 1700 sed
1239 1642 1319 1699 illi
1347 1642 1574 1717 pessimi
1597 1652 1653 1700 et
1672 1642 1955 1699 obstinati.

369 1728 496 1785 Non
528 1730 675 1803 quod
714 1730 1024 1788 nescissent
1063 1752 1189 1788 eum
1238 1732 1657 1807 patrisfamilias
1699 1735 1801 1789 Dei
1839 1751 1960 1788 esse

370 1818 596 1886 Filium,
620 1815 765 1875 sicut
792 1820 1019 1893 quidam
1045 1821 1268 1877 incaute
1290 1820 1594 1889 affirmant,
1623 1822 1719 1878 sed
1752 1823 1963 1878 invidia

370 1909 577 1975 caecati,
602 1914 659 1964 et
686 1906 831 1965 fastu
859 1906 1165 1982 superbiae;
1198 1918 1368 1983 atque
1396 1912 1845 1984 concupiscentia
1869 1929 1961 1965 re-

369 2012 496 2050 rum
536 1996 976 2053 obfirmaverunt
1030 1995 1227 2054 faciem
1271 2017 1452 2066 suam,
1486 2001 1629 2055 sicut
1676 2006 1735 2055 et
1761 2000 1963 2055 fratres

370 2079 597 2156 Joseph,
631 2102 703 2140 ne
745 2103 873 2141 eum
919 2086 1152 2142 fratrem
1199 2096 1588 2159 agnoscerent.
1643 2094 1965 2159 Agnoscunt

372 2170 616 2243 quidem,
645 2175 743 2229 sed
771 2172 1169 2232 somniatorem
1199 2194 1331 2232 eum
1377 2184 1592 2242 vocant,
1624 2178 1772 2232 unde
1799 2184 1857 2231 et
1884 2178 1963 2231 eis

372 2260 515 2315 livor
561 2270 727 2317 natus
765 2263 966 2330 fuerat,
1022 2262 1166 2320 sicut
1209 2272 1266 2320 et
1314 2266 1406 2321 isti
1453 2267 1961 2337 blasphematorem

374 2348 682 2417 Christum,
717 2358 774 2407 et
814 2355 959 2424 quod
998 2350 1303 2410 Beelzebub
1330 2357 1522 2410 omnia
1548 2355 1741 2411 fecerit
1787 2356 1961 2410 mira-

373 2435 519 2505 cula,
545 2456 667 2510 quae
693 2436 905 2495 Deillca
931 2460 1096 2497 nemo
1126 2444 1221 2515 qui
1250 2462 1420 2499 sanus
1440 2450 1543 2510 est,
1576 2451 1763 2516 negat.
1803 2445 1963 2500 Unde

375 2528 433 2579 et
459 2526 553 2581 isti
582 2524 711 2583 licet
753 2528 1012 2586 obcaecati
1069 2532 1255 2588 furore
1299 2534 1572 2601 saevirent,
1605 2532 1865 2588 dicebant
1893 2533 1964 2587 ad

372 2615 706 2671 alterutrum
739 2640 752 2675 :
779 2614 976 2674 Nonne
1006 2618 1096 2674 hic
1126 2628 1213 2675 est
1243 2618 1542 2676 Christus?
1569 2623 1653 2676 Ad
1668 2623 1816 2693 quod
1846 2622 1959 2687 alii,

372 2703 593 2771 veritati
618 2700 878 2763 resistere
895 2706 1218 2780 gestientes,
1248 2712 1686 2783 responderunt:
1712 2712 1967 2767 Christus

371 2809 499 2847 cum
518 2796 749 2864 venerit,
783 2808 947 2852 nemo
974 2793 1115 2854 sciet
1142 2794 1291 2854 unde
1311 2806 1413 2855 est.
1448 2801 1609 2855 Hunc
1636 2807 1823 2855 autem
1858 2801 1967 2854 sci-

372 2898 501 2937 mus
520 2884 669 2940 unde
688 2882 781 2940 sit.
817 2882 932 2941 Hoc
962 2889 1168 2960 quippe
1198 2891 1379 2959 magis
1395 2907 1462 2944 ex
1491 2891 1792 2960 negatione
1820 2890 1965 2944 veri-

2043 1563 2113 1617 ad
2141 1562 2476 1617 sacriﬁcium
2508 1559 2917 1625 vendebantur,
2945 1558 3095 1612 {oras
3124 1558 3307 1630 ejecit.
3342 1558 3404 1613 In
3429 1556 3601 1628 quibus

2047 1651 2362 1705 sacerdotes
2382 1649 2535 1703 avari
2565 1649 2705 1702 lucri
2728 1647 2915 1719 gratia
2934 1646 3446 1701 inflammabantur.
3473 1646 3603 1699 Tunc

2046 1740 2343 1811 praecipue,
2371 1743 2645 1809 quantum
2674 1737 2911 1801 videtur,
2943 1736 3312 1790 firmaverunt
3337 1750 3458 1788 eum
3489 1733 3603 1788 occi-

2042 1829 2192 1893 dere,
2224 1827 2366 1881 forte
2414 1826 2665 1881 dicentes
2709 1825 2860 1879 intra
2888 1842 2982 1878 se:
3019 1824 3078 1879 Si
3117 1824 3357 1896 populus
3399 1826 3490 1877 aut
3520 1838 3602 1876 nos

2041 1917 2211 1972 istum
2232 1916 2595 1970 habuerimus
2626 1915 2687 1968 in
2714 1913 2913 1979 Deum,
2945 1930 3175 1967 necesse
3196 1920 3283 1967 est
3306 1918 3368 1966 ut
3392 1912 3604 1966 dimitta-

2042 2012 2138 2059 tur
2164 2004 2346 2060 omnis
2374 2002 2717 2058 consuetudo
2738 2002 3071 2065 hostiarum,
3102 2018 3275 2073 quam
3301 2001 3370 2055 ad
3394 2015 3604 2072 presens

2040 2096 2161 2165 jam
2197 2097 2433 2147 conatur
2458 2093 2768 2157 destruere,
2802 2096 2858 2145 et
2887 2090 3126 2145 cessabit
3162 2091 3277 2144 ista
3302 2090 3486 2160 religio
3507 2104 3606 2159 qua:

2043 2184 2113 2237 ad
2143 2188 2399 2237 nostrum
2423 2180 2667 2252 pertinet
2690 2180 2929 2244 lucrum,
2950 2184 3008 2233 et
3021 2173 3413 2233 humiliabitur
3440 2176 3502 2232 ab
3519 2176 3605 2230 isto

2041 2272 2222 2342 gloria
2248 2276 2477 2338 nostra;
2510 2266 2608 2324 sed
2641 2274 2697 2322 et
2729 2269 2911 2322 cultus
2943 2267 3152 2339 peribit
3190 2267 3403 2340 templi,
3428 2265 3516 2339 qui
3549 2265 3606 2319 ad

2042 2360 2281 2430 gloriam
2295 2364 2553 2414 servatur
2572 2357 2691 2422 Dei,
2717 2363 2773 2409 et
2790 2357 3030 2428 populus
3058 2356 3168 2412 iste
3197 2356 3294 2428 qui
3315 2356 3537 2410 offerunt
3555 2369 3609 2407 ea

2039 2450 2161 2519 jam
2194 2465 2306 2502 non
2325 2447 2433 2501 erit
2452 2448 2510 2500 in
2541 2451 2735 2500 nostra
2761 2444 3125 2514 subjectione,
3158 2461 3342 2515 neque
3369 2443 3608 2512 templum

2046 2543 2104 2592 et
2141 2536 2337 2591 hostiae
2368 2540 2561 2589 nostra
2574 2533 2870 2604 possessio,
2904 2533 3001 2586 sed
3034 2534 3209 2602 hujus
3227 2533 3334 2587 erit
3347 2530 3609 2587 haereditas

2047 2627 2326 2681 universa.
2350 2624 2509 2679 Unde
2530 2620 2848 2677 occidamus
2869 2622 3075 2693 ipsum,
3090 2628 3149 2676 et
3164 2622 3358 2677 omnia
3382 2638 3495 2693 quae
3511 2621 3610 2692 ipse

2048 2732 2150 2769 sua
2174 2714 2310 2768 dicit
2336 2729 2477 2779 esse,
2510 2718 2567 2765 et
2594 2711 2797 2775 Patris,
2838 2710 2946 2764 erit
2981 2715 3179 2766 nostra
3224 2711 3526 2773 hereditas,
3559 2713 3611 2761 ut

2049 2803 2194 2857 sicut
2219 2802 2403 2867 hodie,
2438 2802 2519 2855 ita
2536 2806 2594 2854 et
2621 2816 2844 2870 semper
2862 2799 2936 2853 ad
2964 2805 3225 2854 nostrum
3255 2798 3441 2854 omnia
3465 2796 3611 2868 perti-

2049 2897 2223 2946 neant
2270 2892 2489 2945 lucrum
2533 2895 2591 2944 et
2628 2889 2701 2943 ad
2749 2894 3001 2943 nostram
3029 2888 3354 2959 pertineant
3380 2887 3609 2957 gloriam.

280 3966 286 3972 ·
372 3943 537 4012 visse,
570 3946 703 4018 quia
751 3944 926 4005 Filius
955 3952 1058 4006 Dei
1085 3958 1226 4019 erat,
1258 3958 1315 4006 et
1361 3952 1407 4007 si
1457 3958 1713 4008 sanctum
1750 3955 1966 4008 nescie-

372 2965 526 3067 tatis.
537 2971 935 3067 asseverabant
964 2976 1321 3067 mentientes,
1355 2994 1524 3048 quam
1547 2994 1614 3031 ex
1646 2978 1966 3048 ignorantia
1985 3008 2030 3067 ρ
2050 2982 2169 3035 Hoc
2198 2980 2402 3052 quippe
2431 2985 2517 3033 est
2543 2978 2747 3043 dicere,
2794 2983 2983 3032 nostra
3038 2978 3149 3032 erit
3188 2977 3492 3033 haereditas.
3520 2972 3612 3028 Sed

368 3057 792 3129 prOphetarum,
817 3062 912 3131 qui
937 3064 1126 3116 omnia
1162 3064 1231 3118 de
1256 3065 1351 3119 illo
1376 3083 1499 3136 quae
1542 3067 1731 3121 futura
1778 3073 1958 3132 erant,
1990 3057 2154 3141 “ipsi
2175 3087 2209 3124 a
2240 3069 2519 3141 sapientia
2538 3068 2641 3122 Dei
2671 3062 2956 3138 sapienter
2978 3067 3254 3131 conclusi,
3287 3067 3446 3136 longe
3475 3063 3612 3118 aliter

374 3142 432 3198 et
459 3141 554 3198 ubi
576 3154 919 3213 nasceretur,
939 3156 995 3203 et
1012 3144 1180 3217 unde,
1198 3153 1283 3205 vel
1304 3154 1603 3224 quomodo.
1626 3156 1747 3209 luce
1762 3156 1965 3210 clarius
2046 3158 2115 3211 de
2145 3176 2205 3213 se
2254 3158 2669 3229 responderunt
2727 3156 3079 3227 interrogati,
3141 3161 3336 3222 395
3378 3170 3475 3209 sua
3512 3153 3611 3222 jam

373 3239 902 3303 praemonstrarunt.
917 3237 1025 3292 Sed
1046 3232 1207 3309 signa
1226 3247 1284 3295 et
1306 3242 1561 3313 prodigia
1579 3244 1848 3308 videntes,
1875 3245 1963 3298 in-
2044 3242 2384 3301 conscientia
2394 3244 2781 3317 praedamnati.
2804 3244 2981 3298 Aiunt
3004 3243 3153 3298 enim
3180 3243 3264 3297 illi
3282 3263 3295 3298 :
3317 3244 3479 3298 Malos
3495 3242 3612 3293 male

373 3319 711 3376 tellexerunt
731 3339 860 3376 eum
885 3340 1007 3379 esse
1044 3320 1350 3394 Christum,
1385 3346 1551 3400 quem
1586 3332 1840 3385 conﬁteri
1870 3348 1966 3386 no-
2041 3336 2248 3405 perdet,
2276 3340 2322 3388 el
2344 3337 2563 3389 vineam
2589 3349 2749 3387 suam
2783 3334 2981 3387 locabit
2999 3335 3133 3385 aliis
3161 3334 3441 3401 agricolis.
3464 3330 3612 3383 Porro

372 3408 618 3475 luerunt,
634 3410 734 3465 sed
760 3406 1136 3468 moliebantur
1150 3415 1331 3486 magis
1349 3433 1477 3472 eum
1501 3419 1772 3486 occidere,
1796 3436 1963 3491 quem
2046 3424 2192 3495 quod
2217 3423 2356 3477 dixit
2384 3423 2545 3477 aiunt
2564 3424 2674 3484 illi,
2706 3437 2819 3475 non
2849 3421 3081 3491 pluralis
3110 3427 3199 3476 est
3246 3417 3609 3479 nominativus,

370 3496 599 3552 credere
610 3494 1433 3560 detrectabant.SicutHerodes
1451 3506 1961 3578 impiissimus,cum
2044 3494 2110 3568 ut
2131 3513 2203 3567 ad
2231 3512 2354 3566 illos
2375 3511 2670 3575 referatur,
2698 3510 2797 3563 sed
2825 3509 3128 3579 singularis
3147 3515 3237 3564 est
3264 3508 3473 3563 dativus
3487 3502 3613 3576 quod

372 3580 709 3686 didicisseta
722 3582 898 3661 Magis
922 3598 1116 3649 natum
1134 3611 1255 3648 esse
1278 3612 1468 3666 regem
1479 3598 1506 3650 J
1513 3597 1817 3664 udieorum,
1834 3596 1964 3652 inde
2047 3619 2113 3656 ex
2128 3602 2320 3656 Grzrco
2341 3607 2440 3655 aut
2458 3622 2500 3652 ω
2522 3598 2875 3653 manifestius
2887 3598 3229 3668 intelligitur
3251 3618 3265 3665 ;
3289 3608 3611 3668 nequaquam

370 3674 555 3730 acrius
572 3674 978 3748 inﬂammatur,
1004 3689 1060 3737 et
1078 3685 1306 3739 molitur
1317 3687 1688 3758 exstinguere,
1715 3705 1878 3759 quem
1900 3705 1965 3742 ex

370 3759 473 3819 Dei
487 3762 726 3822 oraculis
746 3764 943 3825 didicit
960 3774 1378 3843 repromissum.
1390 3775 1621 3830 Constat
1636 3776 1808 3846 igitur
1816 3777 1968 3849 prin-

374 3852 526 3926 cipes
550 3852 903 3914 sacerdotum
918 3866 974 3915 et
992 3863 1241 3917 seniores
1261 3863 1453 3935 populi
1468 3865 1751 3920 Christum
1767 3882 1967 3936 cogno-

2046 3690 2273 3743 illorum
2302 3693 2387 3742 est
2408 3687 2555 3758 quod
2575 3703 2765 3740 verum
2792 3686 3225 3757 responderunt,
3253 3686 3349 3740 sed
3378 3684 3471 3740 Dei
3492 3685 3613 3736 nutu

2046 3778 2254 3832 factum
2275 3782 2378 3843 est,
2394 3782 2459 3829 ut
2486 3776 2609 3846 ipsa
2623 3775 2840 3830 Veritas
2862 3774 3188 3830 violentiam
3216 3776 3296 3830 eis
3326 3774 3540 3829 inferret
3554 3785 3612 3823 ne

2047 3866 2264 3937 possint
2289 3882 2416 3918 eam
2439 3864 2639 3918 celare.
2674 3865 2832 3918 Sicut
2859 3881 2962 3918 nec
2994 3857 3240 3935 Caiphas
3271 3863 3515 3919 sacerdos
3532 3856 3613 3930 qui

2047 3970 2160 4008 non
2184 3968 2250 4007 ex
2278 3969 2338 4007 se
2359 3952 2500 4007 dixit
2528 3969 2744 4018 verum,
2784 3953 2882 4007 sed
2908 3970 3033 4007 cum
3063 3960 3193 4008 esset
3224 3955 3467 4024 pontifex
3490 3948 3614 4004 anni

2046 4043 2223 4107 illius,
2259 4043 2601 4110 prophetavit
2630 4042 2813 4108 (Joan.
2863 4056 2939 4107 χι,
2992 4041 3082 4109 51)
3114 4055 3125 4088 :
3156 4044 3240 4096 ita
3285 4048 3343 4097 et
3367 4041 3474 4106 isti,
3518 4052 3613 4092 non

377 4127 438 4220 et
461 4116 708 4220 Herodes
736 4129 1241 4200 pueros.Alioquin
1261 4131 1309 4184 si
1340 4147 1452 4184 non
1480 4132 1968 4203 credidisset,quia
2046 4147 2148 4185 sua
2163 4135 2361 4201 sponte
2387 4130 2864 4201 prophetaverunt
2888 4134 3083 4185 contra
3110 4147 3190 4196 se,
3235 4130 3333 4185 sed
3359 4128 3453 4185 Dei
3473 4132 3609 4193 nutu,

378 4202 634 4264 Christus
673 4218 797 4266 erat
824 4231 919 4269 rex
946 4217 1267 4271 Judaeorum
1314 4221 1557 4285 futurus,
1609 4202 1966 4292 nequaquam
2045 4224 2109 4273 ut
2134 4220 2403 4283 dixeram,
2435 4219 2583 4290 quod
2612 4218 2863 4272 tollenda
2890 4218 2959 4273 ab
2988 4219 3069 4273 eis
3098 4225 3291 4274 essent
3317 4216 3496 4273 omnia
3514 4216 3611 4269 elo-

378 4308 572 4394 (ξξῐξξὶεξδ
602 4292 894 4394 occidisset
929 4302 1190 4394 infantes,
1224 4306 1531 4394 secundum
1565 4312 1787 4378 tempus
1816 4309 1964 4380 quod
1985 4308 2182 4394 nquia
2229 4304 2352 4373 Dei,
2408 4324 2531 4378 qua:
2581 4307 2651 4361 de
2704 4307 2925 4361 Christo
2964 4312 3145 4373 erant,
3178 4314 3239 4362 et
3274 4307 3332 4361 in
3371 4303 3613 4360 Gentibus

377 4380 661 4438 didicisset
689 4403 724 4439 a
751 4382 948 4457 Magis.
987 4390 1145 4444 Sicut
1181 4397 1239 4444 et
1276 4392 1599 4446 duricordes
1643 4396 1819 4450 Judaei
1869 4413 1964 4450 co-
1986 4380 2304 4452 "Christus
2332 4401 2387 4449 et
2412 4395 2593 4450 omnis
2619 4396 2837 4466 religio,
2861 4402 2920 4450 et
2946 4396 3170 4450 cultura
3199 4394 3477 4450 servitutis
3502 4391 3609 4453 Dei.

380 4479 697 4571 gnoverunt
718 4477 905 4571 δρα
937 4478 1165 4571 quidem
1184 4483 1301 4532 tam
1316 4495 1380 4533 ex
1406 4482 1699 4552 prophetia
1712 4499 1877 4554 quam
1901 4502 1967 4539 ex
2047 4485 2158 4538 illis
2177 4484 2407 4571 abjectis
2428 4483 2815 4538 transferenda
2846 4502 2857 4536 :
2883 4490 2945 4538 ut
2971 4478 3207 4555 singulae
3237 4484 3440 4538 Gentes
3453 4481 3613 4549 singu-

378 4554 685 4628 miraculis,
712 4564 811 4618 sed
839 4566 999 4635 quasi
1028 4566 1075 4619 si
1102 4583 1216 4621 non
1261 4576 1676 4638 cognoscerent,
1709 4571 1969 4627 obﬁrma-
2047 4572 2197 4643 lique
2225 4564 2481 4625 homines
2527 4571 2736 4625 faciant
2762 4572 3005 4626 fructum
3034 4554 3167 4626 boni
3192 4572 3377 4644 Operis
3411 4571 3466 4624 in
3490 4575 3611 4622 tem-

378 4654 583 4747 :erunt
599 4666 678 4716 se,
693 4656 750 4747 et
775 4648 1079 4708 noluerunt
1105 4654 1391 4725 divulgare
1410 4658 1467 4712 in
1485 4659 1691 4730 populo
1706 4662 1853 4731 quod
1868 4662 1970 4718 Dei
2051 4676 2186 4731 pore
2240 4676 2360 4714 suo.
2411 4661 2636 4714 Interea
2663 4660 2794 4731 quia
2823 4661 2987 4731 longe
3017 4661 3186 4715 aliter
3214 4661 3388 4716 Lucas
3424 4659 3609 4720 narrat,

377 4731 555 4820 Filius
581 4744 764 4807 esset;
799 4748 1058 4813 nequeut
1074 4760 1257 4799 sermo
1284 4762 1478 4801 eorum
1502 4746 1587 4801 vel
1611 4764 1871 4804 assensus
1898 4752 1971 4805 ad
2052 4749 2277 4802 evidens
2306 4749 2537 4820 quaestio
2555 4748 3034 4820 generatur,quod
3062 4750 3378 4803 sacerdotes
3404 4748 3499 4802 hoc
3516 4757 3611 4799 non

380 4815 600 4895 plebem
621 4829 981 4897 pervenisset.
1009 4833 1125 4886 Nec
1140 4834 1366 4903 mirum,
1385 4852 1512 4890 cum
1537 4842 1595 4891 et
1607 4838 1790 4893 adhuc
1804 4839 1969 4894 hodie
2050 4815 2514 4903 dixerintfillalos
2552 4815 2695 4891 male
2719 4815 2924 4905 perdet:
2958 4838 3058 4891 sed
3104 4838 3395 4901 Dominus,
3440 4840 3493 4889 et
3525 4834 3614 4886 hoc

373 4034 528 4099 bant,
544 4029 643 4090 sed
672 4031 1036 4094 nihilominus
1065 4042 1190 4095 ausi
1220 4047 1354 4095 sunt
1376 4058 1504 4096 eum
1534 4043 1801 4106 occidere,
1823 4044 1969 4097 sicut

381 4908 480 4983 qui
505 4908 745 4985 disparsi
773 4925 906 4973 sunt
932 4926 989 4973 et
1012 4923 1194 4992 eiecti,
1223 4924 1479 4979 duriores
1516 4926 1649 4991 sint,
1677 4944 1748 4982 ne
1774 4928 1972 4982 verita-

379 5005 496 5056 tem
524 5001 594 5056 de
623 5004 844 5060 Christo
863 5011 1170 5065 secundum
1188 5013 1506 5084 Scripturas
1520 5015 1737 5085 possint
1764 5017 1973 5087 recipe:

379 5104 461 5156 re,
494 5108 663 5162 quam
704 5094 934 5166 lapides.
966 5099 1125 5153 Unde
1154 5107 1212 5154 et
1237 5102 1318 5155 illi
1338 5103 1513 5157 nimio
1526 5103 1805 5158 obfirmati
1821 5104 1968 5163 odio.
2000 5160 2007 5165 ,

382 5181 671 5251 ejecerunt
688 5201 817 5238 eum
833 5193 991 5241 extra
1011 5188 1252 5253 vineam,
1285 5196 1341 5244 et
1364 5192 1856 5247 occiderunt.Hinc
1870 5194 1973 5247 ita-

383 5284 492 5338 que
520 5273 821 5343 Apostolus
842 5276 941 5341 ait,
972 5278 1119 5348 quod
1143 5284 1299 5332 extra
1315 5286 1537 5350 portam
1562 5281 1832 5336 Dominus
1851 5300 1973 5337 cru-

383 5356 579 5413 ciﬁxus
605 5361 699 5426 sit,
726 5362 783 5416 id
813 5370 897 5419 est
931 5371 1088 5419 extra
1126 5367 1436 5421 Jerusalem
1464 5368 1523 5422 in
1564 5375 1754 5424 monte
1785 5373 1975 5426 Calva-

383 5446 502 5502 riae.
535 5449 812 5513 Quoniam
836 5461 1110 5524 quantum
1131 5472 1195 5510 ex
1228 5455 1364 5528 ipsis
1390 5456 1515 5524 fuit,
1566 5458 1813 5514 alienum
1840 5476 1970 5516 eum

385 5552 507 5594 esse
540 5538 938 5611 iudicaverunt
971 5545 1150 5600 coloni
1178 5545 1407 5616 pessimi
1435 5562 1470 5600 a
1497 5545 1680 5618 vinea,
1709 5547 1768 5602 id
1799 5552 1903 5617 est,
1933 5564 1969 5603 a

2050 4942 2179 4979 cum
2210 4923 2460 4990 dixisset,
2492 4925 2687 4979 dicunt
2713 4925 2813 4993 illi,
2844 4924 3023 4979 Absit.
3056 4926 3455 4981 Intellexerunt
3483 4920 3612 4976 enim

2051 5013 2360 5069 secundum
2369 5014 2576 5068 Lucam
2590 5014 2738 5084 quod
2751 5019 2947 5068 contra
2961 5030 3056 5068 eos
3065 5013 3494 5080 diceret,idcirco
3504 5022 3613 5063 mox

2052 5102 2443 5157 contradicunt
2462 5102 2756 5157 sententia:
2785 5102 3013 5167 Christi,
3029 5108 3088 5157 et
3114 5103 3291 5169 aiunt,
3308 5102 3479 5157 Absit.
3499 5098 3612 5162 Qua

2053 5191 2323 5245 nimirum
2354 5191 2587 5262 quaestio
2611 5190 2827 5245 duobus
2857 5191 3039 5245 modis
3063 5192 3311 5257 solvitur,
3333 5194 3613 5255 ututerque

2053 5281 2394 5351 evangelista
2443 5296 2636 5334 verum
2666 5274 2835 5345 dicat,
2869 5285 2922 5333 et
2954 5280 3162 5351 singuli
3210 5296 3403 5335 sensus
3442 5288 3611 5331 eorum

2054 5386 2225 5423 unam
2277 5370 2535 5440 expleant
2563 5368 3002 5423 controversiam
3024 5370 3389 5424 sacerdotum.
3420 5366 3531 5421 Una
3547 5360 3613 5415 si-

2053 5460 2281 5532 quidem
2308 5477 2504 5515 earum
2529 5460 2902 5531 intelligentia
2936 5461 3215 5532 perfacilis
3246 5465 3347 5528 est,
3377 5459 3425 5513 si
3463 5452 3613 5524 respi-

2047 5547 2162 5604 cias
2185 5546 2259 5603 ad
2281 5564 2376 5603 eos
2401 5548 2461 5602 in
2488 5547 2649 5620 plebe
2669 5540 2765 5620 qui
2793 5548 3072 5618 dicebant,
3105 5552 3245 5620 Quia
3263 5550 3427 5604 bonus
3449 5547 3535 5610 πει
3563 5545 3612 5594 εἴ
