3872 6158
149 300 236 358 733

862 297 1242 356 EXPOSITIO
1280 301 1359 358 IN
1395 301 1844 361 MATI‘HEUM.
1889 326 1956 346 ω-
1994 304 2131 361 LIB.
2173 306 2267 372 IX,
2312 305 2469 361 CAP.
2511 306 2657 362 XXI.

3292 308 3399 370 734

148 426 207 482 ad
226 441 313 479 eos
336 423 435 495 qui
462 421 742 488 dicebant,
767 424 911 489 Non,
952 425 1042 477 sed
1068 426 1276 479 seducit
1308 429 1497 481 turbas
1532 428 1710 495 (Joan.
1733 430 1784 489 Α
1803 432 1882 482 rit
1912 432 1976 482 in
2012 445 2137 483 eum
2164 445 2277 483 non
2323 432 2697 497 confundetur
2720 433 2852 501 (lsa.
2884 446 3074 499 xxvm,
3108 433 3219 503 16).
3275 435 3407 506 Ipse

148 509 351 579 "1,12).
385 511 529 576 Quia
555 511 613 565 in
635 512 847 567 eisdem
894 510 1074 565 turbis
1122 513 1248 568 dum
1306 522 1494 585 partes
1542 522 1722 581 erant,

148 619 241 659 una
266 618 387 672 quae
418 599 638 654 favebat
655 600 898 664 Christo,
924 600 1263 672 quibuslibet
1293 620 1357 657 ex
1383 606 1586 671 causis,
1610 606 1721 660 alia

148 688 713 763 quae’contradicebat.
746 688 820 743 Et
848 690 972 744 ideo
1028 691 1132 745 hoc
1180 692 1301 746 loco
1342 692 1589 760 fuerunt,
1623 694 1719 766 qui

146 779 529 850 responderent
555 778 942 849 interroganti,
968 781 1138 833 Malos
1167 784 1310 834 male
1329 783 1551 849 perdet;
1585 788 1642 836 et
1671 783 1720 837 si

147 885 243 924 non
268 868 365 921 alii
382 867 526 921 forte
544 867 625 921 illi
649 867 745 938 qui
764 867 1161 932 clamaverant,
1186 870 1501 924 Benedictus
1520 874 1619 939 qui
1636 888 1722 926 ve-

145 960 218 1012 nit
245 962 306 1010 in
338 959 564 1010 nomine
591 958 836 1010 Domini.
865 954 1081 1011 Iterum
1100 957 1326 1012 fuerant
1346 959 1596 1029 quidam,
1622 960 1720 1030 qui

148 1045 305 1100 verbis
333 1036 558 1099 Domini
617 1045 1082 1110 contradicentes,
1116 1047 1527 1117 responderunt
1580 1049 1719 1103 illud

146 1134 271 1206 quod
291 1134 472 1188 Lucas
489 1133 586 1199 ait,
612 1132 790 1187 Absit.
837 1134 1011 1188 Porro
1045 1134 1155 1188 alio
1180 1136 1369 1204 modo,
1392 1136 1540 1206 quod
1578 1142 1720 1192 nutu

145 1222 244 1289 Dei,
263 1221 520 1293 quamvis
549 1221 781 1287 nollent,
802 1225 865 1275 ut
894 1221 1024 1285 dixi,
1042 1222 1100 1275 in
1114 1223 1412 1293 prophetia
1438 1224 1719 1292 dixerunt,

144 1312 297 1367 Malos
324 1310 473 1364 male
502 1309 717 1379 perdet,
750 1310 916 1363 cordo
947 1327 1074 1365 vero
1089 1318 1285 1365 contra
1313 1313 1590 1377 dixerunt,
1606 1313 1720 1367 Ab-

144 1400 221 1454 sit.
251 1398 410 1453 Unde
441 1414 587 1452 unus
610 1398 1080 1469 evangelistarum
1130 1399 1270 1454 dixit
1314 1400 1451 1454 illud
1486 1401 1635 1471 quod
1662 1402 1721 1456 in

149 1488 296 1544 corde
323 1493 642 1557 gesserunt.
677 1487 835 1542 Sicut
857 1485 1061 1541 dicitur
1087 1488 1146 1542 in
1193 1489 1452 1557 Psalmis,
1487 1491 1588 1546 Ore
1622 1507 1722 1545 suo

150 1577 532 1641 benedicebant,
554 1581 602 1629 et
649 1578 807 1629 corde
848 1592 945 1629 suo
979 1579 1375 1632 maledicebant
1411 1580 1570 1647 (Psal.
1605 1592 1718 1645 LXI,

145 1664 394 1735 5).Habet
420 1666 571 1718 enim
598 1664 778 1718 omnis
800 1664 967 1719 homo
997 1664 1289 1720 scientiam
1322 1664 1450 1721 boni
1465 1672 1522 1721 et
1552 1668 1716 1735 mali;

1808 534 2050 588 namque
2069 522 2153 571 est
2181 517 2324 588 lapis
2344 518 2635 588 adjutorii,
2660 520 2803 591 lapis
2833 537 3001 591 quem
3029 522 3206 577 erexit
3232 522 3402 578 Iacob

1800 605 1859 659 in
1888 606 2133 675 signum,
2168 611 2227 660 et
2251 606 2499 677 perfudit
2528 608 2679 670 oleo;
2705 610 2969 679 quoniam
2998 616 3301 681 perunctus
3316 616 3405 669 est

1802 695 1924 747 oleo
1956 694 2197 764 Spiritus
2244 695 2422 749 sancti
2466 713 2582 766 prae
2618 697 2983 767 participibus
3013 698 3146 754 suis.
3181 700 3263 755 De
3291 716 3402 771 quo

1800 783 1985 853 lapide
1999 783 2199 837 Petrus
2216 799 2435 854 quoque
2447 784 2698 855 loquitur
2713 787 3060 842 conﬁdenter
3073 788 3143 842 ad
3155 789 3398 845 Judaeos:

1805 871 1917 925 Iste
1947 871 2090 942 lapis
2120 872 2217 942 qui
2237 872 2569 942 reprobatus
2596 879 2684 927 est
2725 889 2760 927 a
2791 874 2945 928 vobis
2973 876 3400 941 aediﬁcantibus,

1810 964 1993 1025 801
2032 961 2129 1030 qui
2154 960 2331 1015 factus
2363 966 2449 1014 est
2475 961 2535 1016 in
2582 968 2751 1032 caput
2795 964 3006 1032 anguli.
3039 964 3319 1026 Quoniam
3345 971 3404 1023 et

1802 1048 2088 1117 angularis
2118 1053 2205 1102 est
2253 1048 2395 1119 lapis
2420 1050 2545 1115 iste,
2576 1056 2635 1104 et
2661 1051 3092 1106 fundamentum
3120 1053 3397 1108 Ecclesiae.

1802 1137 1842 1190 Α
1876 1139 2127 1202 Domino,
2151 1137 2352 1207 inquit,
2370 1139 2583 1203 factum
2612 1144 2686 1192 est
2718 1142 2941 1205 istud,et
2963 1146 3037 1195 est
3056 1142 3315 1195 mirabile
3335 1144 3402 1197 in

1803 1227 1975 1277 oculis
2002 1228 2207 1277 nostris
2231 1228 2392 1292 (Psal.
2417 1239 2577 1288 cxvu,
2625 1224 2734 1296 22).
2780 1228 2912 1281 Haec
2937 1244 3037 1282 vox
3062 1235 3148 1283 est
3175 1234 3400 1285 sancto-

1801 1327 1931 1365 rum
1959 1312 2230 1367 confessio
2254 1330 2268 1380 ;
2299 1314 2446 1383 quod
2469 1313 2538 1367 ab
2553 1314 2800 1380 homine,
2822 1332 3004 1385 neque
3019 1317 3268 1372 humana
3284 1317 3399 1372 vir-

1802 1404 1925 1454 tute
1953 1402 2162 1455 tactum
2200 1407 2303 1467 est,
2339 1402 2435 1455 sed
2460 1402 2711 1473 potentia
2744 1403 2846 1457 Dei
2877 1409 2935 1457 et
2961 1404 3165 1459 virtute
3193 1406 3397 1473 Patris,

1803 1494 1862 1543 et
1889 1490 2015 1544 ideo
2046 1496 2133 1544 est
2162 1490 2418 1544 mirabile
2448 1506 2561 1545 non
2607 1492 2667 1545 in
2718 1498 3019 1562 conspectu
3065 1493 3397 1561 inﬁdelium,

1803 1578 1900 1631 sed
1926 1579 1986 1633 in
2014 1579 2188 1633 oculis
2209 1579 2460 1634 omnium
2487 1596 2682 1634 eorum
2717 1580 2813 1650 qui
2861 1581 3152 1636 credentes
3188 1581 3402 1637 illumi—

1803 1667 1921 1720 nati
1942 1672 2075 1721 sunt
2095 1685 2196 1737 per
2216 1668 2404 1722 ﬁdem.
2436 1668 2594 1731 Quod
2617 1668 2873 1723 mirabile
2893 1685 3005 1739 praa
3024 1669 3283 1724 omnibus
3302 1669 3404 1725 mi-

144 1759 190 1809 et
211 1754 330 1809 ideo
353 1753 468 1817 isti,
492 1753 766 1824 quidquid
794 1752 997 1808 horum
1027 1754 1499 1821 dixerunt,—aliud
1528 1762 1724 1811 contra
1747 1740 2009 1809 Braculis
2041 1756 2353 1810 mirabilius
2382 1761 2485 1821 est,
2518 1762 2582 1810 ut
2605 1757 2754 1811 Deus
2792 1757 2959 1811 homo
2990 1759 3168 1823 ﬁeret,
3195 1763 3253 1812 et
3280 1758 3401 1829 ipse

145 1842 410 1907 dixerunt,
437 1843 589 1897 unde
617 1848 675 1896 et
692 1842 1124 1913 cogitationibus
1170 1861 1365 1898 eorum
1412 1846 1721 1900 secundum
1804 1844 1945 1915 lapis
1970 1845 2266 1898 crescendo
2309 1846 2471 1914 juxta
2526 1845 2878 1915 prophetam,
2908 1860 3132 1900 omnem
3188 1852 3401 1903 terram

142 1931 471 2003 impietatem
492 1948 654 1986 suam
682 1931 1049 2003 interrogatio
1072 1939 1212 1987 erat.
1239 1934 1384 1998 Quia
1406 1935 1511 1989 etsi
1538 1936 1722 1991 verbis
1803 1932 2065 2002 impleret
2094 1931 2225 2003 ;qui
2254 1932 2502 1987 coelestia
2552 1933 2721 1987 simul
2783 1940 2842 1988 et
2867 1940 3091 1988 terrena
3114 1936 3397 2005 jungeret,

144 2019 409 2086 dixerunt,
437 2019 609 2085 absit,
632 2021 973 2075 conscientia
1000 2021 1237 2076 confessi
1260 2028 1411 2088 sunt,
1444 2024 1594 2094 quia,
1609 2027 1723 2079 Μα-
1802 2022 2054 2093 duasque
2076 2022 2226 2093 leges
2254 2022 2312 2076 in
2337 2039 2397 2076 se
2418 2038 2530 2076 uno
2546 2023 2851 2092 colligeret.
2877 2024 2943 2078 Et
2962 2024 3087 2078 ideo
3113 2025 3273 2078 valde
3291 2025 3402 2079 mi-

145 2111 208 2163 ιω
230 2112 372 2163 male
394 2110 604 2178 perdet.
624 2109 973 2180 Frequenter
998 2114 1189 2175 δοῦ
1212 2117 1402 2166 autem
1434 2113 1722 2184 Scriptura
1802 2110 1976 2165 rabile
2006 2117 2092 2165 est
2117 2112 2175 2165 in
2206 2110 2380 2165 oculis
2409 2106 3009 2182 sanctorum,quorum
3026 2128 3125 2167 vox
3153 2113 3263 2167 ista
3291 2118 3395 2181 est,

147 2195 492 2268 cogitationes
521 2198 705 2252 cordis
734 2198 815 2253 sic
839 2198 1063 2269 exponit
1079 2200 1239 2270 quasi
1263 2200 1715 2257 dictasermonis.
1802 2199 1935 2270 quia
1959 2206 2129 2271 caput
2180 2205 2268 2255 est
2319 2192 2559 2254 caelestis
2590 2200 2828 2265 aediﬁcii,
2862 2206 2919 2255 et
2970 2201 3401 2257 fundamentum

144 2284 281 2340 Unde
306 2286 436 2350 Job,
452 2286 601 2342 Dicit
628 2287 832 2358 impius
856 2287 989 2353 Deo,
1013 2288 1235 2342 discede
1263 2305 1297 2343 a
1324 2307 1433 2356 me,
1454 2291 1572 2345 vias
1589 2297 1718 2347 tuas

146 2389 287 2430 nosse
300 2375 454 2431 nolo.
470 2375 541 2430 Et
560 2375 692 2430 alibi
720 2376 1019 2447 Propheta,
1051 2378 1345 2444 Dixerunt,
1381 2395 1493 2433 non
1516 2382 1719 2435 videbit

142 2464 412 2527 Dominus,
448 2480 545 2518 nec
584 2466 853 2532 intelliget
881 2466 1020 2518 Deus
1047 2467 1210 2519 Iacob
1236 2468 1402 2533 (Psat.
1442 2481 1595 2533 xcm,
1639 2465 1713 2536 7).

144 2550 220 2605 Sic
245 2552 379 2607 etin
405 2552 532 2608 aliis
561 2553 993 2625 quamplurimis
1020 2553 1175 2607 locis.
1195 2554 1459 2625 Alioquin
1498 2555 1719 2611 videtur

142 2655 244 2695 esse
269 2642 642 2707 contrarium,
667 2642 800 2713 quia
819 2642 1208 2696 intellexerant
1228 2648 1421 2697 contra
1452 2660 1511 2698 se
1540 2644 1717 2699 dictas

142 2744 243 2783 esse
262 2729 599 2801 parabolas;
652 2730 731 2784 ita
757 2735 822 2785 ut
850 2730 1058 2785 Vellent
1103 2747 1231 2785 eum
1262 2748 1388 2785 mox
1417 2737 1626 2798 tenere,
1652 2739 1717 2787 ut

142 2818 283 2873 corde
301 2826 363 2873 et
390 2836 487 2874 ore
519 2819 902 2873 consentirent
918 2836 1039 2889 quia
1060 2818 1409 2877 dicebantur.
1428 2821 1587 2876 Unde
1607 2821 1718 2876 illis

142 2924 234 2963 non
255 2907 766 2979 acquiescentibus,
799 2907 951 2962 aliud
988 2908 1172 2962 adhuc
1228 2909 1533 2964 introducit
1571 2910 1721 2965 Scri-

140 3003 294 3067 ptum
314 2997 710 3053 testimonium
733 2996 941 3064 dicens,
960 2999 1267 3066 Nunquam
1313 3002 1536 3066 legistis,
1581 3014 1646 3055 ac
1672 2999 1721 3053 si

1800 2289 1994 2343 domui
2014 2290 2286 2343 donatum
2314 2305 2349 2342 a
2368 2288 2485 2342 Deo
2514 2290 2857 2353 PatreJdeo,
2877 2290 3080 2361 inquit,
3108 2293 3401 2357 auferetur

1798 2392 1834 2430 α
1856 2378 2001 2430 vobis
2034 2393 2268 2444 regnum
2297 2378 2415 2441 Dei,
2430 2381 2477 2429 et
2506 2378 2735 2430 dabitur
2755 2380 2909 2445 genti
2935 2379 3168 2444 facienti
3179 2379 3400 2445 fructus

1799 2468 1943 2533 ejus;
1974 2465 2044 2518 de
2065 2481 2174 2535 quo
2200 2466 2320 2533 jam
2343 2480 2514 2534 supra
2530 2464 2667 2518 satis
2694 2465 2959 2531 diximus,
2982 2465 3090 2520 nisi
3110 2466 3259 2536 quod
3271 2466 3400 2520 dili-

1800 2554 2025 2621 gentius
2054 2553 2521 2623 perscrutandum
2564 2558 2649 2605 est
2701 2554 2845 2622 quod
2890 2554 2987 2618 ait,
3022 2554 3249 2609 dabitur
3275 2555 3400 2610 aliis

1799 2641 2059 2711 agricolis
2082 2642 2177 2711 qui
2209 2642 2453 2695 reddunt
2497 2641 2550 2694 ei
2591 2641 2836 2695 fructum
2876 2642 3225 2712 temporibus
3261 2643 3396 2698 suis.

1798 2729 1942 2793 Quia
1968 2730 2181 2783 nemini
2203 2729 2371 2783 datur
2398 2744 2634 2798 regnum
2660 2729 2780 2796 Dei,
2804 2730 2862 2783 id
2891 2736 2976 2783 est
2995 2731 3265 2800 mysteria
3284 2747 3403 2785 ver-

1803 2817 1860 2872 bi
1886 2818 2007 2883 Dei,
2028 2818 2137 2871 nisi
2160 2816 2493 2871 facientibus
2522 2817 2765 2872 fructum
2794 2818 2854 2872 in
2874 2834 2959 2883 eo,
2980 2824 3037 2872 et
3067 2834 3132 2872 ex
3147 2818 3402 2883 eo.Quod

1803 2906 1851 2960 si
1872 2906 1954 2960 ita
1979 2912 2081 2971 est,
2106 2906 2319 2960 nemini
2340 2894 2631 2976 datur'qui
2648 2912 2861 2977 peccat.
2889 2907 3033 2961 Hinc
3064 2907 3206 2962 forte
3226 2908 3405 2962 dictu-

1801 3012 1899 3050 rus
1918 3000 2004 3049 est
2031 2995 2235 3065 aliquis
2268 3013 2279 3047 :
2318 2995 2376 3049 Si
2401 2995 2616 3049 nemini
2640 2994 2809 3049 datur
2858 3012 3097 3066 regnum
3146 2996 3268 3061 Dei,
3292 2995 3403 3050 nisi

142 3086 349 3143 diceret;
392 3086 557 3153 Quod
597 3086 645 3140 si
672 3085 997 3158 parabolam
1026 3102 1211 3140 meam
1241 3102 1352 3141 non
1380 3087 1715 3158 intelligitis,
1736 3097 1779 3157 ο
1801 3081 2025 3139 facienti
2052 3084 2267 3138 fructus
2297 3085 2437 3154 ejus,
2462 3084 2740 3154 quomodo
2761 3084 2840 3138 illi
2856 3085 3062 3155 populo
3084 3085 3279 3139 datum
3296 3091 3398 3152 est,

144 3180 227 3229 aut
241 3192 347 3231 non
367 3176 542 3230 vultis
573 3191 697 3229 eam
721 3174 986 3245 recipere,
1023 3175 1109 3228 vel
1149 3174 1319 3230 istam
1352 3176 1718 3247 Scripturam,

144 3279 249 3332 qua
266 3264 321 3319 in
347 3264 632 3336 propheta
652 3262 804 3318 vobis
829 3263 961 3318 data
992 3268 1079 3317 est
1090 3264 1372 3329 revolvite,
1393 3264 1483 3318 cui
1507 3271 1725 3320 contra-

144 3351 303 3408 dicere
348 3370 471 3410 non
517 3352 772 3423 potestis,
804 3353 1064 3421 Lapidem
1092 3368 1252 3420 quem
1288 3355 1724 3421 reprobaverunt

142 3442 467 3509 edi/team“,
502 3443 593 3497 hic
634 3443 816 3509 factus
851 3447 925 3495 est
966 3443 1029 3494 in
1061 3446 1223 3509 caput
1249 3444 1469 3508 anguli.
1501 3442 1647 3496 Nam
1672 3442 1720 3497 si

143 3527 211 3582 illi
236 3547 401 3602 supra
430 3529 864 3600 acquievissent,
894 3534 959 3584 ut
986 3529 1237 3583 dicerent
1282 3529 1481 3598 dignos
1509 3545 1569 3584 se
1599 3545 1719 3584 esse

142 3633 303 3686 pinna,
334 3636 453 3673 non
502 3618 726 3671 videtur
780 3617 949 3671 fuisse
998 3634 1228 3671 necesse
1270 3616 1422 3671 istud
1453 3618 1721 3688 proferre.

144 3704 283 3760 Nunc
308 3714 505 3761 autem
536 3722 631 3760 eos
658 3722 797 3777 quos
819 3706 1037 3759 dixerat
1064 3705 1339 3775 agricolas
1363 3706 1725 3759 aediﬁcatores

142 3792 318 3850 domus
345 3799 516 3851 vocat
542 3814 555 3861 ;
589 3798 647 3848 et
671 3794 833 3859 bene,
867 3795 999 3865 quia
1052 3794 1177 3865 ipsa
1204 3794 1385 3859 vinea,
1417 3798 1561 3848 teste
1587 3794 1725 3848 Pro-

144 3881 307 3951 pheta,
325 3884 533 3939 domus
558 3884 732 3938 Israel
759 3888 899 3937 erat.
923 3885 1003 3937 Ac
1029 3883 1076 3937 si
1104 3883 1320 3937 diceret
1337 3883 1434 3948 eis,
1465 3883 1608 3947 Quia
1632 3899 1728 3937 vos

142 3971 489 4027 aediﬁcatores
519 3972 655 4027 estis
684 3974 1085 4042 domus,quare
1115 3988 1227 4025 non
1258 3968 1514 4042 cogitatis
1540 3968 1599 4024 in
1630 3987 1727 4025 cu-

141 4059 221 4127 jus
245 4061 463 4116 aediﬁcii
495 4061 703 4131 angulo
746 4061 1038 4131 ponendus
1095 4060 1190 4113 ille
1222 4060 1362 4131 lapis
1391 4061 1483 4126 sit,
1518 4060 1587 4113 de
1618 4074 1726 4131 quo

145 4145 403 4220 Propheta
426 4150 600 4204 dicit:
625 4149 771 4204 Nam
798 4165 894 4203 vos
904 4148 1270 4203 aediﬁcatores
1290 4147 1508 4212 domus,
1530 4164 1725 4218 repro-

143 4232 343 4293 batores
366 4238 587 4293 inventi
606 4238 741 4292 estis
752 4238 921 4309 hujus
942 4236 1437 4309 lapidis.Nunquid
1458 4236 1517 4290 in
1540 4242 1726 4290 vestra

142 4327 411 4393 ponendus
430 4332 834 4391 eststructura,
857 4327 951 4397 qui
970 4325 1305 4398 reprobatur
1323 4341 1356 4379 a
1370 4316 1559 4378 vobis?
1594 4326 1724 4379 Non

1805 3189 1840 3225 a
1868 3189 1979 3243 quo
2008 3168 2260 3226 ablatum
2292 3178 2393 3236 est,
2432 3172 2565 3242 quia
2583 3172 2825 3227 fructum
2848 3174 2971 3243 ejus
2989 3186 3102 3227 non
3127 3172 3277 3228 fecit.
3293 3172 3404 3227 Sed

1804 3258 2272 3315 considerandum
2301 3260 2435 3331 quia
2463 3277 2635 3331 supra
2661 3261 2742 3315 illi
2772 3262 2977 3332 populo
3022 3277 3136 3316 non
3180 3265 3267 3315 est
3293 3261 3407 3316 dic-

1805 3354 1947 3415 tum,
1980 3349 2139 3403 dedit
2165 3366 2291 3403 eam
2318 3349 2550 3413 colonis,
2577 3349 2695 3414 sed,
2728 3350 2972 3416 Locavit,
3002 3350 3089 3405 vel
3110 3350 3255 3404 sicut
3282 3360 3404 3403 me-

1804 3438 1914 3492 lius
1939 3438 1997 3491 in
2027 3438 2219 3492 Graeco
2244 3437 2504 3504 habetur,
2527 3437 2782 3492 Tradidit
2831 3455 2955 3492 eam
2988 3438 3265 3507 agricolis.
3301 3438 3407 3493 Hic

1808 3532 1998 3580 autem
2021 3525 2295 3591 aufertur,
2318 3525 2416 3589 ait,
2451 3530 2509 3578 et
2536 3524 2763 3578 dabitur
2789 3525 2913 3579 aliis
2932 3526 3213 3595 agricolis.
3245 3525 3408 3589 Quod

1807 3614 1854 3667 si
1882 3630 2052 3684 supra
2076 3614 2156 3667 ita
2182 3613 2431 3675 dixisset,
2456 3614 2634 3679 dedit,
2660 3614 3151 3682 quemadmodum,
3184 3613 3404 3680 locavit,

1806 3702 1891 3755 vel
1912 3702 2175 3757 tradidit;
2200 3700 2600 3755 indissolubilis
2632 3706 2780 3754 esset
2811 3701 3063 3771 quaestio.
3114 3702 3275 3754 Nunc
3304 3717 3405 3754 au-

1807 3794 1921 3843 tem
1948 3789 2173 3843 dabitur
2195 3788 2350 3853 dixit,
2375 3788 2508 3858 quia
2530 3788 2676 3859 quod
2701 3788 2868 3841 datur
2880 3785 3057 3858 gratis
3071 3782 3404 3858 intelligitur

1809 3879 2023 3942 datum,
2057 3878 2205 3948 quod
2237 3893 2364 3930 vero
2394 3877 2612 3930 locatur
2638 3877 2723 3929 vel
2747 3876 3010 3939 traditur,
3044 3891 3155 3929 non
3176 3876 3404 3929 omnino

1808 3967 1984 4038 gratis
2012 3966 2196 4031 datur,
2224 3982 2407 4035 neque
2458 3965 2617 4035 quasi
2650 3964 2840 4018 electis
2875 3964 2963 4018 vel
2994 3963 3251 4017 ﬁdelibus
3278 3969 3399 4018 tra-

1809 4056 1953 4110 didit
1979 4056 2065 4109 vel
2093 4055 2314 4119 locavit,
2348 4054 2493 4107 sicut
2538 4052 2741 4123 quibus
2772 4052 2949 4122 gratis
2976 4052 3129 4105 dedit
3158 4068 3285 4105 cum
3311 4053 3401 4122 ju-

1808 4146 1952 4199 dicio
1982 4143 2286 4208 electionis,
2325 4148 2383 4197 et
2410 4159 2523 4196 non
2572 4158 2638 4196 ex
2691 4141 2892 4196 merito
2931 4157 3046 4196 sua)
3074 4140 3317 4205 virtutis,
3342 4145 3407 4194 ut

1808 4234 1921 4288 sint
1942 4233 2174 4303 justitia:
2199 4232 2299 4287 Dei
2331 4229 2586 4302 subjecti,
2621 4237 2677 4285 et
2722 4246 2835 4284 non
2873 4230 2989 4284 suis
3048 4228 3310 4300 operibus
3340 4246 3408 4284 ex

1806 4323 1928 4392 lege
1952 4321 2265 4392 justiﬁcati.
2301 4320 2446 4384 Quia
2481 4320 2611 4373 talis
2659 4317 2885 4390 justitia
2924 4317 3096 4373 habet
3118 4318 3406 4384 meritum,

141 4414 332 4485 utique,
368 4417 473 4471 sed
499 4416 558 4470 in
580 4416 688 4470 alio
708 4415 1033 4481 aediﬁcio,et
1051 4415 1110 4469 in
1128 4415 1334 4486 angulo
1363 4414 1602 4468 duorum
1629 4404 1788 4484 po—D
1807 4412 1905 4465 sed
1936 4426 2050 4464 non
2082 4426 2147 4463 ex
2173 4410 2308 4463 Deo.
2343 4409 2611 4479 Sequitur

142 4502 400 4571 pulcrum,
422 4510 491 4560 ut
514 4521 628 4559 una
657 4504 730 4559 sit
747 4505 967 4571 domus,
991 4504 1136 4558 sicut
1149 4509 1207 4558 et
1220 4520 1253 4557 a
1272 4502 1430 4557 vobis
1450 4502 1725 4556 translata

142 4591 1191 4664 unaestvinea,unaqueEcclesia.Quod
1206 4592 1252 4645 si
1265 4591 1416 4646 aliud
1428 4589 1726 4644 aediﬁcium

142 4677 371 4736 futurum
394 4689 506 4749 est,
527 4688 715 4737 vestra
724 4681 1018 4736 aediﬁcatio
1033 4678 1467 4750 contemptibilis
1484 4679 1728 4742 est.Quse

140 4766 388 4825 nimirum
418 4770 762 4824 constructio
784 4785 995 4835 versus,
1022 4770 1185 4838 juxta
1236 4768 1482 4822 litteram
1508 4766 1730 4821 videtur

142 4857 474 4914 solaecismus
487 4856 1154 4922 esse,sicutillud,urbem
1166 4873 1334 4927 quam
1350 4861 1535 4910 statuo
1548 4861 1732 4910 vestra

142 4950 231 5012 est,
267 4964 368 5016 pro
398 4963 470 5001 eo
497 4946 649 5017 quod
670 4945 865 4999 debuit
892 4944 1076 4999 dicere
1108 4944 1262 4998 urbs.
1281 4945 1391 4999 Sed
1418 4945 1523 4998 hoc
1550 4960 1729 5014 genus

143 5038 214 5087 est
238 5034 538 5089 locutionis
561 5035 619 5089 in
644 5033 948 5106 Scripturis
969 5032 1194 5097 divinis,
1211 5049 1276 5088 eo
1294 5033 1442 5104 quod
1482 5032 1732 5104 oportuit

142 5118 327 5190 dicere,
345 5124 520 5195 Lapis
536 5140 706 5195 quem
729 5123 1187 5194 reprobaverunt,
1216 5122 1334 5194 ipse
1362 5122 1542 5176 factus
1569 5128 1652 5175 est
1676 5121 1736 5175 in

143 5213 592 5283 caputanguli,ut
610 5213 826 5282 duasin
842 5229 901 5266 se
917 5214 1223 5282 conjungat
1232 5210 1733 5282 parietes.Quiailli

142 5297 372 5355 siessent
383 5302 753 5355 aediﬁcatores
765 5300 1392 5373 probabiles,nunquam
1407 5298 1728 5369 hujusmodi

143 5384 367 5457 lapidem
383 5389 889 5460 reprobassentDe
909 5406 1018 5461 quo
1039 5406 1173 5444 sane
1186 5389 1370 5461 lapide
1392 5388 1566 5443 Isaias
1577 5388 1724 5442 dixe~

144 5482 245 5531 rat:
270 5479 404 5534 Ecce
432 5495 575 5548 pono
595 5483 661 5533 in
675 5479 812 5535 Sion
839 5478 1077 5548 lapidem
1098 5482 1159 5533 in
1179 5480 1729 5546 fundamentum,la-

142 5566 310 5630 Fidem
339 5564 594 5635 electum,
604 5570 929 5638 pretiosum,
947 5566 1301 5635 angularem,
1324 5570 1371 5621 et
1384 5568 1484 5637 qui
1492 5566 1729 5621 credide-

1879 4500 1943 4553 Et
1973 4502 2069 4568 qui
2099 4499 2288 4552 cecidit
2310 4513 2473 4565 super
2501 4497 2742 4565 lapidem
2770 4498 2962 4561 istum,
2994 4496 3402 4562 confringetur.

1808 4604 1975 4657 super
2005 4604 2165 4656 quem
2194 4601 2320 4640 vero
2361 4585 2632 4649 ceciderit,
2664 4589 2901 4639 conteret
2928 4600 3072 4638 eum.
3104 4583 3185 4637 De
3226 4582 3408 4652 seipso

1810 4676 1963 4740 dicit,
1990 4674 2123 4745 quia
2134 4691 2193 4728 se
2213 4674 2332 4728 vult
2349 4672 2587 4742 intelligi
2617 4672 2863 4744 positum
2893 4672 2951 4725 in
2978 4670 3407 4725 fundamentum

1810 4764 1983 4818 totius
2014 4762 2287 4818 Ecclesiae.
2318 4761 2478 4825 Quod
2508 4760 2661 4815 aliud
2702 4766 2787 4814 est
2815 4759 3096 4814 offendere
3122 4757 3409 4813 Christum

1811 4869 1910 4923 per
1939 4852 2090 4906 mala
2118 4867 2307 4922 opera,
2342 4855 2399 4903 et
2426 4849 2578 4903 aliud
2607 4865 2815 4919 negare
2862 4847 3169 4914 Christum,
3198 4852 3256 4901 et
3283 4863 3318 4902 a
3348 4863 3410 4902 se

1811 4942 2099 5012 repellere.
2119 4938 2277 4995 Unde
2297 4938 2391 5009 qui
2418 4941 2677 5008 peccator
2697 4941 2799 5001 est,
2839 4940 3028 5002 θῦε
3058 4941 3117 4990 et
3132 4940 3324 4990 tamen
3351 4936 3412 4990 in

1813 5031 1909 5085 illo
1931 5029 2123 5095 credit,
2145 5027 2296 5082 cadit
2317 5026 2570 5097 quidem,
2593 5025 2689 5079 sed
2710 5040 2879 5095 super
2906 5020 3171 5095 lapidem,
3207 5028 3265 5079 et
3286 5023 3412 5078 ideo

1815 5118 2186 5189 confringitur
2204 5117 2272 5171 ad
2295 5114 2703 5187 paenitentiam,
2738 5113 2835 5167 sed
2863 5128 2976 5167 non
3018 5112 3248 5166 omnino
3275 5127 3411 5166 con-

1813 5208 2017 5262 teritur
2034 5205 2258 5278 penitus
2314 5204 2384 5258 ad
2429 5202 2743 5265 interitum,
2773 5201 2907 5273 quia
2931 5205 3186 5255 servatur
3216 5198 3411 5255 allisus

1815 5296 2153 5350 contritione
2182 5292 2385 5356 cordis,
2418 5291 2487 5345 ad
2517 5290 2926 5362 indulgentiam
2971 5288 3186 5343 salutis.
3230 5288 3412 5360 Super

1811 5402 1978 5457 quem
2008 5400 2139 5437 vero
2178 5384 2272 5437 ille
2302 5381 2585 5447 ceciderit,
2618 5381 2724 5434 hoc
2773 5384 2877 5445 est,
2910 5395 3074 5450 quem
3120 5377 3262 5449 lapis
3292 5378 3413 5449 ipse

1809 5473 2065 5544 repulsus
2122 5489 2157 5526 a
2196 5471 2362 5526 corde
2392 5469 2750 5542 oppresserit,
2781 5467 2838 5520 id
2882 5472 2969 5521 est
2992 5465 3091 5537 qui
3123 5466 3410 5521 Christum

1809 5561 2117 5635 negaverit,
2136 5561 2214 5617 sic
2242 5563 2497 5617 conteret
2519 5574 2649 5613 eum
2676 5562 2741 5613 ut
2767 5572 2872 5612 nec
2897 5560 3048 5611 testa
3067 5553 3297 5633 quidem
3311 5569 3404 5608 re-
