3872 6158
415 317 520 373 735

1178 316 1236 387 S.
1278 311 1656 369 PASCHASII
1693 310 2055 368 RADBERTI
2091 310 2396 367 ABBATIS
2439 310 2931 370 CORBEIENSIS.

3578 296 3669 363 736

413 447 659 508 maneat,
694 457 809 513 qua
833 441 1137 496 hauriatur
1165 439 1432 512 pusillum
1484 454 1661 508 aquae,
1693 437 1779 491 vel
1810 438 1867 491 in
1896 440 2072 509 quaA
2094 436 2541 503 fundamentum,
2569 437 2627 491 id
2680 442 2766 492 est
2820 441 3015 503 899
3060 452 3234 507 supra
3281 439 3520 507 petram,
3562 449 3672 505 qua:

406 536 673 602 portetur
696 531 980 601 igniculus
1008 531 1077 584 de
1109 528 1382 583 incendio.
1422 527 1662 591 Quidam
1693 534 1885 580 tamen
1916 544 2012 580 vo-

416 619 560 683 lunt,
585 636 678 673 eos
700 620 795 690 qui
828 636 995 689 super
1020 618 1263 688 lapidem
1293 615 1613 681 ceciderint,
1647 616 1883 685 intelligi
1917 616 2012 685 qui

417 714 647 779 prOpter
670 707 953 761 Christum
986 722 1218 776 corpora
1255 720 1358 757 sua
1412 704 1470 757 in
1501 710 1739 757 mortem
1770 704 2014 756 tradide-

417 802 571 861 runt,
596 796 650 848 id
681 801 782 859 est,
818 810 987 864 super
1005 794 1186 864 ipsum
1205 791 1524 846 occubuerit
1550 798 1607 846 et
1629 792 2013 861 confringatur

418 899 549 937 caro
572 888 627 936 et
669 899 794 936 ossa
814 899 1029 936 eorum.
1065 883 1244 952 Super
1271 898 1410 951 quos
1434 897 1562 934 vero
1589 882 1845 935 Christus
1869 881 2010 935 ceci-

416 971 581 1037 derit,
623 971 680 1024 id
729 977 831 1035 est,
861 971 956 1041 qui
985 987 1113 1024 eum
1144 970 1371 1041 penitus
1399 969 1741 1039 negaverint,
1779 975 1845 1023 ut
1871 970 2006 1035 dixi,

416 1060 601 1112 veniet
630 1058 740 1112 illis
756 1059 1000 1129 desuper
1022 1058 1080 1111 in
1102 1059 1399 1128 judicium,
1417 1075 1545 1112 cum
1576 1074 1737 1128 paena
1750 1058 2014 1127 perditio-

416 1145 523 1198 nis.
558 1145 627 1198 Et
650 1145 776 1199 ideo
802 1146 959 1210 dixit,
989 1153 1241 1199 conteret
1270 1163 1383 1208 eos,
1416 1151 1480 1199 ut
1526 1146 1640 1199 sint
1671 1146 1827 1217 impii
1885 1153 2011 1200 tan-

418 1250 585 1304 quam
618 1234 797 1305 pulvis
821 1250 989 1304 quem
1023 1234 1249 1304 projicit
1295 1239 1492 1287 ventus
1544 1251 1578 1288 a
1636 1235 1775 1289 facie
1812 1242 2001 1293 terrae.

415 1322 686 1375 Nonnulli
713 1339 845 1376 vero
874 1328 1090 1376 textum
1120 1329 1418 1393 sequentes
1448 1328 1504 1375 et
1533 1323 2009 1378 circumstantiam

418 1410 694 1473 lectionis,
726 1410 921 1465 dicunt
942 1416 1139 1480 gentes
1167 1427 1305 1474 esse,
1340 1427 1462 1481 quae
1516 1428 1686 1483 super
1725 1413 2009 1467 Christum

420 1498 592 1552 allisa:
622 1504 771 1561 sunt,
803 1504 860 1552 et
883 1498 1024 1553 bene
1046 1500 1114 1553 de
1146 1499 1407 1570 superbia
1431 1516 1535 1554 sua
1565 1502 1887 1555 ceciderunt
1914 1519 2011 1556 su-

419 1602 521 1656 per
543 1602 692 1651 eum,
719 1592 777 1640 et
803 1587 1097 1642 confracta
1124 1589 1180 1642 in
1209 1590 1583 1644 humilitatem
1618 1596 1683 1644 ut
1730 1591 2013 1644 salvaren-

2095 526 2352 579 Christus
2375 531 2479 589 est,
2515 526 2753 597 quisque
2784 527 2934 580 cadit
2961 542 3071 579 non
3103 526 3183 579 sic
3209 523 3597 593 confringitur,
3623 527 3679 575 ut

2094 631 2206 668 non
2251 621 2448 685 potens
2481 615 2556 668 sit
2609 616 2815 684 ﬁgulus
2863 615 2965 668 luti
2991 615 3060 667 de
3090 614 3301 667 eisdem
3346 612 3565 669 testulis
3593 626 3678 663 vas

2094 719 2289 757 rursus
2333 703 2575 756 formare
2599 703 2657 756 in
2686 703 2975 768 honorem,
3035 701 3142 755 nisi
3194 702 3338 754 forte
3367 699 3681 753 obduruerit

2095 790 2317 859 aliquis,
2347 806 2417 844 ne
2444 789 2699 844 bitumen
2731 790 2964 861 recipiat
2992 790 3304 855 charitatis,
3331 794 3388 842 et
3415 803 3489 841 ne
3505 786 3683 840 molle-

2094 895 2248 933 scere
2270 879 2446 950 possit
2464 895 2659 933 rursus
2681 880 2751 932 ad
2778 878 3122 932 ablutionem
3146 877 3383 948 peccati.
3414 876 3680 930 Caeterum

2094 984 2263 1039 super
2290 985 2457 1039 quem
2486 968 2628 1039 lapis
2657 968 2825 1033 cadit,
2857 984 2970 1021 non
3025 966 3296 1037 quaeritur
3324 981 3498 1035 quam
3525 979 3681 1033 grave

2095 1056 2264 1111 fuerit
2292 1057 2441 1127 quod
2470 1073 2800 1128 oppressum
2830 1062 2916 1110 est
2945 1055 3165 1119 subtus,
3209 1060 3311 1108 aut
3353 1069 3528 1123 quam
3556 1052 3679 1116 leve,

2094 1161 2166 1198 ne
2196 1151 2296 1199 aut
2318 1146 2388 1199 de
2417 1146 2551 1210 alto,
2575 1150 2675 1199 aut
2698 1145 2767 1198 de
2794 1144 3015 1211 humili,
3032 1144 3166 1215 quia
3185 1149 3337 1197 totus
3363 1140 3682 1195 conteritur.

2094 1237 2164 1290 Et
2184 1234 2307 1287 ideo
2328 1234 2469 1287 forte
2491 1234 2842 1288 Christianus
2863 1250 3098 1305 peccans
3123 1249 3236 1286 non
3265 1237 3493 1285 tantum
3528 1229 3680 1300 perit,

2096 1329 2367 1393 quantum
2400 1329 2585 1393 potest
2613 1339 2739 1376 eum
2766 1322 2999 1395 perdere
3029 1321 3307 1386 Christus,
3336 1319 3420 1373 vel
3471 1324 3683 1389 quanta:

2095 1411 2316 1465 virtutis
2336 1412 2591 1466 Christus
2608 1416 2713 1476 est,
2734 1412 2832 1465 sed
2861 1417 3135 1483 quantum
3153 1426 3212 1463 se
3244 1410 3366 1481 ipse
3384 1408 3685 1462 secundum

2097 1515 2266 1569 opera
2297 1516 2398 1565 sua
2427 1500 2751 1571 perdiderit.
2786 1499 2997 1554 Idcirco
3053 1498 3261 1568 cogitet
3315 1496 3684 1563 Christianus,

2096 1588 2230 1642 dum
2261 1595 2503 1659 tempus,
2530 1596 2586 1642 et
2604 1604 2774 1659 super
2794 1595 3008 1659 petram
3027 1593 3131 1653 est,
3154 1603 3265 1656 quo
3291 1586 3544 1657 pondere
3576 1600 3684 1655 pee-

418 1679 533 1727 tur.
567 1674 710 1738 Quia
738 1692 862 1729 cum
888 1676 967 1729 sic
987 1677 1251 1731 ceciderit
1274 1679 1482 1747 justus,
1526 1695 1637 1733 non
1669 1686 2007 1744 conteretur,
2095 1685 2346 1731 catorum
2389 1679 2681 1748 premitur,
2715 1678 2799 1731 vel
2825 1693 2991 1748 quam
3024 1676 3094 1730 de
3123 1676 3256 1740 alto,
3280 1676 3336 1728 id
3366 1681 3454 1729 est
3472 1675 3547 1727 de
3578 1689 3678 1744 quo

419 1762 553 1832 quia
581 1763 852 1818 Dominus
876 1764 1141 1835 supponit
1170 1783 1397 1820 manum
1429 1784 1610 1821 suam.
1637 1769 1817 1839 Super
1844 1786 2010 1840 quem
2029 1748 2272 1836 Bgradu
2287 1766 2485 1820 cecidit
2509 1785 2521 1833 ;
2547 1773 2611 1821 ut
2646 1772 2782 1837 puta
2810 1766 2856 1819 si
2883 1766 3122 1819 clericus
3151 1770 3236 1818 est
3255 1769 3356 1817 aut
3372 1763 3681 1827 continens,

417 1866 548 1904 vero
580 1851 860 1916 ceciderit,
899 1852 956 1906 id
1000 1860 1102 1918 est,
1136 1871 1305 1925 super
1332 1856 1570 1921 Iudaeos,
1599 1857 1693 1927 qui
1721 1874 1848 1911 eum
1888 1874 1920 1911 a
1950 1875 2010 1912 se
2093 1855 2140 1909 si
2156 1855 2414 1908 sacerdos
2434 1861 2537 1919 est,
2560 1855 2859 1909 autLevita
2875 1854 2960 1908 vel
2984 1853 3309 1915 Monachus,
3337 1853 3384 1906 si
3407 1852 3582 1906 vidua
3611 1856 3685 1905 est

419 1940 769 2009 expulerunt,
793 1947 1144 2010 conteretur;
1178 1949 1235 1997 et
1264 1944 1389 1998 ideo
1431 1946 1508 1999 sic
1538 1946 1763 2000 contriti
1802 1953 1933 2001 sunt
1952 1954 2012 2002 et
2092 1944 2177 1997 vel
2206 1943 2380 2013 virgo.
2408 1943 2681 1997 Similiter
2710 1948 2767 1997 et
2794 1942 3122 2013 magnitudo
3169 1942 3379 2013 peccati
3407 1941 3496 1995 vel
3526 1956 3689 1995 enora

418 2028 746 2082 comminuti
776 2045 903 2082 cum
929 2031 1145 2085 venerit
1169 2032 1241 2085 ad
1264 2033 1560 2102 judicium,
1586 2040 1651 2087 ut
1691 2035 1829 2088 nihil
1859 2037 2006 2090 aliud
2092 2032 2257 2086 mitas
2309 2032 2715 2086 consideranda
2769 2038 2871 2086 est.
2903 2032 3066 2098 Quia,
3098 2031 3243 2086 sicut
3292 2030 3425 2095 dixi,
3465 2036 3685 2085 tantum

417 2118 769 2187 superveniet
798 2118 897 2183 eis,
929 2119 1038 2173 nisi
1086 2121 1412 2190 repentinus
1458 2123 1739 2177 interitus.
1774 2124 2010 2194 Magnus
2092 2121 2479 2192 unusquisque
2503 2120 2893 2191 confringitur,
2928 2126 3138 2192 quanto
3188 2120 3431 2191 amplius
3467 2119 3687 2189 gravius

417 2210 504 2258 est
522 2221 655 2275 ergo
676 2205 781 2259 iste
802 2207 946 2277 lapis
974 2214 1031 2261 et
1057 2208 1233 2263 fortis.
1255 2210 1324 2263 Et
1349 2210 1474 2264 ideo
1495 2212 1813 2282 quicunque
1842 2230 2009 2283 super
2090 2210 2416 2281 peccaverit.
2449 2210 2555 2273 Qui
2585 2216 2775 2264 autem
2826 2226 2938 2263 non
2989 2209 3059 2263 de
3087 2210 3201 2263 alto
3230 2208 3462 2263 honoris
3508 2209 3686 2279 gradu

420 2307 551 2345 eum
581 2293 730 2346 cadit
759 2299 814 2346 et
843 2296 1084 2364 percutit
1112 2313 1260 2361 eum,
1295 2298 1414 2368 ipse
1443 2316 1502 2353 se
1546 2300 1761 2353 collidit
1789 2307 1844 2355 et
1872 2318 2007 2355 con-
2089 2298 2305 2363 cecidit,
2339 2315 2522 2369 neque
2555 2298 2625 2352 de
2654 2298 2900 2369 pondere
2944 2298 3218 2368 gravioris
3272 2297 3488 2368 peccati
3519 2313 3685 2367 super

420 2378 645 2448 fringit;
668 2380 910 2451 lapidem
950 2400 1081 2437 vero
1112 2385 1393 2439 Christum
1422 2388 1754 2441 nemolaedit
1778 2406 1790 2454 ;
1811 2405 1870 2442 se
1888 2389 2008 2459 qui—
2091 2387 2395 2453 Christum,
2427 2403 2610 2458 neque
2638 2403 2811 2441 arena
2848 2386 3182 2441 delictorum
3209 2392 3476 2457 gravatus
3497 2386 3683 2449 fuerit,

420 2467 548 2520 dem
576 2470 901 2539 corrumpit,
926 2472 1058 2542 quia
1077 2490 1248 2543 super
1273 2474 1511 2543 lapidem
1548 2482 1805 2546 peccator
1837 2478 2004 2531 cadit.
2089 2475 2372 2529 interdum
2402 2476 2532 2529 talis
2582 2491 2696 2529 non
2747 2475 2988 2539 laeditur,
3022 2486 3137 2528 neu
3172 2476 3414 2529 multum
3442 2474 3681 2539 laeditur,

418 2556 488 2609 Et
515 2572 627 2610 non
653 2557 794 2628 lapis
822 2576 950 2613 eum
977 2567 1196 2615 tantum
1228 2563 1525 2633 confringit
1555 2565 1688 2633 quia
1728 2564 2005 2635 benignus
2092 2564 2224 2635 quia
2253 2564 2502 2634 quotidie
2532 2563 2589 2617 in
2636 2563 2889 2617 oratione
2937 2562 3194 2633 precibus
3248 2569 3549 2634 purgatur.
3582 2562 3681 2617 Sed

418 2649 521 2705 est,
556 2651 828 2715 quantum
860 2648 980 2718 ipse
1017 2667 1077 2703 se
1104 2650 1286 2704 allidit
1312 2652 1382 2704 ad
1412 2652 1674 2722 lapidem.
1726 2655 1871 2718 Quia
1895 2673 2008 2710 non
2091 2653 2223 2722 quia
2241 2652 2530 2722 prolixitas
2545 2650 2672 2705 libri
2696 2653 2862 2705 ﬁnem
2883 2651 3408 2720 postulat,orandus
3432 2656 3519 2704 est
3538 2651 3682 2704 Deus

418 2734 723 2788 secundum
747 2753 806 2789 se
839 2739 985 2807 quod
1014 2739 1157 2809 lapis
1178 2740 1453 2805 estfortis,
1478 2742 1758 2811 frangitur
1784 2743 2003 2813 aliquis,
2084 2741 2319 2810 jugiter,
2347 2747 2411 2795 ut
2440 2740 2535 2810 qui
2555 2739 2713 2793 nobis
2741 2739 3055 2809 intelligere
3079 2739 3235 2793 dedit
3263 2740 3583 2809 periculum
3598 2755 3683 2793 no-

416 2822 513 2875 sed
544 2824 849 2878 secundum
880 2842 1049 2896 quam
1077 2827 1296 2881 fortiter
1318 2828 1435 2898 ipse
1451 2829 1727 2884 ceciderit.
1767 2831 2009 2886 Fortiter
2090 2833 2287 2894 strum,
2308 2828 2628 2899 ipsecavere
2648 2828 2933 2893 concedat,
2961 2844 3032 2881 ne
3052 2833 3151 2881 aut
3170 2827 3240 2881 de
3264 2828 3505 2897 altojam
3533 2828 3681 2881 ultra

416 2915 608 2964 autem
639 2913 806 2977 cadit,
842 2916 989 2984 quod
1007 2915 1157 2968 cadit
1179 2921 1277 2969 aut
1305 2922 1535 2986 propter
1562 2918 1780 2987 pondus
1793 2920 2007 2989 preprii
2090 2933 2339 2982 ruamus,
2362 2924 2459 2971 aut
2481 2917 2708 2987 gravius
2735 2933 3028 2987 peccemus
3053 2916 3338 2987 deinceps,
3370 2916 3457 2970 vel
3485 2916 3679 2970 multi-

415 2999 619 3064 oneris,
655 3006 755 3055 aut
783 3009 1010 3072 prapter
1037 3004 1412 3070 altitudinem,
1443 3021 1553 3074 qua
1584 3005 1821 3076 quisque
1840 3008 2063 3076 altiusn
2089 3005 2288 3075 plicius
2312 3004 2559 3058 minimis
2589 3005 2838 3075 quotidie
2880 3021 3179 3075 gravemur
3203 3004 3443 3058 delictis.
3474 3004 3600 3059 Imo
3619 3020 3679 3059 ea

416 3085 589 3138 fuerit
615 3055 968 3143 sublimatus.
1000 3092 1158 3145 Unde
1182 3108 1293 3145 non
1323 3055 1507 3165 omnis
1528 3055 1689 3147 casus
1716 3055 2065 3166 aequaliterC
2087 3055 2209 3165 quae
2226 3055 3053 3164 admisimusjiigiterdeicl’endo
3065 3100 3378 3164 tergamus;
3401 3100 3679 3165 quatenus

415 3178 673 3226 ruentem
704 3176 1022 3248 confringit,
1046 3180 1191 3233 sicut
1212 3196 1314 3233 nec
1325 3182 1615 3251 aequaliter
1634 3192 1828 3237 Omnes
1844 3185 2005 3254 juxta
2085 3199 2186 3253 per
2205 3183 2388 3253 ipsum
2407 3183 2713 3248 Christum,
2739 3183 2836 3253 qui
2853 3188 2938 3236 est
2958 3182 3098 3253 lapis
3124 3182 3300 3247 vivus,
3323 3198 3675 3247 renovemur,

412 3260 765 3329 Apostolum,
788 3280 958 3335 super
983 3265 1406 3323 fundamentum
1439 3271 1586 3339 quod
1616 3271 1872 3325 Christus
1898 3279 2000 3338 est,
2086 3287 2151 3324 ac
2167 3271 2541 3325 solidemurin
2559 3270 2779 3332 melius,
2804 3276 2866 3325 nt
2896 3287 2996 3342 per
3014 3271 3199 3341 ipsum
3228 3276 3286 3325 et
3306 3271 3367 3324 in
3390 3271 3513 3341 ipso
3534 3271 3679 3326 inter

416 3346 713 3403 aediﬁcant.
736 3352 805 3405 Et
833 3352 957 3408 ideo
984 3357 1294 3426 perpendat
1314 3359 1698 3429 unusquisque
1729 3366 2003 3429 quantum
2088 3361 2211 3430 ejus
2226 3360 2478 3413 membra
2506 3376 2994 3413 connumeremur.
3012 3360 3085 3413 Ut
3100 3359 3158 3413 in
3182 3359 3427 3425 Christo,
3445 3360 3516 3413 de
3544 3375 3672 3431 quo,

415 3439 473 3488 et
490 3436 639 3490 unde
663 3439 831 3506 cadit,
864 3447 921 3495 et
951 3444 1096 3513 quod
1127 3444 1290 3499 cadit.
1316 3446 1592 3510 Quoniam
1641 3448 1805 3501 aliter
1855 3450 2005 3503 cadit
2087 3454 2145 3503 et
2171 3450 2230 3502 in
2252 3465 2380 3519 quo,
2414 3453 2500 3502 est
2553 3448 2680 3501 ﬁnis
2735 3447 2883 3514 libri,
2916 3447 2975 3500 in
3004 3448 3123 3519 ipso
3170 3453 3227 3501 et
3254 3464 3355 3519 per
3381 3448 3571 3519 ipsum
3608 3448 3677 3502 sit

412 3539 516 3593 per
533 3524 929 3596 humilitatem,
959 3538 1020 3585 ut
1048 3541 1325 3604 resurgat,
1364 3541 1420 3589 et
1446 3535 1609 3589 aliter
1648 3536 1741 3590 ille
1770 3542 1835 3590 ut
1866 3554 2001 3591 con-
2085 3538 2347 3608 deinceps
2377 3536 2504 3590 ﬁnis
2524 3536 2752 3607 peccati,
2784 3542 2841 3591 et
2868 3536 3024 3606 origo
3042 3536 3216 3590 totius
3247 3536 3396 3591 boni.

410 3614 709 3686 1ringatur,
728 3623 785 3672 et
808 3620 954 3674 male
981 3620 1191 3676 fractus
1204 3624 1409 3693 jaceat.
1427 3625 1639 3678 Tamen
1665 3626 1798 3679 dum
1825 3643 1996 3697 super

410 3775 3675 3808 -——-—————————————_._,___—__.________—___—_

1534 3913 1945 3980 PROLOGUS
1995 3914 2209 3980 LIBRI
2256 3914 2551 3980 DECIMI.

482 4154 660 4207 Nemo
677 4157 1045 4226 evangelistas
1064 4175 1193 4213 cum
1215 4160 1353 4232 legit
1394 4162 1633 4217 aestimet
1644 4179 1739 4217 eos
1759 4164 1828 4217 de
1844 4163 2001 4218 Chri-
2080 4163 2139 4218 in
2167 4163 2321 4219 brevi
2339 4165 2500 4231 forte,
2525 4181 2751 4219 sensum
2781 4182 2975 4220 eorum
3006 4165 3216 4236 poteris
3244 4164 3568 4236 dignoscere
3601 4165 3671 4219 ad

410 4242 498 4291 sto
528 4239 739 4310 aliquid
766 4243 966 4297 falsum
994 4246 1237 4309 ﬁnxisse,
1262 4255 1327 4302 ut
1359 4251 1520 4303 multi
1562 4252 1881 4305 Judaeorum
1912 4269 2000 4305 ca-
2081 4253 2334 4323 plenum,
2365 4259 2572 4323 quanta
2597 4255 2784 4308 unitas
2804 4254 2861 4307 in
2892 4255 2973 4308 eis
3004 4255 3094 4320 sit,
3112 4260 3435 4325 quantaque
3457 4262 3672 4308 senten-

409 4326 761 4382 lumniantur
786 4349 798 4397 ;
826 4348 1010 4402 neque
1040 4335 1249 4405 aliquid
1276 4337 1326 4389 ei
1352 4338 1477 4407 plus
1503 4338 1787 4408 tribuisse,
1828 4350 1995 4411 quam
2018 4330 2065 4387 D
2084 4342 2293 4395 tiarum
2333 4343 2646 4409 concordia,
2694 4348 2904 4412 quanta
2963 4344 3229 4397 virtutum
3289 4343 3595 4407 harmonia,
3618 4348 3672 4395 et

411 4430 471 4468 se
491 4416 697 4469 veritas
721 4417 907 4483 habet,
922 4427 984 4474 ut
999 4423 1225 4491 quidam
1245 4441 1591 4493 paganorum
1607 4428 1959 4482 mentiuntur
1982 4447 1995 4496 ;

410 4518 593 4573 neque
610 4508 865 4574 quamvis
881 4508 1029 4569 inter
1049 4526 1108 4562 se
1140 4511 1321 4565 verbis
1343 4513 1660 4584 discrepare
1680 4514 1993 4583 videantur,

410 4607 577 4646 sensu
605 4598 800 4661 900
828 4596 885 4649 in
918 4598 1104 4668 aliquo
1133 4599 1239 4654 sibi
1269 4602 1551 4656 contraria
1578 4604 1892 4674 protulisse,
1935 4612 2001 4660 ut

409 4680 637 4749 plurimi
666 4684 915 4738 veritatis
952 4686 1161 4741 inimici
1199 4696 1532 4745 senserunt:
1557 4692 1821 4763 quoniam
1854 4711 2002 4749 unus

410 4766 468 4820 in
488 4768 570 4821 eis
584 4770 815 4839 spiritus
836 4772 960 4840 fuit,
984 4792 1096 4829 una
1117 4784 1172 4831 et
1189 4778 1437 4848 perfecta
1477 4781 1711 4836 scientia
1739 4782 1807 4835 de
1833 4783 1997 4836 Chri-

408 4860 514 4921 sto,
533 4862 590 4910 et
617 4874 731 4911 una
758 4861 915 4915 ﬁdes.
940 4862 1099 4926 Quod
1120 4872 1183 4919 ut
1202 4867 1420 4937 plenius
1437 4869 1615 4939 possis
1644 4887 1996 4940 cognoscere,

408 4944 655 5013 prudens
684 4947 877 5015 lector,
904 4968 1071 5022 quam
1126 4957 1476 5011 concorditer
1521 4958 1782 5017 dixerint.
1828 4974 1999 5028 quam

407 5047 669 5098 consone,
690 5035 822 5090 licet
839 5037 896 5091 in
914 5041 1106 5095 multis
1125 5044 1390 5099 variando
1406 5046 1602 5112 verbis,
1627 5046 1696 5100 ob
1717 5046 2000 5117 dispensa-

406 5119 616 5176 tionem
655 5135 1131 5183 sacramentorum
1161 5132 1279 5198 Dei,
1303 5135 1575 5188 nonnulla
1591 5135 1759 5187 etiam
1776 5140 2000 5205 praeter-

406 5209 701 5279 mittendo,
733 5230 833 5268 seu
868 5217 1092 5287 propria
1125 5219 1376 5286 dicendo,
1394 5223 1477 5275 vel
1502 5223 1884 5294 postponendo
1897 5222 1994 5277 ali-

409 5313 541 5367 qua,
591 5301 872 5356 interdum
898 5305 1063 5358 antici
1071 5308 1254 5376 pando
1278 5310 1363 5363 vel
1387 5312 1805 5382 recapitulando
1828 5313 1998 5384 pluri-

406 5387 641 5447 ma,haec
652 5392 1088 5448 omniavicissim
1103 5412 1225 5466 quae
1245 5398 1525 5452 contraria
1538 5399 1796 5454 videntur
1814 5401 1998 5455 indoc-

405 5474 478 5528 tis
498 5476 907 5547 velineruditis,
927 5482 1092 5536 velim
1130 5484 1283 5553 legas
1302 5483 1451 5539 beati
1482 5488 1781 5557 Augustini
1826 5489 1995 5543 libros

406 5570 665 5638 quatuor,
696 5585 834 5639 quos
862 5571 1038 5627 edidit
1062 5573 1132 5628 de
1159 5574 1458 5631 Corcordia
1486 5579 1950 5648 evangelistarum
1978 5598 1991 5645 ;

2080 4431 2344 4500 splendor
2372 4431 2693 4497 varietatis;
2719 4438 3073 4503 quantusque
3103 4437 3338 4486 ornatus
3380 4433 3669 4494 dictorum,

2080 4534 2297 4572 necnon
2324 4525 2377 4573 et
2406 4520 2799 4591 multiplicatio
2824 4537 3108 4585 sensuum,
3142 4526 3200 4573 et
3217 4520 3444 4574 claritas
3463 4535 3672 4573 sermo-

2081 4625 2236 4662 num.
2262 4609 2348 4662 Ita
2376 4615 2441 4662 ut
2469 4626 2533 4661 ex
2561 4626 2627 4662 eo
2669 4609 2815 4678 quod
2860 4609 3077 4662 variant
3102 4608 3345 4662 divinior
3371 4624 3560 4662 sensus
3586 4608 3671 4660 in-

2081 4696 2371 4764 telligatur
2395 4697 2579 4751 inesse
2604 4697 2737 4759 illis,
2760 4702 2817 4750 et
2859 4696 3145 4751 affluentia
3196 4697 3440 4767 Spiritus
3494 4697 3666 4750 sancti

2081 4784 2484 4848 uberior.Quia
2505 4786 2609 4839 etsi
2632 4790 2877 4855 quatuor
2892 4790 3024 4838 sunt
3060 4786 3382 4854 Evangelia,
3414 4801 3552 4840 unus
3579 4790 3666 4838 est

2081 4873 2204 4925 fons
2235 4889 2471 4942 surgens
2495 4874 2564 4928 de
2593 4881 2744 4928 terra
2771 4890 2839 4927 ex
2891 4890 3002 4944 qua
3028 4873 3233 4927 veritas
3276 4879 3403 4927 orta
3444 4879 3543 4936 est,
3572 4871 3669 4944 qui

2081 4977 2304 5015 omnem
2343 4962 2541 5031 irrigat
2570 4969 2780 5017 terram
2806 4968 2863 5016 et
2890 4962 3209 5033 paradisum
3230 4962 3546 5033 aprincipio
3562 4959 3674 5030 pri-

2080 5065 2187 5103 ma;
2209 5049 2505 5104 creationis
2529 5051 2649 5105 Dei.
2690 5051 2926 5121 Ipseque
2961 5049 3158 5103 dividit
3208 5050 3265 5103 in
3299 5057 3535 5121 quatuor
3560 5049 3668 5101 llu—

2080 5137 2297 5191 minum
2320 5138 2519 5209 capita,
2548 5145 2605 5193 et
2642 5139 2881 5192 inebriat
2908 5143 3089 5192 totum
3120 5138 3457 5208 quadratum
3483 5136 3668 5191 orbem

2078 5227 2487 5297 superfundens
2517 5227 2723 5281 omnia.
2759 5228 2829 5280 Et
2854 5228 2981 5281 ideo
3010 5243 3123 5281 non
3148 5232 3403 5298 possunt,
3434 5232 3495 5281 ut
3516 5224 3668 5296 pravi

2078 5315 2337 5369 homines
2366 5322 2642 5369 conantur
2670 5331 2940 5381 asserere,
2971 5316 3121 5370 inter
3170 5332 3231 5369 se
3291 5332 3410 5370 esse
3447 5313 3664 5379 diversi,

2080 5404 2212 5474 quia
2231 5404 2300 5457 ab
2317 5421 2427 5458 uno
2440 5405 2624 5458 fluunt
2638 5404 3052 5475 fontisimpetu,
3077 5421 3180 5458 nec
3198 5404 3425 5458 aliunde
3440 5417 3663 5456 manare

2082 5491 2391 5563 probantur
2420 5510 2585 5563 quam
2618 5494 2687 5547 de
2715 5494 2973 5565 paradiso
3002 5493 3123 5560 Dei,
3142 5493 3291 5548 unde
3319 5494 3427 5548 ista
3449 5488 3662 5563 justitia

2080 5581 2322 5636 caelestis
2349 5583 2417 5637 de
2439 5583 2577 5637 ccelo
2604 5584 2909 5654 prospexit,
2942 5589 2999 5638 et
3025 5584 3097 5639 ad
3152 5600 3254 5638 nos
3301 5598 3475 5655 usque
3494 5577 3658 5639 venit.
