3872 6158
200 222 295 280 737
920 220 1300 277 EXPOSITIO
1339 221 1418 277 IN
1454 220 1905 278 MATTHEUM.
1942 252 2007 263 —
2046 224 2184 278 LIB.
2228 224 2324 291 1x,
2368 215 2527 280 exp.
2573 227 2722 281 xx1.
3347 229 3451 288 738

196 348 316 420 quia
337 347 717 418 justiﬁcamur
743 362 954 401 omnes.
996 347 1227 401 Constat
1265 345 1456 416 igitur,
1501 346 1632 417 quia
1658 363 1771 401 non
1787 350 1837 409 Α
1855 347 2023 411 rium,
2048 347 2301 419 quisquis
2326 353 2477 402 recte
2497 348 2851 417 intellexerit,
2878 366 2991 406 non
3014 353 3175 408 aliter
3192 354 3446 426 accipiet,

193 442 366 509 potest
392 452 514 489 esse
557 435 838 489 diversum
880 436 1029 507 quod
1059 441 1146 489 est
1172 452 1368 489 unum.
1402 436 1546 489 Nam
1575 441 1632 490 et
1667 435 1773 506 ipsi
1854 436 1976 490 istis
2008 453 2184 491 unum
2211 437 2586 502 narrantibus,
2611 439 2705 509 qui
2722 440 2791 493 ad
2827 440 2930 493 hoc
2952 447 3082 496 ante
3107 443 3299 496 mundi
3325 460 3453 498 con-

195 526 509 597 priusquam
539 524 659 578 nati
686 531 874 579 essent
901 525 958 578 in
990 541 1175 584 carne.
1209 525 1267 578 in
1297 526 1574 595 paradiso.
1608 525 1661 578 id
1690 531 1775 579 est
1856 524 2206 579 stitutionem
2229 526 2589 596 praeordinati
2619 534 2754 582 sunt
2782 529 2839 582 in
2872 530 3168 601 Evangelio
3197 532 3301 585 hoc
3320 548 3453 602 qua-

194 615 245 668 in
269 614 424 678 caelo,
456 612 560 667 visi
589 618 753 680 sunt;
778 630 878 685 per
905 631 1043 685 quos
1073 631 1137 667 ac
1161 614 1208 667 si
1228 630 1327 684 per
1349 614 1495 667 vivos
1517 614 1772 668 Christus
1855 613 2172 684 dripartito,
2199 631 2366 684 quam
2396 615 2443 668 si
2472 616 2648 686 ipsam
2682 634 2909 671 manum
2934 618 3177 685 Domini,
3197 636 3366 691 quam
3394 620 3453 674 in

194 705 288 758 huc
329 703 572 773 illucque
599 702 746 757 ﬂuit.
778 703 936 758 Unde
981 709 1037 757 et
1077 708 1271 773 postea
1314 719 1348 757 a
1374 704 1608 767 Joanne,
1643 719 1771 757 cum
1855 701 2081 772 proprio
2111 719 2341 772 corpore
2372 720 2472 756 suo
2492 703 2768 773 gestabat,
2792 705 3125 761 scribentem
3149 724 3453 779 conspexe-

194 795 328 844 esset
362 790 482 860 ipse
528 805 675 843 unus
715 805 782 843 ex
816 790 1046 856 eisdem,
1078 789 1137 842 in
1181 790 1316 843 coelo
1347 790 1445 843 visi
1473 795 1605 844 sunt
1633 807 1697 843 ac
1725 790 1773 843 si
1856 789 1948 842 rit.
1988 790 2057 843 Et
2085 790 2208 843 ideo
2237 791 2380 844 ratio
2406 797 2493 845 est
2519 797 2581 845 ut
2608 793 2754 846 sicut
2781 800 2912 847 ante
2942 796 3212 850 thronum
3242 798 3343 851 Dei
3379 798 3452 852 ad

190 883 422 949 quatuor
449 877 718 932 animalia
748 897 761 944 ;
819 878 915 932 ubi
939 895 1067 932 cum
1106 878 1306 932 darent
1342 878 1424 931 illi
1448 878 1687 949 gloriam
1719 884 1776 933 et
1855 895 2043 932 vocem
2078 895 2271 932 eorum
2300 879 2499 948 viginti
2529 886 2583 933 et
2613 887 2855 951 quatuor
2871 883 3119 938 seniores
3146 886 3455 955 procedunt

192 968 452 1021 honorem
482 971 539 1021 et
563 966 1009 1021 benedictionem
1039 967 1256 1021 sedenti
1285 984 1455 1037 super
1483 968 1769 1035 thronum,
1857 972 1915 1019 et
1938 966 2200 1020 adorant:
2228 967 2310 1020 ita
2337 973 2394 1021 et
2420 985 2521 1021 nos
2543 986 2787 1025 consona
2811 988 2942 1025 voce
2963 972 3160 1027 demus
3184 974 3454 1030 honorem

189 1057 371 1127 viginti
398 1061 456 1110 et
484 1060 728 1127 quatuor
754 1057 1003 1111 seniores
1033 1056 1343 1128 procedunt
1371 1057 1659 1111 mittentes
1688 1074 1777 1111 co-
1856 1056 1972 1109 Deo
2002 1061 2061 1108 et
2087 1056 2313 1109 laudem
2349 1072 2414 1109 ac
2451 1058 2689 1127 gloriam
2757 1065 2813 1114 et
2840 1061 3137 1115 adoremus
3179 1062 3457 1118 viventem

191 1162 345 1199 ronas
364 1150 582 1209 suas,et
599 1145 1409 1200 adorantviventeminsaicula
1422 1147 1771 1200 saeculorum.
1857 1144 1913 1197 in
1944 1144 2147 1198 saecula
2172 1144 2526 1211 saeculorum,
2557 1147 2653 1217 qui
2683 1149 2990 1203 resurrexit
3036 1166 3070 1202 a
3110 1151 3367 1217 mortuis,
3401 1155 3459 1205 et

193 1235 339 1299 Quod
370 1234 419 1288 si
440 1235 498 1287 in
529 1234 668 1289 coelo
710 1234 914 1288 fratres
952 1234 1063 1288 mei
1091 1234 1195 1288 visi
1239 1239 1390 1299 sunt,
1423 1240 1479 1288 et
1523 1235 1592 1289 ad
1622 1252 1781 1289 voces
1862 1238 2130 1287 venturus
2161 1238 2248 1286 est
2277 1233 2349 1286 ad
2375 1234 2651 1303 judicium
2679 1235 2773 1299 ;in
2793 1253 3032 1306 quorum
3054 1238 3294 1305 vocibus,
3327 1240 3459 1310 quia

189 1340 370 1378 eorum
402 1323 608 1377 dicitur
636 1340 868 1393 surgere
894 1323 1046 1377 illius
1077 1329 1303 1377 aeternae
1332 1323 1499 1377 curiae
1528 1330 1778 1389 senatus,
1863 1323 2042 1376 multa
2068 1322 2228 1376 nobis
2254 1323 2322 1376 de
2352 1324 2487 1389 Deo,
2520 1330 2579 1377 et
2606 1324 2908 1378 ineﬂ‘abilia
2945 1333 3194 1381 reserata
3221 1333 3354 1383 sunt
3375 1346 3460 1383 sa-

189 1412 241 1466 id
267 1418 349 1466 est
373 1411 558 1465 omnis
591 1412 727 1465 ordo
754 1412 1204 1482 praedicatorum.
1239 1417 1297 1466 et
1320 1412 1555 1465 adorare
1589 1411 1780 1466 viven-
1861 1417 2167 1475 crementa,
2214 1428 2379 1465 nemo
2419 1412 2489 1466 de
2513 1412 2598 1465 his
2642 1412 2859 1467 dubitet
2888 1431 3011 1485 quze
3058 1416 3297 1486 Spiritus
3328 1434 3458 1471 san-

192 1507 292 1555 tem
321 1501 379 1554 in
404 1501 606 1554 saecula
630 1500 982 1565 saeculorum,
1016 1505 1229 1570 quanto
1260 1500 1439 1570 magis
1458 1517 1560 1554 nos
1583 1501 1780 1554 audire
1862 1504 1984 1552 ctus
2014 1515 2113 1568 per
2156 1515 2251 1552 eos
2301 1499 2560 1552 Ecclesiis
2591 1499 2844 1565 dictavit;
2879 1518 3066 1565 nemo,
3108 1505 3212 1555 etsi
3263 1509 3460 1574 aperta

190 1595 405 1661 oportet
433 1596 491 1643 et
528 1589 587 1643 in
625 1605 820 1643 eorum
872 1588 1096 1643 vocibus
1142 1589 1451 1653 intendere,
1494 1589 1628 1659 quia
1665 1606 1777 1643 non
1797 1655 1836 1661 _
1861 1587 2121 1640 videntur
2140 1604 2263 1657 quae
2282 1588 2491 1643 dicunt.
2515 1594 2696 1642 totum
2724 1606 2782 1643 se
2806 1589 3119 1660 intelligere
3135 1598 3457 1661 praesumat,

188 1684 304 1733 sunt
329 1679 570 1733 diversa;
598 1695 781 1749 neque
829 1678 1082 1743 dissonae,
1136 1678 1403 1749 quoniam
1435 1695 1580 1732 unus
1610 1675 1671 1731 in
1698 1655 1843 1732 eisB
1864 1676 2011 1746 quod
2044 1675 2112 1729 ab
2153 1676 2234 1729 eis
2260 1681 2347 1729 est
2368 1677 2803 1746 promulgatum.
2844 1679 2969 1732 Non
2996 1679 3088 1733 vili
3119 1680 3365 1751 quidem,
3398 1684 3463 1735 ut

190 1768 414 1839 spiritus
441 1784 698 1839 unusque
737 1767 879 1821 fons.
916 1767 983 1821 Et
1029 1767 1155 1821 ideo
1203 1767 1578 1821 communiter
1606 1784 1781 1821 unum
1864 1765 2093 1834 quidam
2132 1764 2415 1818 aestimant
2442 1782 2720 1831 sermone,
2749 1767 2845 1820 sed
2873 1767 3080 1829 divino.
3124 1768 3184 1822 in
3212 1786 3322 1839 quo
3351 1786 3464 1824 non

189 1856 417 1923 dicunt;
456 1861 638 1921 θυι
694 1872 982 1926 unumque
1036 1855 1281 1926 sapiunt,
1315 1855 1448 1926 quia
1488 1855 1596 1926 ipsi
1639 1855 1780 1909 nihil
1867 1853 2205 1923 eloquentia,
2234 1853 2332 1906 sed
2349 1853 2523 1907 virtus
2563 1855 2768 1908 renitet
2794 1856 3103 1926 sapientiae.
3131 1858 3355 1912 Interea
3375 1865 3464 1913 ta-

189 1946 327 2000 aliud
358 1950 498 1999 sunt
526 1961 696 2016 quam
734 1961 1008 2014 organum
1039 1944 1282 2015 Spiritus
1319 1944 1517 1998 sancti.
1569 1945 1780 1997 Verum
1866 1958 2015 2007 men,
2046 1941 2299 2011 quamvis
2329 1946 2386 1994 et
2415 1958 2517 2011 ego
2547 1947 2704 1996 tanto
2734 1944 2998 2013 indignus
3028 1945 3218 1999 videar
3270 1963 3457 2017 opere,

189 2034 307 2107 quia
333 2035 496 2089 rivus
519 2051 631 2088 non
661 2034 887 2088 aliunde
917 2034 1043 2088 ﬂuit
1062 2050 1232 2104 quam
1262 2033 1330 2087 de
1363 2033 1535 2098 fonte,
1576 2032 1783 2087 idcirco
1865 2046 1968 2084 nec
1990 2030 2320 2099 intelligam,
2346 2030 2570 2084 mallem
2596 2032 2780 2085 suavis
2808 2049 2928 2086 esse
2957 2034 3247 2087 sententiis
3273 2040 3329 2088 et
3350 2035 3468 2089 efﬁ-

192 2140 293 2178 non
328 2130 473 2178 sunt
510 2122 792 2187 audiendi,
827 2122 923 2193 qui
964 2128 1228 2177 astruunt
1279 2122 1565 2177 Christum
1596 2122 1783 2193 potius
1866 2136 1963 2173 cax
1994 2119 2299 2183 intellectu,
2336 2136 2504 2189 quam
2534 2120 2808 2175 facundus
2838 2121 2894 2174 in
2926 2121 3125 2175 verbis.
3151 2123 3294 2186 Quia
3321 2124 3466 2177 sicut

190 2228 283 2266 sua
308 2228 418 2283 per
446 2228 507 2265 se
534 2209 776 2265 scribere
799 2215 960 2280 gesta
984 2210 1262 2275 debuisse,
1296 2226 1464 2280 quam
1505 2226 1606 2280 per
1642 2210 1785 2263 tales
1870 2209 2159 2279 Scriptura
2188 2209 2325 2262 dicit
2349 2209 2536 2263 divina
2564 2226 2576 2264 :
2612 2210 2719 2273 Qui
2750 2211 2933 2265 suavis
2964 2218 3050 2265 est
3076 2213 3316 2284 eloquio,
3343 2231 3465 2268 ma-

190 2300 275 2370 qui
303 2317 413 2354 nec
461 2300 610 2353 inter
636 2299 852 2369 seipsos
893 2298 1000 2352 sibi
1048 2299 1118 2352 ad
1155 2298 1392 2352 invicem
1424 2297 1782 2361 conveniunt,
1863 2298 1992 2367 jora
2027 2296 2315 2368 percipiet.
2363 2297 2509 2350 Nam
2550 2284 2955 2352 suavis’Greece
2984 2299 3200 2369 Χρίστυς
3237 2301 3460 2370 dicitur,

189 2406 304 2443 rum
329 2388 423 2442 illi
448 2388 589 2441 nihil
607 2387 757 2441 aliud
771 2387 1134 2457 scripserunt,
1154 2403 1322 2458 quam
1346 2404 1468 2457 quae
1489 2387 1584 2440 ille
1605 2394 1788 2440 osten-
1870 2404 1979 2458 quo
2010 2386 2174 2440 verbo
2197 2390 2254 2439 et
2274 2385 2452 2439 bonus
2474 2385 2827 2455 intelligitur,
2861 2393 2918 2441 et
2941 2388 3124 2442 suavis
3154 2406 3218 2442 ac
3247 2390 3388 2444 lenis
3412 2396 3469 2445 et

185 2477 261 2532 dit
286 2483 341 2532 et
364 2476 531 2532 dixit.
566 2478 757 2547 Neque
788 2481 922 2547 puto
952 2476 1270 2537 dicendum,
1298 2476 1447 2546 quod
1479 2476 1599 2546 ipse
1624 2475 1787 2529 Chri-
1873 2481 2094 2529 unctus.
2131 2475 2266 2538 Quae
2310 2474 2501 2527 omnia
2550 2473 2694 2529 bono
2727 2482 3044 2546 congruunt
3079 2478 3197 2532 viro
3228 2480 3469 2535 maxime

187 2571 292 2621 stus
318 2567 393 2620 de
429 2582 489 2620 se
521 2564 764 2619 scribere
805 2565 1066 2619 noluerit.
1100 2571 1157 2619 et
1192 2582 1304 2619 non
1349 2564 1496 2630 fecit,
1534 2564 1786 2635 quando-
1871 2569 1935 2618 ut
1963 2564 2175 2633 Spiritu
2199 2569 2391 2617 sancto
2416 2563 2491 2617 sit
2509 2563 2793 2629 delinitus,
2838 2582 2947 2636 quo
2977 2566 3262 2637 sapienter
3289 2566 3469 2639 magis

189 2656 406 2726 quidem
442 2653 695 2708 membra
721 2655 864 2723 ejus,
890 2652 945 2706 id
971 2658 1056 2707 est
1084 2670 1286 2707 manus
1314 2658 1372 2706 et
1397 2653 1559 2723 digiti
1588 2669 1785 2723 corpo-
1872 2669 2041 2723 quam
2071 2653 2603 2723 eloquenter'possit
2630 2654 2840 2709 dicere.
2880 2655 3038 2708 Unde
3068 2655 3198 2710 licet
3224 2656 3283 2709 in
3313 2657 3469 2711 nullo

188 2743 259 2797 ris
284 2744 657 2814 scripserunt,
710 2742 857 2813 quod
889 2743 1135 2796 dictante
1172 2743 1353 2813 capite
1394 2742 1636 2807 Christo,
1681 2741 1785 2813 ipsi
1868 2742 2071 2795 horum
2118 2758 2207 2794 me
2264 2740 2520 2795 sufficere
2559 2742 2801 2807 credam,
2852 2747 3042 2797 tamen
3098 2750 3470 2815 utrorumque

190 2830 329 2887 intus
351 2832 684 2887 audiebant.
702 2832 846 2885 Nam
876 2836 1089 2885 certum
1113 2837 1197 2885 est
1226 2832 1374 2902 quod
1399 2830 1671 2901 quidquid
1694 2830 1787 2883 ille
1870 2831 2003 2901 quia
2043 2830 2263 2884 debitor
2292 2848 2438 2892 sum,
2468 2836 2582 2884 tam
2624 2830 2776 2884 vobis
2810 2831 3010 2901 quibus
3043 2832 3223 2894 scribo
3254 2833 3468 2888 charis-

192 2920 254 2973 de
280 2921 399 2975 suis
420 2920 579 2974 iactis
602 2925 659 2973 et
686 2919 848 2973 dictis
875 2936 974 2973 nos
996 2920 1181 2989 legere
1202 2919 1394 2985 voluit,
1420 2920 1525 2973 hoc
1546 2918 1789 2972 scribere
1872 2919 2050 2984 simis,
2080 2936 2246 2990 quam
2282 2925 2338 2985 et
2358 2919 2626 2973 fratribus
2644 2919 2846 2990 quibus
2871 2920 3156 2975 servitutis
3183 2927 3314 2975 vota
3342 2939 3471 2993 per-

191 3008 433 3079 Spiritus
462 3009 612 3062 Deus
643 3009 761 3063 suis
794 3008 1052 3062 manibus
1082 3008 1396 3079 imperavit.
1440 3008 1851 3079 Quapropterc
1875 3008 2046 3071 solvo,
2090 3008 2347 3077 precibus
2377 3010 2594 3062 confido
2618 3014 2809 3073 902
2839 3014 2896 3062 et
2923 3026 3200 3079 praesumo
3231 3010 3465 3077 meritis,

190 3096 287 3151 hoc
314 3098 559 3152 unitatis
588 3096 952 3161 consortium,
986 3102 1044 3151 et
1070 3097 1128 3150 in
1158 3096 1390 3150 diversis
1420 3096 1616 3150 ofﬁciis
1658 3113 1791 3151 con-
1876 3096 2025 3168 quod
2054 3095 2172 3167 ipse
2198 3096 2355 3150 dabit
2383 3097 2600 3151 dicendi
2632 3097 2910 3164 effectum,
2932 3097 3028 3168 qui
3050 3098 3207 3152 dedit
3228 3104 3295 3152 ut
3323 3099 3471 3155 face-

187 3186 342 3241 corde
370 3187 770 3242 membrorum
798 3185 903 3240 sub
930 3202 1041 3240 uno
1069 3185 1251 3257 capite
1280 3185 1505 3240 Christo
1536 3184 1793 3240 ministe-
1875 3201 1997 3239 rem
2029 3185 2319 3240 charitatis
2350 3186 2635 3257 explendae
2664 3191 2876 3242 votum.

1285 3473 1695 3565 LIBER
1759 3472 2387 3567 DECIMUS.

256 3744 391 3798 Cum
428 3745 715 3796 audissent
750 3744 1028 3810 principes
1074 3739 1418 3793 sacerdotum
1448 3744 1495 3792 et
1525 3740 1792 3793 Phariswi
1875 3755 1974 3793 seu
2004 3738 2353 3792 insidiatorie
2379 3736 2573 3796 Jesum
2621 3744 2813 3793 tenere
2843 3741 3054 3805 volunt,
3102 3748 3202 3795 aut
3247 3740 3477 3796 verbum

190 3833 479 3899 parabolas
505 3834 646 3899 ejus.
669 3834 1036 3898 cognoverunt
1065 3829 1209 3896 quod
1234 3828 1298 3880 de
1330 3829 1465 3895 ipsis
1493 3830 1711 3893 diceret,
1745 3832 1794 3881 et
1874 3826 2126 3881 veritatis
2139 3828 2874 3899 apprehendere,nunquam
2890 3846 3017 3882 eum
3032 3835 3225 3883 tenere
3242 3837 3475 3899 queunt,

197 3927 491 3987 quaerentes
523 3936 652 3973 eum
683 3923 861 3972 tenere
904 3920 1220 3971 timuerunt
1261 3918 1470 3982 turbas,
1502 3919 1789 3984 quoniam,
1877 3933 1980 3970 nec
2005 3917 2448 3987 apprehendere.
2482 3917 2659 3970 Multa
2676 3917 2915 3987 denique
2935 3918 3251 3972 differentia
3271 3924 3359 3973 est
3386 3920 3478 3974 in-

194 4011 325 4062 sicut
353 4009 694 4079 prophetam
715 4023 841 4060 eum.
871 4007 1157 4059 habebant.
1205 4005 1342 4058 Ecce
1380 4011 1613 4075 propter
1640 4004 1797 4059 duri-
1879 4009 1968 4059 ter
1982 4022 2076 4060 eos
2107 4006 2202 4077 qui
2230 4022 2362 4060 eum
2383 4021 2573 4059 amore
2599 4012 2789 4060 tenere
2818 4012 3095 4076 quazrunt,
3120 4012 3177 4061 et
3211 4007 3361 4062 inter
3390 4026 3484 4063 eos

198 4093 327 4149 tiam
365 4095 557 4151 cordis
612 4099 669 4147 et
718 4093 1169 4147 incredulitatem
1224 4098 1392 4163 atque
1422 4093 1794 4162 impietatem,
1883 4094 1979 4164 qui
2008 4095 2153 4149 odio.
2197 4095 2352 4149 Sicut
2379 4094 2473 4148 isti
2515 4110 2644 4148 eum
2693 4095 2857 4148 aliter
2893 4101 3152 4165 quaerunt
3181 4101 3395 4159 tenere,
3428 4103 3486 4153 et

197 4199 357 4252 quam
385 4182 680 4237 habebant
699 4182 757 4236 in
779 4182 983 4236 Filium
1006 4182 1125 4247 Dei,
1158 4182 1396 4236 audiunt
1423 4182 1654 4237 auribus
1677 4200 1799 4254 quae
1884 4184 2051 4237 aliter
2078 4200 2285 4255 sponsa
2313 4184 2373 4237 in
2404 4183 2669 4248 Canticis,
2688 4200 2811 4253 quae
2841 4201 3078 4254 surgens
3101 4184 3221 4238 ibat
3241 4202 3342 4256 per
3370 4186 3492 4256 pla-

196 4272 354 4325 corde
372 4272 608 4325 credere
621 4271 939 4326 noluerunt.
957 4270 1211 4324 Audiunt
1225 4277 1450 4341 apertas
1470 4272 1800 4343 propositio-
1820 4264 1868 4322 D
1886 4276 2005 4324 teas
2020 4270 2294 4325 circuiens
2314 4271 2595 4325 civitatem
2620 4276 2677 4325 et
2704 4272 3015 4337 nundinas;
3038 4289 3160 4343 quae
3188 4278 3488 4344 postquam

197 4376 288 4413 nes
313 4377 349 4413 a
368 4360 621 4424 Christo,
652 4376 792 4429 quas
820 4376 1028 4430 negare
1057 4375 1167 4413 non
1199 4366 1483 4430 poterant,
1518 4365 1576 4415 et
1599 4360 1803 4414 intelli-
1884 4360 2246 4430 pertransivit
2261 4377 2454 4415 omnes
2488 4360 2573 4414 vix
2599 4361 2909 4425 inveniens,
2943 4362 3128 4415 tenuit
3153 4379 3284 4416 eum
3316 4379 3380 4416 ac
3409 4362 3489 4417 di-

197 4456 330 4517 gunt
350 4465 556 4503 omnes
583 4455 780 4502 contra
799 4465 860 4502 se
876 4448 1097 4502 Domini
1126 4449 1433 4504 sententias
1454 4466 1574 4504 esse
1603 4450 1803 4520 quibus
1884 4449 1965 4502 xit
1995 4469 2005 4502 :
2046 4449 2268 4504 Tenebo
2301 4467 2449 4516 eum,
2485 4454 2542 4503 et
2588 4466 2700 4504 non
2754 4450 3039 4504 dimittam
3078 4450 3256 4504 illum.
3288 4452 3488 4522 Sicque

198 4536 513 4592 debuerant
542 4537 762 4591 emoliri
790 4537 861 4590 ad
893 4537 1079 4591 fidem.
1114 4538 1223 4592 Sed
1251 4538 1401 4592 unde
1435 4540 1682 4593 converti
1713 4539 1806 4593 de‘
1887 4543 2195 4592 tenuerunt
2210 4539 2380 4609 pedes
2405 4538 2667 4593 mulieres
2688 4539 2816 4603 illae,
2838 4556 2903 4593 ex
2932 4540 3489 4611 resurrectione,quze

197 4620 438 4681 buerant
467 4626 540 4680 ad
570 4626 812 4690 veniam,
830 4625 959 4680 inde
980 4626 1168 4697 potius
1182 4633 1584 4681 convertuntur
1610 4627 1676 4681 ad
1704 4627 1805 4681 im-
1887 4627 2045 4680 illum
2076 4627 2450 4681 adoraverunt
2474 4646 2486 4692 ;
2522 4634 2907 4683 verumtamen
2941 4645 3053 4683 non
3083 4646 3205 4701 quae
3235 4646 3364 4683 eum
3392 4645 3489 4684 su-

196 4714 484 4784 pietatem,
514 4722 580 4769 ut
626 4714 878 4768 videntes
906 4731 1020 4769 non
1052 4716 1298 4782 videant,
1332 4722 1389 4770 et
1426 4715 1805 4787 intelligentes
1888 4712 2101 4785 spicata
2138 4720 2224 4768 est
2264 4715 2647 4784 hortulanum,
2682 4717 2772 4770 cui
2819 4717 3033 4771 dictum
3064 4724 3151 4772 est
3176 4718 3337 4789 (quia
3366 4735 3491 4772 nec-

198 4820 304 4858 non
347 4804 694 4874 intelligant.
733 4804 804 4858 Et
848 4805 1095 4858 volentes
1138 4811 1333 4859 tenere
1361 4810 1427 4859 ut
1468 4805 1803 4872 occiderent,
1890 4804 2025 4859 dum
2056 4820 2185 4858 eum
2207 4802 2453 4857 Verbum
2470 4804 2653 4857 Patris
2674 4821 2795 4859 esse
2817 4805 3242 4861 credebatiNoti
3266 4825 3347 4861 me
3370 4812 3494 4861 tan-

200 4892 478 4947 timebant
508 4909 622 4946 non
653 4893 853 4958 Deum,
880 4893 978 4947 sed
998 4893 1213 4960 turbas,
1245 4894 1378 4964 quia
1401 4895 1546 4948 sicut
1572 4895 1809 4966 prophe-
1888 4910 2012 4962 gere
2037 4896 2223 4962 (Joan.
2260 4910 2348 4958 xx,
2391 4890 2495 4962 l7).
2534 4893 2602 4947 Et
2642 4893 2786 4956 ideo,
2830 4900 2896 4948 ut
2938 4895 3074 4960 dixi,
3104 4912 3271 4950 nemo
3301 4902 3493 4950 tenere

200 4986 313 5047 tam
338 4998 480 5036 eum
504 4981 808 5037 habebant.
843 4982 1001 5046 Quod
1028 4983 1222 5037 volunt
1249 5000 1378 5037 eum
1407 4988 1600 5037 tenere
1630 4990 1686 5037 et
1714 4999 1809 5037 oc-
1892 4982 2176 5037 Christum
2199 4987 2404 5053 potest,
2435 4998 2603 5037 nemo
2632 4988 2888 5053 tangere,
2920 4984 3031 5038 nisi
3085 4984 3133 5038 is
3165 4984 3259 5055 qui
3288 5001 3353 5037 ex
3382 4983 3493 5038 ﬁde

201 5070 405 5135 cidere,
434 5074 504 5124 ut
530 5087 703 5142 supra
743 5072 862 5141 jam
888 5071 1020 5135 dixi,
1054 5088 1167 5126 non
1193 5072 1358 5126 modo
1389 5073 1458 5126 de
1493 5072 1813 5143 ignorantia
1893 5075 1997 5131 est,
2044 5077 2100 5124 et
2142 5071 2233 5124 cui
2263 5070 2586 5140 permiserit
2613 5070 2753 5141 ipse.
2788 5070 2987 5126 Turbae
3018 5077 3207 5125 autem
3248 5087 3387 5142 quas
3417 5071 3491 5125 ti-

202 5160 371 5221 venit,
408 5160 563 5230 quod
592 5160 713 5230 ipse
742 5160 817 5214 sit
838 5160 1113 5225 Christus,
1134 5161 1231 5216 sed
1260 5161 1329 5216 de
1350 5162 1585 5233 perﬁdia
1612 5167 1670 5216 et
1687 5178 1814 5215 con-
1897 5158 2125 5213 mebant
2154 5159 2432 5229 principes
2480 5160 2671 5230 populi
2711 5165 2768 5214 et
2821 5160 3138 5215 sacerdotes
3165 5165 3358 5225 90:)
3386 5161 3496 5231 ipsi

203 5254 450 5321 temptu.
487 5249 629 5313 Quia
643 5250 805 5319 juxta
824 5250 1198 5316 Salomonem,
1224 5251 1430 5322 impius
1458 5267 1585 5305 cum
1606 5250 1662 5304 in
1686 5266 1816 5322 pro-
1900 5249 2010 5302 huc
2047 5247 2287 5315 illucque
2317 5246 2577 5302 ﬂuctibus
2603 5248 2994 5315 trahebantur,
3027 5247 3159 5319 quia
3186 5248 3498 5320 imperfecti

202 5333 452 5392 fundum
486 5338 764 5392 malorum
800 5339 1032 5405 venerit,
1067 5340 1393 5394 contemnit.
1428 5341 1496 5395 Et
1546 5340 1671 5393 ideo
1713 5355 1815 5393 nec
1898 5342 2077 5391 erant.
2113 5337 2279 5390 Forte
2304 5336 2413 5406 ipsi
2449 5343 2611 5391 erant
2641 5338 2735 5408 qui
2766 5356 2939 5410 supra
2967 5354 3181 5392 osanna
3209 5346 3494 5406 canentes,

205 5424 309 5479 sibi
332 5432 603 5498 parcunt,
629 5428 763 5498 quia
782 5428 975 5482 multis
1001 5428 1187 5483 obruti
1216 5430 1380 5483 malis
1406 5429 1477 5483 ad
1504 5429 1683 5482 lucem
1697 5429 1818 5498 jam
1900 5425 2160 5480 dicebant
2191 5443 2202 5478 :
2233 5427 2551 5480 Benedictus
2586 5430 2685 5495 qui
2710 5431 2857 5482 venit
2887 5431 2951 5482 in
2983 5431 3207 5483 nomine
3237 5431 3488 5484 Domini.

205 5515 501 5587 respicere
519 5523 824 5590 nequeunt.
843 5517 1173 5590 Quicunque
1202 5535 1334 5590 ergo
1362 5519 1493 5575 ﬁcte
1518 5517 1606 5572 vel
1630 5516 1820 5573 dolose
1905 5514 2014 5571 Sed
2044 5514 2177 5586 quia
2195 5514 2389 5571 miseri
2416 5516 2732 5571 sacerdotes
2758 5515 2829 5571 ab
2879 5516 2961 5572 eis
2989 5517 3239 5573 tulerant
3286 5516 3498 5571 clavem
