3872 6158
438 222 557 310 739'
1232 246 1290 301 s.
1332 245 1713 302 PASCHASII
1751 214 2115 304 massam!
2150 249 2455 306 ABBATIS
2492 248 2989 340 consumere.
3546 254 3628 310 uo

435 376 702 442 scientia,
732 390 847 431 non
875 377 1137 446 poterant
1152 372 1299 425 ﬁrmi
1321 377 1470 425 stare
1496 370 1556 424 in
1585 371 1713 425 ﬁde.
1733 371 2229 443 PrOptereaAriti,
2261 392 2444 447 neque
2470 376 2710 447 permoti
2741 375 2812 428 ad
2832 372 3234 445 paenitentiam,
3266 375 3356 429 sed
3388 376 3537 448 magis
3558 377 3629 431 in-

436 481 606 538 quem
635 480 785 519 nunc
829 463 991 534 quasi
1022 462 1353 533 prophetam
1403 464 1760 521 venerantur.
1806 461 2035 516 demum
2117 465 2392 519 ﬂammati
2429 466 2499 519 ad
2528 464 2876 518 iracundiam
2900 463 3143 517 volentes
3167 478 3357 517 manus
3383 464 3569 519 mittere
3588 465 3632 520 in

437 555 545 615 etsi
575 570 686 608 non
710 569 922 619 omnes,
945 552 1174 622 quidam
1197 565 1393 603 eorum
1414 553 1611 602 contra
1641 566 1769 603 eum
1790 550 2037 604 clamant
2118 570 2264 607 eum.
2298 554 2457 617 Quod
2494 552 2817 623 intelligens
2856 552 3145 615 Dominus,
3197 551 3522 607 nihilominus
3557 570 3635 624 per

436 643 510 697 ad
525 642 770 701 favorem
785 641 1100 696 seniorum:
1122 640 1407 704 Cruci/iga,
1430 640 1705 705 cruei/lge.
1731 639 2035 709 Sapiebant
2119 642 2288 697 aliam
2318 640 2643 713 parabolam
2663 639 2983 711 respondet,
3010 645 3065 693 et
3084 640 3263 709 tangit
3288 640 3520 695 duritiam
3542 657 3636 695 cor-

437 732 665 802 quidem
695 729 872 785 turbae
900 729 1079 782 multa
1106 727 1174 780 de
1203 742 1269 779 eo
1299 743 1423 796 quae
1452 742 1582 780 vera
1610 733 1790 793 erant,
1820 744 1920 781 nec
1945 736 2033 782 ta-
2117 730 2203 784 dis
2228 747 2439 784 eorum.
2458 732 2525 784 Et
2545 730 2679 801 quia
2696 730 2999 783 noluerunt
3018 728 3261 799 recipere
3281 728 3557 784 antidotum
3573 746 3638 783 sa-

435 836 564 874 men
597 817 1041 888 magnitudinem
1062 816 1183 884 ejus
1210 815 1619 885 intelligebant,
1640 816 1786 869 sicut
1803 833 1904 869 nec
1921 818 2035 870 vul-
2116 819 2268 886 lutis,
2302 825 2428 890 post
2456 819 2707 873 fomenta
2731 818 3133 872 exhortationis
3146 818 3635 886 etunguenta,iufer—

434 924 542 978 gus
586 914 793 963 noster.
829 906 964 959 Erat
989 904 1139 958 enim
1168 905 1329 959 Jesus
1377 909 1434 957 et
1484 905 1756 975 propheta
1786 905 2031 976 quidem,
2116 914 2204 962 ret
2221 908 2432 962 ferrum
2457 908 2787 972 adustionis,
2805 911 2861 960 et
2881 907 3157 977 potiorem
3175 905 3253 960 eis
3275 906 3537 960 vindictam
3549 923 3642 977 pro-

433 1000 580 1053 sicut
612 1000 689 1052 ait
704 1000 922 1069 Moyses
955 1017 966 1051 :
1003 999 1330 1065 Prophetam
1360 997 1506 1049 vobis
1534 999 1820 1051 suscitabit
1848 1001 2037 1054 Domi-
2120 998 2346 1052 nuntiat
2374 1013 2495 1051 esse
2523 1004 2839 1051 venturam.
2865 997 2947 1049 Ne
2972 994 3114 1049 forte
3145 994 3540 1065 benignissimus
3557 994 3644 1055 Sal-

435 1089 696 1142 nusDeus
712 1092 894 1141 noster
914 1089 977 1140 de
993 1086 1475 1153 fratribusvestris
1488 1090 1756 1155 tanquam
1769 1091 2038 1155 meipsum
2118 1094 2300 1156 vator,
2331 1086 2463 1157 quia
2491 1086 2570 1139 illi
2600 1085 2783 1155 magis
2807 1084 3124 1155 exasperati
3156 1090 3302 1149 sunt,
3333 1083 3576 1137 videretur
3588 1085 3645 1136 ti-

430 1177 670 1230 audietis
682 1193 807 1230 eum
820 1176 1126 1229 secundum
1142 1176 1334 1226 omnia
1354 1178 2040 1243 quecunquelocutus/uc-
2120 1176 2350 1239 muisse,
2384 1180 2440 1228 et
2466 1175 2591 1229 ideo
2614 1175 2874 1229 tacuisse.
2908 1174 3051 1228 Nam
3078 1173 3125 1226 si
3156 1178 3212 1226 et
3240 1172 3355 1225 illos
3383 1172 3566 1225 malitia
3582 1171 3645 1225 fa-

435 1269 518 1320 rit
554 1268 728 1337 (Deut.
768 1282 913 1329 xvm,
944 1264 1058 1331 15).
1092 1263 1423 1334 Quicunque
1463 1280 1596 1334 ergo
1638 1282 1750 1319 non
1794 1266 2037 1321 audierit
2120 1264 2303 1319 ciebat
2326 1263 2582 1328 audaces,
2620 1263 2905 1318 Christum
2938 1246 3397 1332 autem'potestas
3425 1260 3646 1314 immensa

434 1356 769 1426 prophetam
794 1355 953 1407 illum
992 1351 1264 1417 interibit,
1299 1352 1414 1405 sive
1444 1354 1928 1419 exterminabitur,
1967 1356 2035 1409 de
2118 1353 2388 1407 reddebat
2414 1367 2695 1413 securum,
2728 1356 2785 1404 et
2833 1351 3076 1404 Charitas
3125 1349 3461 1420 perurgebat,
3486 1356 3540 1403 ut
3576 1367 3646 1405 eos

434 1446 643 1516 populo
674 1461 794 1499 suo.
825 1445 1039 1497 Tamen
1083 1442 1389 1495 eminentia
1422 1444 1730 1512 majestatis
1772 1446 1892 1514 ejus
1922 1461 2035 1498 non
2120 1441 2543 1512 infatigabiliter
2573 1440 2643 1495 ad
2673 1440 2892 1494 veniam
2934 1439 3219 1493 invitaret.
3270 1438 3561 1493 Terribilior
3583 1444 3647 1493 est

435 1533 776 1595 declaratur,
819 1532 968 1602 quod
1008 1536 1239 1585 vocatur
1264 1532 1556 1602 propheta,
1586 1533 1682 1586 sed
1721 1533 1779 1587 in
1810 1550 1874 1586 eo
1906 1532 2038 1604 quia
2120 1531 2239 1585 Rex
2268 1531 2338 1584 ad
2358 1530 2757 1597 ulciscendum,
2791 1527 2975 1582 missis
3003 1527 3332 1582 exercitibus
3361 1528 3466 1581 suis
3482 1533 3535 1581 ut
3556 1544 3649 1598 per-

433 1626 523 1675 est
545 1620 648 1674 Dei
676 1619 851 1675 Filius
891 1619 1296 1716 primogenitus
1327 1620 1597 1716 universae
1638 1626 1908 1675 creaturae
1933 1640 2097 1716 pch
2119 1620 2278 1716 deret
2303 1619 2610 1716 homicidas
2638 1618 2781 1716 illos,
2817 1634 3003 1716 quam.
3017 1615 3434 1716 paterfamilias,
3464 1616 3648 1716 qui

434 1724 605 1780 quem
633 1714 822 1764 creata
856 1714 990 1762 sunt
1017 1708 1206 1762 omnia
1234 1725 1356 1779 qua:
1378 1709 1436 1761 in
1463 1708 1616 1762 cmlis
1642 1717 1793 1774 sunt,
1826 1716 1883 1764 et
1912 1702 2095 1781 quae"
2115 1709 2225 1763 nisi
2252 1726 2355 1762 sua
2385 1708 2607 1762 auferre
2629 1707 2870 1761 videtur.
2893 1705 3003 1760 Sed
3034 1705 3393 1776 quaerendum
3427 1721 3514 1759 cur
3533 1702 3649 1757 addi-

434 1798 496 1852 in
524 1802 694 1853 terra.
720 1798 789 1851 Et
810 1798 932 1851 ideo
955 1796 1262 1850 eminentia
1285 1798 1407 1866 ejus
1428 1802 1529 1863 est,
1555 1799 1704 1869 quod
1736 1816 1746 1851 :
1782 1801 1850 1853 In
1873 1802 2035 1867 prin-
2116 1797 2279 1863 derit,
2303 1813 2537 1864 regnum
2555 1800 2812 1850 caelorum
2836 1796 3054 1848 homini
3073 1797 3214 1861 regi,
3233 1810 3356 1847 cum
3375 1791 3585 1867 potuerit
3606 1790 3652 1844 il-

436 1888 579 1955 oipio
607 1891 727 1955 erat
765 1888 989 1939 Verbum
1013 1888 1191 1953 (Joan.
1224 1900 1261 1949 1,
1294 1885 1366 1953 l),
1388 1891 1494 1939 etc.
1520 1886 1629 1940 Sed
1656 1888 1762 1940 hoc
1794 1888 2035 1941 necdum
2115 1886 2213 1941 lud
2232 1886 2416 1940 dicere
2445 1887 2565 1938 sine
2585 1884 2968 1937 additamento
2999 1883 3267 1937 hominis.
3296 1882 3443 1937 Unde
3460 1896 3554 1935 non
3577 1880 3653 1932 im-

433 1951 730 2044 sapiebant
751 1973 947 2039 turbm,
970 1951 1101 2027 licet
1114 1973 1295 2044 parati
1318 1951 1508 2027 essent
1536 1991 1787 2045 pugnare
1808 1993 1909 2045 pro
1932 1993 2030 2042 oo;
2118 1974 2320 2029 merito
2360 1973 2629 2044 quaeritur
2662 1972 2795 2044 quid
2848 1988 3075 2025 necesse
3104 1972 3215 2026 fuit
3241 1971 3436 2025 addere
3462 1970 3651 2023 homini.

435 2078 576 2133 quos
614 2062 892 2116 timebant
919 2062 1200 2133 principes
1231 2063 1586 2117 sacerdotum
1617 2068 1673 2116 et
1706 2063 1921 2127 scribae,
1954 2063 2036 2117 ita
2118 2064 2227 2119 Sed
2259 2070 2314 2117 et
2345 2063 2523 2116 multa
2551 2062 2662 2116 alia
2690 2061 2960 2115 habemus
2990 2060 3249 2132 exempla
3276 2062 3333 2114 in
3376 2057 3650 2127 Evangeliis,

434 2157 501 2205 ut
526 2168 639 2206 non
669 2153 944 2205 auderent
972 2167 1101 2205 eum
1126 2156 1338 2205 tenere.
1374 2152 1443 2205 Et
1469 2151 1517 2205 si
1545 2150 1721 2205 turbae
1747 2152 1887 2205 nihil
1913 2169 2034 2205 ma-
2119 2153 2180 2207 in
2211 2152 2412 2224 quibus
2441 2153 2590 2205 Deus
2617 2152 2784 2204 Pater
2810 2150 3158 2204 assimilatur
3176 2142 3472 2207 homini.et
3494 2147 3543 2200 in
3557 2161 3654 2216 per-

433 2257 609 2312 gnum
639 2240 933 2310 sapiebant
961 2240 1029 2292 de
1054 2240 1299 2302 Christo,
1332 2240 1464 2310 quia
1489 2244 1711 2293 tantum
1740 2240 1886 2295 sicut
1910 2257 2038 2310 pro-
2119 2258 2259 2296 sena
2288 2241 2531 2295 hominis
2576 2241 2705 2294 licet
2743 2239 3056 2310 parabolice
3089 2240 3381 2309 ﬁguratur.
3412 2237 3474 2297 Et
3494 2235 3654 2289 dicitur

435 2329 666 2401 phetam
706 2345 835 2382 eum
865 2326 1165 2392 habebant,
1193 2328 1381 2382 minus
1407 2334 1599 2382 tamen
1634 2329 1952 2382 sacerdotes
1982 2333 2039 2382 et
2118 2331 2178 2385 in
2208 2330 2413 2384 eisdem
2440 2328 2718 2401 parabolis
2744 2330 2892 2383 Deus
2921 2329 3111 2393 Pater,
3136 2328 3323 2381 homo.
3345 2327 3410 2381 Et
3428 2328 3542 2379 sunt
3564 2324 3654 2376 hac

433 2415 629 2471 scribae
646 2416 854 2470 invidia
881 2417 1068 2470 caecati
1089 2422 1145 2471 et
1169 2417 1317 2483 odio,
1339 2418 1434 2488 qui
1463 2433 1646 2487 neque
1684 2418 1835 2487 vulgi
1864 2417 2037 2471 scien—
2119 2419 2371 2490 exempla
2385 2418 2545 2472 valde
2559 2417 2874 2471 necessaria
2890 2422 3085 2470 contra
3108 2415 3376 2487 quosdam
3400 2411 3652 2477 haereticos,

432 2504 530 2560 tite
556 2505 907 2575 acquiescere
931 2506 1138 2559 volunt.
1164 2506 1308 2570 Quia
1338 2506 1442 2560 etsi
1466 2523 1531 2560 ex
1562 2511 1721 2577 parte
1751 2524 1879 2560 eum
1902 2506 2037 2560 scie—
2118 2509 2214 2580 qui
2255 2506 2676 2579 reprehendunt
2703 2507 2882 2560 Deum
2926 2505 3150 2559 Veteris
3186 2501 3530 2569 Testamenti,
3556 2514 3654 2553 cum

435 2593 574 2649 bant
602 2595 803 2658 Deum,
831 2594 971 2649 nihil
992 2595 1060 2649 de
1086 2595 1182 2649 illo
1204 2595 1435 2664 dignum
1457 2596 1556 2649 ulli
1587 2596 1873 2650 declarare
1892 2596 2036 2649 sine-
2115 2598 2286 2668 hujus
2315 2596 2693 2650 introducitur
2728 2594 3107 2660 lineamentis,
3140 2598 3197 2648 et
3225 2593 3422 2647 dicitur
3438 2587 3657 2665 passioni-

435 2682 593 2737 bant.
620 2683 785 2737 Tales
814 2682 990 2753 igitur
1007 2690 1142 2737 sunt
1171 2701 1364 2738 omnes
1386 2684 1650 2749 haeretici,
1680 2685 1773 2755 qui
1794 2701 1896 2738 nec
1926 2685 2033 2755 ipsi
2114 2686 2220 2741 bus
2267 2685 2589 2756 subjacere;
2623 2684 2771 2738 unde
2821 2683 2962 2753 legis
2990 2684 3174 2737 Deum
3223 2688 3279 2737 et
3313 2681 3656 2753 prophetarum

434 2772 664 2828 credere
689 2777 839 2826 recte
867 2773 937 2826 de
967 2773 1189 2826 Christo
1219 2773 1429 2837 volunt,
1459 2789 1641 2842 neque
1678 2773 1818 2827 alios
1847 2773 2036 2826 catho—
2116 2776 2328 2828 malum
2362 2790 2483 2828 esse
2521 2773 2767 2842 fingunt,
2820 2772 3105 2826 crudelem
3158 2777 3217 2826 et
3268 2768 3655 2841 sanguinarium.

434 2860 542 2915 lice
572 2861 743 2915 ﬁdem
774 2867 986 2915 rectam
1015 2861 1269 2915 conﬁteri
1298 2861 1655 2931 permittunt.
2116 2864 2468 2934 Quapmpter
2497 2861 2730 2916 audiant
2759 2878 2823 2915 ex
2854 2861 3157 2931 Evangelia
3209 2860 3500 2923 secundum
3527 2871 3657 2929 para-

504 2951 664 3019 (CAP.
704 2950 905 3017 XXII.)
924 2950 991 3003 Et
1020 2950 1349 3017 respondens
1366 2952 1519 3002 Jesus
1552 2951 1758 3002 iterum
1788 2950 1932 3002 dixit
1957 2953 2033 3003 eis
2052 3006 2089 3019 Α
2113 2949 2289 3017 bolas,
2323 2955 2379 3004 et
2408 2967 2520 3004 non
2548 2949 2856 3004 secundum
2884 2956 3168 3013 naturam,
3203 2950 3377 3003 Deum
3400 2945 3661 3019 905F11-

433 3040 499 3093 in
514 3038 830 3105 parabolis:
855 3035 1050 3090 Simile
1069 3042 1145 3089 est
1158 3052 1391 3104 regnum
1404 3040 1660 3091 cwlorum
1676 3037 1895 3091 homini
1914 3041 2031 3105 regi
2048 3006 2091 3066 Ο
2111 3045 2277 3107 trem,
2328 3040 2612 3093 hominem
2662 3038 2870 3105 vocari,
2906 3044 2964 3092 et
3015 3027 3325 3099 secundum
3374 3048 3662 3107 consequen-

432 3127 531 3193 qui
550 3126 677 3191 fecit
703 3127 927 3192 nuptias
955 3127 1071 3191 ﬁlio
1094 3140 1214 3183 suo,
1247 3129 1353 3177 etc.
1388 3124 1721 3179 Parabolam
1754 3126 1920 3179 istam
1947 3144 2031 3181 so-
2111 3129 2247 3182 tiam
2301 3128 2716 3200 parabolarum,
2765 3127 3049 3198 suscipere
3110 3131 3334 3200 oportet
3377 3122 3663 3178 iracundum

433 3213 522 3266 lus
543 3212 840 3266 Matthaeus
870 3212 1088 3266 videtur
1130 3227 1409 3275 narrasse,
1440 3219 1827 3267 verumtamen
1861 3216 2032 3269 etiam
2113 3219 2311 3281 Deum,
2348 3218 2493 3271 sicut
2542 3222 2599 3271 et
2627 3217 2685 3270 in
2720 3216 2907 3271 Veteri
2936 3217 3322 3281 Testamento,
3359 3219 3413 3268 et
3457 3213 3663 3267 furorem

432 3302 612 3356 Lucas
648 3314 853 3371 magna
880 3318 946 3354 ex
989 3306 1149 3372 parte
1184 3302 1451 3372 quiddam
1480 3302 1663 3356 simile
1692 3308 1750 3357 et
1784 3304 1902 3374 ipse
1931 3322 2032 3359 suo
2115 3309 2236 3381 ejus
2274 3324 2337 3360 ac
2383 3306 2732 3380 patientiam,
2767 3305 3118 3359 eversionem
3158 3320 3379 3377 quoque
3416 3302 3594 3367 vultus,
3621 3302 3665 3361 et

434 3389 495 3444 in
520 3390 639 3443 loco
665 3405 899 3443 narrare
926 3388 1211 3460 probatur.
1238 3390 1397 3444 Unde
1418 3389 1643 3461 quidam
1664 3394 2027 3456 contendunt,
2114 3396 2440 3460 sessionem,
2472 3394 2773 3449 stationem
2805 3394 2925 3460 Dei,
2958 3399 3013 3448 et
3050 3394 3438 3457 incessionem,
3468 3396 3520 3444 et
3542 3404 3663 3443 som-

435 3479 585 3550 quod
614 3494 727 3532 una
766 3479 1073 3549 eademque
1113 3478 1378 3549 parabola
1409 3480 1483 3532 sit
1510 3480 1567 3535 in
1597 3480 1868 3552 utrisque,
1902 3482 2031 3537 licet
2113 3501 2287 3541 num:
2323 3500 2444 3554 quae
2473 3482 2662 3541 omnia
2703 3482 2772 3535 de
2824 3482 2939 3536 Deo
2991 3482 3205 3552 scripta
3232 3488 3363 3536 sunt
3396 3482 3450 3534 in
3491 3480 3596 3548 lege
3620 3479 3664 3528 et

433 3584 580 3622 unus
596 3583 790 3621 eorum
809 3568 1021 3638 aliquid
1044 3568 1245 3622 dixerit
1265 3569 1408 3639 plus,
1430 3568 1653 3623 sicutde
1674 3570 1900 3624 homine
1919 3589 2030 3625 non
2112 3574 2170 3626 in
2199 3572 2505 3651 prophetis,
2537 3578 2594 3625 et
2611 3570 2680 3624 ab
2700 3570 2862 3625 initio
2884 3572 3281 3626 ostenduntur.
3307 3570 3459 3636 Quod
3485 3568 3527 3621 si
3551 3563 3665 3620 nihil

431 3656 636 3711 vestito
665 3662 817 3711 veste
870 3656 1126 3727 nuptiali,
1160 3658 1307 3727 quod
1339 3658 1482 3711 alter
1510 3658 1886 3728 praetermisit.
1921 3661 2031 3713 Sed
2113 3662 2264 3715 Deus
2291 3660 2463 3713 habet
2490 3660 2549 3713 in
2580 3676 2638 3713 se
2659 3661 2919 3729 ﬁgurate,
2954 3660 3101 3730 quod
3124 3660 3381 3715 videatur
3399 3660 3662 3712 humanum

430 3762 542 3809 non
565 3752 652 3801 est
680 3747 785 3801 hoc
812 3746 910 3811 ita,
936 3746 1070 3816 quia
1098 3747 1275 3803 Lucas
1305 3747 1519 3801 nullam
1542 3748 1869 3818 nuptiarum
1899 3749 2033 3803 facit
2112 3755 2211 3803 aut
2251 3749 2489 3813 dicatur,
2518 3764 2646 3802 cum
2688 3748 2808 3818 ipse
2836 3747 3151 3803 immensus
3181 3749 3258 3803 sit
3284 3754 3342 3803 et
3366 3749 3667 3814 incompara-

433 3836 798 3895 mentionem.
824 3836 934 3890 Sed
986 3837 1090 3891 hoc
1119 3841 1176 3890 et
1223 3836 1370 3906 quod
1399 3836 1700 3890 Mattheus
1726 3838 2028 3906 prandium
2110 3837 2237 3891 bilis
2272 3842 2441 3908 atque
2476 3838 2857 3907 incorporeus,
2894 3836 3083 3890 dicant
3111 3837 3357 3893 haeretici
3383 3840 3556 3889 utrum
3580 3831 3665 3883 iste

429 3925 582 3991 dicit,
616 3926 794 3981 Lucas
823 3940 1041 3979 omnem
1063 3930 1257 3991 vocat;
1311 3941 1496 3995 neque
1542 3924 1590 3979 si
1622 3926 1791 3980 vellet
1817 3925 1892 3980 ibi
1924 3926 2028 3980 ho-
2110 3926 2278 3984 Deus.
2312 3925 2408 3996 qui
2429 3925 2737 3979 secundum
2768 3924 3062 3995 parabolas
3083 3926 3507 3995 Evangeliorum
3528 3922 3664 3974 homo

428 4014 641 4073 minem
666 4030 779 4072 non
807 4014 1073 4075 vestitum
1102 4019 1254 4067 veste
1280 4014 1538 4083 nuptiali,
1563 4030 1628 4067 ac
1651 4015 1921 4084 rejectum
1947 4015 2031 4069 in~
2111 4014 2333 4080 dicitur,
2367 4018 2425 4069 et
2477 4014 2657 4068 iratus
2702 4014 3036 4084 proponitur
3070 4016 3380 4069 secundum
3401 4014 3664 4068 humanam

429 4103 743 4167 traducere,
788 4108 937 4161 recte
976 4107 1215 4172 poterat.
1258 4102 1402 4165 Quia
1436 4119 1534 4172 per
1585 4119 1802 4157 cenam
1850 4104 2026 4170 illam,
2111 4109 2394 4171 naturam,
2427 4104 2548 4173 ipse
2596 4108 2683 4157 est
2711 4107 2871 4173 pater
2918 4104 3148 4169 Christi,
3205 4122 3278 4158 an
3325 4103 3463 4158 alius
3500 4101 3668 4173 praeter

433 4195 623 4257 904
639 4190 900 4244 ultimum
928 4189 1239 4247 convivium
1261 4191 1408 4260 quod
1429 4190 1675 4246 habituri
1697 4199 1829 4248 sunt
1851 4194 2028 4247 sancti
2112 4210 2241 4250 eum
2264 4192 2290 4245 Ἰ
2317 4193 2386 4246 Et
2414 4209 2639 4246 necesse
2664 4191 2892 4257 habent,
2926 4197 3029 4246 aut
3056 4192 3233 4247 alium
3276 4193 3509 4263 aliquem
3535 4190 3667 4241 extra

428 4277 491 4379 in
516 4294 690 4379 regno
710 4278 812 4333 Dei
842 4278 1036 4376 utique
1061 4278 1391 4379 designatur
1407 4297 1432 4377 ε.
1445 4296 1545 4349 per
1567 4282 1866 4379 prandium
1896 4300 2027 4337 vero
2047 4320 2096 4379 Β
2113 4284 2281 4349 hunc,
2306 4288 2525 4354 patrem
2549 4281 2757 4337 Christi
2783 4282 2986 4347 dicere,
3016 4300 3184 4353 quem
3213 4282 3488 4354 parabolae
3514 4283 3564 4333 et
3585 4290 3665 4347 pa-

429 4370 489 4421 et
508 4382 609 4437 per
632 4366 732 4421 has
761 4366 1005 4437 unptias,
1038 4367 1107 4420 ad
1138 4383 1277 4436 quas
1306 4366 1436 4420 boni
1472 4373 1530 4421 et
1558 4369 1691 4421 mali
1737 4371 1905 4425 simul
1939 4389 2031 4426 vo-
2050 4366 2094 4379 ὐ
2112 4380 2257 4427 trem
2283 4372 2491 4427 Christi
2511 4372 2917 4436 demonstrant,
2941 4376 2999 4425 et
3025 4371 3268 4426 similem
3294 4389 3419 4426 eum
3447 4371 3666 4423 humana:

429 4460 631 4519 cantur
658 4461 715 4510 et
741 4455 977 4516 intrant.
1006 4472 1250 4525 praesens
1278 4455 1523 4510 Ecclesia
1550 4457 1780 4512 omnino
1819 4459 2029 4514 intelli-
2111 4467 2325 4517 naturae
2349 4465 2687 4532 pr0ponunt.
2721 4461 2790 4514 Et
2817 4460 2864 4513 si
2911 4460 3155 4514 dixerint
3182 4462 3339 4515 hunc
3370 4461 3542 4531 ipsum
3570 4466 3666 4508 esse

427 4544 603 4616 gitur,
650 4545 783 4615 quia
811 4550 937 4615 post
975 4543 1274 4613 prandium
1320 4560 1479 4599 caena
1522 4546 1601 4611 ﬁt,
1638 4551 1766 4616 post
1812 4564 2029 4603 coenam
2109 4558 2330 4623 patrem
2359 4549 2586 4615 Christi,
2617 4554 2897 4620 coguntur
2941 4550 3197 4604 conﬁteri
3245 4551 3393 4622 quod
3432 4546 3591 4602 multa
3620 4540 3667 4593 in

431 4649 562 4688 vero
583 4634 800 4695 nullum
822 4637 1000 4691 restat
1018 4632 1348 4697 convivium,
1368 4633 1476 4688 nisi
1491 4634 1633 4689 forte
1657 4635 1779 4706 ipsa
1807 4638 2028 4691 eadem-
2111 4656 2176 4693 eo
2204 4639 2512 4694 secundum
2542 4638 2863 4709 passibilem
2891 4644 3155 4694 naturam
3197 4639 3487 4693 hominum
3513 4632 3665 4688 dican-

434 4739 544 4793 que
572 4737 731 4777 amna
750 4739 850 4792 pro
875 4722 1111 4792 prandio
1133 4729 1392 4792 ponatur,
1416 4724 1562 4778 sicut
1587 4726 1738 4796 apud
1765 4727 2027 4797 antiquos
2110 4733 2232 4796 tur;
2265 4745 2377 4783 non
2399 4726 2547 4798 quod
2577 4727 2745 4781 Pater
2765 4727 3047 4798 passibilis
3071 4728 3161 4794 sit,
3193 4729 3291 4783 sed
3325 4728 3453 4799 quia
3475 4724 3668 4797 propter

435 4827 559 4866 mos
591 4810 697 4865 fuit
724 4810 783 4866 in
813 4827 1041 4881 vespere
1069 4816 1291 4867 tantum
1335 4814 1646 4882 prandere;
1678 4831 1744 4867 ac
1771 4814 1851 4868 sic
1888 4832 2029 4886 quo-
2110 4816 2554 4872 imbecillitatem
2584 4821 2854 4882 nostram,
2891 4818 3197 4871 secundum
3241 4815 3546 4889 passibilem
3582 4809 3664 4863 ho-

431 4899 566 4961 dam
595 4899 760 4957 modo
804 4916 905 4970 per
930 4900 1111 4970 ipsam
1153 4917 1366 4956 orenam
1395 4918 1638 4972 praesens
1679 4903 2030 4973 intelligatur
2109 4904 2278 4965 minis
2307 4910 2569 4962 naturam
2597 4905 2667 4961 de
2695 4906 2811 4960 Deo
2841 4906 2951 4960 ista
2997 4906 3277 4973 dicantur,
3307 4911 3371 4960 ut
3406 4916 3585 4974 capere
3609 4894 3664 4949 de

432 4988 697 5054 Ecclesia,
726 4993 784 5043 et
819 4989 1130 5047 convivium
1180 4990 1595 5060 Scripturarum
1624 5007 1690 5045 ac
1737 4992 2026 5063 mysteria,
2111 5010 2177 5048 eo
2219 4995 2505 5065 quippiam
2554 4994 2732 5065 possit
2768 4993 3005 5048 infantia
3047 5000 3259 5061 nostra,
3304 4995 3495 5049 saltem
3531 4988 3665 5059 jaml

432 5077 504 5133 de
536 5076 738 5148 quibus
766 5077 934 5135 simul
970 5077 1100 5135 boni
1126 5096 1191 5132 ac
1234 5079 1368 5133 mali
1422 5081 1722 5150 epulantur
1754 5080 2023 5151 quotidie,
2110 5098 2294 5138 mores
2316 5084 2610 5140 humanos.
2629 5084 2775 5147 Quia
2804 5084 3050 5154 quandiu
3068 5085 3326 5138 homines
3352 5098 3552 5143 sumus,
3572 5088 3664 5129 non

432 5181 725 5238 quousque
741 5167 812 5225 ad
832 5167 969 5223 illud
992 5167 1253 5223 ultimum
1267 5168 1642 5238 perveniatur.
1659 5171 1785 5227 Non
1805 5186 2029 5241 semper
2108 5189 2406 5246 possumus
2425 5189 2622 5243 capere
2638 5173 2708 5227 de
2729 5174 2844 5227 Deo
2866 5173 3173 5227 secundum
3197 5190 3275 5239 se,
3303 5187 3479 5242 neque
3501 5160 3661 5221 multi-

432 5256 723 5325 respousio
748 5256 818 5323 ad
859 5256 1207 5326 interrogata
1248 5258 1505 5322 refertur,
1538 5275 1731 5315 verum
1761 5259 1932 5313 etiam
1971 5264 2028 5314 et
2108 5263 2360 5317 tudinem
2383 5262 2786 5331 magnitudinis
2804 5264 2925 5333 ejus
2945 5263 3230 5317 intellectu
3259 5255 3658 5335 apprehendere,

436 5343 508 5403 ad
531 5344 752 5409 merita,
782 5350 840 5405 et
866 5345 936 5399 ad
958 5361 1025 5401 ea
1053 5361 1176 5418 quae
1192 5362 1290 5415 per
1313 5348 1729 5417 responsionem
1754 5350 1881 5419 jure
1908 5355 2030 5403 tan-
2108 5358 2166 5407 et
2194 5353 2320 5407 ideo
2341 5368 2564 5405 necesse
2589 5351 2695 5405 fuit
2723 5353 2948 5418 addere,
2976 5351 3172 5406 Simile
3195 5355 3268 5406 est
3294 5363 3518 5418 regnum
3541 5344 3661 5398 calo-

434 5435 665 5503 guntur,
701 5432 862 5490 sicuti
891 5434 995 5489 hoc
1032 5434 1171 5489 loco.
1216 5436 1361 5499 Quia
1385 5437 1601 5491 dixerat
1631 5455 1666 5491 a
1691 5438 1897 5492 Judasis
1943 5457 2029 5494 re-
2109 5458 2239 5496 rum
2255 5443 2473 5495 homini
2494 5443 2630 5508 regi,
2652 5446 2717 5495 ut
2736 5440 3054 5495 hominibus
3074 5440 3233 5513 quasi
3248 5440 3412 5494 homo
3431 5432 3564 5508 apud
3581 5431 3659 5513 hOf

428 5536 611 5593 mum
637 5520 742 5583 Dei
762 5522 1131 5581 auferendum
1153 5541 1255 5581 seu
1283 5531 1503 5595 caetera,
1536 5532 1595 5582 et
1618 5533 1893 5587 nonsunt
1917 5533 2028 5584 ter-
2105 5530 2289 5585 mines
2311 5529 2657 5601 loqueretur.
2686 5530 2833 5596 Quia
2858 5529 2908 5585 si
2932 5510 3241 5586 secundum
3273 5544 3333 5583 se
3356 5523 3508 5600 juxta
3533 5510 3658 5591 quod
