  <div class='ocr_page' id='page_1' title='image "/cluster/home/n/w/nwhite01/storage/ocr_20150623/120/hvd.32044054759824/376.png"; bbox 0 0 3872 6158; ppageno 0'>
   <div class='ocr_carea' id='block_1_1' title="bbox 181 265 1805 336">
    <p class='ocr_par' dir='ltr' id='par_1_1' title="bbox 181 265 1805 336">
     <span class='ocr_line' id='line_1_1' title="bbox 181 265 1805 336; baseline -0.01 -1"><span class='ocrx_word' id='word_1_1' title='bbox 181 278 278 336; x_wconf 75' lang='grc'><strong>741</strong></span> <span class='ocrx_word' id='word_1_2' title='bbox 928 269 1309 331; x_wconf 77' lang='lat' dir='ltr'><strong>EXPOSITIO</strong></span> <span class='ocrx_word' id='word_1_3' title='bbox 1347 267 1425 324; x_wconf 87' lang='lat' dir='ltr'><strong>IN</strong></span> <span class='ocrx_word' id='word_1_4' title='bbox 1461 265 1805 323; x_wconf 66' lang='lat' dir='ltr'><strong>MATTHEI</strong></span> 
     </span>
    </p>
   </div>
   <div class='ocr_carea' id='block_1_2' title="bbox 1889 265 3459 336">
    <p class='ocr_par' dir='ltr' id='par_1_2' title="bbox 1894 266 3459 335">
     <span class='ocr_line' id='line_1_2' title="bbox 1894 266 3459 335; baseline 0.006 -14"><span class='ocrx_word' id='word_1_5' title='bbox 1894 306 1907 320; x_wconf 94' lang='lat'><strong>.</strong></span> <span class='ocrx_word' id='word_1_6' title='bbox 1940 295 2006 308; x_wconf 93' lang='lat'>—</span> <span class='ocrx_word' id='word_1_7' title='bbox 2036 266 2176 323; x_wconf 85' lang='lat' dir='ltr'><strong>LIB.</strong></span> <span class='ocrx_word' id='word_1_8' title='bbox 2218 268 2286 335; x_wconf 86' lang='lat' dir='ltr'><strong>X,</strong></span> <span class='ocrx_word' id='word_1_9' title='bbox 2329 268 2487 324; x_wconf 83' lang='lat' dir='ltr'><strong>CAP.</strong></span> <span class='ocrx_word' id='word_1_10' title='bbox 2532 271 2708 327; x_wconf 83' lang='lat' dir='ltr'><strong>XXII.</strong></span> <span class='ocrx_word' id='word_1_11' title='bbox 3351 272 3459 331; x_wconf 72' lang='lat'><strong>74.“.</strong></span> 
     </span>
    </p>
   </div>
   <div class='ocr_carea' id='block_1_3' title="bbox 179 390 3457 462">
    <p class='ocr_par' dir='ltr' id='par_1_3' title="bbox 179 390 3457 462">
     <span class='ocr_line' id='line_1_3' title="bbox 179 390 3457 462; baseline -0.002 -3"><span class='ocrx_word' id='word_1_12' title='bbox 179 404 327 459; x_wconf 84' lang='lat' dir='ltr'><strong>Deus</strong></span> <span class='ocrx_word' id='word_1_13' title='bbox 362 406 450 457; x_wconf 90' lang='lat' dir='ltr'><strong>est</strong></span> <span class='ocrx_word' id='word_1_14' title='bbox 476 402 767 457; x_wconf 89' lang='lat' dir='ltr'><strong>locuturus</strong></span> <span class='ocrx_word' id='word_1_15' title='bbox 787 404 955 462; x_wconf 88' lang='lat' dir='ltr'><strong>esset,</strong></span> <span class='ocrx_word' id='word_1_16' title='bbox 986 413 1151 452; x_wconf 89' lang='lat' dir='ltr'><strong>nemo</strong></span> <span class='ocrx_word' id='word_1_17' title='bbox 1186 391 1509 448; x_wconf 79' lang='lat' dir='ltr'><strong>mortalium</strong></span> <span class='ocrx_word' id='word_1_18' title='bbox 1532 390 1775 446; x_wconf 82' lang='lat' dir='ltr'><strong>sustine-</strong></span> <span class='ocrx_word' id='word_1_19' title='bbox 1792 390 1920 450; x_wconf 85' lang='lat' dir='ltr'><strong>Ain</strong></span> <span class='ocrx_word' id='word_1_20' title='bbox 1948 408 2116 447; x_wconf 85' lang='lat' dir='ltr'><strong>carne</strong></span> <span class='ocrx_word' id='word_1_21' title='bbox 2145 392 2518 449; x_wconf 88' lang='lat' dir='ltr'><strong>crediderunt.</strong></span> <span class='ocrx_word' id='word_1_22' title='bbox 2538 395 2700 450; x_wconf 87' lang='lat' dir='ltr'><strong>Unde</strong></span> <span class='ocrx_word' id='word_1_23' title='bbox 2726 395 2835 449; x_wconf 88' lang='lat' dir='ltr'><strong>ait:</strong></span> <span class='ocrx_word' id='word_1_24' title='bbox 2861 397 2927 451; x_wconf 85' lang='lat' dir='ltr'><strong>Et</strong></span> <span class='ocrx_word' id='word_1_25' title='bbox 2954 397 3109 451; x_wconf 84' lang='lat' dir='ltr'><strong>misit</strong></span> <span class='ocrx_word' id='word_1_26' title='bbox 3137 414 3313 452; x_wconf 85' lang='lat' dir='ltr'><strong>servos</strong></span> <span class='ocrx_word' id='word_1_27' title='bbox 3333 415 3457 454; x_wconf 85' lang='lat' dir='ltr'><strong>suos</strong></span> 
     </span>
    </p>
   </div>
   <div class='ocr_carea' id='block_1_4' title="bbox 183 481 3450 563">
    <p class='ocr_par' dir='ltr' id='par_1_4' title="bbox 183 481 3450 563">
     <span class='ocr_line' id='line_1_4' title="bbox 183 481 3450 563; baseline -0.001 -16"><span class='ocrx_word' id='word_1_28' title='bbox 183 499 281 547; x_wconf 89' lang='lat' dir='ltr'><strong>ret.</strong></span> <span class='ocrx_word' id='word_1_29' title='bbox 314 492 619 563; x_wconf 80' lang='lat' dir='ltr'><strong>Dispensat</strong></span> <span class='ocrx_word' id='word_1_30' title='bbox 646 496 837 545; x_wconf 89' lang='lat' dir='ltr'><strong>autem</strong></span> <span class='ocrx_word' id='word_1_31' title='bbox 877 489 1028 543; x_wconf 86' lang='lat' dir='ltr'><strong>Deus</strong></span> <span class='ocrx_word' id='word_1_32' title='bbox 1058 483 1314 538; x_wconf 84' lang='lat' dir='ltr'><strong>homines</strong></span> <span class='ocrx_word' id='word_1_33' title='bbox 1343 498 1454 536; x_wconf 90' lang='lat' dir='ltr'><strong>non</strong></span> <span class='ocrx_word' id='word_1_34' title='bbox 1497 481 1779 551; x_wconf 82' lang='lat' dir='ltr'><strong>capientes</strong></span> <span class='ocrx_word' id='word_1_35' title='bbox 1860 498 2051 538; x_wconf 69' lang='lat' dir='ltr'><strong>vocare</strong></span> <span class='ocrx_word' id='word_1_36' title='bbox 2072 486 2331 537; x_wconf 81' lang='lat' dir='ltr'><strong>invitatos</strong></span> <span class='ocrx_word' id='word_1_37' title='bbox 2348 485 2423 537; x_wconf 83' lang='lat' dir='ltr'><strong>ad</strong></span> <span class='ocrx_word' id='word_1_38' title='bbox 2442 486 2827 552; x_wconf 76' lang='lat' dir='ltr'><strong>nuptiasJam</strong></span> <span class='ocrx_word' id='word_1_39' title='bbox 2857 484 3007 539; x_wconf 91' lang='lat' dir='ltr'><strong>enim</strong></span> <span class='ocrx_word' id='word_1_40' title='bbox 3040 486 3135 557; x_wconf 88' lang='lat' dir='ltr'><strong>qui</strong></span> <span class='ocrx_word' id='word_1_41' title='bbox 3163 492 3450 553; x_wconf 81' lang='lat' dir='ltr'><strong>vocantur,</strong></span> 
     </span>
    </p>
   </div>
   <div class='ocr_carea' id='block_1_5' title="bbox 183 570 3460 653">
    <p class='ocr_par' dir='ltr' id='par_1_5' title="bbox 183 570 3460 653">
     <span class='ocr_line' id='line_1_5' title="bbox 183 570 3460 653; baseline -0.002 -18"><span class='ocrx_word' id='word_1_42' title='bbox 183 581 495 653; x_wconf 71' lang='lat' dir='ltr'><strong>dispensari</strong></span> <span class='ocrx_word' id='word_1_43' title='bbox 527 597 587 633; x_wconf 89' lang='lat' dir='ltr'><strong>se</strong></span> <span class='ocrx_word' id='word_1_44' title='bbox 615 579 751 634; x_wconf 90' lang='lat' dir='ltr'><strong>satis</strong></span> <span class='ocrx_word' id='word_1_45' title='bbox 773 595 805 632; x_wconf 91' lang='lat' dir='ltr'><strong>a</strong></span> <span class='ocrx_word' id='word_1_46' title='bbox 833 579 970 643; x_wconf 91' lang='lat' dir='ltr'><strong>Deo,</strong></span> <span class='ocrx_word' id='word_1_47' title='bbox 995 574 1127 646; x_wconf 84' lang='lat' dir='ltr'><strong>quia</strong></span> <span class='ocrx_word' id='word_1_48' title='bbox 1158 571 1385 626; x_wconf 85' lang='lat' dir='ltr'>omnino</span> <span class='ocrx_word' id='word_1_49' title='bbox 1414 572 1561 624; x_wconf 89' lang='lat' dir='ltr'><strong>Deus</strong></span> <span class='ocrx_word' id='word_1_50' title='bbox 1587 576 1690 628; x_wconf 85' lang='lat' dir='ltr'><strong>est.</strong></span> <span class='ocrx_word' id='word_1_51' title='bbox 1725 574 1783 621; x_wconf 89' lang='lat' dir='ltr'><strong>et</strong></span> <span class='ocrx_word' id='word_1_52' title='bbox 1861 570 2081 626; x_wconf 75' lang='lat' dir='ltr'><strong>invitati</strong></span> <span class='ocrx_word' id='word_1_53' title='bbox 2108 577 2305 638; x_wconf 85' lang='lat' dir='ltr'><strong>erant;</strong></span> <span class='ocrx_word' id='word_1_54' title='bbox 2350 573 2616 644; x_wconf 90' lang='lat' dir='ltr'><strong>quoniam</strong></span> <span class='ocrx_word' id='word_1_55' title='bbox 2647 590 2841 627; x_wconf 90' lang='lat' dir='ltr'><strong>omnes</strong></span> <span class='ocrx_word' id='word_1_56' title='bbox 2869 573 2939 628; x_wconf 88' lang='lat' dir='ltr'><strong>ab</strong></span> <span class='ocrx_word' id='word_1_57' title='bbox 2965 574 3086 647; x_wconf 90' lang='lat' dir='ltr'><strong>ipso</strong></span> <span class='ocrx_word' id='word_1_58' title='bbox 3118 573 3254 628; x_wconf 82' lang='lat' dir='ltr'><strong>Abel</strong></span> <span class='ocrx_word' id='word_1_59' title='bbox 3281 577 3460 646; x_wconf 88' lang='lat' dir='ltr'><strong>justo,</strong></span> 
     </span>
    </p>
   </div>
   <div class='ocr_carea' id='block_1_6' title="bbox 183 657 3461 741">
    <p class='ocr_par' dir='ltr' id='par_1_6' title="bbox 183 657 3461 741">
     <span class='ocr_line' id='line_1_6' title="bbox 183 657 3461 741; baseline -0.002 -16"><span class='ocrx_word' id='word_1_60' title='bbox 183 672 236 726; x_wconf 90' lang='lat' dir='ltr'><strong>in</strong></span> <span class='ocrx_word' id='word_1_61' title='bbox 260 687 327 724; x_wconf 92' lang='lat' dir='ltr'><strong>eo</strong></span> <span class='ocrx_word' id='word_1_62' title='bbox 350 671 499 741; x_wconf 88' lang='lat' dir='ltr'><strong>quod</strong></span> <span class='ocrx_word' id='word_1_63' title='bbox 517 669 805 740; x_wconf 86' lang='lat' dir='ltr'><strong>dispensat</strong></span> <span class='ocrx_word' id='word_1_64' title='bbox 824 665 1111 728; x_wconf 86' lang='lat' dir='ltr'><strong>homines;</strong></span> <span class='ocrx_word' id='word_1_65' title='bbox 1145 661 1294 714; x_wconf 91' lang='lat' dir='ltr'><strong>unde</strong></span> <span class='ocrx_word' id='word_1_66' title='bbox 1316 675 1539 713; x_wconf 88' lang='lat' dir='ltr'><strong>necesse</strong></span> <span class='ocrx_word' id='word_1_67' title='bbox 1564 657 1778 724; x_wconf 87' lang='lat' dir='ltr'><strong>habuit,</strong></span> <span class='ocrx_word' id='word_1_68' title='bbox 1864 659 2033 730; x_wconf 84' lang='lat' dir='ltr'><strong>hujus</strong></span> <span class='ocrx_word' id='word_1_69' title='bbox 2055 661 2376 727; x_wconf 81' lang='lat' dir='ltr'><strong>adventum,</strong></span> <span class='ocrx_word' id='word_1_70' title='bbox 2400 661 2656 732; x_wconf 88' lang='lat' dir='ltr'><strong>inspirati</strong></span> <span class='ocrx_word' id='word_1_71' title='bbox 2677 679 2711 715; x_wconf 89' lang='lat' dir='ltr'><strong>a</strong></span> <span class='ocrx_word' id='word_1_72' title='bbox 2732 663 2865 728; x_wconf 93' lang='lat' dir='ltr'><strong>Deo,</strong></span> <span class='ocrx_word' id='word_1_73' title='bbox 2893 663 3275 734; x_wconf 85' lang='lat' dir='ltr'><strong>expectabant.</strong></span> <span class='ocrx_word' id='word_1_74' title='bbox 3301 664 3461 719; x_wconf 89' lang='lat' dir='ltr'><strong>Unde</strong></span> 
     </span>
    </p>
   </div>
   <div class='ocr_carea' id='block_1_7' title="bbox 185 748 1781 821">
    <p class='ocr_par' dir='ltr' id='par_1_7' title="bbox 185 748 1781 821">
     <span class='ocr_line' id='line_1_7' title="bbox 185 748 1781 821; baseline -0.01 -7"><span class='ocrx_word' id='word_1_75' title='bbox 185 762 401 814; x_wconf 85' lang='lat' dir='ltr'><strong>homini</strong></span> <span class='ocrx_word' id='word_1_76' title='bbox 428 758 654 812; x_wconf 85' lang='lat' dir='ltr'><strong>addere.</strong></span> <span class='ocrx_word' id='word_1_77' title='bbox 683 756 827 821; x_wconf 83' lang='lat' dir='ltr'><strong>Quia</strong></span> <span class='ocrx_word' id='word_1_78' title='bbox 852 770 966 808; x_wconf 89' lang='lat' dir='ltr'><strong>non</strong></span> <span class='ocrx_word' id='word_1_79' title='bbox 998 749 1306 805; x_wconf 87' lang='lat' dir='ltr'><strong>secundum</strong></span> <span class='ocrx_word' id='word_1_80' title='bbox 1335 765 1395 801; x_wconf 86' lang='lat' dir='ltr'><strong>se</strong></span> <span class='ocrx_word' id='word_1_81' title='bbox 1422 748 1571 801; x_wconf 90' lang='lat' dir='ltr'><strong>Deus</strong></span> <span class='ocrx_word' id='word_1_82' title='bbox 1595 748 1781 811; x_wconf 89' lang='lat' dir='ltr'><strong>Pater,</strong></span> 
     </span>
    </p>
   </div>
   <div class='ocr_carea' id='block_1_8' title="bbox 186 835 1786 904">
    <p class='ocr_par' dir='ltr' id='par_1_8' title="bbox 186 835 1786 904">
     <span class='ocr_line' id='line_1_8' title="bbox 186 835 1786 904; baseline -0.011 0"><span class='ocrx_word' id='word_1_83' title='bbox 186 848 279 904; x_wconf 86' lang='lat' dir='ltr'><strong>sed</strong></span> <span class='ocrx_word' id='word_1_84' title='bbox 322 847 633 902; x_wconf 89' lang='lat' dir='ltr'><strong>secundum</strong></span> <span class='ocrx_word' id='word_1_85' title='bbox 680 860 863 899; x_wconf 91' lang='lat' dir='ltr'><strong>mores</strong></span> <span class='ocrx_word' id='word_1_86' title='bbox 902 848 1124 896; x_wconf 89' lang='lat' dir='ltr'><strong>nostros</strong></span> <span class='ocrx_word' id='word_1_87' title='bbox 1154 836 1315 891; x_wconf 90' lang='lat' dir='ltr'><strong>nobis</strong></span> <span class='ocrx_word' id='word_1_88' title='bbox 1353 835 1673 889; x_wconf 90' lang='lat' dir='ltr'><strong>hominibus</strong></span> <span class='ocrx_word' id='word_1_89' title='bbox 1700 835 1786 888; x_wconf 89' lang='lat' dir='ltr'><strong>lo-</strong></span> 
     </span>
    </p>
   </div>
   <div class='ocr_carea' id='block_1_9' title="bbox 189 923 1790 1009">
    <p class='ocr_par' dir='ltr' id='par_1_9' title="bbox 189 923 1790 1009">
     <span class='ocr_line' id='line_1_9' title="bbox 189 923 1790 1009; baseline -0.009 -18"><span class='ocrx_word' id='word_1_90' title='bbox 189 936 497 1009; x_wconf 87' lang='lat' dir='ltr'><strong>quebatur;</strong></span> <span class='ocrx_word' id='word_1_91' title='bbox 549 940 608 988; x_wconf 90' lang='lat' dir='ltr'><strong>et</strong></span> <span class='ocrx_word' id='word_1_92' title='bbox 632 933 815 987; x_wconf 88' lang='lat' dir='ltr'><strong>adhuc</strong></span> <span class='ocrx_word' id='word_1_93' title='bbox 843 947 999 985; x_wconf 90' lang='lat' dir='ltr'><strong>more</strong></span> <span class='ocrx_word' id='word_1_94' title='bbox 1038 928 1284 981; x_wconf 89' lang='lat' dir='ltr'><strong>humano</strong></span> <span class='ocrx_word' id='word_1_95' title='bbox 1314 925 1583 995; x_wconf 80' lang='lat' dir='ltr'><strong>loquitur,</strong></span> <span class='ocrx_word' id='word_1_96' title='bbox 1612 923 1790 977; x_wconf 91' lang='lat' dir='ltr'><strong>donec</strong></span> 
     </span>
    </p>
   </div>
   <div class='ocr_carea' id='block_1_10' title="bbox 188 1015 1790 1089">
    <p class='ocr_par' dir='ltr' id='par_1_10' title="bbox 188 1015 1790 1089">
     <span class='ocr_line' id='line_1_10' title="bbox 188 1015 1790 1089; baseline -0.011 -9"><span class='ocrx_word' id='word_1_97' title='bbox 188 1025 407 1080; x_wconf 82' lang='lat' dir='ltr'><strong>dicatur</strong></span> <span class='ocrx_word' id='word_1_98' title='bbox 426 1021 615 1077; x_wconf 87' lang='lat' dir='ltr'><strong>nobis:</strong></span> <span class='ocrx_word' id='word_1_99' title='bbox 643 1022 750 1089; x_wconf 86' lang='lat' dir='ltr'><strong>Ego</strong></span> <span class='ocrx_word' id='word_1_100' title='bbox 770 1021 909 1082; x_wconf 70' lang='lat' dir='ltr'><strong>dimi,</strong></span> <span class='ocrx_word' id='word_1_101' title='bbox 936 1019 1021 1071; x_wconf 84' lang='lat' dir='ltr'><strong>dii</strong></span> <span class='ocrx_word' id='word_1_102' title='bbox 1035 1019 1179 1081; x_wconf 85' lang='lat' dir='ltr'><strong>estis,</strong></span> <span class='ocrx_word' id='word_1_103' title='bbox 1197 1021 1244 1069; x_wconf 85' lang='lat' dir='ltr'><strong>ct</strong></span> <span class='ocrx_word' id='word_1_104' title='bbox 1266 1016 1375 1081; x_wconf 80' lang='lat' dir='ltr'><strong>ﬁlii</strong></span> <span class='ocrx_word' id='word_1_105' title='bbox 1388 1015 1588 1066; x_wconf 73' lang='lat' dir='ltr'><strong>excelsi</strong></span> <span class='ocrx_word' id='word_1_106' title='bbox 1607 1026 1790 1065; x_wconf 86' lang='lat' dir='ltr'><strong>omnes</strong></span> 
     </span>
    </p>
   </div>
   <div class='ocr_carea' id='block_1_11' title="bbox 186 1091 1788 1186">
    <p class='ocr_par' dir='ltr' id='par_1_11' title="bbox 186 1091 1788 1186">
     <span class='ocr_line' id='line_1_11' title="bbox 186 1091 1788 1186; baseline -0.01 -17"><span class='ocrx_word' id='word_1_107' title='bbox 186 1115 355 1186; x_wconf 75' lang='lat' dir='ltr'><strong>(Psal.</strong></span> <span class='ocrx_word' id='word_1_108' title='bbox 389 1126 573 1176; x_wconf 78' lang='lat' dir='ltr'><strong>LxxXI,</strong></span> <span class='ocrx_word' id='word_1_109' title='bbox 607 1091 661 1175; x_wconf 69' lang='grc' dir='ltr'><strong>ὁ)</strong></span> <span class='ocrx_word' id='word_1_110' title='bbox 697 1133 710 1165; x_wconf 91' lang='lat'><strong>:</strong></span> <span class='ocrx_word' id='word_1_111' title='bbox 743 1114 800 1162; x_wconf 90' lang='lat' dir='ltr'><strong>et</strong></span> <span class='ocrx_word' id='word_1_112' title='bbox 834 1113 987 1172; x_wconf 85' lang='lat' dir='ltr'><strong>tunc,</strong></span> <span class='ocrx_word' id='word_1_113' title='bbox 1028 1108 1093 1157; x_wconf 89' lang='lat' dir='ltr'><strong>ut</strong></span> <span class='ocrx_word' id='word_1_114' title='bbox 1122 1104 1307 1169; x_wconf 89' lang='lat' dir='ltr'><strong>credo,</strong></span> <span class='ocrx_word' id='word_1_115' title='bbox 1340 1101 1639 1156; x_wconf 90' lang='lat' dir='ltr'><strong>cessabunt</strong></span> <span class='ocrx_word' id='word_1_116' title='bbox 1666 1100 1788 1154; x_wconf 66' lang='lat' dir='ltr'><strong>istm</strong></span> 
     </span>
    </p>
   </div>
   <div class='ocr_carea' id='block_1_12' title="bbox 191 1188 1789 1270">
    <p class='ocr_par' dir='ltr' id='par_1_12' title="bbox 191 1188 1789 1270">
     <span class='ocr_line' id='line_1_12' title="bbox 191 1188 1789 1270; baseline -0.009 -14"><span class='ocrx_word' id='word_1_117' title='bbox 191 1198 839 1270; x_wconf 88' lang='lat' dir='ltr'><strong>similitudines,quando</strong></span> <span class='ocrx_word' id='word_1_118' title='bbox 854 1194 1131 1251; x_wconf 86' lang='lat' dir='ltr'><strong>videbitur</strong></span> <span class='ocrx_word' id='word_1_119' title='bbox 1149 1195 1297 1249; x_wconf 90' lang='lat' dir='ltr'><strong>Deus</strong></span> <span class='ocrx_word' id='word_1_120' title='bbox 1306 1198 1370 1246; x_wconf 91' lang='lat' dir='ltr'><strong>ut</strong></span> <span class='ocrx_word' id='word_1_121' title='bbox 1381 1196 1484 1255; x_wconf 90' lang='lat' dir='ltr'><strong>est,</strong></span> <span class='ocrx_word' id='word_1_122' title='bbox 1500 1196 1556 1245; x_wconf 90' lang='lat' dir='ltr'><strong>et</strong></span> <span class='ocrx_word' id='word_1_123' title='bbox 1568 1188 1789 1263; x_wconf 86' lang='lat' dir='ltr'><strong>quando</strong></span> 
     </span>
    </p>
   </div>
   <div class='ocr_carea' id='block_1_13' title="bbox 189 1277 1791 1363">
    <p class='ocr_par' dir='ltr' id='par_1_13' title="bbox 189 1277 1791 1363">
     <span class='ocr_line' id='line_1_13' title="bbox 189 1277 1791 1363; baseline -0.01 -17"><span class='ocrx_word' id='word_1_124' title='bbox 189 1292 303 1363; x_wconf 90' lang='lat' dir='ltr'><strong>ipse</strong></span> <span class='ocrx_word' id='word_1_125' title='bbox 350 1290 528 1345; x_wconf 89' lang='lat' dir='ltr'><strong>Filius</strong></span> <span class='ocrx_word' id='word_1_126' title='bbox 556 1289 740 1359; x_wconf 86' lang='lat' dir='ltr'><strong>palam</strong></span> <span class='ocrx_word' id='word_1_127' title='bbox 786 1288 856 1341; x_wconf 92' lang='lat' dir='ltr'><strong>de</strong></span> <span class='ocrx_word' id='word_1_128' title='bbox 886 1285 1053 1339; x_wconf 88' lang='lat' dir='ltr'><strong>Patre</strong></span> <span class='ocrx_word' id='word_1_129' title='bbox 1084 1282 1444 1339; x_wconf 87' lang='lat' dir='ltr'><strong>annuntiabit</strong></span> <span class='ocrx_word' id='word_1_130' title='bbox 1481 1280 1659 1343; x_wconf 90' lang='lat' dir='ltr'><strong>nobis,</strong></span> <span class='ocrx_word' id='word_1_131' title='bbox 1694 1277 1791 1348; x_wconf 89' lang='lat' dir='ltr'><strong>qui</strong></span> 
     </span>
    </p>
   </div>
   <div class='ocr_carea' id='block_1_14' title="bbox 192 1370 1795 1451">
    <p class='ocr_par' dir='ltr' id='par_1_14' title="bbox 192 1370 1795 1451">
     <span class='ocr_line' id='line_1_14' title="bbox 192 1370 1795 1451; baseline -0.01 -15"><span class='ocrx_word' id='word_1_132' title='bbox 192 1381 315 1436; x_wconf 82' lang='lat' dir='ltr'><strong>fecit</strong></span> <span class='ocrx_word' id='word_1_133' title='bbox 350 1379 581 1451; x_wconf 88' lang='lat' dir='ltr'><strong>nuptias</strong></span> <span class='ocrx_word' id='word_1_134' title='bbox 629 1377 744 1431; x_wconf 86' lang='lat' dir='ltr'><strong>filio</strong></span> <span class='ocrx_word' id='word_1_135' title='bbox 790 1392 911 1434; x_wconf 91' lang='lat' dir='ltr'><strong>suo.</strong></span> <span class='ocrx_word' id='word_1_136' title='bbox 959 1376 1084 1429; x_wconf 86' lang='lat' dir='ltr'><strong>Jam</strong></span> <span class='ocrx_word' id='word_1_137' title='bbox 1123 1374 1257 1445; x_wconf 88' lang='lat' dir='ltr'><strong>quia</strong></span> <span class='ocrx_word' id='word_1_138' title='bbox 1285 1371 1345 1425; x_wconf 91' lang='lat' dir='ltr'><strong>in</strong></span> <span class='ocrx_word' id='word_1_139' title='bbox 1384 1370 1680 1424; x_wconf 75' lang='lat' dir='ltr'><strong>manifesto</strong></span> <span class='ocrx_word' id='word_1_140' title='bbox 1707 1372 1795 1421; x_wconf 89' lang='lat' dir='ltr'><strong>est</strong></span> 
     </span>
    </p>
   </div>
   <div class='ocr_carea' id='block_1_15' title="bbox 195 1454 1791 1541">
    <p class='ocr_par' dir='ltr' id='par_1_15' title="bbox 195 1454 1791 1541">
     <span class='ocr_line' id='line_1_15' title="bbox 195 1454 1791 1541; baseline -0.009 -18"><span class='ocrx_word' id='word_1_141' title='bbox 195 1485 433 1541; x_wconf 85' lang='lat' dir='ltr'><strong>persona</strong></span> <span class='ocrx_word' id='word_1_142' title='bbox 461 1466 646 1521; x_wconf 85' lang='lat' dir='ltr'><strong>Patris</strong></span> <span class='ocrx_word' id='word_1_143' title='bbox 671 1471 728 1519; x_wconf 92' lang='lat' dir='ltr'><strong>et</strong></span> <span class='ocrx_word' id='word_1_144' title='bbox 758 1463 905 1529; x_wconf 84' lang='lat' dir='ltr'><strong>Filii,</strong></span> <span class='ocrx_word' id='word_1_145' title='bbox 941 1463 1029 1517; x_wconf 92' lang='lat' dir='ltr'><strong>cui</strong></span> <span class='ocrx_word' id='word_1_146' title='bbox 1067 1463 1226 1516; x_wconf 66' lang='lat' dir='ltr'><strong>factae</strong></span> <span class='ocrx_word' id='word_1_147' title='bbox 1276 1464 1410 1513; x_wconf 90' lang='lat' dir='ltr'><strong>sunt</strong></span> <span class='ocrx_word' id='word_1_148' title='bbox 1448 1456 1675 1528; x_wconf 80' lang='lat' dir='ltr'><strong>nuptiae,</strong></span> <span class='ocrx_word' id='word_1_149' title='bbox 1705 1454 1791 1508; x_wconf 90' lang='lat' dir='ltr'><strong>di-</strong></span> 
     </span>
    </p>
   </div>
   <div class='ocr_carea' id='block_1_16' title="bbox 197 1544 1794 1629">
    <p class='ocr_par' dir='ltr' id='par_1_16' title="bbox 197 1544 1794 1629">
     <span class='ocr_line' id='line_1_16' title="bbox 197 1544 1794 1629; baseline -0.01 -16"><span class='ocrx_word' id='word_1_150' title='bbox 197 1556 533 1629; x_wconf 88' lang='lat' dir='ltr'><strong>stinguenda</strong></span> <span class='ocrx_word' id='word_1_151' title='bbox 561 1560 648 1609; x_wconf 89' lang='lat' dir='ltr'><strong>est</strong></span> <span class='ocrx_word' id='word_1_152' title='bbox 687 1554 803 1607; x_wconf 86' lang='lat' dir='ltr'><strong>haec</strong></span> <span class='ocrx_word' id='word_1_153' title='bbox 845 1551 1149 1623; x_wconf 88' lang='lat' dir='ltr'><strong>parabola;</strong></span> <span class='ocrx_word' id='word_1_154' title='bbox 1202 1548 1402 1621; x_wconf 88' lang='lat' dir='ltr'><strong>quibus</strong></span> <span class='ocrx_word' id='word_1_155' title='bbox 1446 1544 1794 1616; x_wconf 90' lang='lat' dir='ltr'><strong>temporibus</strong></span> 
     </span>
    </p>
   </div>
   <div class='ocr_carea' id='block_1_17' title="bbox 1865 748 3462 822">
    <p class='ocr_par' dir='ltr' id='par_1_17' title="bbox 1865 748 3462 822">
     <span class='ocr_line' id='line_1_17' title="bbox 1865 748 3462 822; baseline 0.003 -20"><span class='ocrx_word' id='word_1_156' title='bbox 1865 748 1924 803; x_wconf 91' lang='lat' dir='ltr'><strong>in</strong></span> <span class='ocrx_word' id='word_1_157' title='bbox 1954 750 2136 819; x_wconf 78' lang='lat' dir='ltr'><strong>figura</strong></span> <span class='ocrx_word' id='word_1_158' title='bbox 2165 750 2374 803; x_wconf 87' lang='lat' dir='ltr'><strong>Christi</strong></span> <span class='ocrx_word' id='word_1_159' title='bbox 2405 765 2613 820; x_wconf 88' lang='lat' dir='ltr'><strong>agnum</strong></span> <span class='ocrx_word' id='word_1_160' title='bbox 2647 750 2913 805; x_wconf 88' lang='lat' dir='ltr'><strong>obtulisse</strong></span> <span class='ocrx_word' id='word_1_161' title='bbox 2954 752 3198 822; x_wconf 87' lang='lat' dir='ltr'><strong>legitur;</strong></span> <span class='ocrx_word' id='word_1_162' title='bbox 3251 757 3308 807; x_wconf 91' lang='lat' dir='ltr'><strong>et</strong></span> <span class='ocrx_word' id='word_1_163' title='bbox 3335 752 3462 807; x_wconf 92' lang='lat' dir='ltr'><strong>ideo</strong></span> 
     </span>
    </p>
   </div>
   <div class='ocr_carea' id='block_1_18' title="bbox 1871 838 3464 913">
    <p class='ocr_par' dir='ltr' id='par_1_18' title="bbox 1871 838 3464 913">
     <span class='ocr_line' id='line_1_18' title="bbox 1871 838 3464 913; baseline 0.001 -21"><span class='ocrx_word' id='word_1_164' title='bbox 1871 838 2109 906; x_wconf 68' lang='lat' dir='ltr'><strong>Respexit</strong></span> <span class='ocrx_word' id='word_1_165' title='bbox 2126 841 2315 903; x_wconf 55' lang='lat'><strong>906</strong></span> <span class='ocrx_word' id='word_1_166' title='bbox 2338 839 2408 891; x_wconf 87' lang='lat' dir='ltr'><strong>ad</strong></span> <span class='ocrx_word' id='word_1_167' title='bbox 2437 855 2567 895; x_wconf 89' lang='lat' dir='ltr'><strong>eum</strong></span> <span class='ocrx_word' id='word_1_168' title='bbox 2586 840 2873 905; x_wconf 76' lang='lat' dir='ltr'><strong>Dominus,</strong></span> <span class='ocrx_word' id='word_1_169' title='bbox 2898 845 2946 893; x_wconf 87' lang='lat' dir='ltr'><strong>et</strong></span> <span class='ocrx_word' id='word_1_170' title='bbox 2977 841 3051 894; x_wconf 88' lang='lat' dir='ltr'><strong>ad</strong></span> <span class='ocrx_word' id='word_1_171' title='bbox 3081 858 3317 895; x_wconf 87' lang='lat' dir='ltr'><strong>munera</strong></span> <span class='ocrx_word' id='word_1_172' title='bbox 3348 844 3464 913; x_wconf 84' lang='lat' dir='ltr'><strong>ejus</strong></span> 
     </span>
    </p>
   </div>
   <div class='ocr_carea' id='block_1_19' title="bbox 1875 927 3466 1001">
    <p class='ocr_par' dir='ltr' id='par_1_19' title="bbox 1875 927 3466 1001">
     <span class='ocr_line' id='line_1_19' title="bbox 1875 927 3466 1001; baseline 0.002 -21"><span class='ocrx_word' id='word_1_173' title='bbox 1875 927 2113 993; x_wconf 79' lang='lat' dir='ltr'><strong>(Gcn.1v,</strong></span> <span class='ocrx_word' id='word_1_174' title='bbox 2136 927 2187 995; x_wconf 81' lang='grc'><strong>4)</strong></span> <span class='ocrx_word' id='word_1_175' title='bbox 2217 940 2228 973; x_wconf 76' lang='grc' dir='ltr'>ε</span> <span class='ocrx_word' id='word_1_176' title='bbox 2256 927 2500 997; x_wconf 84' lang='lat' dir='ltr'><strong>respexit</strong></span> <span class='ocrx_word' id='word_1_177' title='bbox 2516 932 2706 982; x_wconf 89' lang='lat' dir='ltr'><strong>autem</strong></span> <span class='ocrx_word' id='word_1_178' title='bbox 2729 929 2873 982; x_wconf 88' lang='lat' dir='ltr'><strong>sicut</strong></span> <span class='ocrx_word' id='word_1_179' title='bbox 2890 927 3023 981; x_wconf 86' lang='lat' dir='ltr'><strong>alibi</strong></span> <span class='ocrx_word' id='word_1_180' title='bbox 3049 928 3310 999; x_wconf 78' lang='lat' dir='ltr'><strong>legimus,</strong></span> <span class='ocrx_word' id='word_1_181' title='bbox 3332 929 3466 1001; x_wconf 86' lang='lat' dir='ltr'><strong>quia</strong></span> 
     </span>
    </p>
   </div>
   <div class='ocr_carea' id='block_1_20' title="bbox 1870 1014 3465 1089">
    <p class='ocr_par' dir='ltr' id='par_1_20' title="bbox 1870 1014 3465 1089">
     <span class='ocr_line' id='line_1_20' title="bbox 1870 1014 3465 1089; baseline 0.003 -22"><span class='ocrx_word' id='word_1_182' title='bbox 1870 1014 2259 1068; x_wconf 79' lang='lat' dir='ltr'><strong>inflammavit.</strong></span> <span class='ocrx_word' id='word_1_183' title='bbox 2278 1015 2489 1069; x_wconf 90' lang='lat' dir='ltr'><strong>Idcirco</strong></span> <span class='ocrx_word' id='word_1_184' title='bbox 2512 1022 2662 1070; x_wconf 90' lang='lat' dir='ltr'><strong>recte</strong></span> <span class='ocrx_word' id='word_1_185' title='bbox 2674 1017 2929 1083; x_wconf 88' lang='lat' dir='ltr'><strong>dicimus,</strong></span> <span class='ocrx_word' id='word_1_186' title='bbox 2963 1018 3097 1089; x_wconf 88' lang='lat' dir='ltr'><strong>quia</strong></span> <span class='ocrx_word' id='word_1_187' title='bbox 3108 1018 3177 1071; x_wconf 90' lang='lat' dir='ltr'><strong>ad</strong></span> <span class='ocrx_word' id='word_1_188' title='bbox 3190 1018 3292 1073; x_wconf 86' lang='lat' dir='ltr'><strong>has</strong></span> <span class='ocrx_word' id='word_1_189' title='bbox 3316 1034 3465 1089; x_wconf 90' lang='lat' dir='ltr'><strong>nup-</strong></span> 
     </span>
    </p>
   </div>
   <div class='ocr_carea' id='block_1_21' title="bbox 1872 1090 3463 1177">
    <p class='ocr_par' dir='ltr' id='par_1_21' title="bbox 1872 1090 3463 1177">
     <span class='ocr_line' id='line_1_21' title="bbox 1872 1090 3463 1177; baseline 0.003 -20"><span class='ocrx_word' id='word_1_190' title='bbox 1872 1103 1983 1158; x_wconf 88' lang='lat' dir='ltr'><strong>tias</strong></span> <span class='ocrx_word' id='word_1_191' title='bbox 2009 1103 2190 1157; x_wconf 89' lang='lat' dir='ltr'><strong>omnis</strong></span> <span class='ocrx_word' id='word_1_192' title='bbox 2221 1104 2374 1157; x_wconf 90' lang='lat' dir='ltr'><strong>natio</strong></span> <span class='ocrx_word' id='word_1_193' title='bbox 2402 1104 2632 1158; x_wconf 89' lang='lat' dir='ltr'><strong>humani</strong></span> <span class='ocrx_word' id='word_1_194' title='bbox 2659 1106 2883 1175; x_wconf 81' lang='lat' dir='ltr'><strong>generis</strong></span> <span class='ocrx_word' id='word_1_195' title='bbox 2913 1123 3011 1177; x_wconf 90' lang='lat' dir='ltr'><strong>per</strong></span> <span class='ocrx_word' id='word_1_196' title='bbox 3040 1106 3223 1177; x_wconf 83' lang='lat' dir='ltr'><strong>legem</strong></span> <span class='ocrx_word' id='word_1_197' title='bbox 3245 1090 3463 1162; x_wconf 63' lang='lat' dir='ltr'><strong>natura:</strong></span> 
     </span>
    </p>
   </div>
   <div class='ocr_carea' id='block_1_22' title="bbox 1880 1192 3467 1266">
    <p class='ocr_par' dir='ltr' id='par_1_22' title="bbox 1880 1192 3467 1266">
     <span class='ocr_line' id='line_1_22' title="bbox 1880 1192 3467 1266; baseline 0.001 -20"><span class='ocrx_word' id='word_1_198' title='bbox 1880 1193 2115 1246; x_wconf 87' lang='lat' dir='ltr'><strong>invitata</strong></span> <span class='ocrx_word' id='word_1_199' title='bbox 2136 1192 2259 1248; x_wconf 87' lang='lat' dir='ltr'><strong>fuit.</strong></span> <span class='ocrx_word' id='word_1_200' title='bbox 2279 1193 2422 1246; x_wconf 88' lang='lat' dir='ltr'><strong>Nam</strong></span> <span class='ocrx_word' id='word_1_201' title='bbox 2447 1193 2556 1247; x_wconf 90' lang='lat' dir='ltr'><strong>alia</strong></span> <span class='ocrx_word' id='word_1_202' title='bbox 2576 1194 2932 1266; x_wconf 82' lang='lat' dir='ltr'><strong>exemplaria,</strong></span> <span class='ocrx_word' id='word_1_203' title='bbox 2957 1196 3061 1248; x_wconf 93' lang='lat' dir='ltr'><strong>hoc</strong></span> <span class='ocrx_word' id='word_1_204' title='bbox 3080 1196 3199 1249; x_wconf 91' lang='lat' dir='ltr'><strong>loco</strong></span> <span class='ocrx_word' id='word_1_205' title='bbox 3221 1211 3333 1249; x_wconf 90' lang='lat' dir='ltr'><strong>non</strong></span> <span class='ocrx_word' id='word_1_206' title='bbox 3352 1211 3467 1248; x_wconf 87' lang='lat' dir='ltr'><strong>ser-</strong></span> 
     </span>
    </p>
   </div>
   <div class='ocr_carea' id='block_1_23' title="bbox 1871 1281 3467 1356">
    <p class='ocr_par' dir='ltr' id='par_1_23' title="bbox 1871 1281 3467 1356">
     <span class='ocr_line' id='line_1_23' title="bbox 1871 1281 3467 1356; baseline 0.003 -23"><span class='ocrx_word' id='word_1_207' title='bbox 1871 1298 1968 1335; x_wconf 93' lang='lat' dir='ltr'><strong>vos</strong></span> <span class='ocrx_word' id='word_1_208' title='bbox 1997 1281 2309 1352; x_wconf 86' lang='lat' dir='ltr'><strong>pluraliter,</strong></span> <span class='ocrx_word' id='word_1_209' title='bbox 2330 1281 2425 1335; x_wconf 91' lang='lat' dir='ltr'><strong>sed</strong></span> <span class='ocrx_word' id='word_1_210' title='bbox 2448 1298 2668 1335; x_wconf 90' lang='lat' dir='ltr'><strong>servum</strong></span> <span class='ocrx_word' id='word_1_211' title='bbox 2690 1299 2875 1348; x_wconf 91' lang='lat' dir='ltr'><strong>suum,</strong></span> <span class='ocrx_word' id='word_1_212' title='bbox 2900 1283 3137 1351; x_wconf 84' lang='lat' dir='ltr'><strong>habent;</strong></span> <span class='ocrx_word' id='word_1_213' title='bbox 3170 1301 3271 1356; x_wconf 92' lang='lat' dir='ltr'><strong>per</strong></span> <span class='ocrx_word' id='word_1_214' title='bbox 3298 1300 3467 1355; x_wconf 88' lang='lat' dir='ltr'><strong>quem</strong></span> 
     </span>
    </p>
   </div>
   <div class='ocr_carea' id='block_1_24' title="bbox 1873 1368 3469 1441">
    <p class='ocr_par' dir='ltr' id='par_1_24' title="bbox 1873 1368 3469 1441">
     <span class='ocr_line' id='line_1_24' title="bbox 1873 1368 3469 1441; baseline 0.003 -20"><span class='ocrx_word' id='word_1_215' title='bbox 1873 1368 2016 1423; x_wconf 91' lang='lat' dir='ltr'><strong>forte</strong></span> <span class='ocrx_word' id='word_1_216' title='bbox 2044 1385 2266 1422; x_wconf 88' lang='lat' dir='ltr'><strong>servum</strong></span> <span class='ocrx_word' id='word_1_217' title='bbox 2296 1374 2445 1422; x_wconf 90' lang='lat' dir='ltr'><strong>recte</strong></span> <span class='ocrx_word' id='word_1_218' title='bbox 2481 1370 2701 1441; x_wconf 85' lang='lat' dir='ltr'><strong>Moyses</strong></span> <span class='ocrx_word' id='word_1_219' title='bbox 2730 1370 3081 1439; x_wconf 84' lang='lat' dir='ltr'><strong>intelligitur.</strong></span> <span class='ocrx_word' id='word_1_220' title='bbox 3107 1371 3266 1435; x_wconf 88' lang='lat' dir='ltr'><strong>Quod</strong></span> <span class='ocrx_word' id='word_1_221' title='bbox 3285 1371 3333 1425; x_wconf 90' lang='lat' dir='ltr'><strong>si</strong></span> <span class='ocrx_word' id='word_1_222' title='bbox 3355 1388 3469 1426; x_wconf 88' lang='lat' dir='ltr'><strong>ser-</strong></span> 
     </span>
    </p>
   </div>
   <div class='ocr_carea' id='block_1_25' title="bbox 1873 1457 3469 1531">
    <p class='ocr_par' dir='ltr' id='par_1_25' title="bbox 1873 1457 3469 1531">
     <span class='ocr_line' id='line_1_25' title="bbox 1873 1457 3469 1531; baseline 0.001 -20"><span class='ocrx_word' id='word_1_223' title='bbox 1873 1475 1969 1511; x_wconf 89' lang='lat' dir='ltr'><strong>vos</strong></span> <span class='ocrx_word' id='word_1_224' title='bbox 2008 1457 2331 1527; x_wconf 85' lang='lat' dir='ltr'><strong>legerimus,</strong></span> <span class='ocrx_word' id='word_1_225' title='bbox 2364 1463 2428 1511; x_wconf 92' lang='lat' dir='ltr'><strong>ut</strong></span> <span class='ocrx_word' id='word_1_226' title='bbox 2472 1462 2529 1511; x_wconf 90' lang='lat' dir='ltr'><strong>et</strong></span> <span class='ocrx_word' id='word_1_227' title='bbox 2569 1458 2627 1511; x_wconf 91' lang='lat' dir='ltr'><strong>in</strong></span> <span class='ocrx_word' id='word_1_228' title='bbox 2660 1459 2850 1513; x_wconf 85' lang='lat' dir='ltr'><strong>Graeco</strong></span> <span class='ocrx_word' id='word_1_229' title='bbox 2879 1459 3136 1525; x_wconf 87' lang='lat' dir='ltr'><strong>habetur,</strong></span> <span class='ocrx_word' id='word_1_230' title='bbox 3168 1460 3469 1531; x_wconf 86' lang='lat' dir='ltr'><strong>prophetas</strong></span> 
     </span>
    </p>
   </div>
   <div class='ocr_carea' id='block_1_26' title="bbox 1875 1546 3471 1619">
    <p class='ocr_par' dir='ltr' id='par_1_26' title="bbox 1875 1546 3471 1619">
     <span class='ocr_line' id='line_1_26' title="bbox 1875 1546 3471 1619; baseline 0 -19"><span class='ocrx_word' id='word_1_231' title='bbox 1875 1546 2224 1617; x_wconf 86' lang='lat' dir='ltr'><strong>apertissime</strong></span> <span class='ocrx_word' id='word_1_232' title='bbox 2249 1546 2694 1600; x_wconf 87' lang='lat' dir='ltr'><strong>incarnationem</strong></span> <span class='ocrx_word' id='word_1_233' title='bbox 2726 1547 2934 1601; x_wconf 87' lang='lat' dir='ltr'><strong>Christi</strong></span> <span class='ocrx_word' id='word_1_234' title='bbox 2959 1547 3343 1619; x_wconf 65' lang='lat' dir='ltr'><strong>praedicantes,</strong></span> <span class='ocrx_word' id='word_1_235' title='bbox 3376 1563 3471 1600; x_wconf 90' lang='lat' dir='ltr'><strong>ac-</strong></span> 
     </span>
    </p>
   </div>
   <div class='ocr_carea' id='block_1_27' title="bbox 197 1634 3469 1714">
    <p class='ocr_par' dir='ltr' id='par_1_27' title="bbox 197 1634 3469 1714">
     <span class='ocr_line' id='line_1_27' title="bbox 197 1634 3469 1714; baseline -0.003 -13"><span class='ocrx_word' id='word_1_236' title='bbox 197 1648 351 1702; x_wconf 72' lang='lat' dir='ltr'><strong>factze</strong></span> <span class='ocrx_word' id='word_1_237' title='bbox 386 1645 532 1710; x_wconf 90' lang='lat' dir='ltr'><strong>sint;</strong></span> <span class='ocrx_word' id='word_1_238' title='bbox 578 1642 843 1714; x_wconf 89' lang='lat' dir='ltr'><strong>quoniam</strong></span> <span class='ocrx_word' id='word_1_239' title='bbox 884 1641 1110 1712; x_wconf 87' lang='lat' dir='ltr'><strong>nuptias</strong></span> <span class='ocrx_word' id='word_1_240' title='bbox 1146 1640 1346 1703; x_wconf 84' lang='lat' dir='ltr'><strong>facere,</strong></span> <span class='ocrx_word' id='word_1_241' title='bbox 1381 1642 1439 1690; x_wconf 90' lang='lat' dir='ltr'><strong>et</strong></span> <span class='ocrx_word' id='word_1_242' title='bbox 1466 1634 1710 1690; x_wconf 89' lang='lat' dir='ltr'><strong>auctoris</strong></span> <span class='ocrx_word' id='word_1_243' title='bbox 1739 1635 2059 1714; x_wconf 39' lang='lat' dir='ltr'><strong>et-cipere</strong></span> <span class='ocrx_word' id='word_1_244' title='bbox 2096 1634 2382 1689; x_wconf 89' lang='lat' dir='ltr'><strong>debemus.</strong></span> <span class='ocrx_word' id='word_1_245' title='bbox 2418 1635 2526 1689; x_wconf 88' lang='lat' dir='ltr'><strong>Sed</strong></span> <span class='ocrx_word' id='word_1_246' title='bbox 2572 1635 2655 1689; x_wconf 88' lang='lat' dir='ltr'><strong>illi</strong></span> <span class='ocrx_word' id='word_1_247' title='bbox 2684 1636 2930 1707; x_wconf 85' lang='lat' dir='ltr'><strong>primum</strong></span> <span class='ocrx_word' id='word_1_248' title='bbox 2969 1635 3235 1690; x_wconf 89' lang='lat' dir='ltr'><strong>nolebant</strong></span> <span class='ocrx_word' id='word_1_249' title='bbox 3259 1635 3469 1704; x_wconf 86' lang='lat' dir='ltr'><strong>venire,</strong></span> 
     </span>
    </p>
   </div>
   <div class='ocr_carea' id='block_1_28' title="bbox 195 1706 2615 1806">
    <p class='ocr_par' dir='ltr' id='par_1_28' title="bbox 195 1706 2615 1806">
     <span class='ocr_line' id='line_1_28' title="bbox 195 1706 2615 1806; baseline -0.004 -16"><span class='ocrx_word' id='word_1_250' title='bbox 195 1734 469 1806; x_wconf 90' lang='lat' dir='ltr'><strong>temporis</strong></span> <span class='ocrx_word' id='word_1_251' title='bbox 491 1706 868 1802; x_wconf 44' lang='lat' dir='ltr'><strong>est-Legimus</strong></span> <span class='ocrx_word' id='word_1_252' title='bbox 885 1706 1075 1800; x_wconf 79' lang='lat' dir='ltr'><strong>itaque</strong></span> <span class='ocrx_word' id='word_1_253' title='bbox 1091 1729 1149 1782; x_wconf 91' lang='lat' dir='ltr'><strong>in</strong></span> <span class='ocrx_word' id='word_1_254' title='bbox 1170 1728 1281 1781; x_wconf 88' lang='lat' dir='ltr'><strong>alia</strong></span> <span class='ocrx_word' id='word_1_255' title='bbox 1294 1725 1562 1798; x_wconf 88' lang='lat' dir='ltr'><strong>parabola</strong></span> <span class='ocrx_word' id='word_1_256' title='bbox 1572 1730 1795 1794; x_wconf 88' lang='lat' dir='ltr'><strong>tempus</strong></span> <span class='ocrx_word' id='word_1_257' title='bbox 1814 1706 1861 1764; x_wconf 77' lang='grc' dir='ltr'><strong>Β</strong></span> <span class='ocrx_word' id='word_1_258' title='bbox 1879 1725 2012 1797; x_wconf 89' lang='lat' dir='ltr'><strong>quia</strong></span> <span class='ocrx_word' id='word_1_259' title='bbox 2038 1725 2265 1779; x_wconf 88' lang='lat' dir='ltr'><strong>credere</strong></span> <span class='ocrx_word' id='word_1_260' title='bbox 2293 1725 2615 1781; x_wconf 88' lang='lat' dir='ltr'><strong>noluerunt.</strong></span> 
     </span>
    </p>
   </div>
   <div class='ocr_carea' id='block_1_29' title="bbox 197 1811 1796 1896">
    <p class='ocr_par' dir='ltr' id='par_1_29' title="bbox 197 1811 1796 1896">
     <span class='ocr_line' id='line_1_29' title="bbox 197 1811 1796 1896; baseline -0.009 -17"><span class='ocrx_word' id='word_1_261' title='bbox 197 1824 524 1896; x_wconf 88' lang='lat' dir='ltr'><strong>nuptiarum</strong></span> <span class='ocrx_word' id='word_1_262' title='bbox 565 1837 686 1875; x_wconf 81' lang='lat' dir='ltr'><strong>esse</strong></span> <span class='ocrx_word' id='word_1_263' title='bbox 730 1820 1003 1883; x_wconf 82' lang='lat' dir='ltr'><strong>futurum,</strong></span> <span class='ocrx_word' id='word_1_264' title='bbox 1044 1815 1267 1887; x_wconf 89' lang='lat' dir='ltr'><strong>quando</strong></span> <span class='ocrx_word' id='word_1_265' title='bbox 1297 1831 1362 1868; x_wconf 85' lang='lat' dir='ltr'><strong>ex</strong></span> <span class='ocrx_word' id='word_1_266' title='bbox 1404 1813 1597 1867; x_wconf 77' lang='lat' dir='ltr'><strong>decem</strong></span> <span class='ocrx_word' id='word_1_267' title='bbox 1624 1811 1796 1882; x_wconf 87' lang='lat' dir='ltr'><strong>virgi-</strong></span> 
     </span>
    </p>
   </div>
   <div class='ocr_carea' id='block_1_30' title="bbox 196 1899 1800 1983">
    <p class='ocr_par' dir='ltr' id='par_1_30' title="bbox 196 1899 1800 1983">
     <span class='ocr_line' id='line_1_30' title="bbox 196 1899 1800 1983; baseline -0.009 -16"><span class='ocrx_word' id='word_1_268' title='bbox 196 1913 359 1967; x_wconf 88' lang='lat' dir='ltr'><strong>nibus</strong></span> <span class='ocrx_word' id='word_1_269' title='bbox 391 1911 642 1983; x_wconf 86' lang='lat' dir='ltr'><strong>quinque</strong></span> <span class='ocrx_word' id='word_1_270' title='bbox 676 1913 873 1977; x_wconf 63' lang='grc' dir='ltr'><strong>ωδ</strong></span> <span class='ocrx_word' id='word_1_271' title='bbox 902 1923 1026 1977; x_wconf 73' lang='lat' dir='ltr'><strong>qua:</strong></span> <span class='ocrx_word' id='word_1_272' title='bbox 1053 1909 1262 1976; x_wconf 66' lang='lat' dir='ltr'><strong>paratae</strong></span> <span class='ocrx_word' id='word_1_273' title='bbox 1290 1907 1474 1966; x_wconf 90' lang='lat' dir='ltr'><strong>erunt,</strong></span> <span class='ocrx_word' id='word_1_274' title='bbox 1507 1899 1800 1955; x_wconf 88' lang='lat' dir='ltr'><strong>intrabunt</strong></span> 
     </span>
    </p>
   </div>
   <div class='ocr_carea' id='block_1_31' title="bbox 200 1990 1799 2071">
    <p class='ocr_par' dir='ltr' id='par_1_31' title="bbox 200 1990 1799 2071">
     <span class='ocr_line' id='line_1_31' title="bbox 200 1990 1799 2071; baseline -0.009 -15"><span class='ocrx_word' id='word_1_275' title='bbox 200 2018 321 2056; x_wconf 85' lang='lat' dir='ltr'><strong>cum</strong></span> <span class='ocrx_word' id='word_1_276' title='bbox 347 2016 556 2071; x_wconf 87' lang='lat' dir='ltr'><strong>sponso</strong></span> <span class='ocrx_word' id='word_1_277' title='bbox 587 1997 811 2052; x_wconf 88' lang='lat' dir='ltr'><strong>Christo</strong></span> <span class='ocrx_word' id='word_1_278' title='bbox 842 1995 911 2049; x_wconf 89' lang='lat' dir='ltr'><strong>ad</strong></span> <span class='ocrx_word' id='word_1_279' title='bbox 937 1994 1180 2064; x_wconf 86' lang='lat' dir='ltr'><strong>nuptias,</strong></span> <span class='ocrx_word' id='word_1_280' title='bbox 1216 1992 1306 2046; x_wconf 92' lang='lat' dir='ltr'><strong>cui</strong></span> <span class='ocrx_word' id='word_1_281' title='bbox 1344 1991 1501 2045; x_wconf 62' lang='lat' dir='ltr'><strong>facta;</strong></span> <span class='ocrx_word' id='word_1_282' title='bbox 1535 1990 1655 2043; x_wconf 69' lang='lat' dir='ltr'><strong>ista:</strong></span> <span class='ocrx_word' id='word_1_283' title='bbox 1683 2005 1799 2042; x_wconf 86' lang='lat' dir='ltr'><strong>cre-</strong></span> 
     </span>
    </p>
   </div>
   <div class='ocr_carea' id='block_1_32' title="bbox 200 2079 1799 2149">
    <p class='ocr_par' dir='ltr' id='par_1_32' title="bbox 200 2079 1799 2149">
     <span class='ocr_line' id='line_1_32' title="bbox 200 2079 1799 2149; baseline -0.008 -9"><span class='ocrx_word' id='word_1_284' title='bbox 200 2085 427 2140; x_wconf 88' lang='lat' dir='ltr'><strong>duntur.</strong></span> <span class='ocrx_word' id='word_1_285' title='bbox 454 2083 615 2139; x_wconf 90' lang='lat' dir='ltr'><strong>Unde</strong></span> <span class='ocrx_word' id='word_1_286' title='bbox 645 2082 693 2136; x_wconf 88' lang='lat' dir='ltr'><strong>si</strong></span> <span class='ocrx_word' id='word_1_287' title='bbox 715 2082 783 2135; x_wconf 90' lang='lat' dir='ltr'><strong>de</strong></span> <span class='ocrx_word' id='word_1_288' title='bbox 805 2080 894 2135; x_wconf 87' lang='lat' dir='ltr'><strong>his</strong></span> <span class='ocrx_word' id='word_1_289' title='bbox 918 2079 1131 2149; x_wconf 87' lang='lat' dir='ltr'><strong>nuptiis</strong></span> <span class='ocrx_word' id='word_1_290' title='bbox 1154 2094 1305 2131; x_wconf 89' lang='lat' dir='ltr'><strong>nunc</strong></span> <span class='ocrx_word' id='word_1_291' title='bbox 1327 2092 1510 2130; x_wconf 83' lang='lat' dir='ltr'><strong>sermo</strong></span> <span class='ocrx_word' id='word_1_292' title='bbox 1531 2082 1634 2141; x_wconf 88' lang='lat' dir='ltr'><strong>est,</strong></span> <span class='ocrx_word' id='word_1_293' title='bbox 1656 2090 1799 2127; x_wconf 84' lang='lat' dir='ltr'><strong>nova</strong></span> 
     </span>
    </p>
   </div>
   <div class='ocr_carea' id='block_1_33' title="bbox 198 2163 1799 2237">
    <p class='ocr_par' dir='ltr' id='par_1_33' title="bbox 198 2163 1799 2237">
     <span class='ocr_line' id='line_1_33' title="bbox 198 2163 1799 2237; baseline -0.008 -9"><span class='ocrx_word' id='word_1_294' title='bbox 198 2174 339 2228; x_wconf 86' lang='lat' dir='ltr'><strong>ratio</strong></span> <span class='ocrx_word' id='word_1_295' title='bbox 372 2178 462 2226; x_wconf 86' lang='lat' dir='ltr'><strong>est</strong></span> <span class='ocrx_word' id='word_1_296' title='bbox 507 2171 587 2225; x_wconf 87' lang='lat' dir='ltr'><strong>sic</strong></span> <span class='ocrx_word' id='word_1_297' title='bbox 634 2170 900 2223; x_wconf 82' lang='lat' dir='ltr'><strong>invitasse</strong></span> <span class='ocrx_word' id='word_1_298' title='bbox 944 2167 1017 2221; x_wconf 88' lang='lat' dir='ltr'><strong>ad</strong></span> <span class='ocrx_word' id='word_1_299' title='bbox 1062 2166 1284 2221; x_wconf 87' lang='lat' dir='ltr'><strong>easdem</strong></span> <span class='ocrx_word' id='word_1_300' title='bbox 1316 2164 1573 2237; x_wconf 86' lang='lat' dir='ltr'><strong>nuptias;</strong></span> <span class='ocrx_word' id='word_1_301' title='bbox 1628 2163 1799 2217; x_wconf 84' lang='lat' dir='ltr'><strong>etiam</strong></span> 
     </span>
    </p>
   </div>
   <div class='ocr_carea' id='block_1_34' title="bbox 200 2252 1798 2327">
    <p class='ocr_par' dir='ltr' id='par_1_34' title="bbox 200 2252 1798 2327">
     <span class='ocr_line' id='line_1_34' title="bbox 200 2252 1798 2327; baseline -0.009 -8"><span class='ocrx_word' id='word_1_302' title='bbox 200 2261 372 2318; x_wconf 81' lang='lat' dir='ltr'><strong>factas</strong></span> <span class='ocrx_word' id='word_1_303' title='bbox 418 2278 561 2327; x_wconf 90' lang='lat' dir='ltr'><strong>esse,</strong></span> <span class='ocrx_word' id='word_1_304' title='bbox 596 2259 822 2313; x_wconf 85' lang='lat' dir='ltr'><strong>dixisse.</strong></span> <span class='ocrx_word' id='word_1_305' title='bbox 855 2258 1065 2311; x_wconf 85' lang='lat' dir='ltr'><strong>Verum</strong></span> <span class='ocrx_word' id='word_1_306' title='bbox 1111 2254 1243 2326; x_wconf 88' lang='lat' dir='ltr'><strong>quia</strong></span> <span class='ocrx_word' id='word_1_307' title='bbox 1287 2254 1373 2308; x_wconf 80' lang='lat' dir='ltr'><strong>hae</strong></span> <span class='ocrx_word' id='word_1_308' title='bbox 1421 2254 1628 2324; x_wconf 82' lang='lat' dir='ltr'><strong>nuptiae</strong></span> <span class='ocrx_word' id='word_1_309' title='bbox 1672 2252 1798 2306; x_wconf 69' lang='lat' dir='ltr'><strong>vitae</strong></span> 
     </span>
    </p>
   </div>
   <div class='ocr_carea' id='block_1_35' title="bbox 202 2340 1798 2412">
    <p class='ocr_par' dir='ltr' id='par_1_35' title="bbox 202 2340 1798 2412">
     <span class='ocr_line' id='line_1_35' title="bbox 202 2340 1798 2412; baseline -0.009 -4"><span class='ocrx_word' id='word_1_310' title='bbox 202 2352 447 2408; x_wconf 67' lang='lat' dir='ltr'><strong>caelestis</strong></span> <span class='ocrx_word' id='word_1_311' title='bbox 470 2356 557 2404; x_wconf 83' lang='lat' dir='ltr'><strong>est</strong></span> <span class='ocrx_word' id='word_1_312' title='bbox 583 2348 869 2412; x_wconf 86' lang='lat' dir='ltr'><strong>introitus,</strong></span> <span class='ocrx_word' id='word_1_313' title='bbox 893 2352 952 2400; x_wconf 88' lang='lat' dir='ltr'><strong>et</strong></span> <span class='ocrx_word' id='word_1_314' title='bbox 979 2362 1044 2399; x_wconf 84' lang='lat' dir='ltr'><strong>ex</strong></span> <span class='ocrx_word' id='word_1_315' title='bbox 1063 2343 1473 2398; x_wconf 89' lang='lat' dir='ltr'><strong>resurrectione</strong></span> <span class='ocrx_word' id='word_1_316' title='bbox 1492 2340 1798 2412; x_wconf 87' lang='lat' dir='ltr'><strong>suscipien-</strong></span> 
     </span>
    </p>
   </div>
   <div class='ocr_carea' id='block_1_36' title="bbox 202 2429 1801 2506">
    <p class='ocr_par' dir='ltr' id='par_1_36' title="bbox 202 2429 1801 2506">
     <span class='ocr_line' id='line_1_36' title="bbox 202 2429 1801 2506; baseline -0.009 -10"><span class='ocrx_word' id='word_1_317' title='bbox 202 2442 329 2496; x_wconf 90' lang='lat' dir='ltr'><strong>dum</strong></span> <span class='ocrx_word' id='word_1_318' title='bbox 362 2445 456 2495; x_wconf 88' lang='lat' dir='ltr'><strong>est</strong></span> <span class='ocrx_word' id='word_1_319' title='bbox 484 2443 705 2493; x_wconf 68' lang='lat' dir='ltr'><strong>aeterna:</strong></span> <span class='ocrx_word' id='word_1_320' title='bbox 724 2436 915 2506; x_wconf 69' lang='lat' dir='ltr'><strong>gloriae</strong></span> <span class='ocrx_word' id='word_1_321' title='bbox 936 2438 1370 2488; x_wconf 87' lang='lat' dir='ltr'><strong>sacramentum.</strong></span> <span class='ocrx_word' id='word_1_322' title='bbox 1392 2432 1550 2485; x_wconf 92' lang='lat' dir='ltr'><strong>Unde</strong></span> <span class='ocrx_word' id='word_1_323' title='bbox 1572 2447 1673 2484; x_wconf 89' lang='lat' dir='ltr'><strong>nec</strong></span> <span class='ocrx_word' id='word_1_324' title='bbox 1700 2429 1801 2483; x_wconf 91' lang='lat' dir='ltr'><strong>im-</strong></span> 
     </span>
    </p>
   </div>
   <div class='ocr_carea' id='block_1_37' title="bbox 201 2517 1800 2596">
    <p class='ocr_par' dir='ltr' id='par_1_37' title="bbox 201 2517 1800 2596">
     <span class='ocr_line' id='line_1_37' title="bbox 201 2517 1800 2596; baseline -0.009 -11"><span class='ocrx_word' id='word_1_325' title='bbox 201 2531 399 2584; x_wconf 87' lang='lat' dir='ltr'><strong>merito</strong></span> <span class='ocrx_word' id='word_1_326' title='bbox 424 2528 643 2582; x_wconf 85' lang='lat' dir='ltr'><strong>aPatre</strong></span> <span class='ocrx_word' id='word_1_327' title='bbox 669 2527 788 2596; x_wconf 88' lang='lat' dir='ltr'><strong>jam</strong></span> <span class='ocrx_word' id='word_1_328' title='bbox 810 2524 967 2578; x_wconf 66' lang='lat' dir='ltr'><strong>facta:</strong></span> <span class='ocrx_word' id='word_1_329' title='bbox 994 2523 1291 2589; x_wconf 89' lang='lat' dir='ltr'><strong>dicuntur;</strong></span> <span class='ocrx_word' id='word_1_330' title='bbox 1325 2520 1458 2591; x_wconf 90' lang='lat' dir='ltr'><strong>quia</strong></span> <span class='ocrx_word' id='word_1_331' title='bbox 1471 2517 1800 2574; x_wconf 61' lang='lat' dir='ltr'><strong>aeternitatis</strong></span> 
     </span>
    </p>
   </div>
   <div class='ocr_carea' id='block_1_38' title="bbox 203 2607 1799 2689">
    <p class='ocr_par' dir='ltr' id='par_1_38' title="bbox 203 2607 1799 2689">
     <span class='ocr_line' id='line_1_38' title="bbox 203 2607 1799 2689; baseline -0.009 -15"><span class='ocrx_word' id='word_1_332' title='bbox 203 2620 367 2689; x_wconf 85' lang='lat' dir='ltr'><strong>hujus</strong></span> <span class='ocrx_word' id='word_1_333' title='bbox 415 2616 674 2680; x_wconf 83' lang='lat' dir='ltr'><strong>societas,</strong></span> <span class='ocrx_word' id='word_1_334' title='bbox 717 2622 776 2667; x_wconf 91' lang='lat' dir='ltr'><strong>et</strong></span> <span class='ocrx_word' id='word_1_335' title='bbox 812 2612 939 2666; x_wconf 91' lang='lat' dir='ltr'><strong>novi</strong></span> <span class='ocrx_word' id='word_1_336' title='bbox 986 2611 1233 2682; x_wconf 89' lang='lat' dir='ltr'><strong>corporis</strong></span> <span class='ocrx_word' id='word_1_337' title='bbox 1279 2609 1638 2679; x_wconf 88' lang='lat' dir='ltr'><strong>dispensatio,</strong></span> <span class='ocrx_word' id='word_1_338' title='bbox 1679 2607 1799 2677; x_wconf 90' lang='lat' dir='ltr'><strong>jam</strong></span> 
     </span>
    </p>
   </div>
   <div class='ocr_carea' id='block_1_39' title="bbox 203 2696 1803 2778">
    <p class='ocr_par' dir='ltr' id='par_1_39' title="bbox 203 2696 1803 2778">
     <span class='ocr_line' id='line_1_39' title="bbox 203 2696 1803 2778; baseline -0.009 -16"><span class='ocrx_word' id='word_1_339' title='bbox 203 2708 449 2778; x_wconf 83' lang='lat' dir='ltr'><strong>perfecta</strong></span> <span class='ocrx_word' id='word_1_340' title='bbox 500 2702 647 2758; x_wconf 85' lang='lat' dir='ltr'><strong>facta</strong></span> <span class='ocrx_word' id='word_1_341' title='bbox 693 2706 815 2756; x_wconf 89' lang='lat' dir='ltr'><strong>erat</strong></span> <span class='ocrx_word' id='word_1_342' title='bbox 862 2701 921 2754; x_wconf 91' lang='lat' dir='ltr'><strong>in</strong></span> <span class='ocrx_word' id='word_1_343' title='bbox 965 2700 1210 2765; x_wconf 88' lang='lat' dir='ltr'><strong>Christo,</strong></span> <span class='ocrx_word' id='word_1_344' title='bbox 1251 2704 1308 2751; x_wconf 88' lang='lat' dir='ltr'><strong>et</strong></span> <span class='ocrx_word' id='word_1_345' title='bbox 1354 2704 1488 2751; x_wconf 91' lang='lat' dir='ltr'><strong>tunc</strong></span> <span class='ocrx_word' id='word_1_346' title='bbox 1528 2696 1675 2749; x_wconf 84' lang='lat' dir='ltr'><strong>facta</strong></span> <span class='ocrx_word' id='word_1_347' title='bbox 1715 2700 1803 2748; x_wconf 90' lang='lat' dir='ltr'><strong>est</strong></span> 
     </span>
    </p>
   </div>
   <div class='ocr_carea' id='block_1_40' title="bbox 1951 1815 3471 1872">
    <p class='ocr_par' dir='ltr' id='par_1_40' title="bbox 1951 1815 3471 1872">
     <span class='ocr_line' id='line_1_40' title="bbox 1951 1815 3471 1872; baseline 0.001 -2"><span class='ocrx_word' id='word_1_348' title='bbox 1951 1818 2161 1871; x_wconf 84' lang='lat' dir='ltr'><strong>Iterum</strong></span> <span class='ocrx_word' id='word_1_349' title='bbox 2192 1816 2344 1868; x_wconf 87' lang='lat' dir='ltr'><strong>misit</strong></span> <span class='ocrx_word' id='word_1_350' title='bbox 2368 1815 2510 1867; x_wconf 88' lang='lat' dir='ltr'><strong>alios</strong></span> <span class='ocrx_word' id='word_1_351' title='bbox 2536 1831 2712 1867; x_wconf 83' lang='lat' dir='ltr'><strong>servos</strong></span> <span class='ocrx_word' id='word_1_352' title='bbox 2731 1817 2951 1870; x_wconf 81' lang='lat' dir='ltr'><strong>dicens:</strong></span> <span class='ocrx_word' id='word_1_353' title='bbox 2982 1816 3155 1870; x_wconf 81' lang='lat' dir='ltr'><strong>Dicite</strong></span> <span class='ocrx_word' id='word_1_354' title='bbox 3183 1818 3471 1872; x_wconf 72' lang='lat' dir='ltr'><strong>invitatis:</strong></span> 
     </span>
    </p>
   </div>
   <div class='ocr_carea' id='block_1_41' title="bbox 1879 1903 3473 1973">
    <p class='ocr_par' dir='ltr' id='par_1_41' title="bbox 1879 1903 3473 1973">
     <span class='ocr_line' id='line_1_41' title="bbox 1879 1903 3473 1973; baseline 0.003 -16"><span class='ocrx_word' id='word_1_355' title='bbox 1879 1919 1987 1957; x_wconf 84' lang='lat' dir='ltr'><strong>ecce</strong></span> <span class='ocrx_word' id='word_1_356' title='bbox 1998 1903 2309 1973; x_wconf 81' lang='lat' dir='ltr'><strong>prandium</strong></span> <span class='ocrx_word' id='word_1_357' title='bbox 2329 1918 2508 1955; x_wconf 85' lang='lat' dir='ltr'><strong>meum</strong></span> <span class='ocrx_word' id='word_1_358' title='bbox 2516 1905 2737 1970; x_wconf 88' lang='lat' dir='ltr'><strong>paravi,</strong></span> <span class='ocrx_word' id='word_1_359' title='bbox 2748 1905 2904 1958; x_wconf 84' lang='lat' dir='ltr'><strong>tauri</strong></span> <span class='ocrx_word' id='word_1_360' title='bbox 2916 1905 3081 1957; x_wconf 85' lang='lat' dir='ltr'><strong>meict</strong></span> <span class='ocrx_word' id='word_1_361' title='bbox 3100 1907 3287 1958; x_wconf 81' lang='lat' dir='ltr'><strong>altilia</strong></span> <span class='ocrx_word' id='word_1_362' title='bbox 3298 1908 3473 1963; x_wconf 75' lang='lat' dir='ltr'><strong>occisa</strong></span> 
     </span>
    </p>
   </div>
   <div class='ocr_carea' id='block_1_42' title="bbox 1877 1992 3473 2064">
    <p class='ocr_par' dir='ltr' id='par_1_42' title="bbox 1877 1992 3473 2064">
     <span class='ocr_line' id='line_1_42' title="bbox 1877 1992 3473 2064; baseline 0.002 -20"><span class='ocrx_word' id='word_1_363' title='bbox 1877 1997 2028 2056; x_wconf 84' lang='lat' dir='ltr'><strong>sunt,</strong></span> <span class='ocrx_word' id='word_1_364' title='bbox 2043 1996 2090 2044; x_wconf 89' lang='lat' dir='ltr'><strong>et</strong></span> <span class='ocrx_word' id='word_1_365' title='bbox 2112 1994 2303 2044; x_wconf 88' lang='lat' dir='ltr'><strong>omnia</strong></span> <span class='ocrx_word' id='word_1_366' title='bbox 2317 1994 2720 2059; x_wconf 79' lang='lat' dir='ltr'><strong>parata,venile</strong></span> <span class='ocrx_word' id='word_1_367' title='bbox 2738 1992 2812 2046; x_wconf 84' lang='lat' dir='ltr'><strong>ad</strong></span> <span class='ocrx_word' id='word_1_368' title='bbox 2830 1992 3174 2061; x_wconf 84' lang='lat' dir='ltr'><strong>nuptias.Bis</strong></span> <span class='ocrx_word' id='word_1_369' title='bbox 3194 1992 3473 2064; x_wconf 89' lang='lat' dir='ltr'><strong>siquidem</strong></span> 
     </span>
    </p>
   </div>
   <div class='ocr_carea' id='block_1_43' title="bbox 1879 2079 3473 2153">
    <p class='ocr_par' dir='ltr' id='par_1_43' title="bbox 1879 2079 3473 2153">
     <span class='ocr_line' id='line_1_43' title="bbox 1879 2079 3473 2153; baseline 0.001 -20"><span class='ocrx_word' id='word_1_370' title='bbox 1879 2079 2049 2143; x_wconf 86' lang='lat' dir='ltr'><strong>misit,</strong></span> <span class='ocrx_word' id='word_1_371' title='bbox 2072 2079 2204 2150; x_wconf 87' lang='lat' dir='ltr'><strong>quia</strong></span> <span class='ocrx_word' id='word_1_372' title='bbox 2232 2079 2474 2151; x_wconf 90' lang='lat' dir='ltr'><strong>primum</strong></span> <span class='ocrx_word' id='word_1_373' title='bbox 2500 2080 2803 2150; x_wconf 76' lang='lat' dir='ltr'><strong>prophetae,</strong></span> <span class='ocrx_word' id='word_1_374' title='bbox 2823 2080 3025 2135; x_wconf 90' lang='lat' dir='ltr'><strong>deinde</strong></span> <span class='ocrx_word' id='word_1_375' title='bbox 3049 2081 3285 2153; x_wconf 84' lang='lat' dir='ltr'><strong>apostoli</strong></span> <span class='ocrx_word' id='word_1_376' title='bbox 3314 2082 3473 2137; x_wconf 89' lang='lat' dir='ltr'><strong>missi</strong></span> 
     </span>
    </p>
   </div>
   <div class='ocr_carea' id='block_1_44' title="bbox 1879 2168 3470 2239">
    <p class='ocr_par' dir='ltr' id='par_1_44' title="bbox 1879 2168 3470 2239">
     <span class='ocr_line' id='line_1_44' title="bbox 1879 2168 3470 2239; baseline 0.001 -15"><span class='ocrx_word' id='word_1_377' title='bbox 1879 2174 2043 2236; x_wconf 89' lang='lat' dir='ltr'><strong>sunt;</strong></span> <span class='ocrx_word' id='word_1_378' title='bbox 2082 2175 2146 2221; x_wconf 90' lang='lat' dir='ltr'><strong>ut</strong></span> <span class='ocrx_word' id='word_1_379' title='bbox 2188 2185 2309 2239; x_wconf 80' lang='lat' dir='ltr'><strong>quae</strong></span> <span class='ocrx_word' id='word_1_380' title='bbox 2352 2168 2635 2239; x_wconf 68' lang='lat' dir='ltr'><strong>prOpheta:</strong></span> <span class='ocrx_word' id='word_1_381' title='bbox 2681 2168 2838 2239; x_wconf 88' lang='lat' dir='ltr'><strong>prius</strong></span> <span class='ocrx_word' id='word_1_382' title='bbox 2880 2169 3071 2224; x_wconf 87' lang='lat' dir='ltr'><strong>futura</strong></span> <span class='ocrx_word' id='word_1_383' title='bbox 3112 2170 3470 2239; x_wconf 89' lang='lat' dir='ltr'><strong>nuntiarunt,</strong></span> 
     </span>
    </p>
   </div>
   <div class='ocr_carea' id='block_1_45' title="bbox 1878 2256 3471 2330">
    <p class='ocr_par' dir='ltr' id='par_1_45' title="bbox 1878 2256 3471 2330">
     <span class='ocr_line' id='line_1_45' title="bbox 1878 2256 3471 2330; baseline 0.001 -19"><span class='ocrx_word' id='word_1_384' title='bbox 1878 2263 2075 2330; x_wconf 90' lang='lat' dir='ltr'><strong>postea</strong></span> <span class='ocrx_word' id='word_1_385' title='bbox 2098 2273 2199 2329; x_wconf 90' lang='lat' dir='ltr'><strong>per</strong></span> <span class='ocrx_word' id='word_1_386' title='bbox 2226 2257 2505 2328; x_wconf 87' lang='lat' dir='ltr'><strong>apostolos</strong></span> <span class='ocrx_word' id='word_1_387' title='bbox 2525 2256 2788 2324; x_wconf 83' lang='lat' dir='ltr'><strong>exhibita,</strong></span> <span class='ocrx_word' id='word_1_388' title='bbox 2804 2258 3277 2326; x_wconf 89' lang='lat' dir='ltr'><strong>ministrarentur,</strong></span> <span class='ocrx_word' id='word_1_389' title='bbox 3302 2264 3471 2330; x_wconf 89' lang='lat' dir='ltr'><strong>atque</strong></span> 
     </span>
    </p>
   </div>
   <div class='ocr_carea' id='block_1_46' title="bbox 1880 2346 3474 2419">
    <p class='ocr_par' dir='ltr' id='par_1_46' title="bbox 1880 2346 3474 2419">
     <span class='ocr_line' id='line_1_46' title="bbox 1880 2346 3474 2419; baseline 0.001 -18"><span class='ocrx_word' id='word_1_390' title='bbox 1880 2347 2141 2419; x_wconf 86' lang='lat' dir='ltr'><strong>Operibus</strong></span> <span class='ocrx_word' id='word_1_391' title='bbox 2168 2348 2516 2403; x_wconf 83' lang='lat' dir='ltr'><strong>confirmata.</strong></span> <span class='ocrx_word' id='word_1_392' title='bbox 2553 2346 2709 2401; x_wconf 87' lang='lat' dir='ltr'><strong>Licet</strong></span> <span class='ocrx_word' id='word_1_393' title='bbox 2737 2346 2962 2419; x_wconf 89' lang='lat' dir='ltr'><strong>quidam</strong></span> <span class='ocrx_word' id='word_1_394' title='bbox 2991 2347 3116 2402; x_wconf 88' lang='lat' dir='ltr'><strong>ideo</strong></span> <span class='ocrx_word' id='word_1_395' title='bbox 3143 2347 3229 2401; x_wconf 92' lang='lat' dir='ltr'><strong>bis</strong></span> <span class='ocrx_word' id='word_1_396' title='bbox 3254 2347 3474 2402; x_wconf 90' lang='lat' dir='ltr'><strong>misisse</strong></span> 
     </span>
    </p>
   </div>
   <div class='ocr_carea' id='block_1_47' title="bbox 1881 2435 3464 2506">
    <p class='ocr_par' dir='ltr' id='par_1_47' title="bbox 1881 2435 3464 2506">
     <span class='ocr_line' id='line_1_47' title="bbox 1881 2435 3464 2506; baseline 0.003 -18"><span class='ocrx_word' id='word_1_397' title='bbox 1881 2436 2087 2499; x_wconf 87' lang='lat' dir='ltr'><strong>dicant,</strong></span> <span class='ocrx_word' id='word_1_398' title='bbox 2121 2452 2187 2489; x_wconf 92' lang='lat' dir='ltr'><strong>eo</strong></span> <span class='ocrx_word' id='word_1_399' title='bbox 2224 2435 2372 2506; x_wconf 91' lang='lat' dir='ltr'><strong>quod</strong></span> <span class='ocrx_word' id='word_1_400' title='bbox 2396 2436 2697 2506; x_wconf 86' lang='lat' dir='ltr'><strong>prophetas</strong></span> <span class='ocrx_word' id='word_1_401' title='bbox 2726 2435 2955 2489; x_wconf 90' lang='lat' dir='ltr'><strong>secundi</strong></span> <span class='ocrx_word' id='word_1_402' title='bbox 2979 2436 3191 2490; x_wconf 91' lang='lat' dir='ltr'><strong>ordinis</strong></span> <span class='ocrx_word' id='word_1_403' title='bbox 3221 2436 3464 2495; x_wconf 85' lang='lat' dir='ltr'><strong>miserit.</strong></span> 
     </span>
    </p>
   </div>
   <div class='ocr_carea' id='block_1_48' title="bbox 1882 2524 3472 2599">
    <p class='ocr_par' dir='ltr' id='par_1_48' title="bbox 1882 2524 3472 2599">
     <span class='ocr_line' id='line_1_48' title="bbox 1882 2524 3472 2599; baseline 0.001 -20"><span class='ocrx_word' id='word_1_404' title='bbox 1882 2525 1988 2579; x_wconf 90' lang='lat' dir='ltr'><strong>Sed</strong></span> <span class='ocrx_word' id='word_1_405' title='bbox 2013 2525 2214 2577; x_wconf 88' lang='lat' dir='ltr'><strong>melius</strong></span> <span class='ocrx_word' id='word_1_406' title='bbox 2234 2525 2351 2579; x_wconf 67' lang='lat' dir='ltr'><strong>haec</strong></span> <span class='ocrx_word' id='word_1_407' title='bbox 2370 2525 2615 2579; x_wconf 90' lang='lat' dir='ltr'><strong>secunda</strong></span> <span class='ocrx_word' id='word_1_408' title='bbox 2641 2524 2913 2591; x_wconf 73' lang='lat' dir='ltr'><strong>invitatio,</strong></span> <span class='ocrx_word' id='word_1_409' title='bbox 2939 2524 3070 2596; x_wconf 90' lang='lat' dir='ltr'><strong>quia</strong></span> <span class='ocrx_word' id='word_1_410' title='bbox 3089 2543 3261 2598; x_wconf 87' lang='lat' dir='ltr'><strong>supra</strong></span> <span class='ocrx_word' id='word_1_411' title='bbox 3284 2526 3472 2599; x_wconf 86' lang='lat' dir='ltr'><strong>plures</strong></span> 
     </span>
    </p>
   </div>
   <div class='ocr_carea' id='block_1_49' title="bbox 1881 2612 3475 2687">
    <p class='ocr_par' dir='ltr' id='par_1_49' title="bbox 1881 2612 3475 2687">
     <span class='ocr_line' id='line_1_49' title="bbox 1881 2612 3475 2687; baseline 0.002 -21"><span class='ocrx_word' id='word_1_412' title='bbox 1881 2613 2037 2667; x_wconf 91' lang='lat' dir='ltr'><strong>missi</strong></span> <span class='ocrx_word' id='word_1_413' title='bbox 2057 2620 2206 2671; x_wconf 84' lang='lat' dir='ltr'><strong>sunt.</strong></span> <span class='ocrx_word' id='word_1_414' title='bbox 2232 2612 2303 2666; x_wconf 72' lang='lat' dir='ltr'><strong>a&#39;d</strong></span> <span class='ocrx_word' id='word_1_415' title='bbox 2330 2613 2611 2684; x_wconf 86' lang='lat' dir='ltr'><strong>apostolos</strong></span> <span class='ocrx_word' id='word_1_416' title='bbox 2640 2613 2898 2682; x_wconf 82' lang='lat' dir='ltr'><strong>refertur,</strong></span> <span class='ocrx_word' id='word_1_417' title='bbox 2923 2631 3023 2685; x_wconf 91' lang='lat' dir='ltr'><strong>per</strong></span> <span class='ocrx_word' id='word_1_418' title='bbox 3046 2631 3184 2686; x_wconf 92' lang='lat' dir='ltr'><strong>quos</strong></span> <span class='ocrx_word' id='word_1_419' title='bbox 3207 2616 3326 2687; x_wconf 88' lang='lat' dir='ltr'><strong>jam</strong></span> <span class='ocrx_word' id='word_1_420' title='bbox 3358 2632 3475 2675; x_wconf 88' lang='lat' dir='ltr'><strong>ma-</strong></span> 
     </span>
    </p>
   </div>
   <div class='ocr_carea' id='block_1_50' title="bbox 1880 2701 3468 2773">
    <p class='ocr_par' dir='ltr' id='par_1_50' title="bbox 1880 2701 3468 2773">
     <span class='ocr_line' id='line_1_50' title="bbox 1880 2701 3468 2773; baseline 0.001 -17"><span class='ocrx_word' id='word_1_421' title='bbox 1880 2702 2079 2756; x_wconf 85' lang='lat' dir='ltr'><strong>nifeste</strong></span> <span class='ocrx_word' id='word_1_422' title='bbox 2110 2701 2350 2755; x_wconf 91' lang='lat' dir='ltr'><strong>dicitur:</strong></span> <span class='ocrx_word' id='word_1_423' title='bbox 2381 2702 2509 2755; x_wconf 85' lang='lat' dir='ltr'><strong>Ecce</strong></span> <span class='ocrx_word' id='word_1_424' title='bbox 2530 2703 2843 2770; x_wconf 82' lang='lat' dir='ltr'><strong>prandium</strong></span> <span class='ocrx_word' id='word_1_425' title='bbox 2887 2720 3069 2756; x_wconf 85' lang='lat' dir='ltr'><strong>meum</strong></span> <span class='ocrx_word' id='word_1_426' title='bbox 3107 2707 3329 2773; x_wconf 85' lang='lat' dir='ltr'><strong>paravi,</strong></span> <span class='ocrx_word' id='word_1_427' title='bbox 3363 2710 3468 2759; x_wconf 90' lang='lat' dir='ltr'><strong>etc.</strong></span> 
     </span>
    </p>
   </div>
   <div class='ocr_carea' id='block_1_51' title="bbox 205 2784 3473 2867">
    <p class='ocr_par' dir='ltr' id='par_1_51' title="bbox 205 2784 3473 2867">
     <span class='ocr_line' id='line_1_51' title="bbox 205 2784 3473 2867; baseline -0.002 -15"><span class='ocrx_word' id='word_1_428' title='bbox 205 2802 307 2850; x_wconf 82' lang='lat' dir='ltr'><strong>tam</strong></span> <span class='ocrx_word' id='word_1_429' title='bbox 339 2810 494 2848; x_wconf 74' lang='lat' dir='ltr'><strong>nova</strong></span> <span class='ocrx_word' id='word_1_430' title='bbox 540 2798 598 2847; x_wconf 78' lang='lat' dir='ltr'><strong>et</strong></span> <span class='ocrx_word' id='word_1_431' title='bbox 639 2790 892 2845; x_wconf 73' lang='lat' dir='ltr'><strong>inaudita</strong></span> <span class='ocrx_word' id='word_1_432' title='bbox 920 2786 1257 2859; x_wconf 62' lang='lat' dir='ltr'><strong>coniunctio,</strong></span> <span class='ocrx_word' id='word_1_433' title='bbox 1292 2785 1515 2857; x_wconf 79' lang='lat' dir='ltr'><strong>quando</strong></span> <span class='ocrx_word' id='word_1_434' title='bbox 1541 2784 1600 2837; x_wconf 72' lang='lat' dir='ltr'><strong>in</strong></span> <span class='ocrx_word' id='word_1_435' title='bbox 1637 2789 1800 2838; x_wconf 70' lang='lat' dir='ltr'><strong>utero</strong></span> <span class='ocrx_word' id='word_1_436' title='bbox 1882 2792 2160 2856; x_wconf 89' lang='lat' dir='ltr'><strong>Quoniam</strong></span> <span class='ocrx_word' id='word_1_437' title='bbox 2176 2806 2277 2862; x_wconf 91' lang='lat' dir='ltr'><strong>per</strong></span> <span class='ocrx_word' id='word_1_438' title='bbox 2292 2795 2486 2844; x_wconf 88' lang='lat' dir='ltr'><strong>tauros</strong></span> <span class='ocrx_word' id='word_1_439' title='bbox 2514 2789 2655 2867; x_wconf 85' lang='lat' dir='ltr'><strong>bene</strong></span> <span class='ocrx_word' id='word_1_440' title='bbox 2676 2790 2869 2845; x_wconf 88' lang='lat' dir='ltr'><strong>Patres</strong></span> <span class='ocrx_word' id='word_1_441' title='bbox 2889 2791 3109 2845; x_wconf 89' lang='lat' dir='ltr'><strong>Veteris</strong></span> <span class='ocrx_word' id='word_1_442' title='bbox 3127 2792 3473 2847; x_wconf 88' lang='lat' dir='ltr'><strong>Testamenti</strong></span> 
     </span>
    </p>
   </div>
   <div class='ocr_carea' id='block_1_52' title="bbox 206 2874 1805 2955">
    <p class='ocr_par' dir='ltr' id='par_1_52' title="bbox 206 2874 1802 2955">
     <span class='ocr_line' id='line_1_52' title="bbox 206 2874 1802 2955; baseline -0.008 -16"><span class='ocrx_word' id='word_1_443' title='bbox 206 2884 434 2955; x_wconf 86' lang='lat' dir='ltr'><strong>virginis</strong></span> <span class='ocrx_word' id='word_1_444' title='bbox 467 2901 479 2935; x_wconf 86' lang='lat'><strong>:</strong></span> <span class='ocrx_word' id='word_1_445' title='bbox 526 2882 751 2936; x_wconf 78' lang='lat' dir='ltr'><strong>Verbum</strong></span> <span class='ocrx_word' id='word_1_446' title='bbox 780 2896 908 2933; x_wconf 90' lang='lat' dir='ltr'><strong>caro</strong></span> <span class='ocrx_word' id='word_1_447' title='bbox 923 2880 1137 2946; x_wconf 79' lang='lat' dir='ltr'><strong>factum</strong></span> <span class='ocrx_word' id='word_1_448' title='bbox 1158 2881 1250 2941; x_wconf 80' lang='lat' dir='ltr'><strong>est,</strong></span> <span class='ocrx_word' id='word_1_449' title='bbox 1267 2880 1318 2929; x_wconf 87' lang='lat' dir='ltr'><strong>et</strong></span> <span class='ocrx_word' id='word_1_450' title='bbox 1338 2891 1439 2946; x_wconf 91' lang='lat' dir='ltr'><strong>per</strong></span> <span class='ocrx_word' id='word_1_451' title='bbox 1457 2874 1563 2928; x_wconf 93' lang='lat' dir='ltr'><strong>hoc</strong></span> <span class='ocrx_word' id='word_1_452' title='bbox 1590 2875 1802 2927; x_wconf 88' lang='lat' dir='ltr'><strong>habita-</strong></span> 
     </span>
    </p>
   </div>
   <div class='ocr_carea' id='block_1_53' title="bbox 1889 2874 3475 2955">
    <p class='ocr_par' dir='ltr' id='par_1_53' title="bbox 1889 2879 3475 2953">
     <span class='ocr_line' id='line_1_53' title="bbox 1889 2879 3475 2953; baseline 0.001 -19"><span class='ocrx_word' id='word_1_453' title='bbox 1889 2881 2250 2953; x_wconf 81' lang='lat' dir='ltr'><strong>accipiuntur,</strong></span> <span class='ocrx_word' id='word_1_454' title='bbox 2279 2879 2481 2951; x_wconf 90' lang='lat' dir='ltr'><strong>quibus</strong></span> <span class='ocrx_word' id='word_1_455' title='bbox 2509 2880 2715 2934; x_wconf 89' lang='lat' dir='ltr'><strong>virtute</strong></span> <span class='ocrx_word' id='word_1_456' title='bbox 2752 2880 3001 2953; x_wconf 91' lang='lat' dir='ltr'><strong>corporis</strong></span> <span class='ocrx_word' id='word_1_457' title='bbox 3030 2896 3095 2934; x_wconf 88' lang='lat' dir='ltr'><strong>ac</strong></span> <span class='ocrx_word' id='word_1_458' title='bbox 3120 2879 3167 2934; x_wconf 91' lang='lat' dir='ltr'><strong>si</strong></span> <span class='ocrx_word' id='word_1_459' title='bbox 3197 2898 3370 2938; x_wconf 89' lang='lat' dir='ltr'><strong>cornu</strong></span> <span class='ocrx_word' id='word_1_460' title='bbox 3399 2882 3475 2936; x_wconf 87' lang='lat' dir='ltr'><strong>fe-</strong></span> 
     </span>
    </p>
   </div>
   <div class='ocr_carea' id='block_1_54' title="bbox 205 2962 3476 3041">
    <p class='ocr_par' dir='ltr' id='par_1_54' title="bbox 205 2962 3476 3041">
     <span class='ocr_line' id='line_1_54' title="bbox 205 2962 3476 3041; baseline -0.001 -14"><span class='ocrx_word' id='word_1_461' title='bbox 205 2978 274 3027; x_wconf 69' lang='lat' dir='ltr'><strong>cit</strong></span> <span class='ocrx_word' id='word_1_462' title='bbox 298 2978 363 3028; x_wconf 84' lang='lat' dir='ltr'><strong>in</strong></span> <span class='ocrx_word' id='word_1_463' title='bbox 408 2972 564 3026; x_wconf 83' lang='lat' dir='ltr'><strong>nobis</strong></span> <span class='ocrx_word' id='word_1_464' title='bbox 593 2972 773 3036; x_wconf 86' lang='lat' dir='ltr'><strong>(Joan.</strong></span> <span class='ocrx_word' id='word_1_465' title='bbox 797 2982 836 3031; x_wconf 79' lang='grc' dir='ltr'><strong>ι,</strong></span> <span class='ocrx_word' id='word_1_466' title='bbox 859 2969 969 3024; x_wconf 67' lang='grc' dir='ltr'><strong>14δ.</strong></span> <span class='ocrx_word' id='word_1_467' title='bbox 992 2966 1138 3030; x_wconf 89' lang='lat' dir='ltr'><strong>Quia</strong></span> <span class='ocrx_word' id='word_1_468' title='bbox 1158 2966 1303 3019; x_wconf 85' lang='lat' dir='ltr'><strong>sicut</strong></span> <span class='ocrx_word' id='word_1_469' title='bbox 1322 2963 1575 3018; x_wconf 90' lang='lat' dir='ltr'><strong>omnium</strong></span> <span class='ocrx_word' id='word_1_470' title='bbox 1596 2962 1797 3016; x_wconf 80' lang='lat' dir='ltr'><strong>electo-</strong></span> <span class='ocrx_word' id='word_1_471' title='bbox 1820 3019 1860 3041; x_wconf 60' lang='grc' dir='ltr'>η</span> <span class='ocrx_word' id='word_1_472' title='bbox 1883 2969 1996 3023; x_wconf 89' lang='lat' dir='ltr'><strong>rire</strong></span> <span class='ocrx_word' id='word_1_473' title='bbox 2038 2969 2251 3023; x_wconf 91' lang='lat' dir='ltr'><strong>licitum</strong></span> <span class='ocrx_word' id='word_1_474' title='bbox 2280 2974 2420 3034; x_wconf 89' lang='lat' dir='ltr'><strong>erat,</strong></span> <span class='ocrx_word' id='word_1_475' title='bbox 2455 2973 2511 3022; x_wconf 89' lang='lat' dir='ltr'><strong>et</strong></span> <span class='ocrx_word' id='word_1_476' title='bbox 2548 2968 2739 3023; x_wconf 90' lang='lat' dir='ltr'><strong>ulcisci</strong></span> <span class='ocrx_word' id='word_1_477' title='bbox 2773 2969 2842 3022; x_wconf 90' lang='lat' dir='ltr'><strong>de</strong></span> <span class='ocrx_word' id='word_1_478' title='bbox 2889 2968 3131 3027; x_wconf 87' lang='lat' dir='ltr'><strong>inimicis</strong></span> <span class='ocrx_word' id='word_1_479' title='bbox 3162 2970 3298 3037; x_wconf 91' lang='lat' dir='ltr'><strong>suis,</strong></span> <span class='ocrx_word' id='word_1_480' title='bbox 3332 2970 3476 3025; x_wconf 89' lang='lat' dir='ltr'><strong>sicut</strong></span> 
     </span>
    </p>
   </div>
   <div class='ocr_carea' id='block_1_55' title="bbox 205 3021 3477 3117">
    <p class='ocr_par' dir='ltr' id='par_1_55' title="bbox 205 3021 3477 3117">
     <span class='ocr_line' id='line_1_55' title="bbox 205 3021 3477 3117; baseline 0 -5"><span class='ocrx_word' id='word_1_481' title='bbox 205 3079 321 3117; x_wconf 81' lang='lat' dir='ltr'><strong>rum</strong></span> <span class='ocrx_word' id='word_1_482' title='bbox 354 3021 696 3115; x_wconf 76' lang='lat' dir='ltr'><strong>resurrectio</strong></span> <span class='ocrx_word' id='word_1_483' title='bbox 722 3058 779 3111; x_wconf 89' lang='lat' dir='ltr'><strong>in</strong></span> <span class='ocrx_word' id='word_1_484' title='bbox 806 3056 1016 3111; x_wconf 75' lang='lat' dir='ltr'><strong>Christi</strong></span> <span class='ocrx_word' id='word_1_485' title='bbox 1045 3060 1133 3108; x_wconf 82' lang='lat' dir='ltr'><strong>est</strong></span> <span class='ocrx_word' id='word_1_486' title='bbox 1163 3052 1605 3107; x_wconf 77' lang='lat' dir='ltr'><strong>resurrectione:</strong></span> <span class='ocrx_word' id='word_1_487' title='bbox 1634 3051 1717 3105; x_wconf 71' lang='lat' dir='ltr'><strong>ita</strong></span> <span class='ocrx_word' id='word_1_488' title='bbox 1743 3057 1800 3105; x_wconf 84' lang='lat' dir='ltr'><strong>et</strong></span> <span class='ocrx_word' id='word_1_489' title='bbox 1820 3021 1863 3078; x_wconf 68' lang='grc' dir='ltr'>Ο</span> <span class='ocrx_word' id='word_1_490' title='bbox 1884 3058 2092 3112; x_wconf 92' lang='lat' dir='ltr'><strong>dictum</strong></span> <span class='ocrx_word' id='word_1_491' title='bbox 2124 3063 2207 3112; x_wconf 90' lang='lat' dir='ltr'><strong>est</strong></span> <span class='ocrx_word' id='word_1_492' title='bbox 2239 3079 2250 3113; x_wconf 91' lang='lat'><strong>:</strong></span> <span class='ocrx_word' id='word_1_493' title='bbox 2286 3058 2352 3113; x_wconf 89' lang='lat' dir='ltr'><strong>Et</strong></span> <span class='ocrx_word' id='word_1_494' title='bbox 2381 3021 2507 3111; x_wconf 40' lang='lat' dir='ltr'><strong>o&#39;dio</strong></span> <span class='ocrx_word' id='word_1_495' title='bbox 2527 3058 2742 3113; x_wconf 83' lang='lat' dir='ltr'><strong>habebis</strong></span> <span class='ocrx_word' id='word_1_496' title='bbox 2771 3059 3070 3111; x_wconf 84' lang='lat' dir='ltr'><strong>inimicum</strong></span> <span class='ocrx_word' id='word_1_497' title='bbox 3101 3021 3477 3113; x_wconf 42' lang='lat' dir='ltr'><strong>tuum.’Porro</strong></span> 
     </span>
    </p>
   </div>
   <div class='ocr_carea' id='block_1_56' title="bbox 208 3143 3476 3223">
    <p class='ocr_par' dir='ltr' id='par_1_56' title="bbox 208 3143 3476 3223">
     <span class='ocr_line' id='line_1_56' title="bbox 208 3143 3476 3223; baseline -0 -19"><span class='ocrx_word' id='word_1_498' title='bbox 208 3151 285 3206; x_wconf 70' lang='lat' dir='ltr'><strong>hac</strong></span> <span class='ocrx_word' id='word_1_499' title='bbox 332 3149 553 3223; x_wconf 73' lang='lat' dir='ltr'><strong>nuptiae</strong></span> <span class='ocrx_word' id='word_1_500' title='bbox 611 3148 668 3201; x_wconf 88' lang='lat' dir='ltr'><strong>in</strong></span> <span class='ocrx_word' id='word_1_501' title='bbox 706 3147 828 3217; x_wconf 89' lang='lat' dir='ltr'><strong>ipso</strong></span> <span class='ocrx_word' id='word_1_502' title='bbox 868 3144 1159 3199; x_wconf 66' lang='lat' dir='ltr'><strong>celebratze</strong></span> <span class='ocrx_word' id='word_1_503' title='bbox 1201 3148 1351 3208; x_wconf 89' lang='lat' dir='ltr'><strong>sunt,</strong></span> <span class='ocrx_word' id='word_1_504' title='bbox 1386 3148 1442 3195; x_wconf 90' lang='lat' dir='ltr'><strong>et</strong></span> <span class='ocrx_word' id='word_1_505' title='bbox 1481 3143 1678 3211; x_wconf 89' lang='lat' dir='ltr'><strong>juncta</strong></span> <span class='ocrx_word' id='word_1_506' title='bbox 1713 3146 1801 3194; x_wconf 89' lang='lat' dir='ltr'><strong>est</strong></span> <span class='ocrx_word' id='word_1_507' title='bbox 1880 3164 1981 3219; x_wconf 83' lang='lat' dir='ltr'><strong>per</strong></span> <span class='ocrx_word' id='word_1_508' title='bbox 2004 3148 2182 3201; x_wconf 87' lang='lat' dir='ltr'><strong>altilia</strong></span> <span class='ocrx_word' id='word_1_509' title='bbox 2218 3148 2412 3201; x_wconf 83' lang='lat' dir='ltr'><strong>Patres</strong></span> <span class='ocrx_word' id='word_1_510' title='bbox 2450 3145 2593 3200; x_wconf 89' lang='lat' dir='ltr'><strong>Novi</strong></span> <span class='ocrx_word' id='word_1_511' title='bbox 2620 3146 2964 3202; x_wconf 87' lang='lat' dir='ltr'><strong>Testamenti</strong></span> <span class='ocrx_word' id='word_1_512' title='bbox 2993 3147 3378 3219; x_wconf 87' lang='lat' dir='ltr'><strong>designantur,</strong></span> <span class='ocrx_word' id='word_1_513' title='bbox 3411 3165 3476 3203; x_wconf 92' lang='lat' dir='ltr'><strong>eo</strong></span> 
     </span>
    </p>
   </div>
   <div class='ocr_carea' id='block_1_57' title="bbox 206 3228 3477 3311">
    <p class='ocr_par' dir='ltr' id='par_1_57' title="bbox 206 3228 3477 3311">
     <span class='ocr_line' id='line_1_57' title="bbox 206 3228 3477 3311; baseline -0.001 -18"><span class='ocrx_word' id='word_1_514' title='bbox 206 3256 408 3311; x_wconf 91' lang='lat' dir='ltr'><strong>sponso</strong></span> <span class='ocrx_word' id='word_1_515' title='bbox 434 3236 679 3294; x_wconf 86' lang='lat' dir='ltr'><strong>Ecclesia</strong></span> <span class='ocrx_word' id='word_1_516' title='bbox 704 3236 833 3308; x_wconf 87' lang='lat' dir='ltr'><strong>jure</strong></span> <span class='ocrx_word' id='word_1_517' title='bbox 851 3231 1250 3305; x_wconf 86' lang='lat' dir='ltr'><strong>sponsalitatis,</strong></span> <span class='ocrx_word' id='word_1_518' title='bbox 1267 3229 1490 3302; x_wconf 91' lang='lat' dir='ltr'><strong>quando</strong></span> <span class='ocrx_word' id='word_1_519' title='bbox 1510 3230 1657 3284; x_wconf 91' lang='lat' dir='ltr'><strong>dona</strong></span> <span class='ocrx_word' id='word_1_520' title='bbox 1672 3228 1799 3300; x_wconf 86' lang='lat' dir='ltr'><strong>Spi-</strong></span> <span class='ocrx_word' id='word_1_521' title='bbox 1881 3236 2030 3307; x_wconf 87' lang='lat' dir='ltr'><strong>quod</strong></span> <span class='ocrx_word' id='word_1_522' title='bbox 2071 3235 2284 3289; x_wconf 87' lang='lat' dir='ltr'><strong>fuerint</strong></span> <span class='ocrx_word' id='word_1_523' title='bbox 2325 3234 2564 3307; x_wconf 90' lang='lat' dir='ltr'><strong>amplius</strong></span> <span class='ocrx_word' id='word_1_524' title='bbox 2602 3239 2659 3291; x_wconf 87' lang='lat' dir='ltr'><strong>ct</strong></span> <span class='ocrx_word' id='word_1_525' title='bbox 2699 3234 2999 3306; x_wconf 85' lang='lat' dir='ltr'><strong>perfectius</strong></span> <span class='ocrx_word' id='word_1_526' title='bbox 3029 3234 3270 3307; x_wconf 89' lang='lat' dir='ltr'><strong>Spiritus</strong></span> <span class='ocrx_word' id='word_1_527' title='bbox 3297 3237 3477 3291; x_wconf 87' lang='lat' dir='ltr'><strong>sancti</strong></span> 
     </span>
    </p>
   </div>
   <div class='ocr_carea' id='block_1_58' title="bbox 210 3319 3476 3396">
    <p class='ocr_par' dir='ltr' id='par_1_58' title="bbox 210 3319 3476 3396">
     <span class='ocr_line' id='line_1_58' title="bbox 210 3319 3476 3396; baseline -0.002 -14"><span class='ocrx_word' id='word_1_528' title='bbox 210 3329 337 3383; x_wconf 86' lang='lat' dir='ltr'><strong>ritus</strong></span> <span class='ocrx_word' id='word_1_529' title='bbox 365 3325 552 3381; x_wconf 86' lang='lat' dir='ltr'><strong>sancti</strong></span> <span class='ocrx_word' id='word_1_530' title='bbox 582 3342 647 3378; x_wconf 83' lang='lat' dir='ltr'><strong>ex</strong></span> <span class='ocrx_word' id='word_1_531' title='bbox 674 3324 893 3393; x_wconf 84' lang='lat' dir='ltr'><strong>integro</strong></span> <span class='ocrx_word' id='word_1_532' title='bbox 936 3322 1105 3375; x_wconf 85' lang='lat' dir='ltr'><strong>homo</strong></span> <span class='ocrx_word' id='word_1_533' title='bbox 1134 3321 1283 3374; x_wconf 91' lang='lat' dir='ltr'><strong>Deus</strong></span> <span class='ocrx_word' id='word_1_534' title='bbox 1324 3319 1554 3390; x_wconf 85' lang='lat' dir='ltr'><strong>accepit,</strong></span> <span class='ocrx_word' id='word_1_535' title='bbox 1587 3325 1643 3373; x_wconf 88' lang='lat' dir='ltr'><strong>et</strong></span> <span class='ocrx_word' id='word_1_536' title='bbox 1681 3324 1801 3373; x_wconf 82' lang='lat' dir='ltr'><strong>tota</strong></span> <span class='ocrx_word' id='word_1_537' title='bbox 1879 3325 2066 3393; x_wconf 87' lang='lat' dir='ltr'><strong>gratia</strong></span> <span class='ocrx_word' id='word_1_538' title='bbox 2093 3323 2352 3395; x_wconf 88' lang='lat' dir='ltr'><strong>saginati.</strong></span> <span class='ocrx_word' id='word_1_539' title='bbox 2377 3324 2521 3380; x_wconf 88' lang='lat' dir='ltr'><strong>Nam</strong></span> <span class='ocrx_word' id='word_1_540' title='bbox 2550 3322 2609 3376; x_wconf 93' lang='lat' dir='ltr'><strong>in</strong></span> <span class='ocrx_word' id='word_1_541' title='bbox 2630 3322 2821 3377; x_wconf 70' lang='lat' dir='ltr'><strong>Graeco</strong></span> <span class='ocrx_word' id='word_1_542' title='bbox 2848 3339 2961 3377; x_wconf 92' lang='lat' dir='ltr'><strong>non</strong></span> <span class='ocrx_word' id='word_1_543' title='bbox 2989 3323 3185 3391; x_wconf 85' lang='lat' dir='ltr'><strong>altilia,</strong></span> <span class='ocrx_word' id='word_1_544' title='bbox 3202 3323 3301 3378; x_wconf 86' lang='lat' dir='ltr'><strong>sed</strong></span> <span class='ocrx_word' id='word_1_545' title='bbox 3326 3324 3476 3396; x_wconf 60' lang='lat' dir='ltr'><strong>sagi.-</strong></span> 
     </span>
    </p>
   </div>
   <div class='ocr_carea' id='block_1_59' title="bbox 210 3408 3478 3490">
    <p class='ocr_par' dir='ltr' id='par_1_59' title="bbox 210 3408 3478 3490">
     <span class='ocr_line' id='line_1_59' title="bbox 210 3408 3478 3490; baseline -0.005 -17"><span class='ocrx_word' id='word_1_546' title='bbox 210 3416 572 3490; x_wconf 88' lang='lat' dir='ltr'><strong>corporaliter</strong></span> <span class='ocrx_word' id='word_1_547' title='bbox 592 3414 856 3468; x_wconf 83' lang='lat' dir='ltr'><strong>divinitas</strong></span> <span class='ocrx_word' id='word_1_548' title='bbox 884 3412 942 3466; x_wconf 91' lang='lat' dir='ltr'><strong>in</strong></span> <span class='ocrx_word' id='word_1_549' title='bbox 968 3411 1063 3465; x_wconf 92' lang='lat' dir='ltr'><strong>illo</strong></span> <span class='ocrx_word' id='word_1_550' title='bbox 1094 3409 1318 3463; x_wconf 88' lang='lat' dir='ltr'><strong>mansit.</strong></span> <span class='ocrx_word' id='word_1_551' title='bbox 1344 3409 1422 3462; x_wconf 81' lang='lat' dir='ltr'><strong>Ex</strong></span> <span class='ocrx_word' id='word_1_552' title='bbox 1446 3408 1647 3483; x_wconf 82' lang='lat' dir='ltr'><strong>quibus</strong></span> <span class='ocrx_word' id='word_1_553' title='bbox 1676 3421 1801 3477; x_wconf 85' lang='lat' dir='ltr'><strong>pro-</strong></span> <span class='ocrx_word' id='word_1_554' title='bbox 1882 3418 2016 3467; x_wconf 71' lang='lat' dir='ltr'><strong>nata</strong></span> <span class='ocrx_word' id='word_1_555' title='bbox 2044 3411 2230 3479; x_wconf 64' lang='lat' dir='ltr'><strong>habet,</strong></span> <span class='ocrx_word' id='word_1_556' title='bbox 2281 3413 2430 3466; x_wconf 76' lang='lat' dir='ltr'><strong>unde</strong></span> <span class='ocrx_word' id='word_1_557' title='bbox 2474 3418 2532 3466; x_wconf 73' lang='lat' dir='ltr'><strong>et</strong></span> <span class='ocrx_word' id='word_1_558' title='bbox 2568 3412 2745 3469; x_wconf 76' lang='lat' dir='ltr'><strong>altilia</strong></span> <span class='ocrx_word' id='word_1_559' title='bbox 2772 3411 3038 3468; x_wconf 70' lang='lat' dir='ltr'><strong>dicuntur</strong></span> <span class='ocrx_word' id='word_1_560' title='bbox 3083 3411 3279 3480; x_wconf 66' lang='lat' dir='ltr'><strong>altilia,</strong></span> <span class='ocrx_word' id='word_1_561' title='bbox 3313 3412 3383 3468; x_wconf 76' lang='lat' dir='ltr'><strong>ab</strong></span> <span class='ocrx_word' id='word_1_562' title='bbox 3412 3422 3478 3469; x_wconf 76' lang='lat' dir='ltr'><strong>eo</strong></span> 
     </span>
    </p>
   </div>
   <div class='ocr_carea' id='block_1_60' title="bbox 214 3497 1805 3575">
    <p class='ocr_par' dir='ltr' id='par_1_60' title="bbox 214 3497 1805 3572">
     <span class='ocr_line' id='line_1_60' title="bbox 214 3497 1805 3572; baseline -0.01 -10"><span class='ocrx_word' id='word_1_563' title='bbox 214 3508 343 3561; x_wconf 85' lang='lat' dir='ltr'><strong>fecto</strong></span> <span class='ocrx_word' id='word_1_564' title='bbox 360 3504 549 3569; x_wconf 89' lang='lat' dir='ltr'><strong>donis,</strong></span> <span class='ocrx_word' id='word_1_565' title='bbox 567 3509 633 3557; x_wconf 91' lang='lat' dir='ltr'><strong>ut</strong></span> <span class='ocrx_word' id='word_1_566' title='bbox 650 3501 784 3557; x_wconf 84' lang='lat' dir='ltr'><strong>dixi.</strong></span> <span class='ocrx_word' id='word_1_567' title='bbox 798 3517 1004 3572; x_wconf 86' lang='lat' dir='ltr'><strong>sponsa</strong></span> <span class='ocrx_word' id='word_1_568' title='bbox 1019 3501 1148 3570; x_wconf 91' lang='lat' dir='ltr'><strong>jure</strong></span> <span class='ocrx_word' id='word_1_569' title='bbox 1170 3498 1551 3570; x_wconf 88' lang='lat' dir='ltr'><strong>sponsalitatis</strong></span> <span class='ocrx_word' id='word_1_570' title='bbox 1566 3497 1686 3566; x_wconf 89' lang='lat' dir='ltr'><strong>jam</strong></span> <span class='ocrx_word' id='word_1_571' title='bbox 1706 3509 1805 3565; x_wconf 92' lang='lat' dir='ltr'><strong>pro</strong></span> 
     </span>
    </p>
   </div>
   <div class='ocr_carea' id='block_1_61' title="bbox 1889 3497 3477 3575">
    <p class='ocr_par' dir='ltr' id='par_1_61' title="bbox 1889 3499 3477 3575">
     <span class='ocr_line' id='line_1_61' title="bbox 1889 3499 3477 3575; baseline 0.001 -20"><span class='ocrx_word' id='word_1_572' title='bbox 1889 3501 2033 3575; x_wconf 89' lang='lat' dir='ltr'><strong>quod</strong></span> <span class='ocrx_word' id='word_1_573' title='bbox 2064 3507 2150 3555; x_wconf 90' lang='lat' dir='ltr'><strong>est</strong></span> <span class='ocrx_word' id='word_1_574' title='bbox 2176 3502 2347 3555; x_wconf 86' lang='lat' dir='ltr'><strong>alere.</strong></span> <span class='ocrx_word' id='word_1_575' title='bbox 2380 3501 2450 3557; x_wconf 88' lang='lat' dir='ltr'><strong>Et</strong></span> <span class='ocrx_word' id='word_1_576' title='bbox 2475 3499 2600 3557; x_wconf 91' lang='lat' dir='ltr'><strong>ideo</strong></span> <span class='ocrx_word' id='word_1_577' title='bbox 2631 3501 2913 3573; x_wconf 89' lang='lat' dir='ltr'><strong>apostolos</strong></span> <span class='ocrx_word' id='word_1_578' title='bbox 2943 3506 3113 3573; x_wconf 71' lang='lat' dir='ltr'><strong>atqtie</strong></span> <span class='ocrx_word' id='word_1_579' title='bbox 3143 3502 3477 3572; x_wconf 85' lang='lat' dir='ltr'><strong>apostolicos</strong></span> 
     </span>
    </p>
   </div>
   <div class='ocr_carea' id='block_1_62' title="bbox 217 3582 3479 3663">
    <p class='ocr_par' dir='ltr' id='par_1_62' title="bbox 217 3582 3479 3663">
     <span class='ocr_line' id='line_1_62' title="bbox 217 3582 3479 3663; baseline -0.004 -15"><span class='ocrx_word' id='word_1_580' title='bbox 217 3594 333 3649; x_wconf 78' lang='lat' dir='ltr'><strong>dote</strong></span> <span class='ocrx_word' id='word_1_581' title='bbox 352 3593 560 3647; x_wconf 84' lang='lat' dir='ltr'><strong>arrhas</strong></span> <span class='ocrx_word' id='word_1_582' title='bbox 580 3589 813 3662; x_wconf 88' lang='lat' dir='ltr'><strong>accepit,</strong></span> <span class='ocrx_word' id='word_1_583' title='bbox 832 3595 889 3643; x_wconf 88' lang='lat' dir='ltr'><strong>et</strong></span> <span class='ocrx_word' id='word_1_584' title='bbox 902 3589 1048 3642; x_wconf 88' lang='lat' dir='ltr'><strong>dona</strong></span> <span class='ocrx_word' id='word_1_585' title='bbox 1067 3587 1318 3658; x_wconf 86' lang='lat' dir='ltr'><strong>ejusdem</strong></span> <span class='ocrx_word' id='word_1_586' title='bbox 1343 3585 1585 3655; x_wconf 91' lang='lat' dir='ltr'><strong>Spiritus</strong></span> <span class='ocrx_word' id='word_1_587' title='bbox 1603 3582 1801 3647; x_wconf 86' lang='lat' dir='ltr'><strong>sancti,</strong></span> <span class='ocrx_word' id='word_1_588' title='bbox 1882 3590 2048 3655; x_wconf 72' lang='lat' dir='ltr'><strong>viros,</strong></span> <span class='ocrx_word' id='word_1_589' title='bbox 2081 3595 2229 3644; x_wconf 79' lang='lat' dir='ltr'><strong>recte</strong></span> <span class='ocrx_word' id='word_1_590' title='bbox 2258 3605 2517 3643; x_wconf 77' lang='lat' dir='ltr'><strong>vocamus</strong></span> <span class='ocrx_word' id='word_1_591' title='bbox 2545 3588 2740 3654; x_wconf 75' lang='lat' dir='ltr'><strong>altilia,</strong></span> <span class='ocrx_word' id='word_1_592' title='bbox 2767 3589 2861 3663; x_wconf 79' lang='lat' dir='ltr'><strong>qui</strong></span> <span class='ocrx_word' id='word_1_593' title='bbox 2882 3589 3016 3645; x_wconf 82' lang='lat' dir='ltr'><strong>dum</strong></span> <span class='ocrx_word' id='word_1_594' title='bbox 3040 3591 3226 3661; x_wconf 76' lang='lat' dir='ltr'><strong>gratia</strong></span> <span class='ocrx_word' id='word_1_595' title='bbox 3245 3590 3479 3645; x_wconf 62' lang='lat' dir='ltr'><strong>interna;</strong></span> 
     </span>
    </p>
   </div>
   <div class='ocr_carea' id='block_1_63' title="bbox 217 3673 3477 3753">
    <p class='ocr_par' dir='ltr' id='par_1_63' title="bbox 217 3673 3477 3753">
     <span class='ocr_line' id='line_1_63' title="bbox 217 3673 3477 3753; baseline -0.001 -18"><span class='ocrx_word' id='word_1_596' title='bbox 217 3682 301 3753; x_wconf 88' lang='lat' dir='ltr'><strong>qui</strong></span> <span class='ocrx_word' id='word_1_597' title='bbox 326 3687 488 3736; x_wconf 85' lang='lat' dir='ltr'><strong>totus</strong></span> <span class='ocrx_word' id='word_1_598' title='bbox 528 3680 590 3733; x_wconf 89' lang='lat' dir='ltr'><strong>in</strong></span> <span class='ocrx_word' id='word_1_599' title='bbox 619 3679 844 3732; x_wconf 83' lang='lat' dir='ltr'><strong>Christo</strong></span> <span class='ocrx_word' id='word_1_600' title='bbox 876 3676 1117 3741; x_wconf 84' lang='lat' dir='ltr'><strong>mansit;</strong></span> <span class='ocrx_word' id='word_1_601' title='bbox 1166 3692 1230 3728; x_wconf 81' lang='lat' dir='ltr'><strong>ex</strong></span> <span class='ocrx_word' id='word_1_602' title='bbox 1261 3691 1369 3744; x_wconf 84' lang='lat' dir='ltr'><strong>quo</strong></span> <span class='ocrx_word' id='word_1_603' title='bbox 1414 3673 1581 3726; x_wconf 83' lang='lat' dir='ltr'><strong>homo</strong></span> <span class='ocrx_word' id='word_1_604' title='bbox 1624 3673 1802 3725; x_wconf 74' lang='lat' dir='ltr'><strong>factus</strong></span> <span class='ocrx_word' id='word_1_605' title='bbox 1884 3679 2242 3752; x_wconf 88' lang='lat' dir='ltr'><strong>pinguedinis</strong></span> <span class='ocrx_word' id='word_1_606' title='bbox 2283 3678 2628 3748; x_wconf 78' lang='lat' dir='ltr'><strong>saginantur,</strong></span> <span class='ocrx_word' id='word_1_607' title='bbox 2662 3677 2733 3731; x_wconf 91' lang='lat' dir='ltr'><strong>ad</strong></span> <span class='ocrx_word' id='word_1_608' title='bbox 2767 3676 3095 3732; x_wconf 89' lang='lat' dir='ltr'><strong>sublimiora</strong></span> <span class='ocrx_word' id='word_1_609' title='bbox 3128 3680 3477 3751; x_wconf 87' lang='lat' dir='ltr'><strong>contempla-</strong></span> 
     </span>
    </p>
   </div>
   <div class='ocr_carea' id='block_1_64' title="bbox 217 3764 3480 3844">
    <p class='ocr_par' dir='ltr' id='par_1_64' title="bbox 217 3764 3480 3844">
     <span class='ocr_line' id='line_1_64' title="bbox 217 3764 3480 3844; baseline -0.002 -16"><span class='ocrx_word' id='word_1_610' title='bbox 217 3781 309 3840; x_wconf 78' lang='lat' dir='ltr'><strong>est,</strong></span> <span class='ocrx_word' id='word_1_611' title='bbox 332 3781 391 3829; x_wconf 87' lang='lat' dir='ltr'><strong>et</strong></span> <span class='ocrx_word' id='word_1_612' title='bbox 416 3772 689 3844; x_wconf 86' lang='lat' dir='ltr'><strong>processit</strong></span> <span class='ocrx_word' id='word_1_613' title='bbox 711 3776 979 3841; x_wconf 88' lang='lat' dir='ltr'><strong>tanquam</strong></span> <span class='ocrx_word' id='word_1_614' title='bbox 1002 3785 1239 3840; x_wconf 87' lang='lat' dir='ltr'><strong>sponsus</strong></span> <span class='ocrx_word' id='word_1_615' title='bbox 1257 3768 1326 3821; x_wconf 91' lang='lat' dir='ltr'><strong>de</strong></span> <span class='ocrx_word' id='word_1_616' title='bbox 1353 3772 1513 3820; x_wconf 90' lang='lat' dir='ltr'><strong>utero</strong></span> <span class='ocrx_word' id='word_1_617' title='bbox 1533 3766 1801 3837; x_wconf 80' lang='lat' dir='ltr'><strong>Virginis,</strong></span> <span class='ocrx_word' id='word_1_618' title='bbox 1885 3768 2058 3823; x_wconf 88' lang='lat' dir='ltr'><strong>tionis</strong></span> <span class='ocrx_word' id='word_1_619' title='bbox 2087 3768 2235 3822; x_wconf 90' lang='lat' dir='ltr'><strong>dona</strong></span> <span class='ocrx_word' id='word_1_620' title='bbox 2258 3782 2442 3837; x_wconf 87' lang='lat' dir='ltr'><strong>penna</strong></span> <span class='ocrx_word' id='word_1_621' title='bbox 2469 3766 2744 3819; x_wconf 89' lang='lat' dir='ltr'><strong>levantur.</strong></span> <span class='ocrx_word' id='word_1_622' title='bbox 2771 3766 2904 3829; x_wconf 73' lang='lat' dir='ltr'><strong>Quae</strong></span> <span class='ocrx_word' id='word_1_623' title='bbox 2933 3764 3074 3822; x_wconf 88' lang='lat' dir='ltr'><strong>bene</strong></span> <span class='ocrx_word' id='word_1_624' title='bbox 3095 3766 3275 3821; x_wconf 91' lang='lat' dir='ltr'><strong>occisa</strong></span> <span class='ocrx_word' id='word_1_625' title='bbox 3294 3774 3352 3821; x_wconf 89' lang='lat' dir='ltr'><strong>et</strong></span> <span class='ocrx_word' id='word_1_626' title='bbox 3378 3784 3480 3837; x_wconf 83' lang='lat' dir='ltr'><strong>pa-</strong></span> 
     </span>
    </p>
   </div>
   <div class='ocr_carea' id='block_1_65' title="bbox 218 3853 3481 3933">
    <p class='ocr_par' dir='ltr' id='par_1_65' title="bbox 218 3853 3481 3933">
     <span class='ocr_line' id='line_1_65' title="bbox 218 3853 3481 3933; baseline -0.001 -18"><span class='ocrx_word' id='word_1_627' title='bbox 218 3864 339 3933; x_wconf 90' lang='lat' dir='ltr'><strong>quia</strong></span> <span class='ocrx_word' id='word_1_628' title='bbox 360 3867 563 3917; x_wconf 88' lang='lat' dir='ltr'><strong>uterus</strong></span> <span class='ocrx_word' id='word_1_629' title='bbox 594 3862 716 3931; x_wconf 88' lang='lat' dir='ltr'><strong>ejus</strong></span> <span class='ocrx_word' id='word_1_630' title='bbox 745 3859 1026 3913; x_wconf 88' lang='lat' dir='ltr'><strong>thalamus</strong></span> <span class='ocrx_word' id='word_1_631' title='bbox 1055 3856 1179 3912; x_wconf 87' lang='lat' dir='ltr'><strong>fuit.</strong></span> <span class='ocrx_word' id='word_1_632' title='bbox 1215 3858 1288 3909; x_wconf 85' lang='lat' dir='ltr'><strong>At</strong></span> <span class='ocrx_word' id='word_1_633' title='bbox 1316 3872 1444 3909; x_wconf 92' lang='lat' dir='ltr'><strong>vero</strong></span> <span class='ocrx_word' id='word_1_634' title='bbox 1477 3854 1723 3909; x_wconf 88' lang='lat' dir='ltr'><strong>Ecclesia</strong></span> <span class='ocrx_word' id='word_1_635' title='bbox 1746 3854 1806 3908; x_wconf 87' lang='lat' dir='ltr'><strong>in</strong></span> <span class='ocrx_word' id='word_1_636' title='bbox 1889 3863 2014 3911; x_wconf 88' lang='lat' dir='ltr'><strong>rata</strong></span> <span class='ocrx_word' id='word_1_637' title='bbox 2032 3859 2151 3927; x_wconf 85' lang='lat' dir='ltr'><strong>jam</strong></span> <span class='ocrx_word' id='word_1_638' title='bbox 2173 3856 2363 3910; x_wconf 87' lang='lat' dir='ltr'><strong>omnia</strong></span> <span class='ocrx_word' id='word_1_639' title='bbox 2384 3855 2664 3919; x_wconf 92' lang='lat' dir='ltr'><strong>dicuntur,</strong></span> <span class='ocrx_word' id='word_1_640' title='bbox 2682 3859 2740 3908; x_wconf 92' lang='lat' dir='ltr'><strong>et</strong></span> <span class='ocrx_word' id='word_1_641' title='bbox 2760 3853 2911 3920; x_wconf 91' lang='lat' dir='ltr'><strong>dicit,</strong></span> <span class='ocrx_word' id='word_1_642' title='bbox 2950 3856 3125 3909; x_wconf 86' lang='lat' dir='ltr'><strong>Venite</strong></span> <span class='ocrx_word' id='word_1_643' title='bbox 3140 3856 3213 3909; x_wconf 82' lang='lat' dir='ltr'><strong>ad</strong></span> <span class='ocrx_word' id='word_1_644' title='bbox 3234 3859 3481 3925; x_wconf 79' lang='lat' dir='ltr'><strong>nuptias.</strong></span> 
     </span>
    </p>
   </div>
   <div class='ocr_carea' id='block_1_66' title="bbox 220 3943 3484 4020">
    <p class='ocr_par' dir='ltr' id='par_1_66' title="bbox 220 3943 3484 4020">
     <span class='ocr_line' id='line_1_66' title="bbox 220 3943 3484 4020; baseline -0.002 -16"><span class='ocrx_word' id='word_1_645' title='bbox 220 3953 406 4006; x_wconf 87' lang='lat' dir='ltr'><strong>eodem</strong></span> <span class='ocrx_word' id='word_1_646' title='bbox 429 3956 630 4005; x_wconf 89' lang='lat' dir='ltr'><strong>renata</strong></span> <span class='ocrx_word' id='word_1_647' title='bbox 649 3950 850 4020; x_wconf 85' lang='lat' dir='ltr'><strong>spiritu</strong></span> <span class='ocrx_word' id='word_1_648' title='bbox 869 3966 934 4002; x_wconf 84' lang='lat' dir='ltr'><strong>ex</strong></span> <span class='ocrx_word' id='word_1_649' title='bbox 962 3964 1128 4019; x_wconf 87' lang='lat' dir='ltr'><strong>aqua,</strong></span> <span class='ocrx_word' id='word_1_650' title='bbox 1150 3962 1326 4000; x_wconf 90' lang='lat' dir='ltr'><strong>unum</strong></span> <span class='ocrx_word' id='word_1_651' title='bbox 1348 3962 1550 4016; x_wconf 90' lang='lat' dir='ltr'><strong>corpus</strong></span> <span class='ocrx_word' id='word_1_652' title='bbox 1568 3945 1809 4000; x_wconf 79' lang='lat' dir='ltr'><strong>emcitur</strong></span> <span class='ocrx_word' id='word_1_653' title='bbox 1889 3948 1969 4001; x_wconf 81' lang='lat' dir='ltr'><strong>Ac</strong></span> <span class='ocrx_word' id='word_1_654' title='bbox 1986 3946 2033 4000; x_wconf 87' lang='lat' dir='ltr'><strong>si</strong></span> <span class='ocrx_word' id='word_1_655' title='bbox 2047 3945 2280 3999; x_wconf 86' lang='lat' dir='ltr'><strong>diceret:</strong></span> <span class='ocrx_word' id='word_1_656' title='bbox 2300 3945 2533 3998; x_wconf 88' lang='lat' dir='ltr'><strong>Patrum</strong></span> <span class='ocrx_word' id='word_1_657' title='bbox 2555 3943 2986 4015; x_wconf 66' lang='lat' dir='ltr'><strong>praecedentium</strong></span> <span class='ocrx_word' id='word_1_658' title='bbox 3003 3960 3104 4014; x_wconf 90' lang='lat' dir='ltr'><strong>pro</strong></span> <span class='ocrx_word' id='word_1_659' title='bbox 3118 3944 3248 4011; x_wconf 86' lang='lat' dir='ltr'><strong>fide,</strong></span> <span class='ocrx_word' id='word_1_660' title='bbox 3264 3950 3484 3999; x_wconf 90' lang='lat' dir='ltr'><strong>montes</strong></span> 
     </span>
    </p>
   </div>
   <div class='ocr_carea' id='block_1_67' title="bbox 220 4033 3486 4107">
    <p class='ocr_par' dir='ltr' id='par_1_67' title="bbox 220 4033 3486 4107">
     <span class='ocr_line' id='line_1_67' title="bbox 220 4033 3486 4107; baseline -0.002 -14"><span class='ocrx_word' id='word_1_661' title='bbox 220 4040 273 4094; x_wconf 90' lang='lat' dir='ltr'><strong>in</strong></span> <span class='ocrx_word' id='word_1_662' title='bbox 290 4041 535 4107; x_wconf 81' lang='lat' dir='ltr'><strong>Christo,</strong></span> <span class='ocrx_word' id='word_1_663' title='bbox 564 4045 631 4093; x_wconf 91' lang='lat' dir='ltr'><strong>ut</strong></span> <span class='ocrx_word' id='word_1_664' title='bbox 661 4038 775 4092; x_wconf 88' lang='lat' dir='ltr'><strong>sint</strong></span> <span class='ocrx_word' id='word_1_665' title='bbox 798 4038 909 4091; x_wconf 89' lang='lat' dir='ltr'><strong>duo</strong></span> <span class='ocrx_word' id='word_1_666' title='bbox 937 4036 995 4090; x_wconf 92' lang='lat' dir='ltr'><strong>in</strong></span> <span class='ocrx_word' id='word_1_667' title='bbox 1024 4052 1191 4090; x_wconf 89' lang='lat' dir='ltr'><strong>carne</strong></span> <span class='ocrx_word' id='word_1_668' title='bbox 1210 4051 1339 4099; x_wconf 89' lang='lat' dir='ltr'><strong>una,</strong></span> <span class='ocrx_word' id='word_1_669' title='bbox 1366 4034 1515 4105; x_wconf 90' lang='lat' dir='ltr'><strong>quod</strong></span> <span class='ocrx_word' id='word_1_670' title='bbox 1542 4049 1810 4102; x_wconf 83' lang='lat' dir='ltr'><strong>magnum</strong></span> <span class='ocrx_word' id='word_1_671' title='bbox 1892 4035 2142 4105; x_wconf 86' lang='lat' dir='ltr'><strong>aspicite,</strong></span> <span class='ocrx_word' id='word_1_672' title='bbox 2175 4033 2362 4105; x_wconf 86' lang='lat' dir='ltr'><strong>sicque</strong></span> <span class='ocrx_word' id='word_1_673' title='bbox 2392 4050 2494 4104; x_wconf 88' lang='lat' dir='ltr'><strong>per</strong></span> <span class='ocrx_word' id='word_1_674' title='bbox 2520 4049 2716 4089; x_wconf 90' lang='lat' dir='ltr'><strong>eorum</strong></span> <span class='ocrx_word' id='word_1_675' title='bbox 2746 4033 3000 4107; x_wconf 75' lang='lat' dir='ltr'><strong>exempla</strong></span> <span class='ocrx_word' id='word_1_676' title='bbox 3024 4033 3270 4090; x_wconf 86' lang='lat' dir='ltr'><strong>instituti</strong></span> <span class='ocrx_word' id='word_1_677' title='bbox 3304 4034 3375 4088; x_wconf 86' lang='lat' dir='ltr'><strong>ad</strong></span> <span class='ocrx_word' id='word_1_678' title='bbox 3414 4035 3486 4088; x_wconf 88' lang='lat' dir='ltr'><strong>ﬁ-</strong></span> 
     </span>
    </p>
   </div>
   <div class='ocr_carea' id='block_1_68' title="bbox 224 4122 3487 4195">
    <p class='ocr_par' dir='ltr' id='par_1_68' title="bbox 224 4122 3487 4195">
     <span class='ocr_line' id='line_1_68' title="bbox 224 4122 3487 4195; baseline -0.001 -14"><span class='ocrx_word' id='word_1_679' title='bbox 224 4135 288 4182; x_wconf 82' lang='lat' dir='ltr'><strong>est</strong></span> <span class='ocrx_word' id='word_1_680' title='bbox 307 4132 725 4183; x_wconf 83' lang='lat' dir='ltr'><strong>sacramentum</strong></span> <span class='ocrx_word' id='word_1_681' title='bbox 749 4129 812 4179; x_wconf 90' lang='lat' dir='ltr'><strong>in</strong></span> <span class='ocrx_word' id='word_1_682' title='bbox 829 4125 1041 4180; x_wconf 74' lang='lat' dir='ltr'><strong>Christo</strong></span> <span class='ocrx_word' id='word_1_683' title='bbox 1072 4130 1118 4177; x_wconf 87' lang='lat' dir='ltr'><strong>et</strong></span> <span class='ocrx_word' id='word_1_684' title='bbox 1144 4127 1206 4176; x_wconf 84' lang='lat' dir='ltr'><strong>in</strong></span> <span class='ocrx_word' id='word_1_685' title='bbox 1237 4123 1474 4177; x_wconf 81' lang='lat' dir='ltr'><strong>Ecclesia</strong></span> <span class='ocrx_word' id='word_1_686' title='bbox 1506 4122 1719 4192; x_wconf 81' lang='lat' dir='ltr'><strong>(Ephcs.</strong></span> <span class='ocrx_word' id='word_1_687' title='bbox 1757 4135 1807 4186; x_wconf 78' lang='grc' dir='ltr'><strong>ν,</strong></span> <span class='ocrx_word' id='word_1_688' title='bbox 1892 4123 2040 4189; x_wconf 92' lang='lat' dir='ltr'><strong>dem,</strong></span> <span class='ocrx_word' id='word_1_689' title='bbox 2073 4122 2323 4176; x_wconf 88' lang='lat' dir='ltr'><strong>remedia</strong></span> <span class='ocrx_word' id='word_1_690' title='bbox 2362 4127 2560 4176; x_wconf 69' lang='lat' dir='ltr'><strong>vestrae</strong></span> <span class='ocrx_word' id='word_1_691' title='bbox 2605 4122 2734 4177; x_wconf 66' lang='lat' dir='ltr'><strong>vitae</strong></span> <span class='ocrx_word' id='word_1_692' title='bbox 2779 4122 3037 4193; x_wconf 88' lang='lat' dir='ltr'><strong>cogitate,</strong></span> <span class='ocrx_word' id='word_1_693' title='bbox 3070 4128 3240 4195; x_wconf 89' lang='lat' dir='ltr'><strong>atque</strong></span> <span class='ocrx_word' id='word_1_694' title='bbox 3281 4122 3487 4195; x_wconf 87' lang='lat' dir='ltr'><strong>pabula</strong></span> 
     </span>
    </p>
   </div>
   <div class='ocr_carea' id='block_1_69' title="bbox 225 4210 3488 4286">
    <p class='ocr_par' dir='ltr' id='par_1_69' title="bbox 225 4210 3488 4286">
     <span class='ocr_line' id='line_1_69' title="bbox 225 4210 3488 4286; baseline -0.001 -15"><span class='ocrx_word' id='word_1_695' title='bbox 225 4216 322 4286; x_wconf 80' lang='lat'><strong>32).</strong></span> <span class='ocrx_word' id='word_1_696' title='bbox 348 4216 628 4273; x_wconf 90' lang='lat' dir='ltr'><strong>Tenditur</strong></span> <span class='ocrx_word' id='word_1_697' title='bbox 655 4219 843 4268; x_wconf 85' lang='lat' dir='ltr'><strong>autem</strong></span> <span class='ocrx_word' id='word_1_698' title='bbox 873 4219 1100 4283; x_wconf 91' lang='lat' dir='ltr'><strong>tempus</strong></span> <span class='ocrx_word' id='word_1_699' title='bbox 1129 4213 1455 4283; x_wconf 89' lang='lat' dir='ltr'><strong>nuptiarum</strong></span> <span class='ocrx_word' id='word_1_700' title='bbox 1488 4211 1557 4265; x_wconf 91' lang='lat' dir='ltr'><strong>ab</strong></span> <span class='ocrx_word' id='word_1_701' title='bbox 1588 4210 1812 4264; x_wconf 83' lang='lat' dir='ltr'><strong>exordio</strong></span> <span class='ocrx_word' id='word_1_702' title='bbox 1894 4211 2087 4266; x_wconf 69' lang='lat' dir='ltr'><strong>aeterni</strong></span> <span class='ocrx_word' id='word_1_703' title='bbox 2117 4210 2350 4265; x_wconf 89' lang='lat' dir='ltr'><strong>convivii</strong></span> <span class='ocrx_word' id='word_1_704' title='bbox 2399 4211 2646 4283; x_wconf 79' lang='lat' dir='ltr'><strong>quaerite.</strong></span> <span class='ocrx_word' id='word_1_705' title='bbox 2696 4211 2876 4276; x_wconf 90' lang='lat' dir='ltr'><strong>Quam</strong></span> <span class='ocrx_word' id='word_1_706' title='bbox 2920 4210 3059 4265; x_wconf 92' lang='lat' dir='ltr'><strong>bene</strong></span> <span class='ocrx_word' id='word_1_707' title='bbox 3110 4212 3285 4283; x_wconf 89' lang='lat' dir='ltr'><strong>igitur</strong></span> <span class='ocrx_word' id='word_1_708' title='bbox 3312 4212 3488 4284; x_wconf 91' lang='lat' dir='ltr'><strong>priori</strong></span> 
     </span>
    </p>
   </div>
   <div class='ocr_carea' id='block_1_70' title="bbox 226 4299 3483 4399">
    <p class='ocr_par' dir='ltr' id='par_1_70' title="bbox 226 4299 3483 4399">
     <span class='ocr_line' id='line_1_70' title="bbox 226 4299 3483 4399; baseline -0.001 -40"><span class='ocrx_word' id='word_1_709' title='bbox 226 4305 621 4361; x_wconf 88' lang='lat' dir='ltr'><strong>incarnationis</strong></span> <span class='ocrx_word' id='word_1_710' title='bbox 644 4302 849 4357; x_wconf 88' lang='lat' dir='ltr'><strong>Christi</strong></span> <span class='ocrx_word' id='word_1_711' title='bbox 882 4317 1172 4373; x_wconf 86' lang='lat' dir='ltr'><strong>quousque</strong></span> <span class='ocrx_word' id='word_1_712' title='bbox 1200 4301 1319 4372; x_wconf 88' lang='lat' dir='ltr'><strong>ipse</strong></span> <span class='ocrx_word' id='word_1_713' title='bbox 1339 4301 1533 4355; x_wconf 87' lang='lat' dir='ltr'><strong>redeat</strong></span> <span class='ocrx_word' id='word_1_714' title='bbox 1560 4299 1876 4399; x_wconf 86' lang='lat' dir='ltr'><strong>ChristusD</strong></span> <span class='ocrx_word' id='word_1_715' title='bbox 1894 4299 2222 4355; x_wconf 85' lang='lat' dir='ltr'><strong>invitatione</strong></span> <span class='ocrx_word' id='word_1_716' title='bbox 2250 4300 2391 4355; x_wconf 92' lang='lat' dir='ltr'><strong>nihil</strong></span> <span class='ocrx_word' id='word_1_717' title='bbox 2421 4301 2488 4353; x_wconf 91' lang='lat' dir='ltr'><strong>de</strong></span> <span class='ocrx_word' id='word_1_718' title='bbox 2515 4299 2694 4354; x_wconf 90' lang='lat' dir='ltr'><strong>tauris</strong></span> <span class='ocrx_word' id='word_1_719' title='bbox 2720 4299 2945 4366; x_wconf 90' lang='lat' dir='ltr'><strong>dicitur,</strong></span> <span class='ocrx_word' id='word_1_720' title='bbox 2977 4300 3034 4354; x_wconf 92' lang='lat' dir='ltr'><strong>in</strong></span> <span class='ocrx_word' id='word_1_721' title='bbox 3067 4302 3310 4355; x_wconf 91' lang='lat' dir='ltr'><strong>secunda</strong></span> <span class='ocrx_word' id='word_1_722' title='bbox 3334 4318 3483 4369; x_wconf 87' lang='lat' dir='ltr'><strong>vero,</strong></span> 
     </span>
    </p>
   </div>
   <div class='ocr_carea' id='block_1_71' title="bbox 226 4388 3494 4463">
    <p class='ocr_par' dir='ltr' id='par_1_71' title="bbox 226 4388 3494 4463">
     <span class='ocr_line' id='line_1_71' title="bbox 226 4388 3494 4463; baseline -0.001 -15"><span class='ocrx_word' id='word_1_723' title='bbox 226 4399 283 4448; x_wconf 88' lang='lat' dir='ltr'><strong>ut</strong></span> <span class='ocrx_word' id='word_1_724' title='bbox 306 4394 498 4449; x_wconf 88' lang='lat' dir='ltr'><strong>omnia</strong></span> <span class='ocrx_word' id='word_1_725' title='bbox 541 4391 870 4463; x_wconf 90' lang='lat' dir='ltr'><strong>nuptiarum</strong></span> <span class='ocrx_word' id='word_1_726' title='bbox 908 4390 1294 4461; x_wconf 89' lang='lat' dir='ltr'><strong>compleantur</strong></span> <span class='ocrx_word' id='word_1_727' title='bbox 1330 4396 1681 4444; x_wconf 82' lang='lat' dir='ltr'><strong>sacramenta</strong></span> <span class='ocrx_word' id='word_1_728' title='bbox 1705 4408 1717 4455; x_wconf 89' lang='lat'><strong>;</strong></span> <span class='ocrx_word' id='word_1_729' title='bbox 1760 4388 1873 4443; x_wconf 69' lang='lat' dir='ltr'><strong>et&quot;</strong></span> <span class='ocrx_word' id='word_1_730' title='bbox 1896 4396 1954 4443; x_wconf 89' lang='lat' dir='ltr'><strong>et</strong></span> <span class='ocrx_word' id='word_1_731' title='bbox 1983 4390 2131 4443; x_wconf 91' lang='lat' dir='ltr'><strong>tauri</strong></span> <span class='ocrx_word' id='word_1_732' title='bbox 2160 4394 2217 4443; x_wconf 93' lang='lat' dir='ltr'><strong>et</strong></span> <span class='ocrx_word' id='word_1_733' title='bbox 2236 4390 2413 4444; x_wconf 86' lang='lat' dir='ltr'><strong>altilia</strong></span> <span class='ocrx_word' id='word_1_734' title='bbox 2432 4388 2631 4455; x_wconf 88' lang='lat' dir='ltr'><strong>occisa,</strong></span> <span class='ocrx_word' id='word_1_735' title='bbox 2650 4394 2707 4442; x_wconf 91' lang='lat' dir='ltr'><strong>et</strong></span> <span class='ocrx_word' id='word_1_736' title='bbox 2735 4389 2924 4442; x_wconf 90' lang='lat' dir='ltr'><strong>omnia</strong></span> <span class='ocrx_word' id='word_1_737' title='bbox 2953 4396 3151 4460; x_wconf 89' lang='lat' dir='ltr'><strong>parata</strong></span> <span class='ocrx_word' id='word_1_738' title='bbox 3180 4406 3494 4445; x_wconf 89' lang='lat' dir='ltr'><strong>memoran-</strong></span> 
     </span>
    </p>
   </div>
   <div class='ocr_carea' id='block_1_72' title="bbox 228 4477 3493 4554">
    <p class='ocr_par' dir='ltr' id='par_1_72' title="bbox 228 4477 3493 4554">
     <span class='ocr_line' id='line_1_72' title="bbox 228 4477 3493 4554; baseline -0.001 -17"><span class='ocrx_word' id='word_1_739' title='bbox 228 4488 349 4537; x_wconf 85' lang='lat' dir='ltr'><strong>tunc</strong></span> <span class='ocrx_word' id='word_1_740' title='bbox 369 4500 499 4554; x_wconf 67' lang='lat' dir='ltr'><strong>quae</strong></span> <span class='ocrx_word' id='word_1_741' title='bbox 523 4486 885 4536; x_wconf 81' lang='lat' dir='ltr'><strong>servaverunt</strong></span> <span class='ocrx_word' id='word_1_742' title='bbox 912 4478 1164 4548; x_wconf 85' lang='lat' dir='ltr'><strong>legitime</strong></span> <span class='ocrx_word' id='word_1_743' title='bbox 1181 4479 1314 4548; x_wconf 81' lang='lat' dir='ltr'><strong>jura</strong></span> <span class='ocrx_word' id='word_1_744' title='bbox 1341 4484 1512 4533; x_wconf 63' lang='lat' dir='ltr'><strong>tanta:</strong></span> <span class='ocrx_word' id='word_1_745' title='bbox 1540 4478 1816 4549; x_wconf 87' lang='lat' dir='ltr'><strong>sponsali-</strong></span> <span class='ocrx_word' id='word_1_746' title='bbox 1901 4485 2012 4533; x_wconf 91' lang='lat' dir='ltr'><strong>tur.</strong></span> <span class='ocrx_word' id='word_1_747' title='bbox 2046 4478 2191 4543; x_wconf 88' lang='lat' dir='ltr'><strong>Quia</strong></span> <span class='ocrx_word' id='word_1_748' title='bbox 2218 4478 2367 4533; x_wconf 89' lang='lat' dir='ltr'><strong>Deus</strong></span> <span class='ocrx_word' id='word_1_749' title='bbox 2398 4477 2773 4549; x_wconf 90' lang='lat' dir='ltr'><strong>omnipotens,</strong></span> <span class='ocrx_word' id='word_1_750' title='bbox 2809 4495 2937 4531; x_wconf 91' lang='lat' dir='ltr'><strong>cum</strong></span> <span class='ocrx_word' id='word_1_751' title='bbox 2966 4478 3135 4532; x_wconf 86' lang='lat' dir='ltr'><strong>verba</strong></span> <span class='ocrx_word' id='word_1_752' title='bbox 3162 4478 3357 4533; x_wconf 87' lang='lat' dir='ltr'><strong>audire</strong></span> <span class='ocrx_word' id='word_1_753' title='bbox 3391 4496 3493 4533; x_wconf 88' lang='lat' dir='ltr'><strong>vo-</strong></span> 
     </span>
    </p>
   </div>
   <div class='ocr_carea' id='block_1_73' title="bbox 229 4566 1819 4642">
    <p class='ocr_par' dir='ltr' id='par_1_73' title="bbox 229 4566 1819 4642">
     <span class='ocr_line' id='line_1_73' title="bbox 229 4566 1819 4642; baseline -0.004 -17"><span class='ocrx_word' id='word_1_754' title='bbox 229 4571 371 4637; x_wconf 85' lang='lat' dir='ltr'><strong>tatis,</strong></span> <span class='ocrx_word' id='word_1_755' title='bbox 400 4576 462 4625; x_wconf 85' lang='lat' dir='ltr'><strong>et</strong></span> <span class='ocrx_word' id='word_1_756' title='bbox 488 4574 700 4642; x_wconf 66' lang='lat' dir='ltr'><strong>paratae</strong></span> <span class='ocrx_word' id='word_1_757' title='bbox 730 4572 911 4633; x_wconf 85' lang='lat' dir='ltr'><strong>erunt,</strong></span> <span class='ocrx_word' id='word_1_758' title='bbox 942 4566 1234 4621; x_wconf 87' lang='lat' dir='ltr'><strong>intrabunt</strong></span> <span class='ocrx_word' id='word_1_759' title='bbox 1261 4566 1665 4621; x_wconf 84' lang='lat' dir='ltr'><strong>officiosissime</strong></span> <span class='ocrx_word' id='word_1_760' title='bbox 1692 4583 1819 4620; x_wconf 90' lang='lat' dir='ltr'><strong>cum</strong></span> 
     </span>
    </p>
   </div>
   <div class='ocr_carea' id='block_1_74' title="bbox 234 4653 1821 4726">
    <p class='ocr_par' dir='ltr' id='par_1_74' title="bbox 234 4653 1821 4726">
     <span class='ocr_line' id='line_1_74' title="bbox 234 4653 1821 4726; baseline -0.003 -14"><span class='ocrx_word' id='word_1_761' title='bbox 234 4673 292 4712; x_wconf 83' lang='lat' dir='ltr'><strong>eo</strong></span> <span class='ocrx_word' id='word_1_762' title='bbox 314 4659 382 4714; x_wconf 87' lang='lat' dir='ltr'><strong>ad</strong></span> <span class='ocrx_word' id='word_1_763' title='bbox 406 4660 536 4713; x_wconf 87' lang='lat' dir='ltr'><strong>illas</strong></span> <span class='ocrx_word' id='word_1_764' title='bbox 565 4662 806 4713; x_wconf 68' lang='lat' dir='ltr'><strong>aeternas</strong></span> <span class='ocrx_word' id='word_1_765' title='bbox 826 4655 1069 4726; x_wconf 80' lang='lat' dir='ltr'><strong>nuptias.</strong></span> <span class='ocrx_word' id='word_1_766' title='bbox 1106 4653 1340 4708; x_wconf 88' lang='lat' dir='ltr'><strong>Interim</strong></span> <span class='ocrx_word' id='word_1_767' title='bbox 1362 4655 1572 4709; x_wconf 88' lang='lat' dir='ltr'><strong>etenim</strong></span> <span class='ocrx_word' id='word_1_768' title='bbox 1598 4655 1821 4709; x_wconf 90' lang='lat' dir='ltr'><strong>ducitur</strong></span> 
     </span>
    </p>
   </div>
   <div class='ocr_carea' id='block_1_75' title="bbox 234 4741 1822 4815">
    <p class='ocr_par' dir='ltr' id='par_1_75' title="bbox 234 4741 1822 4815">
     <span class='ocr_line' id='line_1_75' title="bbox 234 4741 1822 4815; baseline -0.006 -11"><span class='ocrx_word' id='word_1_769' title='bbox 234 4747 444 4803; x_wconf 78' lang='lat' dir='ltr'><strong>Christo</strong></span> <span class='ocrx_word' id='word_1_770' title='bbox 474 4748 614 4813; x_wconf 88' lang='lat' dir='ltr'><strong>viro,</strong></span> <span class='ocrx_word' id='word_1_771' title='bbox 645 4762 788 4800; x_wconf 86' lang='lat' dir='ltr'><strong>uxor</strong></span> <span class='ocrx_word' id='word_1_772' title='bbox 803 4750 861 4799; x_wconf 91' lang='lat' dir='ltr'><strong>et</strong></span> <span class='ocrx_word' id='word_1_773' title='bbox 889 4759 1095 4815; x_wconf 78' lang='lat' dir='ltr'><strong>sponsa</strong></span> <span class='ocrx_word' id='word_1_774' title='bbox 1119 4760 1132 4810; x_wconf 88' lang='lat'><strong>;</strong></span> <span class='ocrx_word' id='word_1_775' title='bbox 1165 4749 1223 4797; x_wconf 90' lang='lat' dir='ltr'><strong>et</strong></span> <span class='ocrx_word' id='word_1_776' title='bbox 1244 4748 1546 4813; x_wconf 86' lang='lat' dir='ltr'><strong>sponsatur</strong></span> <span class='ocrx_word' id='word_1_777' title='bbox 1574 4741 1822 4813; x_wconf 90' lang='lat' dir='ltr'><strong>quotidie</strong></span> 
     </span>
    </p>
   </div>
   <div class='ocr_carea' id='block_1_76' title="bbox 235 4831 1824 4902">
    <p class='ocr_par' dir='ltr' id='par_1_76' title="bbox 235 4831 1824 4902">
     <span class='ocr_line' id='line_1_76' title="bbox 235 4831 1824 4902; baseline -0.003 -13"><span class='ocrx_word' id='word_1_778' title='bbox 235 4835 288 4890; x_wconf 92' lang='lat' dir='ltr'><strong>in</strong></span> <span class='ocrx_word' id='word_1_779' title='bbox 306 4837 411 4891; x_wconf 89' lang='lat' dir='ltr'><strong>fide</strong></span> <span class='ocrx_word' id='word_1_780' title='bbox 436 4842 494 4890; x_wconf 88' lang='lat' dir='ltr'><strong>et</strong></span> <span class='ocrx_word' id='word_1_781' title='bbox 517 4832 903 4889; x_wconf 89' lang='lat' dir='ltr'><strong>misericordia</strong></span> <span class='ocrx_word' id='word_1_782' title='bbox 923 4832 1099 4886; x_wconf 89' lang='lat' dir='ltr'><strong>donec</strong></span> <span class='ocrx_word' id='word_1_783' title='bbox 1118 4831 1313 4885; x_wconf 88' lang='lat' dir='ltr'><strong>redeat</strong></span> <span class='ocrx_word' id='word_1_784' title='bbox 1330 4832 1469 4902; x_wconf 91' lang='lat' dir='ltr'><strong>ipse.</strong></span> <span class='ocrx_word' id='word_1_785' title='bbox 1494 4832 1563 4885; x_wconf 90' lang='lat' dir='ltr'><strong>Et</strong></span> <span class='ocrx_word' id='word_1_786' title='bbox 1590 4832 1718 4885; x_wconf 87' lang='lat' dir='ltr'><strong>hinc</strong></span> <span class='ocrx_word' id='word_1_787' title='bbox 1738 4836 1824 4886; x_wconf 90' lang='lat' dir='ltr'><strong>est</strong></span> 
     </span>
    </p>
   </div>
   <div class='ocr_carea' id='block_1_77' title="bbox 241 4921 1817 4995">
    <p class='ocr_par' dir='ltr' id='par_1_77' title="bbox 241 4921 1817 4995">
     <span class='ocr_line' id='line_1_77' title="bbox 241 4921 1817 4995; baseline -0.004 -15"><span class='ocrx_word' id='word_1_788' title='bbox 241 4927 376 4995; x_wconf 82' lang='lat' dir='ltr'><strong>quod</strong></span> <span class='ocrx_word' id='word_1_789' title='bbox 415 4924 627 4979; x_wconf 90' lang='lat' dir='ltr'><strong>Paulus</strong></span> <span class='ocrx_word' id='word_1_790' title='bbox 654 4921 844 4976; x_wconf 85' lang='lat' dir='ltr'><strong>aiebat</strong></span> <span class='ocrx_word' id='word_1_791' title='bbox 875 4939 886 4973; x_wconf 91' lang='lat'><strong>:</strong></span> <span class='ocrx_word' id='word_1_792' title='bbox 927 4921 1200 4990; x_wconf 80' lang='lat' dir='ltr'><strong>Despondi</strong></span> <span class='ocrx_word' id='word_1_793' title='bbox 1234 4923 1383 4975; x_wconf 85' lang='lat' dir='ltr'><strong>enim</strong></span> <span class='ocrx_word' id='word_1_794' title='bbox 1418 4937 1506 4974; x_wconf 80' lang='lat' dir='ltr'><strong>vos</strong></span> <span class='ocrx_word' id='word_1_795' title='bbox 1546 4923 1653 4974; x_wconf 87' lang='lat' dir='ltr'><strong>uni</strong></span> <span class='ocrx_word' id='word_1_796' title='bbox 1678 4923 1817 4986; x_wconf 80' lang='lat' dir='ltr'><strong>viro,</strong></span> 
     </span>
    </p>
   </div>
   <div class='ocr_carea' id='block_1_78' title="bbox 241 5007 1826 5083">
    <p class='ocr_par' dir='ltr' id='par_1_78' title="bbox 241 5007 1826 5083">
     <span class='ocr_line' id='line_1_78' title="bbox 241 5007 1826 5083; baseline -0.002 -17"><span class='ocrx_word' id='word_1_797' title='bbox 241 5018 507 5083; x_wconf 78' lang='lat' dir='ltr'><strong>rirginem</strong></span> <span class='ocrx_word' id='word_1_798' title='bbox 537 5017 743 5067; x_wconf 83' lang='lat' dir='ltr'><strong>castam</strong></span> <span class='ocrx_word' id='word_1_799' title='bbox 774 5011 1018 5065; x_wconf 68' lang='lat' dir='ltr'><strong>exhibere</strong></span> <span class='ocrx_word' id='word_1_800' title='bbox 1046 5010 1259 5064; x_wconf 78' lang='lat' dir='ltr'><strong>Christo</strong></span> <span class='ocrx_word' id='word_1_801' title='bbox 1291 5011 1341 5077; x_wconf 86' lang='grc' dir='ltr'><strong>(Ι</strong></span> <span class='ocrx_word' id='word_1_802' title='bbox 1370 5009 1491 5064; x_wconf 78' lang='lat' dir='ltr'><strong>Cor.</strong></span> <span class='ocrx_word' id='word_1_803' title='bbox 1522 5026 1575 5063; x_wconf 76' lang='lat' dir='ltr'><strong>xx</strong></span> <span class='ocrx_word' id='word_1_804' title='bbox 1601 5007 1680 5078; x_wconf 81' lang='lat'><strong>2.)</strong></span> <span class='ocrx_word' id='word_1_805' title='bbox 1707 5026 1721 5076; x_wconf 91' lang='lat'><strong>;</strong></span> <span class='ocrx_word' id='word_1_806' title='bbox 1760 5014 1826 5065; x_wconf 90' lang='lat' dir='ltr'><strong>ut</strong></span> 
     </span>
    </p>
   </div>
   <div class='ocr_carea' id='block_1_79' title="bbox 242 5097 1825 5165">
    <p class='ocr_par' dir='ltr' id='par_1_79' title="bbox 242 5097 1825 5165">
     <span class='ocr_line' id='line_1_79' title="bbox 242 5097 1825 5165; baseline -0.002 -10"><span class='ocrx_word' id='word_1_807' title='bbox 242 5117 358 5155; x_wconf 85' lang='lat' dir='ltr'><strong>cum</strong></span> <span class='ocrx_word' id='word_1_808' title='bbox 383 5101 621 5165; x_wconf 66' lang='lat' dir='ltr'><strong>venerit,</strong></span> <span class='ocrx_word' id='word_1_809' title='bbox 651 5099 823 5154; x_wconf 85' lang='lat' dir='ltr'><strong>simul</strong></span> <span class='ocrx_word' id='word_1_810' title='bbox 848 5098 1079 5153; x_wconf 87' lang='lat' dir='ltr'><strong>collecta</strong></span> <span class='ocrx_word' id='word_1_811' title='bbox 1113 5097 1357 5152; x_wconf 86' lang='lat' dir='ltr'><strong>Ecclesia</strong></span> <span class='ocrx_word' id='word_1_812' title='bbox 1378 5104 1496 5152; x_wconf 87' lang='lat' dir='ltr'><strong>tam</strong></span> <span class='ocrx_word' id='word_1_813' title='bbox 1522 5097 1592 5152; x_wconf 90' lang='lat' dir='ltr'><strong>de</strong></span> <span class='ocrx_word' id='word_1_814' title='bbox 1619 5097 1825 5153; x_wconf 81' lang='lat' dir='ltr'><strong>Judaeis</strong></span> 
     </span>
    </p>
   </div>
   <div class='ocr_carea' id='block_1_80' title="bbox 242 5188 1821 5259">
    <p class='ocr_par' dir='ltr' id='par_1_80' title="bbox 242 5188 1821 5259">
     <span class='ocr_line' id='line_1_80' title="bbox 242 5188 1821 5259; baseline -0.002 -15"><span class='ocrx_word' id='word_1_815' title='bbox 242 5205 401 5259; x_wconf 86' lang='lat' dir='ltr'><strong>quam</strong></span> <span class='ocrx_word' id='word_1_816' title='bbox 418 5190 488 5244; x_wconf 75' lang='lat' dir='ltr'><strong>de</strong></span> <span class='ocrx_word' id='word_1_817' title='bbox 510 5189 801 5249; x_wconf 83' lang='lat' dir='ltr'><strong>Gentibus,</strong></span> <span class='ocrx_word' id='word_1_818' title='bbox 824 5203 941 5242; x_wconf 91' lang='lat' dir='ltr'><strong>una</strong></span> <span class='ocrx_word' id='word_1_819' title='bbox 964 5188 1339 5257; x_wconf 89' lang='lat' dir='ltr'><strong>amplectatur</strong></span> <span class='ocrx_word' id='word_1_820' title='bbox 1355 5203 1577 5259; x_wconf 88' lang='lat' dir='ltr'><strong>sponsa,</strong></span> <span class='ocrx_word' id='word_1_821' title='bbox 1600 5189 1821 5258; x_wconf 84' lang='lat' dir='ltr'><strong>conjux,</strong></span> 
     </span>
    </p>
   </div>
   <div class='ocr_carea' id='block_1_81' title="bbox 244 5275 1823 5350">
    <p class='ocr_par' dir='ltr' id='par_1_81' title="bbox 244 5275 1823 5350">
     <span class='ocr_line' id='line_1_81' title="bbox 244 5275 1823 5350; baseline -0.001 -19"><span class='ocrx_word' id='word_1_822' title='bbox 244 5284 296 5331; x_wconf 84' lang='lat' dir='ltr'><strong>et</strong></span> <span class='ocrx_word' id='word_1_823' title='bbox 321 5295 480 5333; x_wconf 83' lang='lat' dir='ltr'><strong>uxor.</strong></span> <span class='ocrx_word' id='word_1_824' title='bbox 497 5281 706 5334; x_wconf 79' lang='lat' dir='ltr'><strong>Omnes</strong></span> <span class='ocrx_word' id='word_1_825' title='bbox 734 5292 978 5350; x_wconf 90' lang='lat' dir='ltr'><strong>namque</strong></span> <span class='ocrx_word' id='word_1_826' title='bbox 1007 5275 1188 5330; x_wconf 86' lang='lat' dir='ltr'><strong>sancti</strong></span> <span class='ocrx_word' id='word_1_827' title='bbox 1215 5276 1433 5331; x_wconf 88' lang='lat' dir='ltr'><strong>Veteris</strong></span> <span class='ocrx_word' id='word_1_828' title='bbox 1458 5277 1823 5343; x_wconf 88' lang='lat' dir='ltr'><strong>Testamenti,</strong></span> 
     </span>
    </p>
   </div>
   <div class='ocr_carea' id='block_1_82' title="bbox 244 5364 1823 5437">
    <p class='ocr_par' dir='ltr' id='par_1_82' title="bbox 244 5364 1823 5437">
     <span class='ocr_line' id='line_1_82' title="bbox 244 5364 1823 5437; baseline 0 -17"><span class='ocrx_word' id='word_1_829' title='bbox 244 5367 332 5436; x_wconf 86' lang='lat' dir='ltr'><strong>qui</strong></span> <span class='ocrx_word' id='word_1_830' title='bbox 346 5367 416 5421; x_wconf 79' lang='lat' dir='ltr'><strong>ab</strong></span> <span class='ocrx_word' id='word_1_831' title='bbox 440 5367 598 5421; x_wconf 88' lang='lat' dir='ltr'><strong>initio</strong></span> <span class='ocrx_word' id='word_1_832' title='bbox 617 5365 805 5421; x_wconf 70' lang='lat' dir='ltr'><strong>saeculi</strong></span> <span class='ocrx_word' id='word_1_833' title='bbox 821 5365 1145 5433; x_wconf 86' lang='lat' dir='ltr'><strong>fuerunt,ad</strong></span> <span class='ocrx_word' id='word_1_834' title='bbox 1162 5364 1261 5418; x_wconf 87' lang='lat' dir='ltr'><strong>has</strong></span> <span class='ocrx_word' id='word_1_835' title='bbox 1274 5366 1561 5436; x_wconf 89' lang='lat' dir='ltr'><strong>pertinent</strong></span> <span class='ocrx_word' id='word_1_836' title='bbox 1579 5367 1823 5437; x_wconf 89' lang='lat' dir='ltr'><strong>nuptias,</strong></span> 
     </span>
    </p>
   </div>
   <div class='ocr_carea' id='block_1_83' title="bbox 241 5454 1830 5527">
    <p class='ocr_par' dir='ltr' id='par_1_83' title="bbox 241 5454 1830 5527">
     <span class='ocr_line' id='line_1_83' title="bbox 241 5454 1830 5527; baseline 0 -18"><span class='ocrx_word' id='word_1_837' title='bbox 241 5470 373 5526; x_wconf 81' lang='lat' dir='ltr'><strong>quas</strong></span> <span class='ocrx_word' id='word_1_838' title='bbox 401 5471 504 5526; x_wconf 87' lang='lat' dir='ltr'><strong>per</strong></span> <span class='ocrx_word' id='word_1_839' title='bbox 519 5455 703 5522; x_wconf 87' lang='lat' dir='ltr'><strong>fidem,</strong></span> <span class='ocrx_word' id='word_1_840' title='bbox 738 5460 797 5508; x_wconf 91' lang='lat' dir='ltr'><strong>et</strong></span> <span class='ocrx_word' id='word_1_841' title='bbox 821 5455 870 5508; x_wconf 89' lang='lat' dir='ltr'><strong>si</strong></span> <span class='ocrx_word' id='word_1_842' title='bbox 899 5472 934 5508; x_wconf 90' lang='lat' dir='ltr'><strong>a</strong></span> <span class='ocrx_word' id='word_1_843' title='bbox 959 5454 1125 5527; x_wconf 86' lang='lat' dir='ltr'><strong>longe</strong></span> <span class='ocrx_word' id='word_1_844' title='bbox 1150 5461 1576 5526; x_wconf 83' lang='lat' dir='ltr'><strong>conspexerunt,</strong></span> <span class='ocrx_word' id='word_1_845' title='bbox 1601 5455 1830 5527; x_wconf 89' lang='lat' dir='ltr'><strong>quicun-</strong></span> 
     </span>
    </p>
   </div>
   <div class='ocr_carea' id='block_1_84' title="bbox 241 5542 1830 5616">
    <p class='ocr_par' dir='ltr' id='par_1_84' title="bbox 241 5542 1830 5616">
     <span class='ocr_line' id='line_1_84' title="bbox 241 5542 1830 5616; baseline 0 -17"><span class='ocrx_word' id='word_1_846' title='bbox 241 5559 346 5615; x_wconf 87' lang='lat' dir='ltr'><strong>que</strong></span> <span class='ocrx_word' id='word_1_847' title='bbox 371 5544 660 5600; x_wconf 80' lang='lat' dir='ltr'><strong>Christum</strong></span> <span class='ocrx_word' id='word_1_848' title='bbox 684 5559 787 5616; x_wconf 86' lang='lat' dir='ltr'><strong>pro</strong></span> <span class='ocrx_word' id='word_1_849' title='bbox 815 5544 998 5599; x_wconf 85' lang='lat' dir='ltr'><strong>salute</strong></span> <span class='ocrx_word' id='word_1_850' title='bbox 1022 5542 1258 5599; x_wconf 85' lang='lat' dir='ltr'><strong>humani</strong></span> <span class='ocrx_word' id='word_1_851' title='bbox 1280 5544 1503 5615; x_wconf 83' lang='lat' dir='ltr'><strong>generis</strong></span> <span class='ocrx_word' id='word_1_852' title='bbox 1529 5550 1830 5600; x_wconf 88' lang='lat' dir='ltr'><strong>venturum</strong></span> 
     </span>
    </p>
   </div>
   <div class='ocr_carea' id='block_1_85' title="bbox 1900 4566 3492 4643">
    <p class='ocr_par' dir='ltr' id='par_1_85' title="bbox 1900 4566 3492 4643">
     <span class='ocr_line' id='line_1_85' title="bbox 1900 4566 3492 4643; baseline 0.001 -22"><span class='ocrx_word' id='word_1_853' title='bbox 1900 4567 2107 4633; x_wconf 90' lang='lat' dir='ltr'><strong>lumus,</strong></span> <span class='ocrx_word' id='word_1_854' title='bbox 2132 4568 2383 4639; x_wconf 89' lang='lat' dir='ltr'><strong>exempla</strong></span> <span class='ocrx_word' id='word_1_855' title='bbox 2404 4566 2707 4639; x_wconf 80' lang='lat' dir='ltr'><strong>saepissime</strong></span> <span class='ocrx_word' id='word_1_856' title='bbox 2732 4567 2938 4638; x_wconf 89' lang='lat' dir='ltr'><strong>jungit,</strong></span> <span class='ocrx_word' id='word_1_857' title='bbox 2970 4572 3031 4620; x_wconf 92' lang='lat' dir='ltr'><strong>ut</strong></span> <span class='ocrx_word' id='word_1_858' title='bbox 3057 4568 3347 4622; x_wconf 91' lang='lat' dir='ltr'><strong>convincat</strong></span> <span class='ocrx_word' id='word_1_859' title='bbox 3366 4584 3492 4643; x_wconf 87' lang='lat' dir='ltr'><strong>pra-</strong></span> 
     </span>
    </p>
   </div>
   <div class='ocr_carea' id='block_1_86' title="bbox 1902 4655 3493 4728">
    <p class='ocr_par' dir='ltr' id='par_1_86' title="bbox 1902 4655 3493 4728">
     <span class='ocr_line' id='line_1_86' title="bbox 1902 4655 3493 4728; baseline 0.003 -21"><span class='ocrx_word' id='word_1_860' title='bbox 1902 4656 2130 4709; x_wconf 84' lang='lat' dir='ltr'><strong>vitatem</strong></span> <span class='ocrx_word' id='word_1_861' title='bbox 2161 4655 2487 4720; x_wconf 89' lang='lat' dir='ltr'><strong>humanam,</strong></span> <span class='ocrx_word' id='word_1_862' title='bbox 2523 4660 2579 4708; x_wconf 91' lang='lat' dir='ltr'><strong>et</strong></span> <span class='ocrx_word' id='word_1_863' title='bbox 2605 4671 2769 4709; x_wconf 90' lang='lat' dir='ltr'><strong>nemo</strong></span> <span class='ocrx_word' id='word_1_864' title='bbox 2797 4656 2866 4710; x_wconf 89' lang='lat' dir='ltr'><strong>de</strong></span> <span class='ocrx_word' id='word_1_865' title='bbox 2890 4655 3339 4728; x_wconf 90' lang='lat' dir='ltr'><strong>impossibilitate</strong></span> <span class='ocrx_word' id='word_1_866' title='bbox 3358 4673 3493 4711; x_wconf 85' lang='lat' dir='ltr'><strong>cau-</strong></span> 
     </span>
    </p>
   </div>
   <div class='ocr_carea' id='block_1_87' title="bbox 1903 4743 3496 4817">
    <p class='ocr_par' dir='ltr' id='par_1_87' title="bbox 1903 4743 3496 4817">
     <span class='ocr_line' id='line_1_87' title="bbox 1903 4743 3496 4817; baseline 0.001 -19"><span class='ocrx_word' id='word_1_867' title='bbox 1903 4750 2076 4798; x_wconf 90' lang='lat' dir='ltr'><strong>setur.</strong></span> <span class='ocrx_word' id='word_1_868' title='bbox 2129 4744 2530 4801; x_wconf 87' lang='lat' dir='ltr'><strong>Verumtamen</strong></span> <span class='ocrx_word' id='word_1_869' title='bbox 2579 4743 2728 4797; x_wconf 87' lang='lat' dir='ltr'><strong>tauri</strong></span> <span class='ocrx_word' id='word_1_870' title='bbox 2780 4750 2837 4798; x_wconf 90' lang='lat' dir='ltr'><strong>et</strong></span> <span class='ocrx_word' id='word_1_871' title='bbox 2892 4745 3087 4813; x_wconf 89' lang='lat' dir='ltr'><strong>altilia,</strong></span> <span class='ocrx_word' id='word_1_872' title='bbox 3139 4762 3260 4817; x_wconf 67' lang='lat' dir='ltr'><strong>quae</strong></span> <span class='ocrx_word' id='word_1_873' title='bbox 3314 4745 3496 4799; x_wconf 89' lang='lat' dir='ltr'><strong>occisa</strong></span> 
     </span>
    </p>
   </div>
   <div class='ocr_carea' id='block_1_88' title="bbox 1904 4832 3495 4908">
    <p class='ocr_par' dir='ltr' id='par_1_88' title="bbox 1904 4832 3495 4908">
     <span class='ocr_line' id='line_1_88' title="bbox 1904 4832 3495 4908; baseline 0.001 -23"><span class='ocrx_word' id='word_1_874' title='bbox 1904 4833 2184 4899; x_wconf 84' lang='lat' dir='ltr'><strong>dicuntur,</strong></span> <span class='ocrx_word' id='word_1_875' title='bbox 2212 4848 2501 4904; x_wconf 88' lang='lat' dir='ltr'><strong>nunquam</strong></span> <span class='ocrx_word' id='word_1_876' title='bbox 2520 4849 2622 4907; x_wconf 89' lang='lat' dir='ltr'><strong>pro</strong></span> <span class='ocrx_word' id='word_1_877' title='bbox 2647 4832 2855 4887; x_wconf 89' lang='lat' dir='ltr'><strong>Christi</strong></span> <span class='ocrx_word' id='word_1_878' title='bbox 2874 4834 3086 4908; x_wconf 90' lang='lat' dir='ltr'><strong>nuptiis</strong></span> <span class='ocrx_word' id='word_1_879' title='bbox 3106 4834 3495 4889; x_wconf 88' lang='lat' dir='ltr'><strong>occiderentur</strong></span> 
     </span>
    </p>
   </div>
   <div class='ocr_carea' id='block_1_89' title="bbox 1905 4920 3492 4997">
    <p class='ocr_par' dir='ltr' id='par_1_89' title="bbox 1905 4920 3492 4997">
     <span class='ocr_line' id='line_1_89' title="bbox 1905 4920 3492 4997; baseline 0.001 -22"><span class='ocrx_word' id='word_1_880' title='bbox 1905 4922 1975 4975; x_wconf 90' lang='lat' dir='ltr'><strong>ad</strong></span> <span class='ocrx_word' id='word_1_881' title='bbox 2007 4922 2199 4992; x_wconf 89' lang='lat' dir='ltr'><strong>epulas</strong></span> <span class='ocrx_word' id='word_1_882' title='bbox 2246 4920 2418 4977; x_wconf 90' lang='lat' dir='ltr'><strong>etiam</strong></span> <span class='ocrx_word' id='word_1_883' title='bbox 2464 4921 2894 4988; x_wconf 88' lang='lat' dir='ltr'><strong>convivantium,</strong></span> <span class='ocrx_word' id='word_1_884' title='bbox 2927 4922 3035 4978; x_wconf 87' lang='lat' dir='ltr'><strong>nisi</strong></span> <span class='ocrx_word' id='word_1_885' title='bbox 3077 4928 3135 4979; x_wconf 91' lang='lat' dir='ltr'><strong>et</strong></span> <span class='ocrx_word' id='word_1_886' title='bbox 3180 4922 3286 4997; x_wconf 90' lang='lat' dir='ltr'><strong>ipsi</strong></span> <span class='ocrx_word' id='word_1_887' title='bbox 3314 4922 3492 4997; x_wconf 89' lang='lat' dir='ltr'><strong>prius,</strong></span> 
     </span>
    </p>
   </div>
   <div class='ocr_carea' id='block_1_90' title="bbox 1904 5008 3490 5082">
    <p class='ocr_par' dir='ltr' id='par_1_90' title="bbox 1904 5008 3490 5082">
     <span class='ocr_line' id='line_1_90' title="bbox 1904 5008 3490 5082; baseline 0.001 -19"><span class='ocrx_word' id='word_1_888' title='bbox 1904 5015 2095 5076; x_wconf 64' lang='lat'><strong>909</strong></span> <span class='ocrx_word' id='word_1_889' title='bbox 2111 5012 2231 5081; x_wconf 88' lang='lat' dir='ltr'><strong>jam</strong></span> <span class='ocrx_word' id='word_1_890' title='bbox 2250 5009 2497 5067; x_wconf 88' lang='lat' dir='ltr'><strong>convivio</strong></span> <span class='ocrx_word' id='word_1_891' title='bbox 2513 5008 2666 5063; x_wconf 90' lang='lat' dir='ltr'><strong>verbi</strong></span> <span class='ocrx_word' id='word_1_892' title='bbox 2682 5010 2783 5065; x_wconf 89' lang='lat' dir='ltr'><strong>Dei</strong></span> <span class='ocrx_word' id='word_1_893' title='bbox 2798 5026 2864 5082; x_wconf 87' lang='lat' dir='ltr'><strong>pa</strong></span> <span class='ocrx_word' id='word_1_894' title='bbox 2872 5010 2943 5064; x_wconf 88' lang='lat' dir='ltr'><strong>sti</strong></span> <span class='ocrx_word' id='word_1_895' title='bbox 2964 5017 3149 5066; x_wconf 89' lang='lat' dir='ltr'><strong>essent</strong></span> <span class='ocrx_word' id='word_1_896' title='bbox 3166 5016 3223 5065; x_wconf 90' lang='lat' dir='ltr'><strong>et</strong></span> <span class='ocrx_word' id='word_1_897' title='bbox 3236 5010 3490 5066; x_wconf 90' lang='lat' dir='ltr'><strong>enutriti.</strong></span> 
     </span>
    </p>
   </div>
   <div class='ocr_carea' id='block_1_91' title="bbox 1908 5097 3491 5173">
    <p class='ocr_par' dir='ltr' id='par_1_91' title="bbox 1908 5097 3491 5173">
     <span class='ocr_line' id='line_1_91' title="bbox 1908 5097 3491 5173; baseline 0.001 -20"><span class='ocrx_word' id='word_1_898' title='bbox 1908 5100 2183 5165; x_wconf 87' lang='lat' dir='ltr'><strong>Quoniam</strong></span> <span class='ocrx_word' id='word_1_899' title='bbox 2225 5098 2320 5171; x_wconf 92' lang='lat' dir='ltr'><strong>qui</strong></span> <span class='ocrx_word' id='word_1_900' title='bbox 2365 5097 2435 5155; x_wconf 91' lang='lat' dir='ltr'><strong>ab</strong></span> <span class='ocrx_word' id='word_1_901' title='bbox 2480 5098 2585 5152; x_wconf 91' lang='lat' dir='ltr'><strong>hoc</strong></span> <span class='ocrx_word' id='word_1_902' title='bbox 2629 5098 2878 5153; x_wconf 89' lang='lat' dir='ltr'><strong>convivio</strong></span> <span class='ocrx_word' id='word_1_903' title='bbox 2905 5098 3074 5154; x_wconf 89' lang='lat' dir='ltr'><strong>Verbi</strong></span> <span class='ocrx_word' id='word_1_904' title='bbox 3114 5104 3200 5154; x_wconf 89' lang='lat' dir='ltr'><strong>est</strong></span> <span class='ocrx_word' id='word_1_905' title='bbox 3240 5099 3491 5173; x_wconf 90' lang='lat' dir='ltr'><strong>jejunus,</strong></span> 
     </span>
    </p>
   </div>
   <div class='ocr_carea' id='block_1_92' title="bbox 1906 5187 3491 5260">
    <p class='ocr_par' dir='ltr' id='par_1_92' title="bbox 1906 5187 3491 5260">
     <span class='ocr_line' id='line_1_92' title="bbox 1906 5187 3491 5260; baseline 0.001 -17"><span class='ocrx_word' id='word_1_906' title='bbox 1906 5189 2101 5260; x_wconf 90' lang='lat' dir='ltr'><strong>utique</strong></span> <span class='ocrx_word' id='word_1_907' title='bbox 2126 5205 2237 5245; x_wconf 88' lang='lat' dir='ltr'><strong>non</strong></span> <span class='ocrx_word' id='word_1_908' title='bbox 2266 5187 2432 5255; x_wconf 88' lang='lat' dir='ltr'><strong>vivit;</strong></span> <span class='ocrx_word' id='word_1_909' title='bbox 2464 5187 2596 5260; x_wconf 88' lang='lat' dir='ltr'><strong>quia</strong></span> <span class='ocrx_word' id='word_1_910' title='bbox 2613 5189 2737 5242; x_wconf 88' lang='lat' dir='ltr'><strong>Non</strong></span> <span class='ocrx_word' id='word_1_911' title='bbox 2768 5190 2831 5242; x_wconf 87' lang='lat' dir='ltr'><strong>in</strong></span> <span class='ocrx_word' id='word_1_912' title='bbox 2859 5192 2969 5243; x_wconf 87' lang='lat' dir='ltr'><strong>solo</strong></span> <span class='ocrx_word' id='word_1_913' title='bbox 2991 5205 3141 5258; x_wconf 84' lang='lat' dir='ltr'><strong>pane</strong></span> <span class='ocrx_word' id='word_1_914' title='bbox 3158 5191 3292 5242; x_wconf 83' lang='lat' dir='ltr'><strong>vivit</strong></span> <span class='ocrx_word' id='word_1_915' title='bbox 3314 5190 3491 5257; x_wconf 90' lang='lat' dir='ltr'><strong>homo,</strong></span> 
     </span>
    </p>
   </div>
   <div class='ocr_carea' id='block_1_93' title="bbox 1907 5279 3494 5349">
    <p class='ocr_par' dir='ltr' id='par_1_93' title="bbox 1907 5279 3494 5349">
     <span class='ocr_line' id='line_1_93' title="bbox 1907 5279 3494 5349; baseline 0 -16"><span class='ocrx_word' id='word_1_916' title='bbox 1907 5280 1998 5333; x_wconf 85' lang='lat' dir='ltr'><strong>sed</strong></span> <span class='ocrx_word' id='word_1_917' title='bbox 2026 5282 2088 5332; x_wconf 87' lang='lat' dir='ltr'><strong>in</strong></span> <span class='ocrx_word' id='word_1_918' title='bbox 2112 5280 2269 5332; x_wconf 87' lang='lat' dir='ltr'><strong>omni</strong></span> <span class='ocrx_word' id='word_1_919' title='bbox 2288 5280 2446 5331; x_wconf 84' lang='lat' dir='ltr'><strong>verba</strong></span> <span class='ocrx_word' id='word_1_920' title='bbox 2461 5280 2604 5346; x_wconf 84' lang='lat' dir='ltr'><strong>quod</strong></span> <span class='ocrx_word' id='word_1_921' title='bbox 2615 5280 2858 5348; x_wconf 85' lang='lat' dir='ltr'><strong>procedit</strong></span> <span class='ocrx_word' id='word_1_922' title='bbox 2878 5279 2941 5333; x_wconf 84' lang='lat' dir='ltr'><strong>de</strong></span> <span class='ocrx_word' id='word_1_923' title='bbox 2962 5294 3051 5331; x_wconf 90' lang='lat' dir='ltr'><strong>ore</strong></span> <span class='ocrx_word' id='word_1_924' title='bbox 3070 5279 3169 5333; x_wconf 85' lang='lat' dir='ltr'><strong>Dei</strong></span> <span class='ocrx_word' id='word_1_925' title='bbox 3186 5279 3396 5349; x_wconf 73' lang='lat' dir='ltr'><strong>(Matth.</strong></span> <span class='ocrx_word' id='word_1_926' title='bbox 3421 5294 3494 5349; x_wconf 88' lang='lat' dir='ltr'><strong>Iv,</strong></span> 
     </span>
    </p>
   </div>
   <div class='ocr_carea' id='block_1_94' title="bbox 1909 5365 3503 5441">
    <p class='ocr_par' dir='ltr' id='par_1_94' title="bbox 1909 5365 3503 5441">
     <span class='ocr_line' id='line_1_94' title="bbox 1909 5365 3503 5441; baseline 0.001 -20"><span class='ocrx_word' id='word_1_927' title='bbox 1909 5368 1982 5435; x_wconf 81' lang='grc'><strong>4).</strong></span> <span class='ocrx_word' id='word_1_928' title='bbox 2018 5367 2163 5421; x_wconf 90' lang='lat' dir='ltr'><strong>Vere</strong></span> <span class='ocrx_word' id='word_1_929' title='bbox 2195 5366 2359 5421; x_wconf 83' lang='lat' dir='ltr'><strong>verba</strong></span> <span class='ocrx_word' id='word_1_930' title='bbox 2402 5365 2504 5421; x_wconf 89' lang='lat' dir='ltr'><strong>Dei</strong></span> <span class='ocrx_word' id='word_1_931' title='bbox 2532 5371 2752 5421; x_wconf 63' lang='lat' dir='ltr'><strong>aeternae</strong></span> <span class='ocrx_word' id='word_1_932' title='bbox 2780 5367 2904 5421; x_wconf 66' lang='lat' dir='ltr'><strong>vitae</strong></span> <span class='ocrx_word' id='word_1_933' title='bbox 2932 5366 3229 5441; x_wconf 89' lang='lat' dir='ltr'><strong>prandium</strong></span> <span class='ocrx_word' id='word_1_934' title='bbox 3261 5375 3411 5439; x_wconf 85' lang='lat' dir='ltr'><strong>sunt,</strong></span> <span class='ocrx_word' id='word_1_935' title='bbox 3444 5375 3503 5423; x_wconf 91' lang='lat' dir='ltr'><strong>et</strong></span> 
     </span>
    </p>
   </div>
   <div class='ocr_carea' id='block_1_95' title="bbox 1912 5454 3497 5531">
    <p class='ocr_par' dir='ltr' id='par_1_95' title="bbox 1912 5454 3497 5531">
     <span class='ocr_line' id='line_1_95' title="bbox 1912 5454 3497 5531; baseline 0.001 -22"><span class='ocrx_word' id='word_1_936' title='bbox 1912 5456 2008 5527; x_wconf 92' lang='lat' dir='ltr'><strong>qui</strong></span> <span class='ocrx_word' id='word_1_937' title='bbox 2025 5455 2112 5509; x_wconf 90' lang='lat' dir='ltr'><strong>his</strong></span> <span class='ocrx_word' id='word_1_938' title='bbox 2130 5455 2298 5509; x_wconf 89' lang='lat' dir='ltr'><strong>fuerit</strong></span> <span class='ocrx_word' id='word_1_939' title='bbox 2317 5454 2625 5526; x_wconf 79' lang='lat' dir='ltr'><strong>saginatus,</strong></span> <span class='ocrx_word' id='word_1_940' title='bbox 2639 5455 2876 5529; x_wconf 89' lang='lat' dir='ltr'><strong>spiritali</strong></span> <span class='ocrx_word' id='word_1_941' title='bbox 2895 5456 3144 5511; x_wconf 85' lang='lat' dir='ltr'><strong>convivio</strong></span> <span class='ocrx_word' id='word_1_942' title='bbox 3154 5455 3497 5531; x_wconf 83' lang='lat' dir='ltr'><strong>pinguescit;</strong></span> 
     </span>
    </p>
   </div>
   <div class='ocr_carea' id='block_1_96' title="bbox 1910 5543 3501 5617">
    <p class='ocr_par' dir='ltr' id='par_1_96' title="bbox 1910 5543 3501 5617">
     <span class='ocr_line' id='line_1_96' title="bbox 1910 5543 3501 5617; baseline 0.001 -17"><span class='ocrx_word' id='word_1_943' title='bbox 1910 5543 2179 5617; x_wconf 89' lang='lat' dir='ltr'><strong>impletur</strong></span> <span class='ocrx_word' id='word_1_944' title='bbox 2203 5543 2419 5616; x_wconf 88' lang='lat' dir='ltr'><strong>Spiritu</strong></span> <span class='ocrx_word' id='word_1_945' title='bbox 2442 5548 2654 5612; x_wconf 86' lang='lat' dir='ltr'><strong>sancto,</strong></span> <span class='ocrx_word' id='word_1_946' title='bbox 2694 5548 2753 5598; x_wconf 90' lang='lat' dir='ltr'><strong>et</strong></span> <span class='ocrx_word' id='word_1_947' title='bbox 2788 5543 3059 5599; x_wconf 85' lang='lat' dir='ltr'><strong>dilatatur</strong></span> <span class='ocrx_word' id='word_1_948' title='bbox 3086 5543 3363 5614; x_wconf 86' lang='lat' dir='ltr'><strong>sensibus,</strong></span> <span class='ocrx_word' id='word_1_949' title='bbox 3393 5560 3501 5601; x_wconf 88' lang='lat' dir='ltr'><strong>nu-</strong></span> 
     </span>
    </p>
   </div>
  </div>
