3872 6158
449 235 556 293 743
1203 234 1261 288 S.
1303 229 1681 287 PASCHASII
1720 228 2082 285 RADBERTI
2120 227 2426 283 ABBATIS
2463 208 3002 283 CORBEIENSISX
3085 221 3098 234 ’
3543 233 3618 290 744

445 359 616 413 tritur
637 358 766 423 fide,
789 357 988 412 crescit
1004 357 1064 411 in
1082 355 1356 410 charitate
1380 370 1392 405 :
1421 361 1478 410 et
1497 355 1592 426 qui
1620 353 1690 408 ab
1714 355 1802 408 his
1816 355 2036 425 jejunat
2051 355 2102 415 Α
2120 351 2388 424 probatur
2414 369 2535 408 esse
2561 353 2856 407 mittentis.
2889 352 3135 416 Quorum
3160 351 3426 409 insolentia
3443 358 3623 430 attingit

446 453 748 502 evacuatur
793 446 1014 518 spiritu,
1063 445 1377 516 languescit
1425 443 1701 502 sensibus.
1743 449 1800 497 et
1840 443 2042 497 arescit
2123 442 2290 497 etiam
2315 459 2492 512 usque
2513 442 2584 495 ad
2606 441 2872 511 injuriam
2893 441 3176 512 sponsi,et
3193 445 3534 499 contumeliam
3551 464 3627 501 nu-

447 537 576 590 ﬁde.
608 535 896 590 Interdum
928 540 1115 589 autem
1158 534 1343 587 inedia
1383 533 1580 590 victus.
1619 532 1808 602 sicque
1839 533 1954 585 ruit
1983 532 2040 586 in
2122 531 2387 602 ptiarum.
2414 531 2477 584 Et
2505 531 2813 584 notandum
2834 530 2891 583 in
2912 531 3014 583 hac
3039 528 3308 600 parabola,
3328 533 3454 602 quod
3475 534 3529 587 de
3547 535 3629 590 im-

447 629 707 678 mortem.
733 625 801 678 Et
825 624 955 694 quia
985 640 1178 678 omnes
1207 628 1340 675 sunt
1372 621 1592 675 invitati
1621 620 1690 674 ab
1719 621 1880 675 initio
1911 621 2040 674 ﬁdei
2123 619 2424 674 molatione
2451 635 2553 672 sua
2571 619 2764 682 tacuit,
2790 619 2885 689 qui
2911 619 3030 689 jam
3050 619 3118 672 de
3138 636 3193 672 se
3213 637 3369 690 supra
3387 621 3432 674 in
3451 623 3538 675 alia
3554 641 3629 693 pa-

447 714 518 767 ad
563 714 669 767 hoc
714 713 1012 784 prandium
1062 711 1406 781 nuptiarum,
1452 710 1602 764 exire
1662 727 1762 764 nos
1821 714 2044 780 oportet
2122 708 2966 779 rabolaproposuerat,propter
2985 709 3143 778 cujus
3164 708 3342 762 odium
3361 711 3510 764 etista
3527 711 3633 766 facta

447 819 572 856 cum
607 801 756 855 fideli
783 800 1064 854 Abraham
1116 799 1186 852 de
1216 805 1369 852 terra
1414 799 1600 852 carnis
1628 804 1851 861 nostra},
1881 804 1939 852 et
1971 798 2041 851 de
2126 798 2534 852 sunt.Duarum
2559 814 2690 851 vero
2710 797 2954 868 partium
2969 797 3268 862 distinctio,
3289 816 3398 868 qua:
3416 800 3634 854 advillam

441 889 778 960 cognatione
810 888 1087 952 vitiorum,
1139 905 1263 941 cum
1296 887 1505 941 dictum
1537 893 1657 941 est:
1695 889 1823 940 Veni
1848 890 1910 940 in
1941 892 2045 940 ter-
2124 887 2208 951 fit,
2242 892 2299 940 et
2346 904 2468 956 quae
2519 886 2588 940 ad
2635 885 3090 951 negotiationem,
3140 903 3323 941 omnes
3360 895 3495 942 actus
3531 906 3635 960 quos

448 995 593 1041 ram,
625 993 794 1046 quam
817 983 1194 1030 monstravere
1225 979 1329 1030 tibi
1355 976 1504 1032 iGcn.
1528 994 1583 1039 ιι,
1620 975 1682 1042 l).
1719 976 1852 1039 Quae
1882 974 2044 1028 nimi-
2125 981 2303 1046 agunt
2329 975 2584 1029 homines
2615 975 2673 1028 in
2693 975 2797 1028 hoc
2826 975 3055 1040 mundo,
3079 975 3198 1030 vitae
3225 977 3540 1042 necessarios,
3563 979 3638 1031 de-

445 1082 572 1120 rum
603 1071 774 1132 terra,
808 1071 961 1119 terra
987 1065 1293 1119 viventium
1323 1071 1426 1130 est,
1472 1065 1542 1118 ad
1589 1081 1758 1134 quam
1799 1064 2046 1135 suspirat
2127 1064 2324 1135 pingit.
2351 1065 2599 1128 Quorum
2623 1063 2826 1134 duplex
2856 1063 3020 1129 actio,
3044 1069 3142 1118 aut
3163 1065 3340 1118 villam
3359 1071 3639 1130 exercet,aut

445 1154 640 1220 David,
671 1154 862 1209 dicens
893 1173 906 1208 :
943 1155 1111 1210 Credo
1140 1157 1320 1208 ridere
1351 1155 1489 1207 bona
1529 1155 1756 1208 Domini
1803 1157 1864 1206 in
1893 1159 2044 1207 terra
2125 1153 2679 1222 negotiationem.Ad
2693 1151 2878 1206 villam
2891 1153 3641 1222 ergoire,estexerceretenam

444 1245 751 1297 viventium
797 1244 966 1309 (Psal.
1018 1257 1164 1306 xxv1,
1212 1240 1314 1310 13).
1367 1243 1434 1296 Et
1480 1242 1526 1296 si
1575 1241 1796 1312 quieris,
1845 1242 2037 1307 lector,
2126 1248 2224 1296 aut
2247 1241 2472 1312 aliquod
2496 1258 2636 1312 opus
2656 1247 2940 1294 terrenum
2963 1241 3219 1295 manibus
3239 1242 3455 1312 operari,
3474 1248 3642 1313 utputa

447 1331 670 1402 quando
691 1331 964 1402 inceperit
981 1331 1090 1384 ista
1112 1331 1368 1384 invitatio
1390 1331 1756 1384 Judzeorum?
1785 1331 1916 1384 audi
1938 1331 2043 1385 Do-
2124 1347 2322 1400 agrum
2338 1331 2423 1383 vel
2444 1331 2682 1393 vineam,
2701 1331 2785 1383 vel
2809 1347 2949 1402 opus
2979 1329 3118 1400 ligni
3141 1337 3238 1384 aut
3253 1331 3394 1394 ferri,
3413 1339 3500 1384 aut
3515 1332 3644 1385 alicu-

446 1421 662 1474 minum
693 1420 1023 1473 invitantem
1063 1425 1278 1490 patrem
1309 1424 1564 1472 nostrum
1604 1418 1910 1482 Abraham,
1945 1419 2040 1490 qui
2118 1420 2213 1488 jus
2240 1419 2482 1473 artificii.
2525 1419 2659 1482 Quae
2688 1418 2876 1472 omnia
2919 1419 3054 1472 dum
3097 1419 3346 1473 manibus
3379 1425 3640 1490 operantur,

445 1510 759 1579 appellatus
787 1513 872 1561 est
894 1513 1055 1578 pater
1083 1508 1386 1562 multarum
1412 1508 1686 1577 gentium,
1716 1509 2038 1562 cuidictum
2123 1508 2308 1561 villam
2354 1507 2596 1562 incolere
2648 1513 2751 1572 est,
2797 1508 2853 1561 id
2898 1513 2984 1560 est
3025 1513 3249 1562 terrena
3286 1509 3498 1580 operari.
3525 1509 3644 1572 Quod

447 1605 558 1650 est:
578 1597 814 1651 Omnem
833 1602 1041 1650 terram
1061 1613 1452 1668 quamcunque
1463 1597 1756 1650 calcaverit
1771 1614 1868 1668 pes
1885 1604 2036 1663 tuus,
2065 1665 2091 1668 _
2125 1603 2312 1650 autem
2326 1613 2435 1650 non
2457 1596 2515 1650 in
2535 1596 2725 1650 labore
2741 1613 3007 1650 manuum
3030 1602 3360 1659 nostrarum,
3373 1597 3459 1650 sed
3472 1596 3645 1650 aliunde

445 1685 549 1738 tibi
573 1684 718 1739 dabo
747 1691 805 1739 et
833 1685 1032 1739 semini
1055 1692 1150 1739 tuo
1181 1693 1305 1757 post
1335 1692 1389 1740 te
1415 1686 1471 1739 in
1493 1693 1795 1752 aeternum;
1827 1692 2036 1740 terram
2063 1665 2104 1722 Β
2125 1686 2281 1739 lucra
2318 1692 2758 1756 consequuntur,
2805 1690 2869 1739 ut
2913 1691 3050 1756 puta
3089 1686 3324 1740 honores
3351 1702 3579 1757 quaerere,
3605 1685 3644 1737 in

446 1774 643 1844 utique
660 1775 926 1827 fluentem
952 1775 1035 1827 lac
1057 1779 1114 1828 et
1141 1775 1271 1838 mel,
1298 1773 1500 1844 quibus
1521 1774 1768 1828 nutritur
1792 1781 1848 1828 et
1868 1775 2043 1844 pasci-
2125 1774 2325 1828 militia
2364 1792 2716 1846 permanere,
2751 1775 2834 1828 vel
2881 1775 3120 1844 alicujus
3165 1773 3488 1828 mercimonii
3520 1789 3646 1826 causa

444 1870 541 1916 tur
580 1863 762 1916 omnis
808 1862 1017 1929 anima,
1064 1880 1187 1932 qum
1235 1868 1490 1916 versatur
1529 1863 1588 1916 in
1626 1863 1873 1916 convivio
1917 1862 2038 1916 Dei.
2127 1864 2382 1926 mercari,
2415 1880 2513 1918 seu
2559 1863 2617 1917 in
2647 1863 2835 1934 aliqua
2859 1864 3174 1918 intentione
3207 1864 3478 1929 desudare,
3505 1861 3647 1916 omnia

447 1951 607 2014 Quod
637 1968 772 2004 sane
798 1951 1111 2004 convivium
1138 1951 1286 2005 Deus
1319 1951 1487 2004 Pater
1515 1951 1760 2005 instituit
1790 1952 1846 2004 in
1877 1950 2041 2005 Chri-
2125 1953 2239 2006 hinc
2263 1954 2392 2022 jure
2423 1953 2730 2023 negotiatio
2765 1953 3141 2024 appellantur.
3189 1953 3313 2007 Istis
3337 1969 3457 2022 ergo
3481 1951 3646 2004 duobus

445 2044 554 2104 sto,
586 2045 644 2094 ct
673 2040 888 2111 paravit
917 2040 1216 2111 prandium
1246 2041 1591 2111 nuptiarum.
1624 2041 1749 2094 Non
1778 2040 1927 2094 enim
1961 2044 2047 2094 est
2127 2041 2306 2095 verbis
2325 2059 2489 2095 omne
2511 2058 2650 2112 opus
2680 2043 2991 2095 humanum
3021 2042 3311 2096 conclusit.
3335 2041 3432 2096 Sed
3455 2041 3542 2094 hoc
3562 2041 3648 2094 loco

446 2127 516 2182 de
543 2133 696 2182 terra
725 2129 847 2193 hac,
883 2129 1150 2199 quoniam
1195 2128 1250 2182 in
1283 2146 1348 2182 eo
1378 2134 1590 2183 aeterna
1617 2129 1852 2182 societas
1897 2127 2042 2182 cele-
2124 2129 2494 2194 solummodo,
2523 2131 2670 2201 quod
2692 2130 2986 2185 inhoneste
3006 2131 3089 2194 ﬁt,
3106 2137 3164 2184 et
3187 2130 3524 2184 immoderate
3537 2129 3652 2181 dam-

445 2216 660 2280 bratur,
692 2234 874 2287 neque
913 2217 982 2270 de
1027 2224 1181 2271 terra
1208 2218 1378 2288 hujus
1405 2218 1612 2283 smculi,
1647 2217 1912 2288 quoniam
1944 2217 2044 2270 illa
2125 2219 2296 2272 navit.
2333 2219 2490 2282 Quod
2523 2235 2650 2272 vero
2678 2219 2913 2273 honeste
2963 2225 3150 2290 potest
3190 2219 3308 2273 fieri
3335 2225 3387 2273 et
3424 2217 3652 2272 moderate

445 2322 734 2376 nunquam
764 2306 850 2359 lac
880 2306 1045 2360 ﬂuxit
1067 2323 1246 2377 neque
1277 2307 1406 2360 mel.
1437 2307 1544 2361 Sed
1576 2313 1728 2360 terra
1751 2307 1846 2359 illa
1867 2305 2042 2358 ratio-
2125 2307 2207 2370 fit,
2243 2324 2352 2361 non
2391 2307 2774 2378 reprehendit,
2808 2308 2954 2362 sicut
2980 2309 3059 2362 ait
3109 2309 3384 2374 Salomon,
3413 2308 3482 2362 .I’l'e
3517 2308 3651 2359 oderis

447 2395 590 2448 nalis
611 2410 779 2464 quam
802 2393 1056 2448 Christus
1077 2395 1338 2465 suscepit,
1363 2395 1432 2448 de
1453 2413 1565 2466 qua
1585 2401 1777 2449 nostra
1796 2395 2043 2466 pascitur
2125 2399 2542 2451 rusticationem
2564 2437 2578 2462 ,
2635 2401 2903 2465 quoniam
2958 2399 3027 2451 ab
3078 2401 3357 2452 Altissimo
3407 2400 3563 2450 creata
3600 2399 3652 2447 cst

447 2483 700 2549 infantia,
731 2483 799 2537 de
827 2499 938 2553 qua
968 2483 1150 2538 omnis
1179 2484 1413 2538 dulcedo
1441 2489 1664 2550 manat;
1689 2489 1746 2538 et
1772 2490 2044 2556 parantur
2128 2486 2313 2552 (Eccli.
2347 2500 2438 2551 vn,
2471 2485 2573 2541 16η.
2609 2486 2678 2540 Et
2703 2487 3003 2557 Apostolus
3033 2486 3127 2540 die
3167 2504 3231 2541 ac
3265 2492 3418 2540 nocte
3451 2483 3652 2538 manibus

447 2572 625 2644 epulaz
647 2572 992 2643 nuptiarum.
1021 2573 1154 2636 Qum
1179 2573 1385 2643 nuptiae
1407 2573 1630 2644 quando
1651 2573 1906 2628 Christus
1927 2573 2043 2627 haec
2125 2574 2240 2628 suis
2263 2573 2498 2635 laborat.
2523 2580 2580 2629 et
2607 2574 2863 2629 laborare
2886 2575 3066 2645 jubet.
3094 2576 3249 2646 Rogo
3264 2581 3438 2630 autem
3461 2590 3554 2636 vos,
3571 2572 3654 2624 fra-

444 2661 796 2734 loquebatur,
808 2663 926 2732 jam
950 2668 1112 2716 erant
1131 2661 1187 2715 in
1211 2661 1330 2732 ipso
1350 2668 1577 2734 propter
1591 2663 2041 2732 conjunctionem
2123 2668 2259 2722 tres.
2287 2663 2490 2734 inquit,
2513 2663 2763 2718 studium
2795 2663 3001 2718 habere
3031 2665 3256 2734 quietis,
3278 2669 3384 2729 9|
3399 2671 3458 2728 0
3473 2677 3655 2732 operan-

443 2757 501 2806 et
547 2751 956 2822 susceptionem
1000 2751 1128 2804 novi
1175 2751 1433 2814 hominis,
1477 2751 1624 2821 quod
1657 2768 1921 2820 magnum
1952 2755 2038 2803 est
2116 2756 2202 2804 tes
2231 2751 2491 2806 manibus
2511 2752 2730 2818 vestris,
2751 2758 2808 2806 et
2848 2753 3057 2806 nullius
3083 2753 3380 2824 indigeatis
3404 2751 3467 2806 ab
3492 2751 3564 2804 his
3586 2763 3657 2819 qui

443 2848 853 2897 sacramentum
886 2841 941 2894 in
974 2840 1195 2894 Christo
1221 2846 1275 2893 et
1307 2841 1360 2893 in
1385 2841 1647 2893 Ecclesia.
1670 2841 1834 2894 Forte
1864 2841 2038 2908 igitur
2119 2840 2252 2894 foris
2281 2847 2431 2894 sunt.
2455 2842 2600 2895 Nam
2631 2841 2814 2895 omnis
2843 2841 2990 2895 actio
3020 2842 3104 2895 vel
3138 2842 3434 2912 negotiatio
3456 2857 3560 2911 quae
3575 2843 3660 2890 tur-

443 2931 644 3000 quaarit
666 2929 888 2999 aliquis,
908 2929 1004 2998 qui
1033 2935 1163 2982 ante
1187 2928 1464 2981 Abraham
1495 2929 1739 2991 fuerunt,
1774 2935 2036 2982 utrumne
2057 2977 2100 3035 Ο
2119 2927 2204 2998 pis
2234 2929 2372 2983 lucri
2401 2929 2586 2999 gratia
2615 2931 2698 2994 tit,
2723 2931 3020 2984 inhonesta
3035 2931 3169 3000 jure
3189 2936 3454 2985 censetur.
3467 2931 3529 2982 At
3545 2923 3658 2996 quod

443 3018 654 3071 fuerint
694 3016 950 3070 invitati?
996 3016 1157 3078 Quod
1195 3017 1315 3085 jam
1363 3015 1421 3068 in
1464 3015 1602 3068 Abel
1646 3015 1993 3068 ostendimus
2022 3015 2100 3084 ;“‘
2120 3017 2264 3070 forte
2293 3017 2545 3072 dicturus
2567 3023 2651 3072 est
2671 3019 2893 3089 aliquis,
2917 3019 3050 3090 quid
3075 3020 3289 3090 peccati
3317 3025 3396 3073 est
3428 3018 3490 3071 ad
3516 3015 3660 3068 villam

442 3105 628 3158 videat
666 3105 784 3175 ipse
812 3121 913 3174 per
940 3120 1134 3157 omnes
1163 3104 1375 3167 Patres,
1399 3109 1458 3156 et
1485 3103 1765 3172 intelligat
1791 3103 1849 3157 in
1878 3105 2038 3173 cujus
2119 3105 2238 3160 ire?
2269 3107 2394 3161 Jam
2421 3107 2468 3160 si
2499 3107 2826 3176 negotiatio,
2860 3115 2960 3162 aut
2993 3109 3216 3174 militia,
3247 3114 3344 3162 aut
3376 3105 3573 3161 honoris
3595 3119 3660 3156 se-

443 3194 625 3262 ﬁgura
662 3194 780 3246 Noe
817 3208 1005 3245 arcam
1048 3191 1419 3258 fabricaverit,
1450 3208 1520 3245 ne
1549 3191 1758 3262 periret
1786 3191 1989 3264 aliquis
2021 3211 2034 3260 ;
2120 3195 2310 3258 ctatio,
2330 3194 2416 3248 vix
2436 3201 2537 3248 aut
2557 3211 2845 3266 nunquam
2867 3196 2988 3249 sine
3008 3203 3239 3266 peccato
3261 3203 3361 3259 est,
3381 3195 3544 3248 villam
3564 3205 3662 3244 vero

444 3287 502 3335 et
519 3281 707 3335 videre
736 3281 944 3352 poterit
967 3279 1113 3351 quod
1132 3279 1203 3333 ab
1225 3279 1386 3333 initio
1405 3280 1475 3334 ad
1497 3280 1598 3333 has
1618 3281 1868 3350 nuptias,
1889 3287 1947 3335 et
1965 3282 2037 3336 ad
2120 3285 2369 3338 excolere
2415 3285 2634 3338 nullum
2683 3289 2971 3355 peccatum
3015 3289 3121 3339 est.
3155 3287 3270 3340 Nec
3310 3301 3407 3340 nos
3441 3281 3660 3336 dicimus:

441 3370 549 3424 hoc
566 3369 877 3424 convivium
895 3385 1088 3423 omnes
1116 3373 1250 3422 sunt
1277 3369 1514 3434 invitati,
1538 3369 1791 3440 quamvis
1812 3370 1920 3424 fide
1941 3387 2038 3426 no-
2116 3370 2223 3424 nisi
2243 3371 2512 3442 quidquid
2534 3371 2732 3426 horum
2754 3388 2789 3425 a
2809 3372 2917 3426 tide
2937 3377 2993 3426 te
3013 3377 3258 3439 revocat,
3281 3372 3364 3426 vel
3387 3387 3419 3424 a
3437 3367 3660 3438 religione

441 3458 614 3513 luerit
642 3459 850 3513 venire.
883 3459 1042 3514 Sicut
1068 3463 1124 3512 et
1165 3459 1346 3512 adhuc
1375 3459 1540 3514 hodie
1569 3458 1734 3512 multi
1779 3464 1912 3513 sunt
1940 3460 2037 3530 qui
2085 3459 2346 3525 ,Christi,
2393 3465 2449 3513 et
2503 3459 2970 3530 impedimentum
3013 3466 3102 3515 est
3151 3479 3222 3516 ne
3269 3461 3438 3532 possis
3464 3459 3534 3512 ire
3567 3459 3663 3526 post

442 3546 502 3600 in
549 3547 691 3602 hanc
736 3564 948 3614 arcam,
990 3547 1045 3601 id
1093 3553 1178 3602 est
1225 3547 1432 3602 Christi
1483 3547 1804 3612 Ecclesiam,
1839 3549 2039 3602 nolunt
2119 3548 2735 3618 Christum.peccatum
2768 3555 2872 3604 est.
2893 3551 3015 3604 Non
3043 3567 3180 3621 ergo
3198 3551 3415 3605 cultura
3435 3547 3662 3604 villarum,

440 3635 674 3703 intrare,
727 3653 909 3708 neque
957 3637 1166 3690 fmdera
1219 3638 1544 3708 nuptiarum
1593 3636 1900 3704 nobiscum,
1951 3637 2037 3690 vel
2119 3641 2428 3706 peccatum.
2451 3637 2548 3691 sed
2566 3643 2629 3692 tu
2651 3639 2994 3709 praeferendo
3013 3656 3142 3693 eam
3165 3641 3299 3705 Deo,
3321 3637 3448 3693 facis
3465 3634 3555 3689 tibi
3574 3644 3666 3684 esse

441 3727 775 3792 convivium,
815 3726 1116 3797 suscipere.
1169 3726 1330 3790 Quod
1361 3743 1494 3781 sane
1541 3726 1861 3798 prandium,
1892 3725 2039 3779 sicut
2119 3726 3176 3798 peccatum;quiaquicunquevoluerit
3192 3720 3668 3789 amicusessehujus

444 3821 501 3870 et
544 3816 772 3889 nuptiae,
828 3815 918 3870 hic
973 3822 1368 3887 praegustetur,
1414 3816 1510 3868 sed
1566 3815 1625 3869 in
1670 3815 1766 3868 illa
1823 3821 2034 3869 interna
2119 3815 2326 3877 surculi,
2359 3815 2622 3869 inimicus
2644 3815 2742 3869 Dei
2763 3815 3156 3870 constituetur.
3187 3816 3261 3871 Et
3289 3817 3411 3870 ideo
3446 3813 3545 3867 alia
3566 3811 3668 3863 sunt

437 3907 633 3970 909
658 3905 918 3960 satietate
937 3904 1008 3958 ad
1028 3905 1255 3976 plenum
1289 3903 1626 3975 perfruetur.
1653 3903 1882 3958 Interim
1902 3919 2032 3957 vero
2119 3920 2287 3974 Opera
2298 3904 2550 3973 justitiae,
2574 3921 2696 3975 qua:
2717 3910 2930 3958 attente
2943 3904 3125 3958 facere
3146 3904 3432 3965 debemus,
3458 3901 3555 3956 alia
3573 3910 3666 3968 quae

441 4011 506 4049 ac
529 3996 576 4050 si
605 3996 790 4066 regale
811 3993 1141 4059 convivium,
1167 3993 1359 4048 multis
1387 3993 1714 4047 deliciarum
1747 3992 2034 4063 speciebus
2121 3993 2188 4047 ad
2221 3991 2686 4046 sustentationem
2737 3999 3009 4058 nostram,
3045 3999 3102 4047 et
3139 4011 3211 4047 ea
3256 3989 3554 4047 transitorie
3577 3985 3669 4038 sine

441 4091 762 4142 exornatur.
793 4089 850 4137 et
879 4083 1112 4136 diversis
1135 4083 1573 4152 Scripturarum,
1597 4082 1770 4137 veluti
1792 4081 2036 4149 ferculis,
2123 4081 2498 4136 sollicitudine
2514 4098 2712 4151 agere;
2739 4081 2871 4151 quia
2892 4099 3060 4160 nemo
3081 4083 3334 4160 militans
3351 4074 3668 4146 Deoimplicat

445 4172 681 4242 dapibus
700 4171 1014 4235 decoratur,
1039 4171 1119 4224 ita
1133 4177 1197 4224 ut
1218 4170 1330 4224 illic
1363 4171 1608 4225 invenies
1629 4171 1900 4242 quidquid
1923 4171 2044 4226 dul-
2124 4187 2184 4224 se
2215 4170 2458 4240 negotiis
2488 4169 3001 4225 smcularibusﬂaec
3023 4170 3232 4242 quippe
3260 4170 3478 4240 gemina
3505 4162 3669 4218 distin-

441 4259 652 4313 cedinis
681 4259 1071 4328 est,quidquid
1093 4264 1313 4313 aeterna:
1333 4260 1642 4314 suavitatis.
1673 4260 1783 4314 Sed
1804 4278 1932 4314 cum
1962 4260 2042 4314 ita
2061 4259 2234 4361 1)ctio
2269 4275 2435 4313 unam
2469 4259 2618 4330 parit
2657 4259 3078 4329 negligentiam,
3107 4261 3206 4313 sed
3236 4260 3375 4313 duas
3400 4255 3668 4361 Judaeorur‘n

443 4352 634 4402 essent
655 4346 844 4400 omnia
872 4346 930 4398 in
951 4346 1172 4400 Christo
1200 4347 1317 4415 jam
1342 4351 1556 4416 parata,
1576 4347 1855 4414 abierunt,
1880 4349 2040 4403 Alius
2063 4338 2109 4361 υ
2123 4347 2382 4418 designat
2401 4365 2686 4419 personas.
2708 4348 2852 4412 Quia
2873 4365 2974 4418 per
2991 4349 3414 4418 occupationem
3435 4345 3558 4398 villze
3581 4338 3669 4391 vul-

444 4439 509 4490 z'n
528 4439 720 4490 villam
745 4451 926 4498 suam,
951 4437 1100 4488 alius
1125 4437 1186 4487 in
1211 4437 1634 4501 negotiationem
1655 4452 1814 4488 suam
1829 4455 1846 4502 ;
1906 4441 2040 4492 reti-
2121 4452 2245 4505 gus,
2270 4452 2370 4489 seu
2401 4437 2726 4507 popularem
2757 4437 3110 4491 demonstrat
3135 4437 3519 4508 plebem,quos
3545 4442 3670 4484 amor

445 4528 543 4595 qui
567 4541 692 4579 vero
724 4527 1022 4578 tenuerunt
1041 4538 1218 4575 servos
1241 4525 1374 4591 ejus,
1395 4526 1441 4575 et
1457 4525 1804 4577 contumeliis
1831 4527 2042 4590 aﬂ‘eetos
2125 4525 2318 4580 mundi
2345 4526 2593 4595 sejunxit
2623 4542 2656 4579 a
2695 4525 2950 4594 Christo;
2985 4543 3086 4596 per
3119 4526 3540 4597 negotiationem
3569 4531 3668 4572 vero

443 4615 782 4668 occiderunt.
808 4611 938 4666 Haec
963 4617 1079 4664 tam
1104 4611 1174 4664 ad
1205 4610 1444 4682 primam
1465 4610 1806 4666 vocationem
1825 4611 2040 4668 Judzeo-
2123 4614 2440 4668 sacerdotes
2470 4619 2528 4668 et
2556 4614 2831 4686 principes
2860 4615 3050 4687 populi
3080 4621 3418 4686 ueteresque
3431 4609 3669 4666 ministros

443 4719 571 4757 rum
602 4701 884 4772 pertinere
914 4699 1239 4772 probantur,
1261 4688 1430 4770 quam
1457 4699 1526 4753 ad
1547 4701 1869 4754 secundam.
1896 4701 2040 4765 Quia
2121 4703 2313 4774 templi
2335 4703 2632 4774 signiﬁcat,
2651 4719 2789 4774 quos
2811 4710 3054 4774 quaestus
3081 4703 3243 4770 lucri,
3268 4705 3350 4757 vel
3376 4702 3519 4756 favor
3535 4699 3670 4752 hono-

443 4807 557 4845 non
579 4789 766 4843 minus
785 4789 1086 4862 prophetas
1105 4806 1275 4860 quam
1303 4796 1362 4844 et
1385 4789 1666 4860 apostolos
1685 4791 2038 4845 contumeliis
2120 4791 2217 4854 ris,
2259 4808 2360 4847 seu
2397 4791 2632 4846 avaritia
2677 4798 2734 4846 et
2777 4791 3008 4846 ambitio
3055 4809 3248 4847 rerum
3283 4789 3506 4846 retraxit
3530 4804 3556 4840 a
3586 4782 3668 4836 ﬁde

442 4879 766 4944 affecerunt,
802 4884 860 4932 et
897 4877 1219 4932 occiderunt
1250 4877 1523 4948 plurimos
1554 4894 1620 4932 ex
1669 4877 1796 4932 illis.
1827 4879 2038 4933 Tamen
2120 4881 2348 4936 Christi.
2379 4881 2490 4952 Ipsi
2519 4881 2668 4936 enim
2690 4882 3211 4938 asollicitudinibus
3240 4888 3298 4937 et
3326 4879 3518 4936 divitiis
3539 4872 3669 4930 ευπο-

443 4983 555 5020 non
587 4982 780 5021 omnes
809 4966 987 5022 Judmi
1015 4967 1120 5022 hoc
1148 4967 1416 5028 fecerunt.
1445 4967 1542 5022 sed
1569 4965 1772 5021 Scribze
1805 4983 1870 5021 ac
1902 4968 2040 5020 Pha-
2120 4969 2248 5034 cati,
2274 4971 2491 5024 nullum
2513 4971 2767 5025 tulerunt
2779 4971 3133 5028 fructum.Et
3152 4972 3208 5025 in
3236 4971 3357 5026 istis
3376 4983 3501 5038 ergo
3521 4959 3658 5018 omni-

443 5055 670 5121 risazi,et
697 5055 945 5110 seniores
968 5056 1176 5128 populi.
1204 5056 1364 5111 Unde
1385 5055 1617 5110 minoris
1635 5055 1887 5110 criminis
1905 5061 2040 5110 sunt
2120 5056 2244 5126 bus,
2287 5059 2385 5113 alii
2416 5065 2548 5113 sunt
2576 5059 2670 5131 qui
2699 5059 2854 5131 prius
2890 5059 3079 5114 venire
3107 5061 3408 5114 noluerunt
3435 5075 3448 5122 ;
3489 5051 3571 5108 alii
3594 5043 3669 5120 qu.l

443 5145 537 5216 qui
567 5145 819 5216 occupati
849 5145 974 5200 aliis
1002 5144 1169 5199 rebus
1199 5145 1387 5199 venire
1411 5145 1732 5209 noluerunt,
1756 5161 1924 5216 quam
1955 5145 2036 5199 illi
2121 5147 2490 5217 neglexerunt
2505 5147 3003 5203 mundiamoribus
3021 5148 3276 5213 involuti;
3300 5146 3393 5201 alii
3414 5143 3670 5216 quicontu-

441 5234 535 5304 qui
556 5234 735 5288 solum
757 5239 1215 5305 contempserunt
1235 5231 1486 5288 vocantis
1503 5232 1822 5304 imperium,
1842 5251 2036 5288 verum
2119 5235 2354 5290 maeiter
2381 5235 2438 5290 in
2471 5254 2658 5291 servos
2687 5237 2836 5308 regis
2866 5253 3068 5291 manus
3097 5236 3389 5303 miserunt,
3407 5238 3462 5286 et
3487 5223 3667 5282 occide-

441 5321 612 5375 etiam
631 5321 920 5388 beneﬁcia,
945 5329 1003 5376 et
1017 5322 1429 5376 humanitatem
1451 5322 1693 5392 pietatis,
1713 5339 1777 5377 ac
1791 5323 2036 5394 gratiam
2118 5331 2252 5379 runt
2276 5342 2388 5380 eos.
2419 5326 2526 5380 Sed
2553 5332 2610 5380 et
2637 5327 2694 5380 in
2723 5326 2955 5398 nuptiis,
2980 5326 3028 5380 si
3056 5326 3194 5381 bene
3215 5321 3516 5396 perpendas
3535 5318 3667 5386 juxta

438 5415 726 5465 verterunt
754 5411 811 5464 in
836 5411 1102 5482 injuriam
1130 5416 1187 5465 et
1213 5410 1599 5465 crudelitatem
1621 5410 2038 5476 nimiam.Quo—
2117 5413 2574 5468 consuetudinem
2633 5405 2976 5486 nuptiarum,
3029 5414 3142 5468 alia
3191 5417 3277 5467 est
3329 5422 3520 5482 sponsa
3569 5413 3666 5472 qua?

440 5499 594 5556 niam
641 5499 978 5555 contumelia
1019 5515 1216 5556 eorum
1245 5499 1343 5572 qui
1384 5498 1541 5554 missi
1570 5504 1722 5568 sunt,
1753 5500 2033 5572 despectio
2116 5500 2300 5572 nubit,
2331 5503 2427 5557 alii
2453 5502 2780 5560 invitatores
2821 5503 3024 5560 diversi
3063 5501 3272 5559 ordinis
3305 5499 3400 5572 qui
3425 5492 3662 5554 invitant;
