3872 6158
205 198 299 256 745
332 210 335 213 ‘

987 195 1368 252 EXPOSI’I‘IO
1406 196 1483 252 IN
1520 195 1965 252 MATTIIEUM.
1996 227 2061 238 —
2085 200 2224 257 LIB.
2262 203 2332 270 Χ,
2371 203 2528 258 CAP.
2569 204 2742 260 XXII.

3362 203 3468 265 746

206 321 289 378 alii
312 320 412 393 qui
432 320 744 376 invitantur
766 321 833 375 ad
858 321 1104 392 nuptias.
1124 321 1194 376 Et
1224 321 1354 375 licet
1372 320 1591 376 diversa
1619 322 1791 375 meri-
1811 325 1863 383 Α
1876 327 1990 391 tur,
2006 325 2122 380 Nec
2141 325 2225 380 illi
2242 326 2338 397 qui
2358 327 2603 398 primum
2617 326 2922 382 noluerunt
2932 327 3137 396 venire,
3152 345 3255 385 nec
3264 330 3347 385 illi
3368 333 3466 403 qui

206 419 381 467 torum
396 410 639 482 qualitas
649 411 1061 481 ﬁguretur,una
1070 415 1260 465 tamen
1272 410 1422 465 estin
1435 410 1522 463 his
1533 410 1792 465 omnibus

205 516 403 572 sponsa
415 499 505 553 cui
516 505 792 571 parantur
805 502 1034 571 nuptiae;
1052 499 1175 553 etin
1189 516 1256 553 ea
1271 505 1403 553 sunt
1414 506 1471 554 et
1487 500 1582 570 qui
1596 505 1795 554 vocant

207 594 255 645 et
268 590 366 661 qui
391 600 683 644 vocantur.
706 590 854 643 Deus
870 594 1059 643 autem
1085 589 1192 643 scit
1206 606 1401 643 omnes
1416 590 1551 643 istos
1568 589 1793 643 ordines

205 679 567 749 singulorum,
584 695 890 749 earumque
910 678 1144 732 virtutes
1159 679 1476 732 animarum
1498 684 1554 731 et
1573 694 1790 743 causas,

208 786 309 840 quo
320 770 489 823 modo
507 769 713 839 singuli
728 769 791 823 in
797 768 1179 840 complexione
1194 785 1410 840 sponsae
1430 768 1792 839 accipiantur.

207 859 412 913 Omnes
431 862 622 911 tamen
644 873 758 911 una
784 856 1033 910 Ecclesia
1050 873 1171 910 esse
1191 855 1415 921 debent,
1428 856 1510 910 ita
1537 860 1602 909 ut
1628 871 1794 909 nemo

205 947 272 1000 sit
296 945 357 999 in
388 962 475 1010 ea,
507 944 604 1016 qui
623 961 736 999 non
761 949 916 999 vocet
934 961 993 998 se
1023 950 1081 999 et
1101 945 1242 998 alios
1262 945 1333 999 ad
1354 944 1667 998 convivium
1688 960 1794 997 nu-

208 1036 482 1108 ptiarum;
513 1049 680 1088 nemo
703 1033 796 1105 qui
825 1051 886 1088 se
914 1050 1026 1088 non
1054 1033 1336 1104 intelligat
1357 1050 1479 1087 esse
1515 1038 1792 1097 vocatum,

208 1130 260 1180 et
283 1125 341 1178 in
362 1139 598 1193 corpore
626 1139 855 1177 manere
873 1123 1062 1194 sponsi
1087 1140 1154 1177 ac
1176 1139 1410 1195 sponsae,
1426 1122 1572 1176 sicut
1594 1128 1653 1176 et
1670 1137 1798 1191 ope-

1874 412 2099 468 demum
2128 420 2242 479 9|
2262 421 2320 478 οι
2350 416 2736 485 neglexerunt,
2761 433 2862 470 nec
2883 416 2966 471 illi
2984 417 3083 488 qui
3101 434 3288 475 servos
3312 436 3467 475 meos

1875 501 2197 557 occiderunt
2218 522 2230 556 :
2256 505 2333 557 Ite
2352 520 2477 571 ergo
2497 506 2572 558 ad
2590 508 2767 559 exitus
2793 509 3040 571 viarum,
3055 512 3102 561 et
3119 524 3468 577 quoscunque

1875 590 2220 656 inveneritis,
2256 593 2415 645 bonos
2439 609 2503 646 ac
2532 596 2726 657 malos,
2755 599 2934 648 vocate
2962 597 3037 649 ad
3066 599 3315 665 nuptias.
3343 597 3471 652 Non

1877 680 2026 734 enim
2048 680 2286 751 apostoli
2308 681 2551 751 primum
2564 681 2634 735 ad
2653 682 2835 736 exitus
2850 684 3066 738 viarum
3086 684 3471 756 ierunt,quam

1878 768 1985 838 ipsi
2011 768 2189 823 Judaei
2211 786 2270 822 se
2290 775 2510 824 mternaa
2529 770 2656 825 vitae
2679 770 3382 842 indignosjudicaverunt;
3416 780 3475 829 et

1878 859 2166 927 ejecerunt
2205 874 2300 912 eos
2337 876 2372 911 a
2409 876 2488 924 se,
2526 864 2797 930 tanquam
2825 861 3056 914 malum.
3080 862 3237 916 Tunc
3283 868 3474 917 autem

1877 946 2167 1016 compulsi,
2180 945 2413 1015 jubente
2434 946 2568 1013 Deo,
2589 947 2846 1002 exierunt
2872 948 2942 1002 ad
2967 952 3186 1019 gentes,
3206 967 3346 1021 quas
3360 967 3473 1005 non

1878 1034 1934 1088 in
1958 1034 2058 1087 viis
2082 1033 2202 1099 Dei,
2228 1033 2326 1086 sed
2354 1034 2411 1087 in
2443 1032 2682 1087 exitibus
2709 1035 3056 1091 diversarum
3085 1036 3300 1092 viarum
3328 1038 3477 1092 inve-

1881 1128 2105 1177 nerunt.
2140 1122 2439 1186 Quoniam,
2469 1122 2614 1177 sicut
2636 1128 2771 1177 sunt
2805 1124 2904 1179 viae
2930 1126 3154 1180 Domini
3179 1132 3363 1192 rectae,
3397 1126 3481 1181 ita

208 1214 381 1269 rario‘s
432 1211 608 1266 vinea;
649 1228 821 1265 unam
861 1211 1105 1266 diximus
1142 1228 1265 1266 esse
1313 1212 1553 1272 vineam.
1581 1211 1651 1265 de
1687 1209 1799 1263 vite
1884 1219 1942 1268 et
1967 1213 2066 1267 viae
2097 1212 2282 1267 saeculi
2327 1213 2557 1267 diversae
2596 1220 2765 1284 atque
2810 1214 3137 1280 innumerae,
3170 1216 3480 1272 secundum

209 1321 324 1376 quae
375 1301 634 1357 Christus
663 1306 766 1368 est,
798 1301 909 1355 ﬁde
956 1306 1233 1356 renatam.
1264 1303 1343 1355 Ac
1385 1317 1487 1372 per
1523 1301 1629 1354 hoc
1673 1299 1799 1370 qui-
1883 1318 2104 1356 errores
2123 1307 2181 1355 et
2195 1301 2618 1355 adinventiones
2640 1302 3258 1376 singulorum.Utputa
3276 1305 3485 1376 profes-

211 1408 430 1464 cunque
478 1395 707 1445 vocatus
758 1396 844 1445 est
883 1392 1048 1461 juxta
1102 1390 1495 1461 Apocalypsim
1547 1388 1799 1447 Joannis.
1885 1388 1969 1443 sio
1997 1389 2381 1461 philosophiae,
2406 1406 2529 1461 qua:
2556 1390 2625 1443 ad
2657 1390 2879 1445 diversa
2901 1393 3378 1463 tenditdogmata;
3396 1394 3485 1447 vel

211 1488 260 1537 et
297 1480 483 1547 audit,
535 1480 687 1534 dicat
738 1484 796 1533 et
851 1478 973 1550 ipse
1004 1498 1016 1533 :
1069 1479 1231 1545 Veni,
1292 1484 1357 1533 ut
1393 1494 1507 1532 una
1548 1478 1623 1531 sit
1658 1477 1804 1531 actio
1886 1478 2154 1549 professio
2181 1480 2413 1534 culturae
2441 1480 2748 1533 multorum
2774 1480 3025 1544 deorum,
3068 1497 3285 1536 necnon
3309 1487 3368 1536 et
3394 1497 3488 1535 vo-

211 1575 316 1636 9|
346 1578 385 1635 Ι
454 1569 727 1635 omnium,
775 1584 1001 1640 unaque
1065 1585 1192 1639 Spes
1252 1567 1559 1622 vocationis
1611 1567 1805 1637 Singu-
1887 1573 2076 1627 luntas
2096 1573 2466 1644 singulorum,
2480 1574 2643 1644 juxta
2660 1574 2807 1643 quod
2837 1574 3364 1644 poetacanit,Ducit
3386 1590 3490 1629 sua

208 1660 412 1717 lorum.
1824 1655 1872 1715 B
1890 1679 2155 1732 quemque
2196 1666 2472 1716 voluntas.
2502 1662 2637 1726 Quae
2662 1662 2876 1737 .omnia
2914 1663 3132 1718 viarum
3177 1664 3313 1718 foris
3342 1680 3377 1718 a
3401 1664 3493 1718 via

276 1750 389 1805 Rea:
406 1755 598 1803 autem
617 1764 743 1802 cum
769 1749 1030 1813 audisset,
1056 1750 1237 1800 iratus
1266 1751 1360 1800 est.
1395 1746 1592 1800 Servat
1618 1748 1808 1797 autem

210 1838 614 1910 pmprietatem
647 1836 943 1909 parabolae,
976 1836 1073 1890 sed
1101 1852 1215 1890 non
1243 1836 1455 1904 absque
1484 1850 1687 1905 magno
1718 1831 1808 1885 in-

210 1927 536 1997 telligentiae
562 1926 897 1981 documento
944 1924 1160 1979 Etenim
1183 1941 1356 1995 supra
1373 1923 1809 1987 dixerat,Simile

209 2022 280 2070 est
294 2032 539 2084 regnum
552 2021 807 2070 enatorum
826 2016 1044 2068 homini
1056 2016 1194 2082 regi.
1205 2014 1303 2068 Hic
1315 2019 1503 2067 autem
1517 2028 1628 2066 non
1645 2012 1812 2064 homo

210 2105 460 2177 ponitur,
492 2104 591 2158 sed
624 2104 975 2158 solummodo
1005 2119 1121 2157 rem.
1167 2103 1326 2167 Quod
1357 2118 1468 2156 non
1500 2100 1601 2155 abs
1638 2117 1698 2153 re
1724 2099 1809 2152 fa-

211 2199 359 2247 ctum
386 2192 647 2259 dixerim,
672 2199 737 2246 ut
756 2191 850 2245 ubi
875 2191 1027 2246 Deus
1050 2196 1211 2262 pater
1238 2190 1463 2245 Domini
1482 2189 1658 2243 nostri
1680 2189 1813 2242 Jesu

213 2280 423 2336 Christi
450 2297 547 2335 rex
575 2286 633 2334 et
670 2280 836 2335 homo
886 2280 1124 2345 dicatur,
1149 2279 1245 2334 ubi
1275 2279 1411 2334 satis
1441 2277 1816 2349 comparative

212 2376 374 2441 parat
390 2370 621 2441 nuptias
646 2370 761 2423 ﬁlio
792 2386 914 2436 suo;
944 2369 1035 2423 hic
1063 2375 1253 2423 autem
1283 2367 1675 2422 tantummodo
1698 2382 1813 2431 rex,

211 2458 304 2513 ubi
332 2464 397 2513 et
427 2458 608 2512 iratus
638 2457 1031 2522 introducitur,
1065 2474 1131 2512 eo
1182 2458 1330 2528 quod
1359 2456 1602 2511 audierit
1629 2471 1818 2510 servos

212 2563 339 2602 suos
368 2547 435 2602 in
464 2563 568 2601 sua
606 2546 815 2617 injuria
846 2546 1201 2601 contumeliis
1229 2547 1477 2611 ail'ectos,
1513 2551 1569 2600 et
1606 2544 1815 2599 occisos

213 2636 279 2690 ab
326 2637 417 2690 eis
463 2635 666 2707 quibus
722 2652 828 2689 sua
869 2634 1202 2707 disponebat
1248 2634 1520 2689 beneficia
1552 2638 1815 2705 praestare

211 2726 414 2795 gratis.
446 2725 515 2779 Et
542 2724 675 2795 quia
693 2724 833 2778 ultio
856 2724 1167 2794 justissima
1195 2723 1588 2794 consequenda
1616 2728 1737 2776 erat
1758 2722 1817 2774 in

1890 1751 2011 1817 Dei,
2044 1751 2224 1805 exitus
2251 1750 2467 1805 viarum
2498 1751 2683 1804 saeculi
2724 1756 2883 1817 sunt;
2918 1750 3014 1805 ubi
3044 1752 3217 1806 etiam
3255 1752 3391 1807 foris
3432 1753 3492 1808 in

1890 1840 2073 1911 capite
2101 1838 2353 1893 omnium
2380 1839 2595 1893 viarum
2617 1840 2896 1909 sapientia
2920 1839 3190 1905 clamitat,
3217 1846 3275 1895 et
3300 1841 3356 1895 in
3378 1843 3495 1912 pla-

1892 1928 1999 1983 teis
2030 1928 2129 1982 dat
2156 1945 2343 1983 vocem
2375 1945 2535 1981 suam
2565 1928 2755 1982 dicens
2779 1946 2790 1980 :
2827 1928 2883 1982 Si
2912 1930 3039 1998 quis
3065 1927 3250 1999 diligit
3277 1930 3495 2000 sapien-

1893 2018 2051 2085 tiam,
2086 2018 2154 2072 ad
2188 2035 2278 2072 me
2326 2018 2566 2072 declinet
2589 2022 2646 2071 et
2674 2017 2745 2071 ad
2788 2033 2877 2071 me
2928 2017 3132 2084 veniat,
3164 2023 3222 2072 et
3248 2018 3497 2073 inveniet

1893 2124 2018 2161 eam
2048 2114 2106 2161 et
2149 2125 2275 2162 cum
2303 2124 2427 2161 eam
2467 2107 2766 2165 invenerit.
2804 2105 3003 2161 beatus
3031 2106 3141 2161 erit
3166 2107 3214 2160 si
3251 2109 3501 2163 tenuerit

1896 2214 2041 2253 eam.
2066 2198 2133 2251 Et
2160 2200 2359 2265 egressi
2395 2198 2557 2259 servi,
2584 2196 2748 2264 juxta
2777 2201 3116 2266 praeceptum
3154 2195 3377 2250 Domini
3407 2197 3496 2252 sui

1899 2305 1934 2341 a
1962 2285 2173 2351 Iudaea,
2207 2285 2321 2338 sive
2374 2282 2560 2353 angeli
2593 2282 2745 2353 pacis
2792 2282 2862 2337 ab
2903 2282 3264 2337 interioribus
3294 2283 3500 2339 finibus

1898 2375 2231 2438 Jerusalem,
2259 2376 2727 2441 congregaverant
2774 2387 3122 2441 quoscunque
3160 2375 3500 2427 invenerunt

1901 2466 2061 2518 bonos
2074 2470 2120 2517 et
2137 2465 2326 2523 malos,
2337 2468 2384 2514 et
2398 2464 2633 2529 impletae
2642 2465 2773 2514 sunt
2790 2463 2999 2529 nuptm
3012 2462 3498 2516 discumbentium.

1900 2552 2095 2622 Itaque
2118 2566 2229 2603 non
2256 2550 2383 2603 ideo
2404 2553 2676 2602 vocantur
2695 2548 2846 2611 mali,
2872 2552 2937 2602 ut
2957 2548 3091 2601 mali
3111 2555 3501 2619 permaneant;

1899 2655 2081 2708 neque
2110 2639 2237 2692 ideo
2264 2637 2400 2691 dicit
2427 2635 2601 2690 bonos
2631 2654 2726 2690 eos
2756 2652 3001 2701 vocasse,
3036 2641 3102 2690 ut
3138 2635 3357 2691 bonitas
3383 2637 3504 2691 illo-

1899 2744 2024 2781 rum
2049 2727 2130 2781 eis
2152 2727 2434 2782 sufficeret
2454 2726 2524 2780 ad
2539 2725 2729 2779 vitam.
2744 2725 2905 2779 Unde
2923 2741 3036 2779 non
3057 2725 3342 2780 immerito
3358 2742 3504 2798 quae-

212 2814 309 2881 eis,
328 2816 470 2885 jure
497 2813 677 2868 iratus
699 2814 996 2883 figuratur,
1017 2813 1283 2884 quoniam
1314 2811 1628 2883 parabolice
1648 2826 1820 2881 supra
1902 2816 2048 2870 ritur
2090 2816 2369 2887 quomodo
2412 2815 2543 2869 boni
2601 2814 2861 2868 dicantur
2906 2813 3104 2879 vocati,
3139 2815 3235 2885 qui
3263 2815 3504 2871 necdum

214 2904 318 2959 nisi
348 2904 528 2958 homo
556 2903 915 2973 figuraretur,
934 2902 1248 2971 intelligere
1274 2901 1498 2972 nuptias
1513 2900 1610 2954 ﬁlii
1632 2899 1819 2953 minus
1850 2973 1873 2975 ζ
1902 2906 2108 2959 donum
2125 2905 2322 2975 gratiae
2338 2908 2721 2975 perceperant,
2735 2902 2857 2956 sine
2883 2920 2996 2974 qua
3019 2918 3183 2957 nemo
3198 2909 3284 2958 est
3301 2903 3500 2959 bonus.

214 2993 617 3064 potuissemus.
651 2992 721 3047 Et
748 2998 812 3047 ut
837 2997 1026 3064 posset
1053 2991 1124 3046 de
1147 2992 1260 3045 Deo
1283 2991 1600 3044 intellectus
1628 2973 1878 3043 nosterC
1903 2995 2013 3049 Sed
2055 2973 2217 3048 facile
2248 2973 2364 3048 hinc
2403 2973 2635 3064 quaestio
2677 2973 2928 3057 solvitur,
2961 2992 3009 3045 si
3058 2992 3224 3047 verba
3253 2992 3506 3064 Apostoli

214 3082 314 3137 has
333 3081 666 3136 affectiones
687 3082 952 3152 recipere,
972 3080 1349 3136 introducitur
1377 3080 1619 3150 primum
1647 3095 1743 3131 rex
1765 3083 1823 3133 et
1902 3083 1973 3137 ad
2001 3083 2251 3137 medium
2278 3082 2648 3148 deducantur,
2666 3079 2761 3134 ubi
2788 3080 2884 3143 ait,
2911 3080 3081 3135 etiam
3107 3080 3243 3135 foris
3266 3097 3334 3135 ex
3362 3098 3505 3152 gen-

214 3170 405 3234 homo,
445 3171 671 3240 quando
705 3170 907 3225 invitat
942 3170 1013 3225 ad
1038 3170 1265 3242 nuptias
1286 3175 1343 3223 et
1369 3169 1486 3239 agit
1513 3184 1684 3239 opera
1718 3168 1823 3221 cle-
1901 3169 2661 3242 tibusfquodammodo,quod
2678 3170 2736 3223 in
2749 3169 3167 3240 comparatione
3182 3170 3505 3225 Iudaeorum

214 3260 641 3314 mentim.Tunc
656 3258 930 3330 siquidem
954 3264 1147 3329 aperte
1168 3258 1483 3329 appositum
1508 3262 1593 3311 est
1618 3272 1821 3310 nomen
1903 3259 2034 3314 boni
2060 3260 2436 3314 inveniantur.
2459 3259 2556 3312 Ait
2582 3258 2732 3312 enim
2763 3258 2845 3312 ita
2871 3261 3050 3331 (Rom.
3085 3273 3147 3326 ll,
3188 3257 3206 3315 ι
3229 3262 3269 3327 ι)
3303 3277 3317 3313 :
3353 3259 3505 3315 Gen-

212 3347 501 3413 bominis;
535 3364 684 3401 nunc
716 3347 940 3419 quando
961 3347 1028 3401 ad
1062 3348 1333 3401 ultionem
1364 3362 1549 3400 sermo
1571 3344 1819 3410 festinat,
1904 3353 1990 3402 tes
2035 3347 2371 3401 naturaliter
2399 3347 2664 3401 facientes
2692 3363 2760 3401 ea
2796 3364 2921 3417 quae
2964 3347 3103 3419 legis
3130 3353 3281 3413 sunt,
3312 3354 3503 3405 osten-

212 3436 385 3491 homo
428 3436 570 3491 bene
598 3442 837 3500 tacetur,
864 3442 922 3490 et
948 3453 1043 3490 rex
1065 3441 1287 3490 tantum
1317 3434 1540 3498 dicitur,
1570 3438 1627 3487 et
1644 3433 1822 3486 iratus
1905 3436 2048 3490 dunt
2077 3450 2216 3506 opus
2245 3435 2383 3505 legis
2404 3434 2463 3488 in
2492 3434 2753 3489 cordibus
2784 3435 2923 3501 suis,
2946 3434 3148 3491 etcum
3177 3438 3357 3508 legem
3389 3455 3503 3493 non

212 3524 637 3592 introducitur;
680 3525 813 3596 quia
851 3525 938 3579 ira
977 3524 1125 3595 regis
1153 3524 1387 3578 nuntius
1433 3522 1628 3576 mortis
1661 3539 1672 3573 :
1708 3537 1820 3575 non
1904 3522 2292 3593 habeant,ipsi
2315 3522 2419 3575 sibi
2447 3528 2579 3576 sunt
2597 3523 2702 3576 lex.
2724 3524 2840 3577 Nec
2859 3529 3051 3577 tamen
3072 3525 3197 3579 ideo
3227 3532 3340 3580 tam
3370 3525 3503 3581 boni

215 3615 365 3685 quod
388 3614 479 3667 ira
497 3613 650 3668 cadit
668 3614 726 3667 in
750 3615 947 3677 Deum,
973 3613 1070 3668 sed
1100 3629 1260 3667 suam
1289 3605 1564 3682 trOpica'm
1594 3625 1821 3663 conser-
1904 3617 1966 3665 ut
1988 3627 2099 3664 non
2130 3610 2528 3680 egeantgratia
2558 3610 2999 3680 Dei-Propterea
3021 3617 3079 3665 et
3109 3626 3376 3668 vocantur
3393 3612 3502 3684 ipsi

209 3708 306 3757 vat
328 3703 638 3757 rationem.
672 3703 793 3769 Qui,
828 3705 1011 3756 missis
1048 3702 1372 3756 exercitibus
1396 3703 1530 3767 suis,
1577 3700 1822 3768 perdidit
1905 3698 2316 3770 quodammodo
2347 3697 2475 3751 boni
2504 3714 2629 3751 cum
2655 3697 2837 3757 malis.
2870 3703 2934 3751 ut
2962 3699 3128 3753 simul
3153 3716 3348 3756 omnes
3369 3701 3501 3758 boni

212 3792 529 3846 homicidas
560 3794 704 3856 illos,
734 3796 783 3844 et
803 3794 1081 3845 civitatem
1109 3793 1341 3844 illorum
1370 3790 1644 3843 succendit
1676 3789 1815 3854 igni.
1904 3804 1969 3841 ex
1999 3788 2146 3842 dono
2172 3793 2230 3842 et
2274 3804 2339 3840 ex
2364 3785 2548 3857 gratia
2580 3785 2676 3840 Dei
2723 3787 2880 3850 fiant,
2906 3803 3017 3857 qua
3047 3787 3171 3843 vita:
3199 3791 3500 3848 anterioris

212 3879 406 3934 Habet
430 3878 583 3933 enim
605 3879 931 3933 innumeros
951 3877 1226 3932 exercitus
1245 3895 1396 3943 suos,
1415 3884 1474 3931 et
1492 3877 1617 3931 ideo
1634 3875 1821 3929 Domi-
1903 3876 2093 3931 omnia
2112 3876 2396 3930 donantur
2413 3876 2667 3939 crimina,
2687 3880 2744 3928 et
2771 3882 3110 3945 praestantur
3130 3877 3296 3933 dona.
3313 3881 3500 3952 Atque

208 3985 319 4023 nus
370 3968 635 4033 sabaoth,
669 3968 725 4021 id
758 3973 845 4021 est
892 3967 1166 4022 Dominus
1206 3972 1305 4021 aut
1343 3983 1438 4020 rex
1474 3966 1820 4020 exercituum
1904 3965 2028 4020 ideo
2052 3966 2149 4037 qui
2168 3964 2323 4019 missi
2343 3969 2476 4018 sunt
2492 3963 2563 4017 ad
2585 3963 2770 4018 exitus
2793 3963 3003 4019 viarum
3016 3964 3290 4036 jubentur
3309 3970 3492 4025 exire:

158 4100 169 4121 ,
203 4059 337 4127 jure
355 4064 613 4112 vocatur.
637 4057 1126 4111 Exercitusautem
1144 4073 1282 4127 quos
1304 4056 1474 4118 misit,
1494 4072 1591 4109 seu
1615 4056 1823 4109 ultores
1904 4055 2038 4126 quia
2090 4054 2396 4109 secundum
2455 4054 2625 4106 ﬁnem
2679 4052 2950 4123 temporis
3007 4055 3269 4112 omnibus
3315 4063 3497 4115 retro-

204 4148 452 4218 angelos
470 4145 797 4218 accipimus,
817 4146 903 4200 vel
929 4162 1223 4217 poenarum
1249 4145 1344 4211 (de
1362 4144 1564 4216 quibus
1584 4145 1642 4197 in
1664 4143 1821 4197 Psal-
1903 4152 2028 4198 acta
2084 4144 2369 4197 donantur
2435 4142 2746 4213 culparum.
2800 4158 2927 4196 cum
2984 4143 3232 4199 defectus
3286 4148 3499 4204 finierit

206 4236 317 4289 mis
366 4233 604 4297 dicitur)
639 4237 1038 4289 immissionem
1061 4251 1164 4304 per
1196 4238 1416 4301 angelos
1442 4236 1614 4287 malos
1642 4235 1810 4299 (Psat.
1837 4234 2207 4304 “actionum.
2239 4233 2355 4286 Nec
2404 4231 2580 4302 igitur
2621 4230 2794 4285 bonos
2845 4236 2904 4285 et
2958 4233 3137 4287 malos
3178 4234 3277 4289 abs
3315 4253 3377 4291 re
3425 4238 3504 4293 sia

204 4337 426 4389 Lxxvu,
470 4321 585 4389 119),
617 4340 718 4378 seu
748 4324 1063 4379 Romanum
1093 4323 1397 4378 exercitum
1426 4322 1809 4392 intelligimus,
1838 4318 1885 4345 υ
1902 4322 2021 4376 mul
2059 4321 2242 4376 vocari
2282 4319 2462 4391 jubet,
2516 4318 2780 4390 quoniam
2812 4321 3026 4375 vocatio
3074 4322 3175 4377 Dei
3217 4335 3411 4380 sancta
3440 4332 3497 4383 et

206 4412 310 4466 sub
331 4414 487 4468 duce
514 4412 862 4484 Vespasiano
889 4430 956 4467 ac
983 4413 1128 4479 Tito,
1156 4413 1250 4484 qui
1271 4411 1464 4467 occisis
1493 4412 1550 4465 in
1573 4410 1821 4465 vindicta
1900 4411 2115 4483 Optima
2160 4415 2264 4477 est,
2316 4426 2439 4480 quae
2484 4409 2653 4463 simul
2708 4425 2903 4463 omnes
2958 4409 3130 4465 bonos
3180 4412 3331 4480 facit,
3383 4415 3496 4472 nisi

204 4499 308 4556 Dei
361 4501 584 4557 Iudam
620 4502 861 4573 populis,
894 4507 952 4557 et
982 4502 1283 4567 distractis,
1319 4500 1819 4573 praevaricatricem
1901 4517 2001 4572 per
2030 4500 2223 4554 vitium
2258 4499 2462 4569 aliquis
2489 4498 2845 4552 inemendate
2868 4499 3167 4570 voluptatis
3196 4501 3498 4561 discrimen

206 4591 572 4645 succendunt
600 4591 903 4658 civitatem,
923 4597 980 4646 et
997 4598 1355 4646 vastaverunt
1377 4589 1701 4646 omnia.Sed
1724 4605 1820 4643 an-
1901 4596 1966 4654 9
1979 4596 2015 4655 Ι
2033 4595 2093 4655 3
2110 4592 2355 4642 maneat.
2381 4586 2538 4641 Unde
2552 4585 2835 4657 sequitur:
2863 4590 3105 4641 Intravit
3118 4596 3302 4645 autem
3318 4601 3495 4649 rexut

204 4676 451 4751 tequ'am
465 4679 578 4734 ista
594 4680 1030 4751 complerentur.
1046 4681 1434 4752 lapidaverunt
1446 4680 1816 4750 Stephanum,
1900 4681 2103 4733 videret
2132 4677 2545 4731 discumbentes.
2573 4674 2718 4729 Mira
2739 4679 2796 4728 et
2823 4673 3121 4731 ineliabilis
3149 4679 3291 4734 ratio
3313 4688 3378 4736 ut
3404 4683 3497 4738 di-

202 4769 387 4823 etiam
417 4774 479 4824 et
516 4768 588 4823 de
625 4776 809 4823 morte
837 4769 1027 4824 Jacobi
1072 4769 1247 4839 gavisi
1297 4774 1458 4836 sunt;
1491 4784 1594 4822 nec
1621 4784 1733 4821 non
1763 4771 1821 4820 et
1903 4772 2063 4821 catur
2085 4766 2297 4820 intrare
2317 4780 2527 4835 regem,
2548 4763 2641 4834 qui
2666 4761 2871 4832 ubique
2890 4768 2995 4830 est,
3017 4770 3076 4819 et
3092 4781 3371 4840 nusquam
3392 4788 3496 4828 nec

199 4857 490 4913 Iacobum
509 4858 727 4929 Alphaei
747 4858 1088 4928 lapidarunt.
1113 4859 1349 4929 Propter
1367 4873 1491 4928 qua:
1511 4855 1701 4910 omnia
1719 4855 1821 4909 mi-

200 4963 337 5002 sera
354 4948 682 5002 Jerusalem
706 4947 993 5001 destructa
1016 4953 1102 5001 est
1130 4963 1164 5000 a
1200 4946 1484 5001 Romanis.
1510 4945 1586 4999 Et
1623 4951 1820 4999 notan-

200 5034 347 5091 dum
385 5036 544 5107 quod
602 5037 886 5090 Romanus
944 5037 1219 5090 exercitus
1268 5034 1363 5089 Dei
1419 5051 1540 5089 esse
1595 5033 1815 5098 dicitur,

198 5126 463 5195 ejusque
507 5124 752 5191 ultores;
787 5123 921 5196 quia
971 5140 1259 5195 nunquam
1303 5124 1374 5178 ad
1404 5139 1525 5177 eam
1560 5122 1818 5187 venisset,

1901 4871 2153 4926 unquam
2182 4853 2358 4912 abest.
2392 4869 2494 4906 nec
2522 4858 2608 4905 est
2635 4851 2730 4907 ubi
2762 4867 2875 4905 non
2904 4852 2979 4906 sit
3001 4854 3096 4925 qui
3121 4858 3312 4913 omnia
3339 4876 3493 4916 com-

1902 4946 2035 5016 plet.
2057 4943 2164 4998 Sed
2194 4943 2316 5013 ejus
2335 4941 2567 4998 intrare.
2590 4945 2675 4993 est
2703 4946 2918 4995 mentes
2945 4942 3296 5014 singulorum
3315 4948 3497 5005 discu-

1905 5040 2023 5088 tere
2048 5049 2113 5086 ac
2132 5031 2426 5102 respicere.
2443 5030 2513 5083 ad
2538 5046 2677 5100 quas
2706 5046 2872 5084 nemo
2896 5031 3041 5085 alter
3068 5039 3253 5104 potest
3279 5036 3494 5093 intrare

1906 5123 1990 5177 vel
2027 5121 2325 5192 respicere.
2361 5120 2504 5173 Nam
2540 5118 2677 5189 ipse,
2714 5135 2779 5172 ex
2808 5136 2914 5173 usu
2944 5120 3360 5192 Scripturarum
3399 5126 3496 5183 ubi

197 5212 317 5266 nisi
364 5213 652 5268 Dominus
678 5219 948 5282 vocasset,
980 5214 1124 5270 sicut
1160 5219 1216 5269 et
1253 5213 1311 5268 in
1339 5212 1625 5285 prophetis
1651 5228 1819 5284 quam
1902 5210 2118 5281 aspicit,
2142 5225 2241 5263 seu
2266 5225 2365 5279 per
2390 5206 2871 5278 approbationem,
2897 5225 2996 5263 seu
3025 5227 3125 5281 per
3147 5213 3497 5283 reprobatio-

195 5318 358 5376 sape
390 5301 657 5371 legimus.
1906 5314 2058 5364 nem,
2089 5313 2334 5369 praesens
2382 5313 2503 5351 esse
2531 5296 2766 5362 dicitur;
2817 5296 2914 5351 ubi
2949 5314 3078 5352 vero
3120 5300 3260 5356 nihil
3297 5303 3499 5360 borum

280 5392 465 5448 Tunc
481 5394 560 5444 ait
586 5394 758 5446 servis
771 5392 889 5447 auis
913 5393 1165 5464 :Nuptia:
1188 5394 1407 5463 quidem
1433 5396 1645 5461 paratae
1672 5396 1821 5457 sunt,
1909 5388 2044 5451 vult,
2081 5388 2284 5441 absens
2308 5386 2543 5453 videtur,
2583 5386 2717 5441 dum
2760 5402 2862 5441 suo
2891 5386 3130 5459 quisque
3158 5391 3392 5448 arbitrio
3419 5410 3502 5448 re-

200 5482 298 5536 sed
322 5481 446 5551 qui
473 5480 700 5535 invitati
720 5487 882 5536 erant
914 5498 1025 5538 non
1055 5484 1483 5551 fueruntdigni.
1508 5481 1588 5534 Ac
1608 5480 1653 5534 si
1675 5479 1827 5534 dica-
1907 5476 2202 5548 linquitur.
2231 5475 2390 5530 Unde
2430 5491 2557 5530 cum
2611 5475 2728 5530 dies
2767 5475 3125 5546 inspectionis
3154 5496 3255 5534 seu
3303 5481 3499 5552 judicii

514 5576 775 5642 PATROL.
806 5577 983 5642 CXX.

3187 5580 3263 5638 24
