3872 6158
424 241 525 300 751

1214 235 1271 289 S.
1312 232 1691 288 PASCHASII
1718 230 2081 288 RADBERTI
2115 227 2419 283 ABBATIS
2456 225 2949 282 CORBEIENSIS.

3593 225 3680 284 752

423 381 713 438 responsa,
750 369 816 419 ut
843 363 960 419 suis
992 359 1235 433 propriis
1258 362 1569 411 tentatores
1598 374 1729 412 suos
1766 355 2367 419 revincatAanimam,
2398 358 2456 407 et
2505 353 2873 414 voluntatem,
2903 349 3152 421 quotidie
3182 350 3242 404 in
3290 352 3496 406 melius
3539 367 3682 407 coau-

425 454 627 511 verbis.
679 453 971 509 Ostendite
998 448 1137 504 mihi
1180 447 1466 501 numisma
1509 463 1727 511 census,
1780 448 1880 501 hoc
1910 453 2014 511 est,

423 542 719 598 denarium
759 542 853 614 qui
894 556 995 612 pro
1038 538 1229 591 decem
1260 534 1508 588 nummis
1536 535 1920 606 inputabatur,
1961 540 2019 588 et

424 632 667 687 habebat
685 630 988 701 imaginem
1009 625 1339 681 CmsarisEt
1354 624 1434 678 ait
1450 624 1562 677 illis
1582 624 2017 695 benignissimus

422 722 585 775 Jesus
610 721 810 787 :Gujus
848 721 923 771 est
964 718 1073 770 hac
1102 717 1305 781 imago,
1322 717 1403 767 vel
1429 716 1857 782 superscriptz'o?
1887 715 2018 768 Haec

419 807 784 878 interrogatio
805 803 1100 859 manifeste
1128 818 1238 857 non
1261 803 1330 855 de
1359 801 1682 871 ignorantia
1712 803 2016 867 venit,cum

420 913 586 952 nemo
618 900 765 949 esset
793 893 889 965 qui
911 894 1018 946 hoc
1062 891 1305 949 nesciret
1333 890 1483 961 quod
1515 907 1709 944 omnes
1754 890 2012 944 observa-

416 984 558 1039 bant
578 987 637 1037 et
662 981 967 1037 cernebant
990 980 1050 1034 in
1095 978 1338 1051 publico,
1365 978 1463 1032 sed
1493 984 1558 1032 ut
1587 979 1657 1032 ad
1696 995 2013 1032 sermonem

416 1088 613 1127 eorum
638 1076 1023 1143 competenter
1049 1068 1403 1140 respondeat.
1428 1068 1705 1130 Quoniam
1728 1072 1785 1121 et
1806 1068 1926 1138 ipse
1956 1068 2014 1121 in

413 1160 526 1216 illis
552 1160 694 1215 nihil
725 1160 905 1231 magis
918 1175 1089 1229 quam
1117 1173 1279 1211 suam
1310 1155 1595 1226 quaerebat
1614 1156 2017 1226 imaginem.Et

418 1249 546 1305 ideo
575 1265 744 1321 quam
790 1247 933 1302 bene
962 1246 1045 1300 ait
1072 1252 1129 1300 et
1157 1249 1542 1315 competenter
1572 1263 1584 1297 :
1638 1247 1856 1300 Reddite
1897 1262 2016 1313 quae

414 1345 548 1395 sunt
573 1339 800 1393 Caesaris
829 1337 1051 1398 Ossan",
1078 1340 1128 1388 et
1150 1350 1269 1403 qua:
1305 1340 1435 1387 sunt
1463 1335 1563 1388 Dei
1589 1335 1712 1387 Deo.
1746 1336 1823 1387 Ac
1850 1334 1896 1387 si
1928 1333 2013 1386 di-

2101 450 2247 496 ctam
2281 442 2481 507 reddit,
2514 447 2576 495 ut
2602 441 2652 494 ei
2684 457 2752 494 ex
2786 440 3007 509 integro
3032 445 3229 510 sponte
3264 440 3492 503 serviat,
3532 457 3565 494 a
3589 458 3681 512 quo

2102 549 2160 584 se
2183 532 2378 585 recolit
2410 530 2683 600 originem
2710 529 2918 583 habere
2947 534 3004 582 et
3032 529 3370 599 profectum.
3397 529 3680 599 Sequitur:

2100 621 2165 673 Et
2193 623 2477 673 audientes
2502 622 2700 672 mirati
2725 624 2885 680 sunt;
2910 625 2958 671 et
2974 621 3161 671 relicto
3190 634 3248 671 eo
3274 619 3683 672 abieruntEeee

2100 709 2195 779 qui
2225 709 2450 763 credere
2474 707 2788 761 debuerant
2818 707 2889 760 ad
2920 712 3137 760 tantam
3166 707 3487 760 doctrinam
3516 708 3681 760 mirati

2099 804 2262 863 sunt;
2288 814 2351 850 ex
2383 814 2492 867 quo
2523 803 2579 850 et
2607 796 2817 849 duritia
2836 796 3019 849 cordis
3049 813 3243 849 eorum
3266 800 3680 862 monstratur,et

2096 885 2296 938 deiﬁca
2329 884 2666 955 praedicatur
2692 884 2965 937 doctrina.
2981 883 3125 947 Quia
3144 884 3278 937 licet
3307 884 3581 938 malitiose
3607 901 3677 937 ve-

2096 974 2303 1040 nerint,
2334 978 2756 1027 commoventur
2774 973 2831 1026 in
2861 972 3475 1043 admirationem,quod
3495 974 3677 1027 callidi-

2100 1069 2184 1117 tas
2214 1080 2411 1117 eorum
2437 1061 2743 1117 insidiandi
2764 1062 2980 1115 nullum
3008 1061 3287 1115 invenerit
3317 1062 3591 1128 locum,et
3610 1063 3676 1117 ul-

2097 1157 2185 1206 tra
2210 1170 2338 1205 eum
2368 1152 2716 1221 interrogare
2737 1167 2849 1204 non
2869 1150 3103 1207 audent.
3144 1151 3379 1216 Idcirco,
3416 1150 3576 1205 elicto
3598 1168 3670 1218 eo,

2097 1240 2770 1304 abierunt,intidelitatem
2791 1256 2981 1293 secum
3000 1256 3128 1293 cum
3140 1240 3415 1294 miraculo
3434 1240 3671 1295 ferentes.

2167 1334 2235 1385 In
2263 1334 2363 1384 illa
2402 1332 2490 1383 die
2527 1333 2865 1382 accesserunt
2884 1330 2958 1382 ad
2988 1346 3111 1381 eum
3139 1329 3450 1395 Sadducavi,
3489 1333 3584 1399 qui
3606 1332 3675 1383 di-

414 1433 569 1481 ceret
599 1445 611 1480 :
646 1427 838 1495 Imago
888 1424 991 1479 Dei
1020 1440 1132 1478 non
1180 1428 1267 1476 est
1303 1422 1359 1475 in
1403 1439 1541 1476 auro
1567 1422 1806 1493 depicta,
1829 1423 1927 1476 sed
1955 1422 2013 1475 in
2097 1426 2231 1474 eunt
2262 1420 2723 1473 resurrectionem
2748 1434 2859 1470 non
2876 1434 3000 1471 esse.
3027 1418 3090 1471 In
3115 1434 3227 1488 qua
3257 1418 3392 1472 die?
3414 1418 3473 1472 in
3497 1418 3587 1472 illa
3612 1419 3673 1472 si-

412 1515 581 1569 corde
621 1514 776 1568 intus
803 1514 1021 1583 sculpta
1063 1516 1122 1566 et
1167 1513 1431 1581 ﬁgurata,
1464 1528 1632 1581 quam
1654 1517 1882 1582 prepter
1920 1528 2011 1565 ve-
2098 1509 2322 1580 quidem
2353 1507 2575 1578 quando
2602 1506 2868 1561 Pharisaei
2899 1512 3271 1561 recesserunt.
3289 1507 3438 1570 Quia
3468 1507 3593 1561 licet
3616 1508 3674 1561 ab

411 1609 589 1657 stram
626 1601 899 1657 malitiam
939 1601 1098 1655 video
1139 1599 1430 1654 violatam:
1467 1600 1637 1665 unde,
1690 1617 1845 1669 rogo,
1879 1600 2012 1670 quia
2095 1598 2331 1653 invicem
2380 1597 2543 1650 divisi
2596 1602 2801 1660 essent,
2842 1595 2900 1649 in
2931 1596 3037 1649 hoc
3064 1612 3199 1663 uno,
3230 1613 3297 1650 ac
3324 1596 3373 1650 si
3422 1597 3673 1661 scelerati,

411 1691 696 1747 numisma
713 1690 947 1745 Caesaris
978 1705 1181 1743 aurum
1210 1694 1313 1753 est,
1330 1687 1547 1742 reddite
1572 1705 1699 1742 eum
1720 1689 2009 1753 Caesari,et
2028 1675 2075 1732 Β
2092 1688 2393 1741 concordes
2421 1691 2585 1740 erant
2609 1692 2672 1739 ut
2697 1687 2725 1739 J
2731 1702 2890 1739 esum
2915 1685 3154 1749 odirent,
3189 1685 3422 1756 suisque
3446 1702 3573 1740 eum
3598 1686 3678 1739 do-

411 1779 844 1852 quianumisma
873 1777 974 1832 Dei
1004 1783 1157 1831 totus
1186 1777 1353 1831 homo
1369 1783 1471 1840 est,
1497 1777 1569 1831 ad
1588 1776 1891 1847 imaginem
1910 1778 2009 1833 Dei
2091 1778 2161 1831 lis
2198 1780 2479 1847 caperent.
2521 1775 2607 1829 Ad
2660 1775 2763 1828 hoc
2797 1774 3002 1845 quippe
3054 1772 3159 1827 sibi
3212 1774 3459 1828 vicissim
3503 1791 3674 1829 succe-

409 1873 651 1935 creatus,
681 1866 1050 1938 vosmetipsos
1078 1864 1444 1920 redditeDeo.
1467 1866 1625 1929 Quod
1641 1866 1871 1919 omnino
1896 1883 2010 1920 non
2092 1866 2255 1930 dunt,
2280 1865 2508 1927 iterum,
2543 1869 2713 1934 atque
2743 1864 2969 1926 iterum,
3004 1868 3070 1917 ut
3095 1863 3212 1917 suis
3264 1880 3396 1917 eum
3458 1863 3676 1933 fatigent

407 1957 646 2029 potestis
676 1956 787 2012 nisi
816 1973 913 2011 vos
941 1955 1184 2027 primum
1219 1953 1433 2009 exuatis
1483 1972 1516 2009 a
1544 1970 1717 2008 censu
1747 1954 2005 2022 Caesaris,
2092 1954 2352 2020 insidiis;
2386 1958 2665 2007 certantes
2708 1953 2883 2005 totius
2931 1951 3070 2006 artis
3121 1952 3369 2021 ingenio,
3412 1952 3537 2023 quis
3565 1969 3676 2006 eum

409 2052 687 2117 quatenus
715 2045 979 2116 deinceps
1006 2042 1168 2097 liberi
1196 2042 1337 2099 sitis.
1366 2043 1433 2096 Et
1461 2043 1587 2097 ideo
1616 2043 1861 2114 primum
1888 2044 2009 2097 red-
2091 2049 2223 2097 ante
2245 2042 2665 2113 deprehendere
2696 2041 2891 2112 possit.
2910 2042 2995 2096 Ita
3020 2046 3083 2095 ut
3102 2041 3148 2094 si
3181 2040 3401 2095 ratione
3430 2058 3676 2112 superare

406 2134 524 2189 dite
549 2134 700 2205 quod
733 2134 982 2188 alienum
1030 2138 1133 2197 est,
1180 2136 1246 2185 ut
1273 2130 1557 2202 possidere
1604 2131 1829 2202 possitis
1859 2132 2008 2202 quod
2089 2150 2200 2186 non
2230 2138 2477 2203 possent,
2507 2131 2705 2185 saltem
2736 2147 2837 2201 per
2865 2130 3044 2201 ipsam
3075 2147 3189 2184 suae
3222 2129 3549 2185 calliditatis
3576 2131 3677 2184 fre-

404 2228 654 2277 vestrum
683 2227 795 2290 est;
820 2227 883 2276 ut
907 2221 1053 2276 sicut
1072 2220 1131 2274 in
1156 2236 1388 2273 nummo
1414 2219 1600 2289 imago
1620 2220 1855 2274 Caesaris
1877 2237 2005 2291 per—
2090 2220 2631 2291 quentiam.sensum
2650 2219 2825 2288 ipsius
2847 2218 3251 2282 subverterent,
3274 2235 3345 2273 ne
3366 2219 3547 2290 possit
3562 2218 3677 2290 quid

403 2311 659 2377 solvitur,
689 2310 773 2365 ita
812 2316 871 2364 et
896 2309 956 2364 in
995 2307 1257 2364 cordibus
1298 2308 1498 2362 vestris
1525 2308 1623 2362 Dei
1656 2309 1842 2379 imago
1873 2326 2004 2363 vera
2086 2309 2509 2379 responderent,
2534 2308 2919 2379 praecogitare.
2940 2307 3216 2362 Volebant
3235 2309 3389 2362 enim
3411 2326 3472 2363 se
3501 2315 3676 2363 osten-

403 2399 763 2465 reformetur,
795 2397 896 2452 ubi
931 2397 990 2452 in
1028 2397 1370 2452 conscientia
1420 2397 1721 2451 thesaurus
1761 2398 2004 2451 caelestis
2086 2396 2218 2450 dere
2240 2396 2631 2468 prudentiores
2648 2394 2905 2458 vicissim,
2927 2395 3119 2450 sieum
3137 2396 3233 2467 qui
3257 2396 3476 2450 vissent
3493 2413 3678 2468 capere

402 2494 662 2544 servatur
678 2506 692 2555 ;
707 2502 878 2559 quam
892 2502 1029 2540 sane
1045 2485 1349 2557 imaginem
1379 2485 1567 2539 divina
1587 2502 1787 2539 manus
1812 2486 2004 2540 decem

398 2582 806 2650 praeceptorum
827 2574 1078 2647 apicibus
1096 2573 1568 2644 insignivit.Unde
1589 2574 1840 2644 quamvis
1859 2575 2007 2629 Deus

402 2671 537 2723 ante
558 2663 767 2731 omnia,
786 2669 844 2718 et
858 2680 1029 2735 super
1056 2663 1248 2718 omnia
1275 2663 1637 2717 honorandus
1667 2664 1760 2728 sit,
1786 2670 2009 2734 oportet

405 2761 601 2811 tamen
629 2754 689 2809 in
720 2754 823 2809 hoc
852 2754 998 2807 facto
1028 2758 1215 2807 rectus
1244 2751 1382 2806 ordo
1421 2758 1703 2818 servetur;
1746 2768 1857 2805 non
1890 2751 2006 2822 pri-

404 2861 564 2901 mum
595 2843 742 2915 quod
767 2842 868 2897 Dei
891 2848 997 2906 est,
1028 2842 1163 2905 Deo,
1194 2840 1290 2894 sed
1325 2841 1472 2911 quod
1496 2840 1732 2894 Caesaris
1758 2847 1862 2903 est,
1895 2841 2007 2894 Cte-

404 2934 541 2988 sari.
574 2932 789 2987 Deinde
815 2930 905 2984 his
933 2930 1084 2984 exuti
1110 2929 1278 2982 rebus
1292 2930 1411 2998 jam
1444 2928 1623 2994 liberi,
1658 2945 2007 2999 quaecunque

2090 2486 2207 2539 suis
2237 2486 2450 2556 laqueis
2466 2485 2623 2541 .Duae
2644 2484 2921 2555 siquidem
2944 2485 3184 2539 haereses
3196 2491 3361 2539 erant
3390 2486 3449 2540 in
3466 2486 3678 2549 Iudaeis,

2090 2591 2203 2628 una
2234 2575 2662 2638 Phariszeorum,
2693 2579 2750 2627 et
2777 2573 2955 2628 altera
2996 2574 3456 2629 Sadducaaorum.
3494 2575 3682 2629 Phari-

2090 2665 2184 2718 smi
2208 2664 2539 2719 traditiones
2572 2671 2631 2717 et
2663 2663 3079 2718 observationes
3108 2663 3412 2730 habebant,
3442 2682 3585 2736 quas
3611 2664 3682 2719 illi

2090 2754 2280 2807 Grzece
2301 2756 2604 2807 deuteroses
2636 2760 2851 2819 vocant,
2887 2752 3090 2823 quibus
3116 2770 3176 2807 se
3202 2754 3578 2824 praeferebant
3604 2755 3683 2824 ju-

2090 2841 2289 2894 stiores
2318 2860 2330 2894 :
2361 2841 2510 2895 unde
2541 2848 2598 2896 et
2624 2841 2786 2895 divisi
2816 2841 3158 2896 vocabantur
3181 2859 3216 2896 a
3235 2842 3681 2914 populo.Saddu-

2089 2930 2186 2985 caai
2217 2937 2427 2996 autem,
2464 2930 2559 3002 qui
2592 2930 3041 3001 interpretantur
3056 2931 3223 2998 justi,
3243 2937 3301 2985 et
3328 2931 3439 3003 ipsi
3459 2948 3563 2986 sua
3590 2929 3682 2984 sibi

407 3026 543 3077 sunt
568 3019 690 3086 Dei,
739 3020 868 3084 Deo,
907 3035 978 3072 ne
1021 3035 1218 3072 rursus
1248 3017 1402 3070 vobis
1433 3034 1660 3071 necesse
1688 3017 1764 3071 sit
1805 3018 2010 3072 talibus
2030 3027 2073 3086 (ζ
2098 3019 2514 3091 applaudebant
2529 3020 2771 3090 justitia,
2789 3020 3035 3074 dicentes
3062 3038 3175 3074 non
3196 3037 3317 3074 esse
3338 3018 3687 3074 resurrectio-

408 3107 700 3181 implicare
711 3106 972 3178 negotiis.
990 3105 1253 3177 Alioquin
1268 3105 1513 3177 primum
1543 3123 1639 3160 vos
1658 3107 1857 3161 oil'erre
1872 3108 2004 3173 Deo,

410 3215 539 3254 cum
569 3197 761 3252 fenore
783 3196 985 3257 alieno,
1008 3211 1301 3267 perversus
1331 3195 1468 3249 ordo
1497 3201 1602 3260 est,
1622 3195 1669 3248 si
1693 3212 1888 3250 rursus
1918 3213 2009 3250 re-

412 3285 686 3359 digamini
724 3284 928 3357 prioris
956 3283 1081 3339 vita:
1108 3282 1365 3355 imperio.
1397 3284 1443 3339 Ο
1467 3300 1636 3355 quam
1680 3285 1912 3355 provida
1951 3285 2009 3339 in

415 3374 674 3430 omnibus
701 3372 803 3429 Dei
831 3372 1127 3443 sapientia,
1169 3378 1226 3425 et
1266 3388 1433 3443 quam
1476 3373 1667 3426 efﬁcax
1698 3373 2007 3444 responsio,

417 3481 489 3520 ne
517 3463 649 3519 ullis
665 3462 843 3535 possit
856 3460 1188 3516 calumniari
1205 3460 1537 3532 fraudibus,j
1549 3462 1691 3516 ussit
1709 3462 2012 3516 ordinatis-

417 3553 559 3609 sime
589 3552 738 3624 quod
768 3550 1029 3606 omnibus
1063 3550 1297 3621 implere
1320 3556 1557 3621 Oportet,
1584 3550 1679 3621 qui
1703 3552 1820 3605 vult
1849 3552 2015 3606 relin-

417 3659 590 3717 quere
618 3641 912 3708 mundum,
954 3645 1012 3694 et
1038 3639 1191 3693 venit
1217 3639 1288 3693 ad
1318 3638 1629 3706 Christum,
1651 3646 1715 3693 ut
1735 3640 1884 3711 quod
1906 3642 2017 3696 Cae-

418 3731 560 3788 saris
589 3738 677 3787 est
703 3747 925 3795 aurum,
959 3729 1159 3783 reddat
1196 3727 1400 3783 Caesari
1438 3734 1497 3783 et
1533 3730 1764 3794 mundo,
1798 3735 1856 3783 et
1896 3747 2018 3800 quze

416 3818 521 3876 Dei
546 3827 697 3887 sunt,
729 3821 864 3876 Deo.
888 3820 1081 3873 Potest
1103 3823 1291 3872 autem
1313 3817 1642 3888 simpliciter
1662 3817 1856 3888 accipi.
1874 3818 2019 3872 sicut

413 3910 575 3983 jubet
605 3910 899 3982 pecuniam
929 3914 988 3963 et
1009 3907 1285 3962 tributum
1307 3907 1513 3962 Caesari
1544 3908 1858 3978 persolvere
1894 3926 1905 3961 :
1937 3908 2019 3961 ita

415 3998 616 4069 jubeat
643 3999 833 4064 etiam,
861 4002 919 4052 et
937 4014 1062 4067 qum
1078 4003 1211 4051 sunt
1240 3996 1360 4058 Dei,
1380 3996 1515 4061 Deo,
1539 3995 1595 4049 id
1620 4002 1724 4063 est,
1748 3996 2015 4060 decimas,

423 4086 703 4157 primitias
728 4085 1105 4140 etoblationes
1123 4092 1292 4155 atque
1314 4084 1587 4139 victimas.
1603 4091 1661 4139 et
1681 4086 1872 4138 omnia
1895 4102 2018 4155 quae

424 4174 484 4227 in
514 4173 639 4242 lege
667 4172 965 4227 habentur.
999 4173 1143 4226 Nam
1174 4179 1231 4225 et
1258 4173 1375 4242 ipse
1400 4173 1646 4227 reddidit
1678 4173 1891 4227 tributa
1919 4191 2019 4245 pro

2091 3126 2219 3162 nem
2247 3110 2516 3180 corporis,
2557 3125 2659 3162 nec
2675 3109 3026 3176 animarum;
3052 3127 3233 3181 neque
3256 3110 3489 3179 angelos
3516 3124 3685 3178 neque

2092 3198 2350 3268 spiritum
2378 3215 2502 3252 esse
2531 3197 2808 3263 dicebant,
2830 3204 3025 3264 920
3038 3199 3198 3268 juxta
3218 3199 3392 3252 Actus
3413 3198 3687 3270 apostolo-

2093 3286 2317 3339 rum.Et
2341 3285 2461 3339 ista:
2483 3291 2616 3339 sunt
2641 3286 2767 3339 dum
2793 3285 3013 3350 domus,
3032 3285 3102 3339 de
3137 3285 3350 3356 quibus
3370 3286 3551 3341 Isaias
3578 3301 3687 3339 ma-

2094 3374 2294 3443 nifeste
2333 3375 2601 3445 loquitur.
2638 3375 2797 3429 Unde
2826 3375 3017 3438 miror,
3062 3392 3164 3446 pro
3212 3392 3322 3447 quo
3364 3375 3510 3446 justi
3546 3390 3688 3428 voca-

2096 3462 2301 3517 bantur
2332 3465 2387 3517 in
2417 3464 2639 3535 populo,
2668 3480 2797 3518 cum
2819 3465 3001 3518 omnis
3021 3464 3225 3535 agendi
3250 3465 3452 3530 virtus,
3471 3470 3537 3518 ut
3554 3462 3688 3534 quis-

2099 3552 2225 3623 quis
2247 3553 2436 3623 justus
2466 3551 2558 3615 sit,
2607 3568 2733 3623 spes
2763 3552 3084 3605 futurorum
3116 3558 3220 3605 est.
3278 3552 3347 3605 Et
3402 3551 3531 3605 ideo
3574 3549 3686 3621 quis

2099 3640 2330 3694 devotus
2360 3641 2626 3695 adversus
2655 3640 2902 3710 seipsum
2930 3640 3181 3711 quotidie
3209 3639 3524 3694 luctamina
3549 3655 3687 3693 exer-

2100 3728 2263 3793 ccbit,
2288 3730 2395 3783 nisi
2426 3729 2495 3783 ob
2525 3747 2680 3800 spem
2711 3730 3185 3784 resurrectionis?
3216 3729 3369 3784 Alias
3400 3730 3574 3787 enim.
3606 3744 3688 3782 so-

2100 3819 2220 3872 luta
2239 3824 2324 3872 est
2344 3824 2464 3872 tota
2484 3818 2837 3874 observantia
2863 3818 3112 3889 pietatis.
3134 3819 3243 3874 Sed
3268 3818 3364 3873 isti
3396 3819 3493 3889 qui
3520 3834 3688 3873 resur-

2098 3906 2404 3961 rectionem
2434 3925 2545 3983 non
2575 3908 2894 3973 credebant,
2929 3908 3209 3979 quomodo
3250 3908 3516 3978 conjugia
3543 3914 3687 3978 pote-

2099 4007 2229 4050 rant
2246 3996 2472 4051 credere
2490 4002 2615 4067 post
2635 3997 2911 4052 mortem?
2938 3999 3306 4068 Nequaquam
3332 3997 3437 4050 hoc
3467 3995 3687 4050 dixerim

2102 4086 2405 4140 credidisse
2452 4087 2555 4139 hoc
2601 4104 2763 4157 posse
2794 4086 2936 4150 ﬁeri,
2972 4086 3196 4157 quando
3233 4086 3414 4157 ipsam
3454 4100 3688 4140 resurre-

2102 4174 2342 4229 ctionem
2365 4174 2678 4245 negabant;
2712 4175 2792 4229 ita
2820 4182 2886 4229 ut
2928 4192 3030 4229 nec
3058 4175 3277 4229 animas
3305 4180 3435 4247 post
3463 4180 3689 4228 mortem

424 4277 486 4316 se
515 4266 573 4315 et
600 4260 804 4319 Petro;
834 4277 899 4314 ac
928 4260 1043 4314 Deo
1070 4259 1314 4313 reddidit
1345 4277 1466 4329 quae
1506 4261 1603 4314 Dei
1633 4269 1783 4327 sunt,
1840 4264 2084 4361 PatrisD
2103 4282 2225 4319 esse
2253 4264 2563 4330 crederent,
2594 4282 2697 4319 nec
2718 4282 2953 4337 corpora
2990 4265 3269 4329 suscitari,
3303 4264 3404 4318 sed
3442 4270 3683 4333 utroque,

425 4347 921 4415 iaciens9|9in
951 4347 1210 4401 omnibus
1233 4347 1685 4403 voluntatem.Et
1715 4352 1858 4406 hanc
1887 4370 2021 4423 quo-

424 4456 533 4512 que
588 4438 811 4511 plenam
841 4435 1044 4490 divinis
1068 4436 1431 4489 sacramentis
1473 4439 1912 4508 responsionem,
1964 4449 2019 4496 et

424 4528 727 4599 perfectam
757 4524 892 4579 dicti
911 4522 1151 4577 caelestis
1175 4521 1605 4586 absolutionem,
1630 4531 1747 4579 tam
1782 4526 2018 4581 mirabi-

423 4616 573 4681 liter,
589 4615 739 4669 inter
762 4616 1147 4683 contemptum
1169 4613 1374 4679 saeculi,
1398 4620 1454 4667 et
1478 4616 1874 4669 contumeliam
1897 4617 2017 4669 Ca3-

423 4703 538 4759 sari
559 4719 630 4758 ne
655 4703 906 4770 inferret,
924 4702 1275 4773 temperavit,
1300 4707 1365 4756 ut
1390 4702 1539 4757 curis
1567 4703 1825 4758 omnibus
1854 4710 1910 4758 et
1937 4705 2020 4757 of-

424 4792 565 4847 ﬁciis
594 4791 856 4847 humanis
884 4791 1115 4846 devotas
1134 4792 1248 4846 Deo
1280 4797 1497 4846 mentes
1527 4791 1854 4857 absolveret,
1891 4810 2018 4848 cum

425 4880 633 4940 Caesari
656 4897 780 4952 quae
801 4882 924 4952 ejus
953 4886 1142 4935 essent
1172 4880 1457 4935 reddenda
1487 4881 1756 4936 decernit.
1783 4882 1889 4936 Sed
1920 4882 2021 4936 mi-

424 4988 552 5028 sera
572 4969 885 5026 Galliarum
915 4969 1279 5036 consuetudo,
1314 4986 1435 5041 quae
1467 4970 1640 5024 tantis
1668 4971 1727 5023 in
1758 4970 2022 5025 Ecclesia-

424 5077 554 5118 rum
602 5058 843 5131 negotiis
891 5063 1119 5113 tenetur
1150 5058 1374 5112 astricta
1425 5058 1650 5127 debitis,
1705 5064 1763 5113 et
1816 5058 2021 5114 illicitae

422 5148 810 5205 redhibitionis
840 5146 1108 5203 fascibus.
1139 5147 1299 5211 Quod
1336 5145 1384 5201 si
1423 5149 1669 5202 mundus
1705 5165 1807 5203 nos
1830 5154 2021 5205 tenere

423 5253 527 5294 sua
546 5236 815 5294 nescisset
834 5237 986 5307 jura,
1016 5251 1372 5307 nequaquam
1391 5236 1711 5292 conditione
1735 5238 2022 5294 servitutis

421 5323 671 5381 indebita
716 5340 819 5380 nos
864 5324 917 5380 ei
946 5323 1181 5379 reddere
1205 5341 1328 5396 quae
1357 5341 1462 5380 sua
1498 5332 1631 5381 sunt
1657 5343 2014 5398 cogeremur.

421 5412 636 5470 Idcirco
662 5412 795 5468 felix
823 5413 921 5484 qui
966 5429 1028 5468 se
1055 5412 1127 5468 ab
1163 5413 1251 5468 his
1291 5413 1537 5484 primum
1574 5414 1811 5470 liberum
1864 5416 2013 5482 fecit,

419 5499 638 5581 Deinde
684 5500 901 5559 felicior
928 5501 1025 5574 qui
1048 5519 1107 5560 se
1138 5501 1253 5559 Deo
1294 5507 1498 5572 totum,
1548 5502 1606 5558 id
1659 5512 1745 5561 est
1791 5521 2012 5579 corpus,

2102 4354 2247 4408 sicut
2277 4361 2334 4407 et
2354 4353 2641 4420 Pharisaei,
2670 4353 2924 4424 gestiunt
2953 4352 3118 4407 ferire
3155 4368 3355 4417 cornu,
3390 4358 3449 4406 et
3476 4349 3689 4405 inevita-

2101 4441 2289 4495 biliter
2328 4460 2455 4496 eum
2484 4443 2817 4498 concludere
2848 4443 2917 4497 ad
2946 4442 3325 4496 defensionem
3349 4441 3439 4496 sui
3476 4437 3684 4501 erroris,

2101 4539 2157 4589 et
2205 4534 2273 4587 ad
2322 4535 2559 4604 gloriam
2591 4552 2704 4589 suae
2734 4536 2934 4590 laudis.
2967 4534 3251 4589 Putabant
3280 4535 3434 4589 enim
3464 4548 3587 4587 eum
3612 4529 3690 4583 ita

2103 4622 2469 4690 concludere;
2519 4623 2666 4678 sicut
2694 4642 2804 4679 non
2851 4630 2937 4679 est
2971 4622 3237 4695 possibile
3276 4631 3342 4677 ut
3379 4640 3447 4676 ea
3477 4619 3685 4683 mulier,

2104 4726 2227 4779 quae
2244 4710 2347 4763 fuit
2370 4716 2584 4782 septem
2610 4712 2852 4767 virorum
2866 4728 3025 4776 uxor,
3043 4714 3116 4766 sit
3135 4711 3368 4766 demum
3393 4711 3554 4765 unius
3574 4723 3690 4779 pro-

2103 4797 2244 4867 pria,
2271 4798 2358 4850 vel
2387 4799 2637 4853 omnium
2650 4799 2963 4854 communis
2988 4799 3096 4854 :sic
3124 4816 3237 4853 non
3267 4816 3397 4854 esse
3421 4795 3685 4870 possibile,

2103 4892 2168 4941 ut
2196 4886 2269 4940 sit
2301 4890 2638 4943 resurrectio
2666 4898 3037 4944 mortuorum.
3072 4889 3143 4943 Et
3164 4889 3291 4943 ideo
3321 4888 3538 4948 callide,
3567 4900 3691 4939 cum

2105 4977 2375 5032 vidissent
2397 4979 2708 5033 Pliarisaeos
2721 4980 2842 5048 jam
2855 4980 3025 5033 victos
3054 4977 3300 5044 siluisse,
3317 4978 3686 5046 interrogant:

2104 5067 2383 5134 Magister,
2427 5069 2631 5135 Moyses
2668 5069 2834 5133 dixit,
2858 5070 2909 5121 si
2936 5070 3060 5137 quis
3091 5072 3347 5120 mortuus
3385 5068 3553 5133 fuerit
3580 5078 3694 5117 non

2104 5154 2303 5208 habens
2323 5157 2532 5223 ﬁlium,
2565 5161 2625 5209 ut
2652 5157 2819 5209 ducat
2838 5158 3021 5223 frater
3046 5159 3162 5223 ejus
3195 5171 3427 5209 uxorem
3458 5156 3617 5217 illius,
3637 5158 3695 5206 et

2102 5246 2323 5298 suscitet
2347 5260 2531 5298 semen
2560 5245 2874 5312 fratrisuo.
2903 5245 3081 5299 Erant
3110 5248 3301 5298 autem
3326 5244 3478 5313 apud
3501 5257 3586 5297 nos
3602 5257 3694 5294 se-

2095 5334 2244 5400 ptem
2264 5331 2487 5398 fratres,
2510 5338 2556 5386 et
2568 5336 2811 5402 primus,
2830 5349 2999 5387 uxore
3017 5334 3204 5398 ducta,
3227 5334 3519 5401 defunctus
3537 5334 3698 5391 εει,οῐ

2098 5418 2333 5489 reliqua.
2366 5421 2614 5491 Fingunt
2634 5438 2767 5492 ergo
2797 5421 3117 5476 istiusmodi
3136 5419 3571 5475 sordidissimam
3587 5432 3702 5472 uu—

2098 5507 2347 5578 ptiarum
2379 5508 2647 5582 fabulam,
2694 5527 2794 5567 seu
2821 5511 2993 5568 fuerit
3020 5510 3102 5566 ita
3132 5509 3283 5582 apud
3310 5527 3424 5580 eos,
3455 5524 3545 5565 seu
3574 5522 3698 5561 non
