  <div class='ocr_page' id='page_1' title='image "/cluster/home/n/w/nwhite01/storage/ocr_20150623/120/hvd.32044054759824/382.png"; bbox 0 0 3872 6158; ppageno 0'>
   <div class='ocr_carea' id='block_1_1' title="bbox 183 304 290 365">
    <p class='ocr_par' dir='ltr' id='par_1_1' title="bbox 183 304 290 365">
     <span class='ocr_line' id='line_1_1' title="bbox 183 304 290 365; baseline 0.037 -5"><span class='ocrx_word' id='word_1_1' title='bbox 183 304 290 365; x_wconf 74' lang='grc' dir='ltr'><strong><em>ῖ53</em></strong></span> 
     </span>
    </p>
   </div>
   <div class='ocr_carea' id='block_1_2' title="bbox 953 310 1775 393">
    <p class='ocr_par' dir='ltr' id='par_1_2' title="bbox 953 310 1775 371">
     <span class='ocr_line' id='line_1_2' title="bbox 953 310 1775 371; baseline 0.01 -7"><span class='ocrx_word' id='word_1_2' title='bbox 953 310 1333 367; x_wconf 83' lang='lat' dir='ltr'><strong><em>EXPOSITIO</em></strong></span> <span class='ocrx_word' id='word_1_3' title='bbox 1374 314 1451 368; x_wconf 86' lang='lat' dir='ltr'><strong><em>IN</em></strong></span> <span class='ocrx_word' id='word_1_4' title='bbox 1490 314 1775 371; x_wconf 76' lang='lat' dir='ltr'><strong><em>MATTHA</em></strong></span> 
     </span>
    </p>
   </div>
   <div class='ocr_carea' id='block_1_3' title="bbox 1866 310 2751 393">
    <p class='ocr_par' dir='ltr' id='par_1_3' title="bbox 1866 319 2751 393">
     <span class='ocr_line' id='line_1_3' title="bbox 1866 319 2751 393; baseline 0.006 -21"><span class='ocrx_word' id='word_1_5' title='bbox 1866 319 1932 373; x_wconf 85' lang='lat' dir='ltr'><strong><em>M.</em></strong></span> <span class='ocrx_word' id='word_1_6' title='bbox 1981 350 2044 360; x_wconf 91' lang='lat'><strong><em>—</em></strong></span> <span class='ocrx_word' id='word_1_7' title='bbox 2085 322 2222 377; x_wconf 89' lang='lat' dir='ltr'><strong><em>LIB.</em></strong></span> <span class='ocrx_word' id='word_1_8' title='bbox 2269 323 2333 393; x_wconf 84' lang='grc' dir='ltr'><strong><em>Χ,</em></strong></span> <span class='ocrx_word' id='word_1_9' title='bbox 2377 323 2534 377; x_wconf 81' lang='lat' dir='ltr'><strong><em>CAP.</em></strong></span> <span class='ocrx_word' id='word_1_10' title='bbox 2578 324 2751 380; x_wconf 81' lang='lat' dir='ltr'><strong><em>XXII.</em></strong></span> 
     </span>
    </p>
   </div>
   <div class='ocr_carea' id='block_1_4' title="bbox 3369 332 3470 391">
    <p class='ocr_par' dir='ltr' id='par_1_4' title="bbox 3369 332 3470 391">
     <span class='ocr_line' id='line_1_4' title="bbox 3369 332 3470 391; baseline 0.04 -4"><span class='ocrx_word' id='word_1_11' title='bbox 3369 332 3470 391; x_wconf 74' lang='grc'><strong><em>754</em></strong></span> 
     </span>
    </p>
   </div>
   <div class='ocr_carea' id='block_1_5' title="bbox 177 429 3471 523">
    <p class='ocr_par' dir='ltr' id='par_1_5' title="bbox 177 429 3471 523">
     <span class='ocr_line' id='line_1_5' title="bbox 177 429 3471 523; baseline 0.009 -40"><span class='ocrx_word' id='word_1_12' title='bbox 177 429 377 497; x_wconf 82' lang='lat' dir='ltr'><strong><em>fuerit,</em></strong></span> <span class='ocrx_word' id='word_1_13' title='bbox 409 436 479 486; x_wconf 89' lang='lat' dir='ltr'><strong><em>ut</em></strong></span> <span class='ocrx_word' id='word_1_14' title='bbox 500 431 660 503; x_wconf 87' lang='lat' dir='ltr'><strong><em>quasi</em></strong></span> <span class='ocrx_word' id='word_1_15' title='bbox 680 431 1055 489; x_wconf 81' lang='lat' dir='ltr'><strong><em>deliramenta</em></strong></span> <span class='ocrx_word' id='word_1_16' title='bbox 1094 441 1337 507; x_wconf 87' lang='lat' dir='ltr'><strong><em>arguant</em></strong></span> <span class='ocrx_word' id='word_1_17' title='bbox 1355 453 1547 492; x_wconf 90' lang='lat' dir='ltr'><strong><em>eorum</em></strong></span> <span class='ocrx_word' id='word_1_18' title='bbox 1572 440 1667 510; x_wconf 86' lang='lat' dir='ltr'><strong><em>qui</em></strong></span> <span class='ocrx_word' id='word_1_19' title='bbox 1700 456 1785 493; x_wconf 91' lang='lat' dir='ltr'><strong><em>re-</em></strong></span> <span class='ocrx_word' id='word_1_20' title='bbox 1802 442 1851 501; x_wconf 84' lang='grc' dir='ltr'><strong>Α</strong></span> <span class='ocrx_word' id='word_1_21' title='bbox 1870 443 2192 511; x_wconf 85' lang='lat' dir='ltr'><strong><em>clementer,</em></strong></span> <span class='ocrx_word' id='word_1_22' title='bbox 2217 445 2366 516; x_wconf 93' lang='lat' dir='ltr'><strong><em>quod</em></strong></span> <span class='ocrx_word' id='word_1_23' title='bbox 2388 448 2452 500; x_wconf 85' lang='lat' dir='ltr'><strong><em>in</em></strong></span> <span class='ocrx_word' id='word_1_24' title='bbox 2485 451 2885 503; x_wconf 74' lang='lat' dir='ltr'><strong><em>resurrectione</em></strong></span> <span class='ocrx_word' id='word_1_25' title='bbox 2920 465 3094 523; x_wconf 82' lang='lat' dir='ltr'><strong><em>neque</em></strong></span> <span class='ocrx_word' id='word_1_26' title='bbox 3117 454 3345 516; x_wconf 79' lang='lat' dir='ltr'><strong><em>nubent.</em></strong></span> <span class='ocrx_word' id='word_1_27' title='bbox 3371 469 3471 511; x_wconf 83' lang='lat' dir='ltr'><strong><em>ne-</em></strong></span> 
     </span>
    </p>
   </div>
   <div class='ocr_carea' id='block_1_6' title="bbox 177 521 1791 585">
    <p class='ocr_par' dir='ltr' id='par_1_6' title="bbox 177 521 1791 585">
     <span class='ocr_line' id='line_1_6' title="bbox 177 521 1791 585; baseline 0.008 -13"><span class='ocrx_word' id='word_1_28' title='bbox 177 521 601 575; x_wconf 87' lang='lat' dir='ltr'><strong><em>surrectionem</em></strong></span> <span class='ocrx_word' id='word_1_29' title='bbox 629 529 890 576; x_wconf 82' lang='lat' dir='ltr'><strong><em>asserunt</em></strong></span> <span class='ocrx_word' id='word_1_30' title='bbox 918 528 1290 579; x_wconf 88' lang='lat' dir='ltr'><strong><em>mortuorum.</em></strong></span> <span class='ocrx_word' id='word_1_31' title='bbox 1319 527 1478 581; x_wconf 88' lang='lat' dir='ltr'><strong><em>Unde</em></strong></span> <span class='ocrx_word' id='word_1_32' title='bbox 1498 528 1791 585; x_wconf 81' lang='lat' dir='ltr'><strong><em>dicuntzln</em></strong></span> 
     </span>
    </p>
   </div>
   <div class='ocr_carea' id='block_1_7' title="bbox 180 613 1792 684">
    <p class='ocr_par' dir='ltr' id='par_1_7' title="bbox 180 613 1792 684">
     <span class='ocr_line' id='line_1_7' title="bbox 180 613 1792 684; baseline 0.007 -22"><span class='ocrx_word' id='word_1_33' title='bbox 180 613 595 665; x_wconf 72' lang='lat' dir='ltr'><strong><em>resurrectione</em></strong></span> <span class='ocrx_word' id='word_1_34' title='bbox 617 628 743 679; x_wconf 85' lang='lat' dir='ltr'><strong><em>ergo</em></strong></span> <span class='ocrx_word' id='word_1_35' title='bbox 772 618 931 679; x_wconf 83' lang='lat' dir='ltr'><strong><em>cuius</em></strong></span> <span class='ocrx_word' id='word_1_36' title='bbox 961 618 1067 667; x_wconf 85' lang='lat' dir='ltr'><strong><em>erit</em></strong></span> <span class='ocrx_word' id='word_1_37' title='bbox 1093 617 1154 669; x_wconf 83' lang='lat' dir='ltr'><strong><em>de</em></strong></span> <span class='ocrx_word' id='word_1_38' title='bbox 1175 622 1371 684; x_wconf 78' lang='lat' dir='ltr'><strong><em>septem</em></strong></span> <span class='ocrx_word' id='word_1_39' title='bbox 1392 634 1533 671; x_wconf 68' lang='lat' dir='ltr'><strong><em>uror</em></strong></span> <span class='ocrx_word' id='word_1_40' title='bbox 1551 625 1573 671; x_wconf 88' lang='lat'><em>?</em></span> <span class='ocrx_word' id='word_1_41' title='bbox 1592 618 1792 673; x_wconf 80' lang='lat' dir='ltr'><strong><em>Omnes</em></strong></span> 
     </span>
    </p>
   </div>
   <div class='ocr_carea' id='block_1_8' title="bbox 178 702 1792 778">
    <p class='ocr_par' dir='ltr' id='par_1_8' title="bbox 178 702 1792 778">
     <span class='ocr_line' id='line_1_8' title="bbox 178 702 1792 778; baseline 0.006 -27"><span class='ocrx_word' id='word_1_42' title='bbox 178 715 240 751; x_wconf 83' lang='lat' dir='ltr'><strong><em>en</em></strong></span> <span class='ocrx_word' id='word_1_43' title='bbox 252 702 334 752; x_wconf 83' lang='lat' dir='ltr'><strong><em>im</em></strong></span> <span class='ocrx_word' id='word_1_44' title='bbox 364 716 491 755; x_wconf 83' lang='lat' dir='ltr'><strong><em>eam</em></strong></span> <span class='ocrx_word' id='word_1_45' title='bbox 520 702 856 755; x_wconf 86' lang='lat' dir='ltr'><strong><em>habuerunt.</em></strong></span> <span class='ocrx_word' id='word_1_46' title='bbox 892 702 1322 773; x_wconf 87' lang='lat' dir='ltr'><strong><em>Turpitudinem</em></strong></span> <span class='ocrx_word' id='word_1_47' title='bbox 1336 705 1535 760; x_wconf 73' lang='lat' dir='ltr'><strong><em>fabulae</em></strong></span> <span class='ocrx_word' id='word_1_48' title='bbox 1556 708 1681 762; x_wconf 87' lang='lat' dir='ltr'><strong><em>ideo</em></strong></span> <span class='ocrx_word' id='word_1_49' title='bbox 1698 726 1792 778; x_wconf 92' lang='lat' dir='ltr'><strong><em>op-</em></strong></span> 
     </span>
    </p>
   </div>
   <div class='ocr_carea' id='block_1_9' title="bbox 173 790 1792 862">
    <p class='ocr_par' dir='ltr' id='par_1_9' title="bbox 173 790 1792 862">
     <span class='ocr_line' id='line_1_9' title="bbox 173 790 1792 862; baseline 0.005 -21"><span class='ocrx_word' id='word_1_50' title='bbox 173 794 426 858; x_wconf 86' lang='lat' dir='ltr'><strong><em>ponunt,</em></strong></span> <span class='ocrx_word' id='word_1_51' title='bbox 461 793 525 844; x_wconf 91' lang='lat' dir='ltr'><strong><em>ut</em></strong></span> <span class='ocrx_word' id='word_1_52' title='bbox 542 790 968 845; x_wconf 81' lang='lat' dir='ltr'><strong><em>resurrectionis</em></strong></span> <span class='ocrx_word' id='word_1_53' title='bbox 983 791 1263 862; x_wconf 90' lang='lat' dir='ltr'><strong><em>denegent</em></strong></span> <span class='ocrx_word' id='word_1_54' title='bbox 1284 794 1598 849; x_wconf 82' lang='lat' dir='ltr'><strong><em>veritatem.</em></strong></span> <span class='ocrx_word' id='word_1_55' title='bbox 1619 796 1792 859; x_wconf 82' lang='lat' dir='ltr'><strong><em>Quasi</em></strong></span> 
     </span>
    </p>
   </div>
   <div class='ocr_carea' id='block_1_10' title="bbox 174 877 1790 949">
    <p class='ocr_par' dir='ltr' id='par_1_10' title="bbox 174 877 1790 949">
     <span class='ocr_line' id='line_1_10' title="bbox 174 877 1790 949; baseline 0.006 -19"><span class='ocrx_word' id='word_1_56' title='bbox 174 892 294 930; x_wconf 87' lang='lat' dir='ltr'><strong><em>non</em></strong></span> <span class='ocrx_word' id='word_1_57' title='bbox 330 877 410 931; x_wconf 89' lang='lat' dir='ltr'><strong><em>sit</em></strong></span> <span class='ocrx_word' id='word_1_58' title='bbox 439 893 612 931; x_wconf 88' lang='lat' dir='ltr'><strong><em>ausus</em></strong></span> <span class='ocrx_word' id='word_1_59' title='bbox 641 877 826 932; x_wconf 85' lang='lat' dir='ltr'><strong><em>dicere</em></strong></span> <span class='ocrx_word' id='word_1_60' title='bbox 855 880 1003 949; x_wconf 88' lang='lat' dir='ltr'><strong><em>quod</em></strong></span> <span class='ocrx_word' id='word_1_61' title='bbox 1033 880 1181 934; x_wconf 89' lang='lat' dir='ltr'><strong><em>ullus</em></strong></span> <span class='ocrx_word' id='word_1_62' title='bbox 1211 898 1405 937; x_wconf 91' lang='lat' dir='ltr'><strong><em>eorum</em></strong></span> <span class='ocrx_word' id='word_1_63' title='bbox 1437 883 1639 938; x_wconf 83' lang='lat' dir='ltr'><strong><em>debeat</em></strong></span> <span class='ocrx_word' id='word_1_64' title='bbox 1666 901 1790 938; x_wconf 89' lang='lat' dir='ltr'><strong><em>eam</em></strong></span> 
     </span>
    </p>
   </div>
   <div class='ocr_carea' id='block_1_11' title="bbox 176 965 1787 1041">
    <p class='ocr_par' dir='ltr' id='par_1_11' title="bbox 176 965 1787 1041">
     <span class='ocr_line' id='line_1_11' title="bbox 176 965 1787 1041; baseline 0.006 -23"><span class='ocrx_word' id='word_1_65' title='bbox 176 965 287 1019; x_wconf 86' lang='lat' dir='ltr'><strong><em>sibi</em></strong></span> <span class='ocrx_word' id='word_1_66' title='bbox 327 966 464 1035; x_wconf 88' lang='lat' dir='ltr'><strong><em>jure</em></strong></span> <span class='ocrx_word' id='word_1_67' title='bbox 506 967 762 1037; x_wconf 90' lang='lat' dir='ltr'><strong><em>legitimo</em></strong></span> <span class='ocrx_word' id='word_1_68' title='bbox 809 967 1088 1023; x_wconf 85' lang='lat' dir='ltr'><strong><em>vindicare</em></strong></span> <span class='ocrx_word' id='word_1_69' title='bbox 1117 972 1381 1041; x_wconf 87' lang='lat' dir='ltr'><strong><em>conjugii.</em></strong></span> <span class='ocrx_word' id='word_1_70' title='bbox 1410 972 1570 1036; x_wconf 88' lang='lat' dir='ltr'><strong><em>Quod</em></strong></span> <span class='ocrx_word' id='word_1_71' title='bbox 1599 973 1645 1026; x_wconf 89' lang='lat' dir='ltr'><strong><em>si</em></strong></span> <span class='ocrx_word' id='word_1_72' title='bbox 1675 990 1787 1027; x_wconf 90' lang='lat' dir='ltr'><strong><em>non</em></strong></span> 
     </span>
    </p>
   </div>
   <div class='ocr_carea' id='block_1_12' title="bbox 176 1054 1787 1132">
    <p class='ocr_par' dir='ltr' id='par_1_12' title="bbox 176 1054 1787 1132">
     <span class='ocr_line' id='line_1_12' title="bbox 176 1054 1787 1132; baseline 0.004 -25"><span class='ocrx_word' id='word_1_73' title='bbox 176 1055 439 1126; x_wconf 88' lang='lat' dir='ltr'><strong><em>potuerit</em></strong></span> <span class='ocrx_word' id='word_1_74' title='bbox 467 1054 548 1109; x_wconf 90' lang='lat' dir='ltr'><strong><em>eis</em></strong></span> <span class='ocrx_word' id='word_1_75' title='bbox 590 1055 824 1109; x_wconf 83' lang='lat' dir='ltr'><strong><em>honeste</em></strong></span> <span class='ocrx_word' id='word_1_76' title='bbox 866 1057 1077 1129; x_wconf 85' lang='lat' dir='ltr'><strong><em>aliquid</em></strong></span> <span class='ocrx_word' id='word_1_77' title='bbox 1129 1061 1483 1130; x_wconf 76' lang='lat' dir='ltr'><strong><em>respondere,</em></strong></span> <span class='ocrx_word' id='word_1_78' title='bbox 1534 1061 1787 1132; x_wconf 90' lang='lat' dir='ltr'><strong><em>partibus</em></strong></span> 
     </span>
    </p>
   </div>
   <div class='ocr_carea' id='block_1_13' title="bbox 178 1144 1776 1219">
    <p class='ocr_par' dir='ltr' id='par_1_13' title="bbox 178 1144 1776 1219">
     <span class='ocr_line' id='line_1_13' title="bbox 178 1144 1776 1219; baseline 0.005 -22"><span class='ocrx_word' id='word_1_79' title='bbox 178 1160 404 1209; x_wconf 87' lang='lat' dir='ltr'><strong><em>eorum,</em></strong></span> <span class='ocrx_word' id='word_1_80' title='bbox 436 1144 573 1199; x_wconf 90' lang='lat' dir='ltr'><strong><em>velit</em></strong></span> <span class='ocrx_word' id='word_1_81' title='bbox 616 1144 775 1208; x_wconf 88' lang='lat' dir='ltr'><strong><em>nolit,</em></strong></span> <span class='ocrx_word' id='word_1_82' title='bbox 807 1145 1009 1200; x_wconf 86' lang='lat' dir='ltr'><strong><em>debeat</em></strong></span> <span class='ocrx_word' id='word_1_83' title='bbox 1041 1148 1284 1219; x_wconf 83' lang='lat' dir='ltr'><strong><em>palmam</em></strong></span> <span class='ocrx_word' id='word_1_84' title='bbox 1326 1150 1566 1205; x_wconf 66' lang='lat' dir='ltr'><strong><em>victoriae</em></strong></span> <span class='ocrx_word' id='word_1_85' title='bbox 1617 1152 1776 1207; x_wconf 84' lang='lat' dir='ltr'><strong><em>dare.</em></strong></span> 
     </span>
    </p>
   </div>
   <div class='ocr_carea' id='block_1_14' title="bbox 178 1232 1783 1301">
    <p class='ocr_par' dir='ltr' id='par_1_14' title="bbox 178 1232 1783 1301">
     <span class='ocr_line' id='line_1_14' title="bbox 178 1232 1783 1301; baseline 0.005 -15"><span class='ocrx_word' id='word_1_86' title='bbox 178 1232 360 1296; x_wconf 84' lang='lat' dir='ltr'><strong><em>Quasi</em></strong></span> <span class='ocrx_word' id='word_1_87' title='bbox 391 1249 572 1287; x_wconf 90' lang='lat' dir='ltr'><strong><em>unum</em></strong></span> <span class='ocrx_word' id='word_1_88' title='bbox 612 1233 825 1287; x_wconf 87' lang='lat' dir='ltr'><strong><em>diceret</em></strong></span> <span class='ocrx_word' id='word_1_89' title='bbox 851 1252 974 1289; x_wconf 87' lang='lat' dir='ltr'><strong><em>eam</em></strong></span> <span class='ocrx_word' id='word_1_90' title='bbox 1004 1236 1348 1301; x_wconf 87' lang='lat' dir='ltr'><strong><em>habiturum,</em></strong></span> <span class='ocrx_word' id='word_1_91' title='bbox 1381 1239 1607 1294; x_wconf 85' lang='lat' dir='ltr'><strong><em>difﬁcile</em></strong></span> <span class='ocrx_word' id='word_1_92' title='bbox 1639 1240 1783 1294; x_wconf 87' lang='lat' dir='ltr'><strong><em>vide-</em></strong></span> 
     </span>
    </p>
   </div>
   <div class='ocr_carea' id='block_1_15' title="bbox 178 1322 1788 1401">
    <p class='ocr_par' dir='ltr' id='par_1_15' title="bbox 178 1322 1788 1401">
     <span class='ocr_line' id='line_1_15' title="bbox 178 1322 1788 1401; baseline 0.005 -25"><span class='ocrx_word' id='word_1_93' title='bbox 178 1322 355 1377; x_wconf 86' lang='lat' dir='ltr'><strong><em>batur</em></strong></span> <span class='ocrx_word' id='word_1_94' title='bbox 394 1323 477 1377; x_wconf 89' lang='lat' dir='ltr'><strong><em>eis</em></strong></span> <span class='ocrx_word' id='word_1_95' title='bbox 505 1340 668 1395; x_wconf 80' lang='lat' dir='ltr'><strong><em>posse</em></strong></span> <span class='ocrx_word' id='word_1_96' title='bbox 691 1324 947 1394; x_wconf 81' lang='lat' dir='ltr'><strong><em>probare.</em></strong></span> <span class='ocrx_word' id='word_1_97' title='bbox 984 1326 1042 1380; x_wconf 93' lang='lat' dir='ltr'><strong><em>Si</em></strong></span> <span class='ocrx_word' id='word_1_98' title='bbox 1071 1332 1259 1381; x_wconf 87' lang='lat' dir='ltr'><strong><em>autem</em></strong></span> <span class='ocrx_word' id='word_1_99' title='bbox 1303 1328 1515 1383; x_wconf 85' lang='lat' dir='ltr'><strong><em>diceret</em></strong></span> <span class='ocrx_word' id='word_1_100' title='bbox 1539 1347 1788 1401; x_wconf 77' lang='lat' dir='ltr'><strong><em>coaequa-</em></strong></span> 
     </span>
    </p>
   </div>
   <div class='ocr_carea' id='block_1_16' title="bbox 175 1412 1789 1488">
    <p class='ocr_par' dir='ltr' id='par_1_16' title="bbox 175 1412 1789 1488">
     <span class='ocr_line' id='line_1_16' title="bbox 175 1412 1789 1488; baseline 0.006 -24"><span class='ocrx_word' id='word_1_101' title='bbox 175 1412 315 1465; x_wconf 85' lang='lat' dir='ltr'><strong><em>litcr</em></strong></span> <span class='ocrx_word' id='word_1_102' title='bbox 343 1428 473 1465; x_wconf 88' lang='lat' dir='ltr'><strong><em>eam</em></strong></span> <span class='ocrx_word' id='word_1_103' title='bbox 498 1428 693 1466; x_wconf 90' lang='lat' dir='ltr'><strong><em>omnes</em></strong></span> <span class='ocrx_word' id='word_1_104' title='bbox 718 1412 1027 1479; x_wconf 85' lang='lat' dir='ltr'><strong><em>habituros,</em></strong></span> <span class='ocrx_word' id='word_1_105' title='bbox 1059 1431 1176 1469; x_wconf 90' lang='lat' dir='ltr'><strong><em>rem</em></strong></span> <span class='ocrx_word' id='word_1_106' title='bbox 1207 1417 1662 1488; x_wconf 86' lang='lat' dir='ltr'><strong><em>turpissimamin</em></strong></span> <span class='ocrx_word' id='word_1_107' title='bbox 1695 1420 1789 1474; x_wconf 89' lang='lat' dir='ltr'><strong><em>illa</em></strong></span> 
     </span>
    </p>
   </div>
   <div class='ocr_carea' id='block_1_17' title="bbox 175 1498 1786 1571">
    <p class='ocr_par' dir='ltr' id='par_1_17' title="bbox 175 1498 1786 1571">
     <span class='ocr_line' id='line_1_17' title="bbox 175 1498 1786 1571; baseline 0.004 -16"><span class='ocrx_word' id='word_1_108' title='bbox 175 1498 349 1555; x_wconf 86' lang='lat' dir='ltr'><strong><em>beata</em></strong></span> <span class='ocrx_word' id='word_1_109' title='bbox 394 1501 511 1554; x_wconf 84' lang='lat' dir='ltr'><strong><em>vita</em></strong></span> <span class='ocrx_word' id='word_1_110' title='bbox 552 1502 877 1571; x_wconf 79' lang='lat' dir='ltr'><strong><em>culparetur</em></strong></span> <span class='ocrx_word' id='word_1_111' title='bbox 913 1503 1151 1571; x_wconf 89' lang='lat' dir='ltr'><strong><em>docere;</em></strong></span> <span class='ocrx_word' id='word_1_112' title='bbox 1198 1522 1329 1560; x_wconf 90' lang='lat' dir='ltr'><strong><em>cum</em></strong></span> <span class='ocrx_word' id='word_1_113' title='bbox 1373 1507 1485 1560; x_wconf 92' lang='lat' dir='ltr'><strong><em>duo</em></strong></span> <span class='ocrx_word' id='word_1_114' title='bbox 1534 1508 1591 1562; x_wconf 92' lang='lat' dir='ltr'><strong><em>in</em></strong></span> <span class='ocrx_word' id='word_1_115' title='bbox 1620 1525 1786 1563; x_wconf 86' lang='lat' dir='ltr'><strong><em>carne</em></strong></span> 
     </span>
    </p>
   </div>
   <div class='ocr_carea' id='block_1_18' title="bbox 172 1589 1787 1661">
    <p class='ocr_par' dir='ltr' id='par_1_18' title="bbox 172 1589 1787 1661">
     <span class='ocr_line' id='line_1_18' title="bbox 172 1589 1787 1661; baseline 0.006 -19"><span class='ocrx_word' id='word_1_116' title='bbox 172 1605 294 1643; x_wconf 86' lang='lat' dir='ltr'><strong><em>una</em></strong></span> <span class='ocrx_word' id='word_1_117' title='bbox 322 1589 591 1643; x_wconf 84' lang='lat' dir='ltr'><strong><em>dicantur</em></strong></span> <span class='ocrx_word' id='word_1_118' title='bbox 616 1590 1217 1661; x_wconf 69' lang='lat' dir='ltr'><strong><em>impraasentiarum,et</em></strong></span> <span class='ocrx_word' id='word_1_119' title='bbox 1254 1612 1365 1649; x_wconf 93' lang='lat' dir='ltr'><strong><em>non</em></strong></span> <span class='ocrx_word' id='word_1_120' title='bbox 1397 1603 1539 1650; x_wconf 89' lang='lat' dir='ltr'><strong><em>octo.</em></strong></span> <span class='ocrx_word' id='word_1_121' title='bbox 1574 1597 1787 1661; x_wconf 89' lang='lat' dir='ltr'><strong><em>Quibus</em></strong></span> 
     </span>
    </p>
   </div>
   <div class='ocr_carea' id='block_1_19' title="bbox 169 1678 1785 1750">
    <p class='ocr_par' dir='ltr' id='par_1_19' title="bbox 169 1678 1785 1750">
     <span class='ocr_line' id='line_1_19' title="bbox 169 1678 1785 1750; baseline 0.004 -17"><span class='ocrx_word' id='word_1_122' title='bbox 169 1678 532 1749; x_wconf 86' lang='lat' dir='ltr'><strong><em>respondens</em></strong></span> <span class='ocrx_word' id='word_1_123' title='bbox 558 1680 723 1734; x_wconf 85' lang='lat' dir='ltr'><strong><em>Jesus</em></strong></span> <span class='ocrx_word' id='word_1_124' title='bbox 750 1680 830 1733; x_wconf 85' lang='lat' dir='ltr'><strong><em>ait</em></strong></span> <span class='ocrx_word' id='word_1_125' title='bbox 856 1681 967 1735; x_wconf 85' lang='lat' dir='ltr'><strong><em>illis</em></strong></span> <span class='ocrx_word' id='word_1_126' title='bbox 992 1702 1004 1735; x_wconf 89' lang='lat'><strong>:</strong></span> <span class='ocrx_word' id='word_1_127' title='bbox 1038 1684 1276 1750; x_wconf 90' lang='lat' dir='ltr'><strong><em>Erratis,</em></strong></span> <span class='ocrx_word' id='word_1_128' title='bbox 1313 1689 1603 1739; x_wconf 77' lang='lat' dir='ltr'><strong><em>nescientes</em></strong></span> <span class='ocrx_word' id='word_1_129' title='bbox 1633 1688 1785 1742; x_wconf 78' lang='lat' dir='ltr'><strong><em>Scri-</em></strong></span> 
     </span>
    </p>
   </div>
   <div class='ocr_carea' id='block_1_20' title="bbox 1873 535 3473 606">
    <p class='ocr_par' dir='ltr' id='par_1_20' title="bbox 1873 535 3473 606">
     <span class='ocr_line' id='line_1_20' title="bbox 1873 535 3473 606; baseline 0.009 -21"><span class='ocrx_word' id='word_1_130' title='bbox 1873 550 1975 601; x_wconf 85' lang='lat' dir='ltr'><strong><em>que</em></strong></span> <span class='ocrx_word' id='word_1_131' title='bbox 2010 535 2309 599; x_wconf 83' lang='lat' dir='ltr'><strong><em>nubentur,</em></strong></span> <span class='ocrx_word' id='word_1_132' title='bbox 2342 536 2433 587; x_wconf 87' lang='lat' dir='ltr'><strong><em>sed</em></strong></span> <span class='ocrx_word' id='word_1_133' title='bbox 2447 540 2615 589; x_wconf 88' lang='lat' dir='ltr'><strong><em>erunt</em></strong></span> <span class='ocrx_word' id='word_1_134' title='bbox 2641 539 2993 606; x_wconf 86' lang='lat' dir='ltr'><strong><em>sicutangeti</em></strong></span> <span class='ocrx_word' id='word_1_135' title='bbox 3008 543 3070 595; x_wconf 81' lang='lat' dir='ltr'><strong><em>in</em></strong></span> <span class='ocrx_word' id='word_1_136' title='bbox 3100 545 3242 597; x_wconf 59' lang='lat' dir='ltr'><strong><em>creto.</em></strong></span> <span class='ocrx_word' id='word_1_137' title='bbox 3258 542 3473 600; x_wconf 90' lang='lat' dir='ltr'><strong><em>Deinde</em></strong></span> 
     </span>
    </p>
   </div>
   <div class='ocr_carea' id='block_1_21' title="bbox 1872 621 3473 708">
    <p class='ocr_par' dir='ltr' id='par_1_21' title="bbox 1872 621 3473 708">
     <span class='ocr_line' id='line_1_21' title="bbox 1872 621 3473 708; baseline 0.009 -35"><span class='ocrx_word' id='word_1_138' title='bbox 1872 621 2125 690; x_wconf 91' lang='lat' dir='ltr'><strong><em>protulit,</em></strong></span> <span class='ocrx_word' id='word_1_139' title='bbox 2158 627 2225 708; x_wconf 67' lang='lat' dir='ltr'><strong><em>ut</em></strong></span> <span class='ocrx_word' id='word_1_140' title='bbox 2249 622 2589 677; x_wconf 85' lang='lat' dir='ltr'><strong><em>calumniam</em></strong></span> <span class='ocrx_word' id='word_1_141' title='bbox 2621 640 2816 679; x_wconf 90' lang='lat' dir='ltr'><strong><em>eorum</em></strong></span> <span class='ocrx_word' id='word_1_142' title='bbox 2847 633 3184 695; x_wconf 86' lang='lat' dir='ltr'><strong><em>contereret,</em></strong></span> <span class='ocrx_word' id='word_1_143' title='bbox 3218 631 3473 704; x_wconf 86' lang='lat' dir='ltr'><strong><em>Scriptu-</em></strong></span> 
     </span>
    </p>
   </div>
   <div class='ocr_carea' id='block_1_22' title="bbox 1874 710 3469 779">
    <p class='ocr_par' dir='ltr' id='par_1_22' title="bbox 1874 710 3469 779">
     <span class='ocr_line' id='line_1_22' title="bbox 1874 710 3469 779; baseline 0.008 -17"><span class='ocrx_word' id='word_1_144' title='bbox 1874 725 1949 763; x_wconf 72' lang='lat' dir='ltr'><strong><em>rae</em></strong></span> <span class='ocrx_word' id='word_1_145' title='bbox 1975 710 2388 775; x_wconf 80' lang='lat' dir='ltr'><strong><em>auctoritatem,</em></strong></span> <span class='ocrx_word' id='word_1_146' title='bbox 2418 711 2498 765; x_wconf 90' lang='lat' dir='ltr'><strong><em>ita</em></strong></span> <span class='ocrx_word' id='word_1_147' title='bbox 2514 712 2704 767; x_wconf 89' lang='lat' dir='ltr'><strong><em>dicens</em></strong></span> <span class='ocrx_word' id='word_1_148' title='bbox 2727 733 2739 767; x_wconf 92' lang='lat'><strong>:</strong></span> <span class='ocrx_word' id='word_1_149' title='bbox 2763 715 2836 768; x_wconf 90' lang='lat' dir='ltr'><strong><em>De</em></strong></span> <span class='ocrx_word' id='word_1_150' title='bbox 2857 721 3259 773; x_wconf 86' lang='lat' dir='ltr'><strong><em>resurrectione</em></strong></span> <span class='ocrx_word' id='word_1_151' title='bbox 3282 727 3469 779; x_wconf 81' lang='lat' dir='ltr'><strong><em>autem.</em></strong></span> 
     </span>
    </p>
   </div>
   <div class='ocr_carea' id='block_1_23' title="bbox 1873 803 3476 869">
    <p class='ocr_par' dir='ltr' id='par_1_23' title="bbox 1873 803 3476 869">
     <span class='ocr_line' id='line_1_23' title="bbox 1873 803 3476 869; baseline 0.01 -21"><span class='ocrx_word' id='word_1_152' title='bbox 1873 804 2226 851; x_wconf 87' lang='lat' dir='ltr'><strong><em>mortuorum</em></strong></span> <span class='ocrx_word' id='word_1_153' title='bbox 2256 816 2369 853; x_wconf 85' lang='lat' dir='ltr'><strong><em>non</em></strong></span> <span class='ocrx_word' id='word_1_154' title='bbox 2392 803 2596 867; x_wconf 81' lang='lat' dir='ltr'><strong><em>legistis</em></strong></span> <span class='ocrx_word' id='word_1_155' title='bbox 2611 803 2757 869; x_wconf 88' lang='lat' dir='ltr'><strong><em>quod</em></strong></span> <span class='ocrx_word' id='word_1_156' title='bbox 2774 804 2988 858; x_wconf 87' lang='lat' dir='ltr'><strong><em>dictum</em></strong></span> <span class='ocrx_word' id='word_1_157' title='bbox 3006 811 3100 868; x_wconf 86' lang='lat' dir='ltr'><strong><em>est,</em></strong></span> <span class='ocrx_word' id='word_1_158' title='bbox 3134 808 3240 861; x_wconf 90' lang='lat' dir='ltr'><strong><em>Deo</em></strong></span> <span class='ocrx_word' id='word_1_159' title='bbox 3263 810 3476 863; x_wconf 79' lang='lat' dir='ltr'><strong><em>dicente</em></strong></span> 
     </span>
    </p>
   </div>
   <div class='ocr_carea' id='block_1_24' title="bbox 1871 886 3476 961">
    <p class='ocr_par' dir='ltr' id='par_1_24' title="bbox 1871 886 3476 961">
     <span class='ocr_line' id='line_1_24' title="bbox 1871 886 3476 961; baseline 0.008 -23"><span class='ocrx_word' id='word_1_160' title='bbox 1871 886 2152 953; x_wconf 79' lang='lat' dir='ltr'><strong><em>vobis:Ego</em></strong></span> <span class='ocrx_word' id='word_1_161' title='bbox 2174 903 2299 940; x_wconf 90' lang='lat' dir='ltr'><strong><em>sum</em></strong></span> <span class='ocrx_word' id='word_1_162' title='bbox 2332 889 2471 942; x_wconf 87' lang='lat' dir='ltr'><strong><em>Deus</em></strong></span> <span class='ocrx_word' id='word_1_163' title='bbox 2498 888 2804 956; x_wconf 85' lang='lat' dir='ltr'><strong><em>Abraham,</em></strong></span> <span class='ocrx_word' id='word_1_164' title='bbox 2844 892 2987 945; x_wconf 88' lang='lat' dir='ltr'><strong><em>Deus</em></strong></span> <span class='ocrx_word' id='word_1_165' title='bbox 3033 895 3207 961; x_wconf 87' lang='lat' dir='ltr'><strong><em>Isaac,</em></strong></span> <span class='ocrx_word' id='word_1_166' title='bbox 3247 901 3301 948; x_wconf 85' lang='lat' dir='ltr'><strong><em>et</em></strong></span> <span class='ocrx_word' id='word_1_167' title='bbox 3332 897 3476 951; x_wconf 84' lang='lat' dir='ltr'><strong><em>Deus</em></strong></span> 
     </span>
    </p>
   </div>
   <div class='ocr_carea' id='block_1_25' title="bbox 1870 975 3474 1055">
    <p class='ocr_par' dir='ltr' id='par_1_25' title="bbox 1870 975 3474 1055">
     <span class='ocr_line' id='line_1_25' title="bbox 1870 975 3474 1055; baseline 0.006 -27"><span class='ocrx_word' id='word_1_168' title='bbox 1870 976 2051 1029; x_wconf 85' lang='lat' dir='ltr'><strong><em>Jacob.</em></strong></span> <span class='ocrx_word' id='word_1_169' title='bbox 2104 975 2193 1028; x_wconf 85' lang='lat' dir='ltr'><strong><em>Sic</em></strong></span> <span class='ocrx_word' id='word_1_170' title='bbox 2222 981 2279 1029; x_wconf 90' lang='lat' dir='ltr'><strong><em>et</em></strong></span> <span class='ocrx_word' id='word_1_171' title='bbox 2309 992 2411 1029; x_wconf 90' lang='lat' dir='ltr'><strong><em>nos</em></strong></span> <span class='ocrx_word' id='word_1_172' title='bbox 2459 976 2937 1047; x_wconf 86' lang='lat' dir='ltr'><strong><em>interrogantibus</em></strong></span> <span class='ocrx_word' id='word_1_173' title='bbox 2981 996 3104 1047; x_wconf 92' lang='lat' dir='ltr'><strong><em>nos,</em></strong></span> <span class='ocrx_word' id='word_1_174' title='bbox 3138 998 3474 1055; x_wconf 89' lang='lat' dir='ltr'><strong><em>quocunque</em></strong></span> 
     </span>
    </p>
   </div>
   <div class='ocr_carea' id='block_1_26' title="bbox 1870 1064 3466 1140">
    <p class='ocr_par' dir='ltr' id='par_1_26' title="bbox 1870 1064 3466 1140">
     <span class='ocr_line' id='line_1_26' title="bbox 1870 1064 3466 1140; baseline 0.008 -24"><span class='ocrx_word' id='word_1_175' title='bbox 1870 1064 2074 1117; x_wconf 88' lang='lat' dir='ltr'><strong><em>mentis</em></strong></span> <span class='ocrx_word' id='word_1_176' title='bbox 2088 1064 2393 1134; x_wconf 89' lang='lat' dir='ltr'><strong><em>proposito,</em></strong></span> <span class='ocrx_word' id='word_1_177' title='bbox 2412 1065 2568 1136; x_wconf 88' lang='lat' dir='ltr'><strong><em>prius</em></strong></span> <span class='ocrx_word' id='word_1_178' title='bbox 2584 1066 2859 1121; x_wconf 86' lang='lat' dir='ltr'><strong><em>rationem</em></strong></span> <span class='ocrx_word' id='word_1_179' title='bbox 2881 1084 3155 1140; x_wconf 82' lang='lat' dir='ltr'><strong><em>exponere</em></strong></span> <span class='ocrx_word' id='word_1_180' title='bbox 3174 1071 3466 1139; x_wconf 85' lang='lat' dir='ltr'><strong><em>debemus,</em></strong></span> 
     </span>
    </p>
   </div>
   <div class='ocr_carea' id='block_1_27' title="bbox 1867 1153 3471 1224">
    <p class='ocr_par' dir='ltr' id='par_1_27' title="bbox 1867 1153 3471 1224">
     <span class='ocr_line' id='line_1_27' title="bbox 1867 1153 3471 1224; baseline 0.007 -18"><span class='ocrx_word' id='word_1_181' title='bbox 1867 1158 2059 1217; x_wconf 67' lang='lat'><strong><em>922</em></strong></span> <span class='ocrx_word' id='word_1_182' title='bbox 2098 1158 2291 1224; x_wconf 86' lang='lat' dir='ltr'><strong><em>postea</em></strong></span> <span class='ocrx_word' id='word_1_183' title='bbox 2319 1153 2561 1224; x_wconf 90' lang='lat' dir='ltr'><strong><em>idipsum</em></strong></span> <span class='ocrx_word' id='word_1_184' title='bbox 2603 1155 2936 1211; x_wconf 81' lang='lat' dir='ltr'><strong><em>auctoritate</em></strong></span> <span class='ocrx_word' id='word_1_185' title='bbox 2977 1159 3206 1214; x_wconf 90' lang='lat' dir='ltr'><strong><em>ﬁrmare</em></strong></span> <span class='ocrx_word' id='word_1_186' title='bbox 3235 1165 3300 1215; x_wconf 89' lang='lat' dir='ltr'><strong><em>ut</em></strong></span> <span class='ocrx_word' id='word_1_187' title='bbox 3328 1167 3386 1216; x_wconf 90' lang='lat' dir='ltr'><strong><em>et</em></strong></span> <span class='ocrx_word' id='word_1_188' title='bbox 3421 1163 3471 1217; x_wconf 91' lang='lat' dir='ltr'><strong><em>si</em></strong></span> 
     </span>
    </p>
   </div>
   <div class='ocr_carea' id='block_1_28' title="bbox 1871 1242 3471 1322">
    <p class='ocr_par' dir='ltr' id='par_1_28' title="bbox 1871 1242 3471 1322">
     <span class='ocr_line' id='line_1_28' title="bbox 1871 1242 3471 1322; baseline 0.008 -28"><span class='ocrx_word' id='word_1_189' title='bbox 1871 1242 2150 1322; x_wconf 77' lang='lat' dir='ltr'><strong><em>calumnia</em></strong></span> <span class='ocrx_word' id='word_1_190' title='bbox 2192 1249 2295 1308; x_wconf 88' lang='lat' dir='ltr'><strong><em>est,</em></strong></span> <span class='ocrx_word' id='word_1_191' title='bbox 2341 1244 2725 1309; x_wconf 86' lang='lat' dir='ltr'><strong><em>convincatur,</em></strong></span> <span class='ocrx_word' id='word_1_192' title='bbox 2771 1246 2858 1300; x_wconf 91' lang='lat' dir='ltr'><strong><em>sin</em></strong></span> <span class='ocrx_word' id='word_1_193' title='bbox 2896 1252 3087 1303; x_wconf 87' lang='lat' dir='ltr'><strong><em>autem</em></strong></span> <span class='ocrx_word' id='word_1_194' title='bbox 3117 1249 3354 1322; x_wconf 83' lang='lat' dir='ltr'><strong><em>simplex</em></strong></span> <span class='ocrx_word' id='word_1_195' title='bbox 3381 1250 3471 1306; x_wconf 88' lang='lat' dir='ltr'><strong><em>in-</em></strong></span> 
     </span>
    </p>
   </div>
   <div class='ocr_carea' id='block_1_29' title="bbox 1869 1330 3472 1411">
    <p class='ocr_par' dir='ltr' id='par_1_29' title="bbox 1869 1330 3472 1411">
     <span class='ocr_line' id='line_1_29' title="bbox 1869 1330 3472 1411; baseline 0.008 -28"><span class='ocrx_word' id='word_1_196' title='bbox 1869 1330 2196 1401; x_wconf 81' lang='lat' dir='ltr'><strong><em>terrogatio.</em></strong></span> <span class='ocrx_word' id='word_1_197' title='bbox 2226 1332 2513 1387; x_wconf 86' lang='lat' dir='ltr'><strong><em>doceatur.</em></strong></span> <span class='ocrx_word' id='word_1_198' title='bbox 2550 1334 2618 1387; x_wconf 87' lang='lat' dir='ltr'><strong><em>Et</em></strong></span> <span class='ocrx_word' id='word_1_199' title='bbox 2648 1335 2956 1389; x_wconf 89' lang='lat' dir='ltr'><strong><em>notandum</em></strong></span> <span class='ocrx_word' id='word_1_200' title='bbox 2983 1338 3132 1407; x_wconf 90' lang='lat' dir='ltr'><strong><em>quod</em></strong></span> <span class='ocrx_word' id='word_1_201' title='bbox 3147 1355 3369 1411; x_wconf 86' lang='lat' dir='ltr'><strong><em>semper</em></strong></span> <span class='ocrx_word' id='word_1_202' title='bbox 3387 1340 3472 1396; x_wconf 88' lang='lat' dir='ltr'><strong><em>in-</em></strong></span> 
     </span>
    </p>
   </div>
   <div class='ocr_carea' id='block_1_30' title="bbox 1870 1419 3472 1493">
    <p class='ocr_par' dir='ltr' id='par_1_30' title="bbox 1870 1419 3472 1493">
     <span class='ocr_line' id='line_1_30' title="bbox 1870 1419 3472 1493; baseline 0.006 -20"><span class='ocrx_word' id='word_1_203' title='bbox 1870 1419 2086 1474; x_wconf 88' lang='lat' dir='ltr'><strong><em>ﬁrmior</em></strong></span> <span class='ocrx_word' id='word_1_204' title='bbox 2110 1420 2179 1474; x_wconf 85' lang='lat' dir='ltr'><strong><em>sit</em></strong></span> <span class='ocrx_word' id='word_1_205' title='bbox 2211 1421 2534 1477; x_wconf 69' lang='lat' dir='ltr'><strong><em>Judaeorum</em></strong></span> <span class='ocrx_word' id='word_1_206' title='bbox 2555 1423 2874 1493; x_wconf 85' lang='lat' dir='ltr'><strong><em>congressio</em></strong></span> <span class='ocrx_word' id='word_1_207' title='bbox 2893 1431 3088 1479; x_wconf 90' lang='lat' dir='ltr'><strong><em>contra</em></strong></span> <span class='ocrx_word' id='word_1_208' title='bbox 3105 1427 3472 1483; x_wconf 89' lang='lat' dir='ltr'><strong><em>Jesum.Nam</em></strong></span> 
     </span>
    </p>
   </div>
   <div class='ocr_carea' id='block_1_31' title="bbox 1867 1511 3474 1581">
    <p class='ocr_par' dir='ltr' id='par_1_31' title="bbox 1867 1511 3474 1581">
     <span class='ocr_line' id='line_1_31' title="bbox 1867 1511 3474 1581; baseline 0.006 -19"><span class='ocrx_word' id='word_1_209' title='bbox 1867 1526 2037 1579; x_wconf 88' lang='lat' dir='ltr'><strong><em>supra</em></strong></span> <span class='ocrx_word' id='word_1_210' title='bbox 2087 1512 2269 1579; x_wconf 89' lang='lat' dir='ltr'><strong><em>prima</em></strong></span> <span class='ocrx_word' id='word_1_211' title='bbox 2311 1527 2507 1565; x_wconf 91' lang='lat' dir='ltr'><strong><em>eorum</em></strong></span> <span class='ocrx_word' id='word_1_212' title='bbox 2551 1511 2946 1581; x_wconf 83' lang='lat' dir='ltr'><strong><em>interrogatio,</em></strong></span> <span class='ocrx_word' id='word_1_213' title='bbox 2997 1528 3125 1568; x_wconf 92' lang='lat' dir='ltr'><strong><em>cum</em></strong></span> <span class='ocrx_word' id='word_1_214' title='bbox 3154 1519 3372 1570; x_wconf 88' lang='lat' dir='ltr'><strong><em>terrore</em></strong></span> <span class='ocrx_word' id='word_1_215' title='bbox 3415 1521 3474 1571; x_wconf 85' lang='lat' dir='ltr'><strong><em>et</em></strong></span> 
     </span>
    </p>
   </div>
   <div class='ocr_carea' id='block_1_32' title="bbox 1868 1600 3472 1673">
    <p class='ocr_par' dir='ltr' id='par_1_32' title="bbox 1868 1600 3472 1673">
     <span class='ocr_line' id='line_1_32' title="bbox 1868 1600 3472 1673; baseline 0.004 -22"><span class='ocrx_word' id='word_1_216' title='bbox 1868 1604 2145 1669; x_wconf 87' lang='lat' dir='ltr'><strong><em>potestate</em></strong></span> <span class='ocrx_word' id='word_1_217' title='bbox 2161 1600 2457 1654; x_wconf 87' lang='lat' dir='ltr'><strong><em>minaciter</em></strong></span> <span class='ocrx_word' id='word_1_218' title='bbox 2476 1601 2619 1655; x_wconf 87' lang='lat' dir='ltr'><strong><em>facta</em></strong></span> <span class='ocrx_word' id='word_1_219' title='bbox 2644 1606 2730 1654; x_wconf 88' lang='lat' dir='ltr'><strong><em>est</em></strong></span> <span class='ocrx_word' id='word_1_220' title='bbox 2749 1617 2875 1655; x_wconf 91' lang='lat' dir='ltr'><strong><em>cum</em></strong></span> <span class='ocrx_word' id='word_1_221' title='bbox 2896 1601 3092 1656; x_wconf 91' lang='lat' dir='ltr'><strong><em>dicunt</em></strong></span> <span class='ocrx_word' id='word_1_222' title='bbox 3117 1620 3130 1655; x_wconf 87' lang='lat'><strong>:</strong></span> <span class='ocrx_word' id='word_1_223' title='bbox 3160 1605 3229 1657; x_wconf 85' lang='lat' dir='ltr'><strong><em>In</em></strong></span> <span class='ocrx_word' id='word_1_224' title='bbox 3248 1618 3361 1671; x_wconf 86' lang='lat' dir='ltr'><strong><em>qua</em></strong></span> <span class='ocrx_word' id='word_1_225' title='bbox 3380 1619 3472 1673; x_wconf 86' lang='lat' dir='ltr'><strong><em>po-</em></strong></span> 
     </span>
    </p>
   </div>
   <div class='ocr_carea' id='block_1_33' title="bbox 1871 1690 3471 1755">
    <p class='ocr_par' dir='ltr' id='par_1_33' title="bbox 1871 1690 3471 1755">
     <span class='ocr_line' id='line_1_33' title="bbox 1871 1690 3471 1755; baseline 0.003 -13"><span class='ocrx_word' id='word_1_226' title='bbox 1871 1694 2051 1742; x_wconf 83' lang='lat' dir='ltr'><strong><em>testate</em></strong></span> <span class='ocrx_word' id='word_1_227' title='bbox 2066 1690 2203 1755; x_wconf 80' lang='lat' dir='ltr'><strong><em>facis</em></strong></span> <span class='ocrx_word' id='word_1_228' title='bbox 2224 1693 2331 1742; x_wconf 86' lang='lat' dir='ltr'><strong><em>ista</em></strong></span> <span class='ocrx_word' id='word_1_229' title='bbox 2358 1696 2381 1741; x_wconf 70' lang='grc' dir='ltr'><em>Ρ</em></span> <span class='ocrx_word' id='word_1_230' title='bbox 2410 1690 2666 1744; x_wconf 87' lang='lat' dir='ltr'><strong><em>Secunda</em></strong></span> <span class='ocrx_word' id='word_1_231' title='bbox 2680 1706 2808 1744; x_wconf 89' lang='lat' dir='ltr'><strong><em>cum</em></strong></span> <span class='ocrx_word' id='word_1_232' title='bbox 2845 1690 2975 1745; x_wconf 92' lang='lat' dir='ltr'><strong><em>dolo</em></strong></span> <span class='ocrx_word' id='word_1_233' title='bbox 3005 1707 3144 1748; x_wconf 89' lang='lat' dir='ltr'><strong><em>:nec</em></strong></span> <span class='ocrx_word' id='word_1_234' title='bbox 3171 1692 3321 1746; x_wconf 90' lang='lat' dir='ltr'><strong><em>enim</em></strong></span> <span class='ocrx_word' id='word_1_235' title='bbox 3351 1696 3471 1747; x_wconf 85' lang='lat' dir='ltr'><strong><em>ter-</em></strong></span> 
     </span>
    </p>
   </div>
   <div class='ocr_carea' id='block_1_34' title="bbox 165 1757 3470 1851">
    <p class='ocr_par' dir='ltr' id='par_1_34' title="bbox 165 1757 3470 1851">
     <span class='ocr_line' id='line_1_34' title="bbox 165 1757 3470 1851; baseline 0.005 -31"><span class='ocrx_word' id='word_1_236' title='bbox 165 1774 401 1837; x_wconf 84' lang='lat' dir='ltr'><strong><em>pturas,</em></strong></span> <span class='ocrx_word' id='word_1_237' title='bbox 454 1785 625 1838; x_wconf 85' lang='lat' dir='ltr'><strong><em>neque</em></strong></span> <span class='ocrx_word' id='word_1_238' title='bbox 653 1774 914 1824; x_wconf 81' lang='lat' dir='ltr'><strong><em>virtutem</em></strong></span> <span class='ocrx_word' id='word_1_239' title='bbox 950 1773 1066 1825; x_wconf 84' lang='lat' dir='ltr'><strong><em>Dei.</em></strong></span> <span class='ocrx_word' id='word_1_240' title='bbox 1110 1772 1393 1836; x_wconf 77' lang='lat' dir='ltr'><strong><em>Quaeritur</em></strong></span> <span class='ocrx_word' id='word_1_241' title='bbox 1433 1780 1622 1828; x_wconf 89' lang='lat' dir='ltr'><strong><em>autem</em></strong></span> <span class='ocrx_word' id='word_1_242' title='bbox 1654 1757 1848 1846; x_wconf 83' lang='lat' dir='ltr'><strong><em>quidB</em></strong></span> <span class='ocrx_word' id='word_1_243' title='bbox 1870 1783 2016 1837; x_wconf 86' lang='lat' dir='ltr'><strong><em>rent,</em></strong></span> <span class='ocrx_word' id='word_1_244' title='bbox 2046 1778 2144 1830; x_wconf 89' lang='lat' dir='ltr'><strong><em>sed</em></strong></span> <span class='ocrx_word' id='word_1_245' title='bbox 2173 1777 2634 1843; x_wconf 89' lang='lat' dir='ltr'><strong><em>circumveniunt,</em></strong></span> <span class='ocrx_word' id='word_1_246' title='bbox 2668 1784 2725 1832; x_wconf 91' lang='lat' dir='ltr'><strong><em>et</em></strong></span> <span class='ocrx_word' id='word_1_247' title='bbox 2756 1779 3016 1851; x_wconf 87' lang='lat' dir='ltr'><strong><em>decipere</em></strong></span> <span class='ocrx_word' id='word_1_248' title='bbox 3059 1780 3311 1851; x_wconf 88' lang='lat' dir='ltr'><strong><em>gestiunt</em></strong></span> <span class='ocrx_word' id='word_1_249' title='bbox 3335 1797 3470 1836; x_wconf 88' lang='lat' dir='ltr'><strong><em>eum</em></strong></span> 
     </span>
    </p>
   </div>
   <div class='ocr_carea' id='block_1_35' title="bbox 171 1857 1785 1928">
    <p class='ocr_par' dir='ltr' id='par_1_35' title="bbox 171 1857 1785 1928">
     <span class='ocr_line' id='line_1_35' title="bbox 171 1857 1785 1928; baseline 0.006 -19"><span class='ocrx_word' id='word_1_250' title='bbox 171 1861 267 1923; x_wconf 88' lang='lat' dir='ltr'><strong><em>sit,</em></strong></span> <span class='ocrx_word' id='word_1_251' title='bbox 317 1857 472 1927; x_wconf 86' lang='lat' dir='ltr'><strong><em>quod</em></strong></span> <span class='ocrx_word' id='word_1_252' title='bbox 520 1857 797 1927; x_wconf 87' lang='lat' dir='ltr'><strong><em>benignus</em></strong></span> <span class='ocrx_word' id='word_1_253' title='bbox 854 1861 1111 1914; x_wconf 83' lang='lat' dir='ltr'><strong><em>Salvator</em></strong></span> <span class='ocrx_word' id='word_1_254' title='bbox 1138 1861 1235 1927; x_wconf 89' lang='lat' dir='ltr'><strong><em>ait,</em></strong></span> <span class='ocrx_word' id='word_1_255' title='bbox 1270 1863 1512 1928; x_wconf 79' lang='lat' dir='ltr'><strong><em>Erratis,</em></strong></span> <span class='ocrx_word' id='word_1_256' title='bbox 1546 1868 1785 1918; x_wconf 84' lang='lat' dir='ltr'><strong><em>nescien-</em></strong></span> 
     </span>
    </p>
   </div>
   <div class='ocr_carea' id='block_1_36' title="bbox 173 1944 1784 2016">
    <p class='ocr_par' dir='ltr' id='par_1_36' title="bbox 173 1944 1784 2016">
     <span class='ocr_line' id='line_1_36' title="bbox 173 1944 1784 2016; baseline 0.006 -18"><span class='ocrx_word' id='word_1_257' title='bbox 173 1952 249 2000; x_wconf 85' lang='lat' dir='ltr'><strong><em>tes</em></strong></span> <span class='ocrx_word' id='word_1_258' title='bbox 295 1944 641 2014; x_wconf 84' lang='lat' dir='ltr'><strong><em>Scripturas,</em></strong></span> <span class='ocrx_word' id='word_1_259' title='bbox 683 1963 852 2016; x_wconf 84' lang='lat' dir='ltr'><strong><em>neque</em></strong></span> <span class='ocrx_word' id='word_1_260' title='bbox 892 1952 1155 2004; x_wconf 77' lang='lat' dir='ltr'><strong><em>virtutem</em></strong></span> <span class='ocrx_word' id='word_1_261' title='bbox 1187 1952 1300 2004; x_wconf 85' lang='lat' dir='ltr'><strong><em>Dei.</em></strong></span> <span class='ocrx_word' id='word_1_262' title='bbox 1338 1952 1540 2005; x_wconf 90' lang='lat' dir='ltr'><strong><em>Utrum</em></strong></span> <span class='ocrx_word' id='word_1_263' title='bbox 1591 1952 1650 2006; x_wconf 93' lang='lat' dir='ltr'><strong><em>in</em></strong></span> <span class='ocrx_word' id='word_1_264' title='bbox 1680 1955 1784 2007; x_wconf 91' lang='lat' dir='ltr'><strong><em>ali-</em></strong></span> 
     </span>
    </p>
   </div>
   <div class='ocr_carea' id='block_1_37' title="bbox 171 2033 1781 2109">
    <p class='ocr_par' dir='ltr' id='par_1_37' title="bbox 171 2033 1781 2109">
     <span class='ocr_line' id='line_1_37' title="bbox 171 2033 1781 2109; baseline 0.006 -22"><span class='ocrx_word' id='word_1_265' title='bbox 171 2033 387 2106; x_wconf 87' lang='lat' dir='ltr'><strong><em>quibus</em></strong></span> <span class='ocrx_word' id='word_1_266' title='bbox 416 2036 662 2105; x_wconf 88' lang='lat' dir='ltr'><strong><em>positum</em></strong></span> <span class='ocrx_word' id='word_1_267' title='bbox 705 2039 778 2091; x_wconf 91' lang='lat' dir='ltr'><strong><em>sit</em></strong></span> <span class='ocrx_word' id='word_1_268' title='bbox 808 2038 1111 2109; x_wconf 88' lang='lat' dir='ltr'><strong><em>Scripturis</em></strong></span> <span class='ocrx_word' id='word_1_269' title='bbox 1142 2040 1364 2093; x_wconf 85' lang='lat' dir='ltr'><strong><em>Veteris</em></strong></span> <span class='ocrx_word' id='word_1_270' title='bbox 1415 2040 1781 2107; x_wconf 86' lang='lat' dir='ltr'><strong><em>Testamenti,</em></strong></span> 
     </span>
    </p>
   </div>
   <div class='ocr_carea' id='block_1_38' title="bbox 170 2126 1786 2201">
    <p class='ocr_par' dir='ltr' id='par_1_38' title="bbox 170 2126 1786 2201">
     <span class='ocr_line' id='line_1_38' title="bbox 170 2126 1786 2201; baseline 0.006 -24"><span class='ocrx_word' id='word_1_271' title='bbox 170 2126 325 2196; x_wconf 89' lang='lat' dir='ltr'><strong><em>quod</em></strong></span> <span class='ocrx_word' id='word_1_272' title='bbox 345 2126 411 2179; x_wconf 88' lang='lat' dir='ltr'><strong><em>in</em></strong></span> <span class='ocrx_word' id='word_1_273' title='bbox 442 2126 854 2180; x_wconf 87' lang='lat' dir='ltr'><strong><em>resurrectione</em></strong></span> <span class='ocrx_word' id='word_1_274' title='bbox 876 2127 1084 2197; x_wconf 61' lang='lat' dir='ltr'><strong><em>nuptiae</em></strong></span> <span class='ocrx_word' id='word_1_275' title='bbox 1110 2143 1221 2181; x_wconf 89' lang='lat' dir='ltr'><strong><em>non</em></strong></span> <span class='ocrx_word' id='word_1_276' title='bbox 1252 2128 1383 2194; x_wconf 90' lang='lat' dir='ltr'><strong><em>sint,</em></strong></span> <span class='ocrx_word' id='word_1_277' title='bbox 1402 2130 1482 2183; x_wconf 85' lang='lat' dir='ltr'><strong><em>vel</em></strong></span> <span class='ocrx_word' id='word_1_278' title='bbox 1515 2131 1661 2201; x_wconf 90' lang='lat' dir='ltr'><strong><em>quod</em></strong></span> <span class='ocrx_word' id='word_1_279' title='bbox 1693 2132 1786 2186; x_wconf 90' lang='lat' dir='ltr'><strong><em>de-</em></strong></span> 
     </span>
    </p>
   </div>
   <div class='ocr_carea' id='block_1_39' title="bbox 171 2213 1784 2288">
    <p class='ocr_par' dir='ltr' id='par_1_39' title="bbox 171 2213 1784 2288">
     <span class='ocr_line' id='line_1_39' title="bbox 171 2213 1784 2288; baseline 0.005 -22"><span class='ocrx_word' id='word_1_280' title='bbox 171 2213 351 2269; x_wconf 86' lang='lat' dir='ltr'><strong><em>beant</em></strong></span> <span class='ocrx_word' id='word_1_281' title='bbox 378 2213 638 2271; x_wconf 88' lang='lat' dir='ltr'><strong><em>homines</em></strong></span> <span class='ocrx_word' id='word_1_282' title='bbox 655 2215 776 2269; x_wconf 85' lang='lat' dir='ltr'><strong><em>ﬁeri</em></strong></span> <span class='ocrx_word' id='word_1_283' title='bbox 795 2216 1012 2284; x_wconf 83' lang='lat' dir='ltr'><strong><em>angelis</em></strong></span> <span class='ocrx_word' id='word_1_284' title='bbox 1032 2215 1260 2281; x_wconf 91' lang='lat' dir='ltr'><strong><em>similes,</em></strong></span> <span class='ocrx_word' id='word_1_285' title='bbox 1286 2218 1549 2288; x_wconf 90' lang='lat' dir='ltr'><strong><em>quoniam</em></strong></span> <span class='ocrx_word' id='word_1_286' title='bbox 1582 2236 1693 2273; x_wconf 92' lang='lat' dir='ltr'><strong><em>non</em></strong></span> <span class='ocrx_word' id='word_1_287' title='bbox 1725 2221 1784 2275; x_wconf 91' lang='lat' dir='ltr'><strong><em>in</em></strong></span> 
     </span>
    </p>
   </div>
   <div class='ocr_carea' id='block_1_40' title="bbox 170 2305 1784 2376">
    <p class='ocr_par' dir='ltr' id='par_1_40' title="bbox 170 2305 1784 2376">
     <span class='ocr_line' id='line_1_40' title="bbox 170 2305 1784 2376; baseline 0.004 -18"><span class='ocrx_word' id='word_1_288' title='bbox 170 2311 377 2375; x_wconf 86' lang='lat' dir='ltr'><strong><em>aperto</em></strong></span> <span class='ocrx_word' id='word_1_289' title='bbox 404 2312 491 2360; x_wconf 90' lang='lat' dir='ltr'><strong><em>est</em></strong></span> <span class='ocrx_word' id='word_1_290' title='bbox 523 2305 617 2360; x_wconf 91' lang='lat' dir='ltr'><strong><em>ubi</em></strong></span> <span class='ocrx_word' id='word_1_291' title='bbox 642 2305 852 2376; x_wconf 88' lang='lat' dir='ltr'><strong><em>scripta</em></strong></span> <span class='ocrx_word' id='word_1_292' title='bbox 881 2321 947 2358; x_wconf 89' lang='lat' dir='ltr'><strong><em>ea</em></strong></span> <span class='ocrx_word' id='word_1_293' title='bbox 972 2306 1261 2375; x_wconf 86' lang='lat' dir='ltr'><strong><em>legantur:</em></strong></span> <span class='ocrx_word' id='word_1_294' title='bbox 1292 2312 1420 2371; x_wconf 63' lang='lat'><strong>92</strong></span> <span class='ocrx_word' id='word_1_295' title='bbox 1440 2315 1471 2372; x_wconf 81' lang='grc' dir='ltr'><strong>Ι</strong></span> <span class='ocrx_word' id='word_1_296' title='bbox 1516 2314 1573 2361; x_wconf 90' lang='lat' dir='ltr'><strong><em>et</em></strong></span> <span class='ocrx_word' id='word_1_297' title='bbox 1594 2315 1784 2364; x_wconf 88' lang='lat' dir='ltr'><strong><em>tamen</em></strong></span> 
     </span>
    </p>
   </div>
   <div class='ocr_carea' id='block_1_41' title="bbox 170 2394 1783 2466">
    <p class='ocr_par' dir='ltr' id='par_1_41' title="bbox 170 2394 1783 2466">
     <span class='ocr_line' id='line_1_41' title="bbox 170 2394 1783 2466; baseline -0.001 -18"><span class='ocrx_word' id='word_1_298' title='bbox 170 2394 255 2451; x_wconf 85' lang='lat' dir='ltr'><strong><em>sic</em></strong></span> <span class='ocrx_word' id='word_1_299' title='bbox 285 2394 427 2448; x_wconf 90' lang='lat' dir='ltr'><strong><em>dicit</em></strong></span> <span class='ocrx_word' id='word_1_300' title='bbox 457 2394 616 2465; x_wconf 88' lang='lat' dir='ltr'><strong><em>quasi</em></strong></span> <span class='ocrx_word' id='word_1_301' title='bbox 664 2394 721 2447; x_wconf 91' lang='lat' dir='ltr'><strong><em>in</em></strong></span> <span class='ocrx_word' id='word_1_302' title='bbox 760 2394 1041 2464; x_wconf 86' lang='lat' dir='ltr'><strong><em>aliquibus</em></strong></span> <span class='ocrx_word' id='word_1_303' title='bbox 1080 2395 1375 2465; x_wconf 83' lang='lat' dir='ltr'><strong><em>scripturis</em></strong></span> <span class='ocrx_word' id='word_1_304' title='bbox 1409 2396 1659 2466; x_wconf 90' lang='lat' dir='ltr'><strong><em>positum</em></strong></span> <span class='ocrx_word' id='word_1_305' title='bbox 1691 2398 1783 2451; x_wconf 91' lang='lat' dir='ltr'><strong><em>sit.</em></strong></span> 
     </span>
    </p>
   </div>
   <div class='ocr_carea' id='block_1_42' title="bbox 170 2482 1788 2549">
    <p class='ocr_par' dir='ltr' id='par_1_42' title="bbox 170 2482 1788 2549">
     <span class='ocr_line' id='line_1_42' title="bbox 170 2482 1788 2549; baseline 0.003 -13"><span class='ocrx_word' id='word_1_306' title='bbox 170 2482 287 2536; x_wconf 85' lang='lat' dir='ltr'><strong><em>Sed</em></strong></span> <span class='ocrx_word' id='word_1_307' title='bbox 317 2483 637 2549; x_wconf 84' lang='lat' dir='ltr'><strong><em>manifeste,</em></strong></span> <span class='ocrx_word' id='word_1_308' title='bbox 672 2488 735 2537; x_wconf 90' lang='lat' dir='ltr'><strong><em>ut</em></strong></span> <span class='ocrx_word' id='word_1_309' title='bbox 762 2483 891 2549; x_wconf 83' lang='lat' dir='ltr'><strong><em>dixi,</em></strong></span> <span class='ocrx_word' id='word_1_310' title='bbox 943 2484 1002 2537; x_wconf 93' lang='lat' dir='ltr'><strong><em>in</em></strong></span> <span class='ocrx_word' id='word_1_311' title='bbox 1034 2483 1223 2537; x_wconf 86' lang='lat' dir='ltr'><strong><em>Veteri</em></strong></span> <span class='ocrx_word' id='word_1_312' title='bbox 1275 2485 1636 2539; x_wconf 87' lang='lat' dir='ltr'><strong><em>Testamento</em></strong></span> <span class='ocrx_word' id='word_1_313' title='bbox 1682 2487 1788 2541; x_wconf 91' lang='lat' dir='ltr'><strong><em>hoc</em></strong></span> 
     </span>
    </p>
   </div>
   <div class='ocr_carea' id='block_1_43' title="bbox 173 2571 1785 2644">
    <p class='ocr_par' dir='ltr' id='par_1_43' title="bbox 173 2571 1785 2644">
     <span class='ocr_line' id='line_1_43' title="bbox 173 2571 1785 2644; baseline 0.002 -19"><span class='ocrx_word' id='word_1_314' title='bbox 173 2588 293 2625; x_wconf 87' lang='lat' dir='ltr'><strong><em>non</em></strong></span> <span class='ocrx_word' id='word_1_315' title='bbox 323 2571 552 2642; x_wconf 83' lang='lat' dir='ltr'><strong><em>legitur,</em></strong></span> <span class='ocrx_word' id='word_1_316' title='bbox 596 2572 724 2635; x_wconf 90' lang='lat' dir='ltr'><strong><em>nisi,</em></strong></span> <span class='ocrx_word' id='word_1_317' title='bbox 776 2579 840 2625; x_wconf 90' lang='lat' dir='ltr'><strong><em>ut</em></strong></span> <span class='ocrx_word' id='word_1_318' title='bbox 869 2572 1095 2643; x_wconf 90' lang='lat' dir='ltr'><strong><em>quidam</em></strong></span> <span class='ocrx_word' id='word_1_319' title='bbox 1129 2573 1338 2638; x_wconf 87' lang='lat' dir='ltr'><strong><em>volunt,</em></strong></span> <span class='ocrx_word' id='word_1_320' title='bbox 1370 2574 1425 2626; x_wconf 91' lang='lat' dir='ltr'><strong><em>in</em></strong></span> <span class='ocrx_word' id='word_1_321' title='bbox 1472 2575 1785 2644; x_wconf 86' lang='lat' dir='ltr'><strong><em>allegoricis</em></strong></span> 
     </span>
    </p>
   </div>
   <div class='ocr_carea' id='block_1_44' title="bbox 174 2660 1788 2732">
    <p class='ocr_par' dir='ltr' id='par_1_44' title="bbox 174 2660 1788 2732">
     <span class='ocr_line' id='line_1_44' title="bbox 174 2660 1788 2732; baseline 0.001 -17"><span class='ocrx_word' id='word_1_322' title='bbox 174 2661 504 2715; x_wconf 80' lang='lat' dir='ltr'><strong><em>inveniatur</em></strong></span> <span class='ocrx_word' id='word_1_323' title='bbox 534 2662 749 2731; x_wconf 91' lang='lat' dir='ltr'><strong><em>ﬁguris,</em></strong></span> <span class='ocrx_word' id='word_1_324' title='bbox 800 2678 865 2715; x_wconf 91' lang='lat' dir='ltr'><strong><em>ac</em></strong></span> <span class='ocrx_word' id='word_1_325' title='bbox 902 2662 949 2715; x_wconf 88' lang='lat' dir='ltr'><strong><em>si</em></strong></span> <span class='ocrx_word' id='word_1_326' title='bbox 998 2660 1056 2715; x_wconf 92' lang='lat' dir='ltr'><strong><em>in</em></strong></span> <span class='ocrx_word' id='word_1_327' title='bbox 1088 2662 1378 2732; x_wconf 84' lang='lat' dir='ltr'><strong><em>mysterio,</em></strong></span> <span class='ocrx_word' id='word_1_328' title='bbox 1413 2663 1788 2717; x_wconf 86' lang='lat' dir='ltr'><strong><em>indicantibus</em></strong></span> 
     </span>
    </p>
   </div>
   <div class='ocr_carea' id='block_1_45' title="bbox 172 2749 1788 2821">
    <p class='ocr_par' dir='ltr' id='par_1_45' title="bbox 172 2749 1788 2821">
     <span class='ocr_line' id='line_1_45' title="bbox 172 2749 1788 2821; baseline 0.002 -19"><span class='ocrx_word' id='word_1_329' title='bbox 172 2749 509 2821; x_wconf 87' lang='lat' dir='ltr'><strong><em>hujusmodi</em></strong></span> <span class='ocrx_word' id='word_1_330' title='bbox 554 2750 922 2804; x_wconf 88' lang='lat' dir='ltr'><strong><em>intellectum.</em></strong></span> <span class='ocrx_word' id='word_1_331' title='bbox 980 2750 1086 2803; x_wconf 90' lang='lat' dir='ltr'><strong><em>Ubi</em></strong></span> <span class='ocrx_word' id='word_1_332' title='bbox 1121 2767 1249 2804; x_wconf 83' lang='lat' dir='ltr'><strong><em>cum</em></strong></span> <span class='ocrx_word' id='word_1_333' title='bbox 1294 2758 1651 2821; x_wconf 79' lang='lat' dir='ltr'><strong><em>exponuntur</em></strong></span> <span class='ocrx_word' id='word_1_334' title='bbox 1688 2770 1788 2807; x_wconf 86' lang='lat' dir='ltr'><strong><em>nu-</em></strong></span> 
     </span>
    </p>
   </div>
   <div class='ocr_carea' id='block_1_46' title="bbox 173 2838 1786 2915">
    <p class='ocr_par' dir='ltr' id='par_1_46' title="bbox 173 2838 1786 2915">
     <span class='ocr_line' id='line_1_46' title="bbox 173 2838 1786 2915; baseline 0.002 -24"><span class='ocrx_word' id='word_1_335' title='bbox 173 2839 310 2909; x_wconf 63' lang='lat' dir='ltr'><strong><em>ptiis</em></strong></span> <span class='ocrx_word' id='word_1_336' title='bbox 347 2838 657 2904; x_wconf 84' lang='lat' dir='ltr'><strong><em>Abraham;</em></strong></span> <span class='ocrx_word' id='word_1_337' title='bbox 700 2845 756 2892; x_wconf 88' lang='lat' dir='ltr'><strong><em>et</em></strong></span> <span class='ocrx_word' id='word_1_338' title='bbox 786 2838 1224 2893; x_wconf 89' lang='lat' dir='ltr'><strong><em>concubinarum</em></strong></span> <span class='ocrx_word' id='word_1_339' title='bbox 1274 2841 1334 2893; x_wconf 90' lang='lat' dir='ltr'><strong><em>ﬁt</em></strong></span> <span class='ocrx_word' id='word_1_340' title='bbox 1383 2841 1613 2915; x_wconf 68' lang='lat' dir='ltr'><strong><em>mentio,</em></strong></span> <span class='ocrx_word' id='word_1_341' title='bbox 1675 2858 1786 2895; x_wconf 92' lang='lat' dir='ltr'><strong><em>non</em></strong></span> 
     </span>
    </p>
   </div>
   <div class='ocr_carea' id='block_1_47' title="bbox 175 2927 1788 2998">
    <p class='ocr_par' dir='ltr' id='par_1_47' title="bbox 175 2927 1788 2998">
     <span class='ocr_line' id='line_1_47' title="bbox 175 2927 1788 2998; baseline 0.002 -18"><span class='ocrx_word' id='word_1_342' title='bbox 175 2927 574 2998; x_wconf 86' lang='lat' dir='ltr'><strong><em>principaliter</em></strong></span> <span class='ocrx_word' id='word_1_343' title='bbox 600 2928 669 2981; x_wconf 89' lang='lat' dir='ltr'><strong><em>de</em></strong></span> <span class='ocrx_word' id='word_1_344' title='bbox 691 2928 803 2981; x_wconf 90' lang='lat' dir='ltr'><strong><em>illis</em></strong></span> <span class='ocrx_word' id='word_1_345' title='bbox 834 2929 1049 2998; x_wconf 89' lang='lat' dir='ltr'><strong><em>nuptiis</em></strong></span> <span class='ocrx_word' id='word_1_346' title='bbox 1078 2928 1392 2998; x_wconf 84' lang='lat' dir='ltr'><strong><em>intelligere</em></strong></span> <span class='ocrx_word' id='word_1_347' title='bbox 1420 2929 1630 2984; x_wconf 89' lang='lat' dir='ltr'><strong><em>dictum</em></strong></span> <span class='ocrx_word' id='word_1_348' title='bbox 1658 2936 1788 2984; x_wconf 88' lang='lat' dir='ltr'><strong><em>tan-</em></strong></span> 
     </span>
    </p>
   </div>
   <div class='ocr_carea' id='block_1_48' title="bbox 176 3016 1788 3088">
    <p class='ocr_par' dir='ltr' id='par_1_48' title="bbox 176 3016 1788 3088">
     <span class='ocr_line' id='line_1_48' title="bbox 176 3016 1788 3088; baseline 0.002 -19"><span class='ocrx_word' id='word_1_349' title='bbox 176 3023 305 3070; x_wconf 87' lang='lat' dir='ltr'><strong><em>tum</em></strong></span> <span class='ocrx_word' id='word_1_350' title='bbox 334 3016 551 3079; x_wconf 84' lang='lat' dir='ltr'><strong><em>volunt,</em></strong></span> <span class='ocrx_word' id='word_1_351' title='bbox 575 3017 671 3070; x_wconf 90' lang='lat' dir='ltr'><strong><em>sed</em></strong></span> <span class='ocrx_word' id='word_1_352' title='bbox 696 3017 765 3070; x_wconf 90' lang='lat' dir='ltr'><strong><em>de</em></strong></span> <span class='ocrx_word' id='word_1_353' title='bbox 786 3017 992 3071; x_wconf 90' lang='lat' dir='ltr'><strong><em>talibus</em></strong></span> <span class='ocrx_word' id='word_1_354' title='bbox 1022 3018 1216 3088; x_wconf 87' lang='lat' dir='ltr'><strong><em>quales</em></strong></span> <span class='ocrx_word' id='word_1_355' title='bbox 1237 3035 1338 3071; x_wconf 90' lang='lat' dir='ltr'><strong><em>nos</em></strong></span> <span class='ocrx_word' id='word_1_356' title='bbox 1378 3018 1446 3071; x_wconf 92' lang='lat' dir='ltr'><strong><em>de</em></strong></span> <span class='ocrx_word' id='word_1_357' title='bbox 1478 3019 1701 3073; x_wconf 84' lang='lat' dir='ltr'><strong><em>Christo</em></strong></span> <span class='ocrx_word' id='word_1_358' title='bbox 1731 3025 1788 3073; x_wconf 92' lang='lat' dir='ltr'><strong><em>et</em></strong></span> 
     </span>
    </p>
   </div>
   <div class='ocr_carea' id='block_1_49' title="bbox 1868 1865 3466 1939">
    <p class='ocr_par' dir='ltr' id='par_1_49' title="bbox 1868 1865 3466 1939">
     <span class='ocr_line' id='line_1_49' title="bbox 1868 1865 3466 1939; baseline 0.003 -22"><span class='ocrx_word' id='word_1_359' title='bbox 1868 1865 2017 1919; x_wconf 89' lang='lat' dir='ltr'><strong><em>laudi</em></strong></span> <span class='ocrx_word' id='word_1_360' title='bbox 2029 1866 2365 1919; x_wconf 87' lang='lat' dir='ltr'><strong><em>bus.Contra</em></strong></span> <span class='ocrx_word' id='word_1_361' title='bbox 2377 1883 2544 1936; x_wconf 91' lang='lat' dir='ltr'><strong><em>quam</em></strong></span> <span class='ocrx_word' id='word_1_362' title='bbox 2560 1867 2886 1921; x_wconf 89' lang='lat' dir='ltr'><strong><em>acutissima</em></strong></span> <span class='ocrx_word' id='word_1_363' title='bbox 2903 1867 3149 1921; x_wconf 91' lang='lat' dir='ltr'><strong><em>occurrit</em></strong></span> <span class='ocrx_word' id='word_1_364' title='bbox 3167 1868 3466 1939; x_wconf 85' lang='lat' dir='ltr'><strong><em>sapientia,</em></strong></span> 
     </span>
    </p>
   </div>
   <div class='ocr_carea' id='block_1_50' title="bbox 1868 1953 3470 2028">
    <p class='ocr_par' dir='ltr' id='par_1_50' title="bbox 1868 1953 3470 2028">
     <span class='ocr_line' id='line_1_50' title="bbox 1868 1953 3470 2028; baseline 0.002 -23"><span class='ocrx_word' id='word_1_365' title='bbox 1868 1953 2012 2006; x_wconf 89' lang='lat' dir='ltr'><strong><em>sicut</em></strong></span> <span class='ocrx_word' id='word_1_366' title='bbox 2041 1959 2098 2006; x_wconf 91' lang='lat' dir='ltr'><strong><em>et</em></strong></span> <span class='ocrx_word' id='word_1_367' title='bbox 2150 1960 2345 2007; x_wconf 88' lang='lat' dir='ltr'><strong><em>contra</em></strong></span> <span class='ocrx_word' id='word_1_368' title='bbox 2374 1959 2619 2008; x_wconf 87' lang='lat' dir='ltr'><strong><em>terrores</em></strong></span> <span class='ocrx_word' id='word_1_369' title='bbox 2664 1971 2880 2020; x_wconf 90' lang='lat' dir='ltr'><strong><em>eorum,</em></strong></span> <span class='ocrx_word' id='word_1_370' title='bbox 2912 1955 3282 2009; x_wconf 75' lang='lat' dir='ltr'><strong><em>invictissime</em></strong></span> <span class='ocrx_word' id='word_1_371' title='bbox 3312 1955 3470 2028; x_wconf 64' lang='lat' dir='ltr'><strong><em>(orti-</em></strong></span> 
     </span>
    </p>
   </div>
   <div class='ocr_carea' id='block_1_51' title="bbox 1866 2042 3468 2114">
    <p class='ocr_par' dir='ltr' id='par_1_51' title="bbox 1866 2042 3468 2114">
     <span class='ocr_line' id='line_1_51' title="bbox 1866 2042 3468 2114; baseline 0.002 -19"><span class='ocrx_word' id='word_1_372' title='bbox 1866 2042 2203 2096; x_wconf 88' lang='lat' dir='ltr'><strong><em>tudo.Porro</em></strong></span> <span class='ocrx_word' id='word_1_373' title='bbox 2233 2042 2338 2096; x_wconf 90' lang='lat' dir='ltr'><strong><em>hoc</em></strong></span> <span class='ocrx_word' id='word_1_374' title='bbox 2366 2042 2535 2096; x_wconf 86' lang='lat' dir='ltr'><strong><em>tertio</em></strong></span> <span class='ocrx_word' id='word_1_375' title='bbox 2563 2043 2705 2107; x_wconf 92' lang='lat' dir='ltr'><strong><em>loco,</em></strong></span> <span class='ocrx_word' id='word_1_376' title='bbox 2755 2059 2936 2114; x_wconf 90' lang='lat' dir='ltr'><strong><em>neque</em></strong></span> <span class='ocrx_word' id='word_1_377' title='bbox 2969 2060 3096 2098; x_wconf 90' lang='lat' dir='ltr'><strong><em>cum</em></strong></span> <span class='ocrx_word' id='word_1_378' title='bbox 3120 2048 3337 2098; x_wconf 88' lang='lat' dir='ltr'><strong><em>terrore</em></strong></span> <span class='ocrx_word' id='word_1_379' title='bbox 3365 2059 3468 2098; x_wconf 87' lang='lat' dir='ltr'><strong><em>ne-</em></strong></span> 
     </span>
    </p>
   </div>
   <div class='ocr_carea' id='block_1_52' title="bbox 1869 2130 3460 2203">
    <p class='ocr_par' dir='ltr' id='par_1_52' title="bbox 1869 2130 3460 2203">
     <span class='ocr_line' id='line_1_52' title="bbox 1869 2130 3460 2203; baseline 0.003 -20"><span class='ocrx_word' id='word_1_380' title='bbox 1869 2146 1976 2199; x_wconf 92' lang='lat' dir='ltr'><strong><em>que</em></strong></span> <span class='ocrx_word' id='word_1_381' title='bbox 2005 2147 2131 2183; x_wconf 90' lang='lat' dir='ltr'><strong><em>cum</em></strong></span> <span class='ocrx_word' id='word_1_382' title='bbox 2162 2131 2339 2184; x_wconf 92' lang='lat' dir='ltr'><strong><em>multo</em></strong></span> <span class='ocrx_word' id='word_1_383' title='bbox 2365 2130 2511 2195; x_wconf 89' lang='lat' dir='ltr'><strong><em>dolo,</em></strong></span> <span class='ocrx_word' id='word_1_384' title='bbox 2544 2131 2641 2185; x_wconf 90' lang='lat' dir='ltr'><strong><em>sed</em></strong></span> <span class='ocrx_word' id='word_1_385' title='bbox 2667 2147 2733 2184; x_wconf 80' lang='lat' dir='ltr'><strong><em>ex</em></strong></span> <span class='ocrx_word' id='word_1_386' title='bbox 2764 2148 2970 2203; x_wconf 88' lang='lat' dir='ltr'><strong><em>magna</em></strong></span> <span class='ocrx_word' id='word_1_387' title='bbox 3000 2131 3460 2203; x_wconf 57' lang='lat' dir='ltr'><strong><em>praesumptione,</em></strong></span> 
     </span>
    </p>
   </div>
   <div class='ocr_carea' id='block_1_53' title="bbox 1868 2219 3470 2290">
    <p class='ocr_par' dir='ltr' id='par_1_53' title="bbox 1868 2219 3470 2290">
     <span class='ocr_line' id='line_1_53' title="bbox 1868 2219 3470 2290; baseline 0.002 -17"><span class='ocrx_word' id='word_1_388' title='bbox 1868 2226 1926 2274; x_wconf 90' lang='lat' dir='ltr'><strong><em>et</em></strong></span> <span class='ocrx_word' id='word_1_389' title='bbox 1975 2220 2295 2290; x_wconf 87' lang='lat' dir='ltr'><strong><em>ignorantia</em></strong></span> <span class='ocrx_word' id='word_1_390' title='bbox 2322 2219 2585 2273; x_wconf 64' lang='lat' dir='ltr'><strong><em>caecitatis</em></strong></span> <span class='ocrx_word' id='word_1_391' title='bbox 2609 2220 2948 2275; x_wconf 73' lang='lat' dir='ltr'><strong><em>aestimantes</em></strong></span> <span class='ocrx_word' id='word_1_392' title='bbox 2974 2238 3036 2275; x_wconf 90' lang='lat' dir='ltr'><strong><em>se</em></strong></span> <span class='ocrx_word' id='word_1_393' title='bbox 3062 2221 3283 2276; x_wconf 86' lang='lat' dir='ltr'><strong><em>vincere</em></strong></span> <span class='ocrx_word' id='word_1_394' title='bbox 3311 2221 3470 2276; x_wconf 83' lang='lat' dir='ltr'><strong><em>Chri-</em></strong></span> 
     </span>
    </p>
   </div>
   <div class='ocr_carea' id='block_1_54' title="bbox 1868 2308 3468 2379">
    <p class='ocr_par' dir='ltr' id='par_1_54' title="bbox 1868 2308 3468 2379">
     <span class='ocr_line' id='line_1_54' title="bbox 1868 2308 3468 2379; baseline 0.001 -17"><span class='ocrx_word' id='word_1_395' title='bbox 1868 2314 2018 2363; x_wconf 89' lang='lat' dir='ltr'><strong><em>stum</em></strong></span> <span class='ocrx_word' id='word_1_396' title='bbox 2052 2308 2519 2363; x_wconf 88' lang='lat' dir='ltr'><strong><em>resurrectionem</em></strong></span> <span class='ocrx_word' id='word_1_397' title='bbox 2543 2308 2960 2379; x_wconf 73' lang='lat' dir='ltr'><strong><em>prmdicantem.</em></strong></span> <span class='ocrx_word' id='word_1_398' title='bbox 2978 2309 3138 2374; x_wconf 85' lang='lat' dir='ltr'><strong><em>Quod</em></strong></span> <span class='ocrx_word' id='word_1_399' title='bbox 3150 2315 3342 2364; x_wconf 88' lang='lat' dir='ltr'><strong><em>autem</em></strong></span> <span class='ocrx_word' id='word_1_400' title='bbox 3360 2326 3468 2364; x_wconf 87' lang='lat' dir='ltr'><strong><em>no-</em></strong></span> 
     </span>
    </p>
   </div>
   <div class='ocr_carea' id='block_1_55' title="bbox 1868 2396 3472 2468">
    <p class='ocr_par' dir='ltr' id='par_1_55' title="bbox 1868 2396 3472 2468">
     <span class='ocr_line' id='line_1_55' title="bbox 1868 2396 3472 2468; baseline 0.002 -18"><span class='ocrx_word' id='word_1_401' title='bbox 1868 2397 1973 2450; x_wconf 91' lang='lat' dir='ltr'><strong><em>stri</em></strong></span> <span class='ocrx_word' id='word_1_402' title='bbox 2003 2397 2219 2450; x_wconf 88' lang='lat' dir='ltr'><strong><em>codices</em></strong></span> <span class='ocrx_word' id='word_1_403' title='bbox 2250 2396 2460 2452; x_wconf 85' lang='lat' dir='ltr'><strong><em>habent</em></strong></span> <span class='ocrx_word' id='word_1_404' title='bbox 2485 2416 2497 2452; x_wconf 90' lang='lat'>:</span> <span class='ocrx_word' id='word_1_405' title='bbox 2533 2413 2717 2468; x_wconf 89' lang='lat' dir='ltr'><strong><em>neque</em></strong></span> <span class='ocrx_word' id='word_1_406' title='bbox 2744 2397 2977 2465; x_wconf 89' lang='lat' dir='ltr'><strong><em>nubent,</em></strong></span> <span class='ocrx_word' id='word_1_407' title='bbox 3008 2398 3212 2453; x_wconf 89' lang='lat' dir='ltr'><strong><em>Latina</em></strong></span> <span class='ocrx_word' id='word_1_408' title='bbox 3241 2414 3472 2454; x_wconf 88' lang='lat' dir='ltr'><strong><em>consue-</em></strong></span> 
     </span>
    </p>
   </div>
   <div class='ocr_carea' id='block_1_56' title="bbox 1868 2485 3471 2556">
    <p class='ocr_par' dir='ltr' id='par_1_56' title="bbox 1868 2485 3471 2556">
     <span class='ocr_line' id='line_1_56' title="bbox 1868 2485 3471 2556; baseline 0.002 -18"><span class='ocrx_word' id='word_1_409' title='bbox 1868 2486 2006 2538; x_wconf 90' lang='lat' dir='ltr'><strong><em>tudo</em></strong></span> <span class='ocrx_word' id='word_1_410' title='bbox 2055 2486 2247 2539; x_wconf 76' lang='lat' dir='ltr'><strong><em>Graeco</em></strong></span> <span class='ocrx_word' id='word_1_411' title='bbox 2275 2485 2529 2539; x_wconf 87' lang='lat' dir='ltr'><strong><em>idiomati</em></strong></span> <span class='ocrx_word' id='word_1_412' title='bbox 2560 2502 2673 2539; x_wconf 90' lang='lat' dir='ltr'><strong><em>non</em></strong></span> <span class='ocrx_word' id='word_1_413' title='bbox 2710 2486 3010 2556; x_wconf 88' lang='lat' dir='ltr'><strong><em>respondet</em></strong></span> <span class='ocrx_word' id='word_1_414' title='bbox 3062 2486 3289 2542; x_wconf 90' lang='lat' dir='ltr'><strong><em>Nubere</em></strong></span> <span class='ocrx_word' id='word_1_415' title='bbox 3317 2487 3471 2542; x_wconf 88' lang='lat' dir='ltr'><strong><em>enim</em></strong></span> 
     </span>
    </p>
   </div>
   <div class='ocr_carea' id='block_1_57' title="bbox 1871 2573 3473 2644">
    <p class='ocr_par' dir='ltr' id='par_1_57' title="bbox 1871 2573 3473 2644">
     <span class='ocr_line' id='line_1_57' title="bbox 1871 2573 3473 2644; baseline 0.003 -18"><span class='ocrx_word' id='word_1_416' title='bbox 1871 2574 2092 2644; x_wconf 84' lang='lat' dir='ltr'><strong><em>proprie</em></strong></span> <span class='ocrx_word' id='word_1_417' title='bbox 2118 2573 2420 2627; x_wconf 89' lang='lat' dir='ltr'><strong><em>mulierum</em></strong></span> <span class='ocrx_word' id='word_1_418' title='bbox 2441 2580 2546 2639; x_wconf 89' lang='lat' dir='ltr'><strong><em>est,</em></strong></span> <span class='ocrx_word' id='word_1_419' title='bbox 2572 2579 2630 2627; x_wconf 90' lang='lat' dir='ltr'><strong><em>et</em></strong></span> <span class='ocrx_word' id='word_1_420' title='bbox 2655 2574 2921 2631; x_wconf 82' lang='lat' dir='ltr'><strong><em>virorum.</em></strong></span> <span class='ocrx_word' id='word_1_421' title='bbox 2951 2575 3097 2629; x_wconf 90' lang='lat' dir='ltr'><strong><em>sicut</em></strong></span> <span class='ocrx_word' id='word_1_422' title='bbox 3117 2575 3263 2631; x_wconf 90' lang='lat' dir='ltr'><strong><em>alius</em></strong></span> <span class='ocrx_word' id='word_1_423' title='bbox 3300 2575 3473 2631; x_wconf 89' lang='lat' dir='ltr'><strong><em>inter-</em></strong></span> 
     </span>
    </p>
   </div>
   <div class='ocr_carea' id='block_1_58' title="bbox 1872 2663 3468 2735">
    <p class='ocr_par' dir='ltr' id='par_1_58' title="bbox 1872 2663 3468 2735">
     <span class='ocr_line' id='line_1_58' title="bbox 1872 2663 3468 2735; baseline 0.003 -19"><span class='ocrx_word' id='word_1_424' title='bbox 1872 2680 1998 2733; x_wconf 88' lang='lat' dir='ltr'><strong><em>pres</em></strong></span> <span class='ocrx_word' id='word_1_425' title='bbox 2029 2663 2232 2734; x_wconf 83' lang='lat' dir='ltr'><strong><em>posuit,</em></strong></span> <span class='ocrx_word' id='word_1_426' title='bbox 2266 2680 2468 2717; x_wconf 84' lang='lat' dir='ltr'><strong><em>uxores</em></strong></span> <span class='ocrx_word' id='word_1_427' title='bbox 2496 2663 2717 2717; x_wconf 87' lang='lat' dir='ltr'><strong><em>ducere.</em></strong></span> <span class='ocrx_word' id='word_1_428' title='bbox 2744 2664 2853 2718; x_wconf 90' lang='lat' dir='ltr'><strong><em>Sed</em></strong></span> <span class='ocrx_word' id='word_1_429' title='bbox 2878 2680 2982 2718; x_wconf 89' lang='lat' dir='ltr'><strong><em>nos</em></strong></span> <span class='ocrx_word' id='word_1_430' title='bbox 3006 2664 3335 2735; x_wconf 89' lang='lat' dir='ltr'><strong><em>simpliciter</em></strong></span> <span class='ocrx_word' id='word_1_431' title='bbox 3360 2665 3468 2720; x_wconf 87' lang='lat' dir='ltr'><strong><em>hoc</em></strong></span> 
     </span>
    </p>
   </div>
   <div class='ocr_carea' id='block_1_59' title="bbox 1871 2751 3472 2822">
    <p class='ocr_par' dir='ltr' id='par_1_59' title="bbox 1871 2751 3472 2822">
     <span class='ocr_line' id='line_1_59' title="bbox 1871 2751 3472 2822; baseline 0.001 -17"><span class='ocrx_word' id='word_1_432' title='bbox 1871 2752 2080 2806; x_wconf 91' lang='lat' dir='ltr'><strong><em>dictum</em></strong></span> <span class='ocrx_word' id='word_1_433' title='bbox 2134 2752 2492 2822; x_wconf 87' lang='lat' dir='ltr'><strong><em>accipiamus,</em></strong></span> <span class='ocrx_word' id='word_1_434' title='bbox 2544 2752 2691 2822; x_wconf 91' lang='lat' dir='ltr'><strong><em>quod</em></strong></span> <span class='ocrx_word' id='word_1_435' title='bbox 2742 2751 2953 2806; x_wconf 89' lang='lat' dir='ltr'><strong><em>nubere</em></strong></span> <span class='ocrx_word' id='word_1_436' title='bbox 3006 2753 3076 2807; x_wconf 93' lang='lat' dir='ltr'><strong><em>de</em></strong></span> <span class='ocrx_word' id='word_1_437' title='bbox 3130 2752 3283 2818; x_wconf 84' lang='lat' dir='ltr'><strong><em>viris,</em></strong></span> <span class='ocrx_word' id='word_1_438' title='bbox 3334 2752 3472 2807; x_wconf 88' lang='lat' dir='ltr'><strong><em>nubi</em></strong></span> 
     </span>
    </p>
   </div>
   <div class='ocr_carea' id='block_1_60' title="bbox 1867 2841 3466 2914">
    <p class='ocr_par' dir='ltr' id='par_1_60' title="bbox 1867 2841 3466 2914">
     <span class='ocr_line' id='line_1_60' title="bbox 1867 2841 3466 2914; baseline 0.003 -21"><span class='ocrx_word' id='word_1_439' title='bbox 1867 2858 1998 2896; x_wconf 87' lang='lat' dir='ltr'><strong><em>vero</em></strong></span> <span class='ocrx_word' id='word_1_440' title='bbox 2036 2842 2106 2895; x_wconf 92' lang='lat' dir='ltr'><strong><em>de</em></strong></span> <span class='ocrx_word' id='word_1_441' title='bbox 2128 2841 2395 2897; x_wconf 84' lang='lat' dir='ltr'><strong><em>uxoribus</em></strong></span> <span class='ocrx_word' id='word_1_442' title='bbox 2420 2842 2630 2896; x_wconf 90' lang='lat' dir='ltr'><strong><em>dictum</em></strong></span> <span class='ocrx_word' id='word_1_443' title='bbox 2653 2848 2756 2896; x_wconf 88' lang='lat' dir='ltr'><strong><em>est.</em></strong></span> <span class='ocrx_word' id='word_1_444' title='bbox 2787 2842 2895 2897; x_wconf 90' lang='lat' dir='ltr'><strong><em>Sed</em></strong></span> <span class='ocrx_word' id='word_1_445' title='bbox 2912 2848 2970 2896; x_wconf 91' lang='lat' dir='ltr'><strong><em>et</em></strong></span> <span class='ocrx_word' id='word_1_446' title='bbox 2992 2842 3064 2896; x_wconf 87' lang='lat' dir='ltr'><strong><em>ad</em></strong></span> <span class='ocrx_word' id='word_1_447' title='bbox 3093 2842 3466 2914; x_wconf 88' lang='lat' dir='ltr'><strong><em>comproban-</em></strong></span> 
     </span>
    </p>
   </div>
   <div class='ocr_carea' id='block_1_61' title="bbox 1868 2931 3472 2998">
    <p class='ocr_par' dir='ltr' id='par_1_61' title="bbox 1868 2931 3472 2998">
     <span class='ocr_line' id='line_1_61' title="bbox 1868 2931 3472 2998; baseline 0.001 -13"><span class='ocrx_word' id='word_1_448' title='bbox 1868 2931 1997 2985; x_wconf 91' lang='lat' dir='ltr'><strong><em>dam</em></strong></span> <span class='ocrx_word' id='word_1_449' title='bbox 2028 2931 2454 2985; x_wconf 87' lang='lat' dir='ltr'><strong><em>resurrectionis</em></strong></span> <span class='ocrx_word' id='word_1_450' title='bbox 2479 2931 2796 2998; x_wconf 85' lang='lat' dir='ltr'><strong><em>veritatem,</em></strong></span> <span class='ocrx_word' id='word_1_451' title='bbox 2821 2932 2999 2986; x_wconf 91' lang='lat' dir='ltr'><strong><em>multo</em></strong></span> <span class='ocrx_word' id='word_1_452' title='bbox 3012 2931 3140 2986; x_wconf 89' lang='lat' dir='ltr'><strong><em>aliis</em></strong></span> <span class='ocrx_word' id='word_1_453' title='bbox 3160 2931 3472 2987; x_wconf 81' lang='lat' dir='ltr'><strong><em>evidentio-</em></strong></span> 
     </span>
    </p>
   </div>
   <div class='ocr_carea' id='block_1_62' title="bbox 1868 3019 3475 3090">
    <p class='ocr_par' dir='ltr' id='par_1_62' title="bbox 1868 3019 3475 3090">
     <span class='ocr_line' id='line_1_62' title="bbox 1868 3019 3475 3090; baseline 0.002 -18"><span class='ocrx_word' id='word_1_454' title='bbox 1868 3019 2023 3073; x_wconf 90' lang='lat' dir='ltr'><strong><em>ribus</em></strong></span> <span class='ocrx_word' id='word_1_455' title='bbox 2045 3020 2123 3074; x_wconf 90' lang='lat' dir='ltr'><strong><em>uti</em></strong></span> <span class='ocrx_word' id='word_1_456' title='bbox 2150 3020 2334 3090; x_wconf 91' lang='lat' dir='ltr'><strong><em>potuit</em></strong></span> <span class='ocrx_word' id='word_1_457' title='bbox 2353 3020 2709 3085; x_wconf 87' lang='lat' dir='ltr'><strong><em>testimoniis,</em></strong></span> <span class='ocrx_word' id='word_1_458' title='bbox 2742 3036 2772 3073; x_wconf 92' lang='lat' dir='ltr'><strong><em>e</em></strong></span> <span class='ocrx_word' id='word_1_459' title='bbox 2806 3019 3011 3090; x_wconf 89' lang='lat' dir='ltr'><strong><em>quibus</em></strong></span> <span class='ocrx_word' id='word_1_460' title='bbox 3036 3026 3123 3074; x_wconf 91' lang='lat' dir='ltr'><strong><em>est</em></strong></span> <span class='ocrx_word' id='word_1_461' title='bbox 3140 3020 3279 3075; x_wconf 90' lang='lat' dir='ltr'><strong><em>illud</em></strong></span> <span class='ocrx_word' id='word_1_462' title='bbox 3303 3037 3316 3072; x_wconf 89' lang='lat'><strong>:</strong></span> <span class='ocrx_word' id='word_1_463' title='bbox 3341 3020 3475 3076; x_wconf 88' lang='lat' dir='ltr'><strong><em>Sus-</em></strong></span> 
     </span>
    </p>
   </div>
   <div class='ocr_carea' id='block_1_63' title="bbox 178 3081 3470 3180">
    <p class='ocr_par' dir='ltr' id='par_1_63' title="bbox 178 3081 3470 3180">
     <span class='ocr_line' id='line_1_63' title="bbox 178 3081 3470 3180; baseline 0.001 -19"><span class='ocrx_word' id='word_1_464' title='bbox 178 3105 432 3161; x_wconf 89' lang='lat' dir='ltr'><strong><em>Ecclesia</em></strong></span> <span class='ocrx_word' id='word_1_465' title='bbox 464 3106 824 3177; x_wconf 82' lang='lat' dir='ltr'><strong><em>exposuimus</em></strong></span> <span class='ocrx_word' id='word_1_466' title='bbox 847 3125 859 3173; x_wconf 85' lang='lat'><strong>;</strong></span> <span class='ocrx_word' id='word_1_467' title='bbox 884 3107 1138 3177; x_wconf 88' lang='lat' dir='ltr'><strong><em>talesque</em></strong></span> <span class='ocrx_word' id='word_1_468' title='bbox 1168 3106 1284 3160; x_wconf 86' lang='lat' dir='ltr'><strong><em>fore</em></strong></span> <span class='ocrx_word' id='word_1_469' title='bbox 1306 3108 1362 3161; x_wconf 90' lang='lat' dir='ltr'><strong><em>in</em></strong></span> <span class='ocrx_word' id='word_1_470' title='bbox 1377 3108 1578 3161; x_wconf 70' lang='lat' dir='ltr'><strong><em>saeculo</em></strong></span> <span class='ocrx_word' id='word_1_471' title='bbox 1608 3109 1784 3166; x_wconf 78' lang='lat' dir='ltr'><strong><em>illo.in</em></strong></span> <span class='ocrx_word' id='word_1_472' title='bbox 1803 3081 1847 3143; x_wconf 61' lang='grc' dir='ltr'><strong><em>ί)</em></strong></span> <span class='ocrx_word' id='word_1_473' title='bbox 1869 3108 2196 3162; x_wconf 79' lang='lat' dir='ltr'><strong><em>citabantur</em></strong></span> <span class='ocrx_word' id='word_1_474' title='bbox 2226 3109 2454 3172; x_wconf 80' lang='lat' dir='ltr'><strong><em>mOrtui,</em></strong></span> <span class='ocrx_word' id='word_1_475' title='bbox 2488 3115 2546 3162; x_wconf 88' lang='lat' dir='ltr'><strong><em>et</em></strong></span> <span class='ocrx_word' id='word_1_476' title='bbox 2573 3114 2871 3179; x_wconf 77' lang='lat' dir='ltr'><strong><em>resurgant</em></strong></span> <span class='ocrx_word' id='word_1_477' title='bbox 2896 3109 2992 3180; x_wconf 91' lang='lat' dir='ltr'><strong><em>qui</em></strong></span> <span class='ocrx_word' id='word_1_478' title='bbox 3019 3109 3078 3163; x_wconf 92' lang='lat' dir='ltr'><strong><em>in</em></strong></span> <span class='ocrx_word' id='word_1_479' title='bbox 3106 3109 3470 3165; x_wconf 86' lang='lat' dir='ltr'><strong><em>monunentis</em></strong></span> 
     </span>
    </p>
   </div>
   <div class='ocr_carea' id='block_1_64' title="bbox 179 3194 3473 3275">
    <p class='ocr_par' dir='ltr' id='par_1_64' title="bbox 179 3194 3473 3275">
     <span class='ocr_line' id='line_1_64' title="bbox 179 3194 3473 3275; baseline 0.002 -27"><span class='ocrx_word' id='word_1_480' title='bbox 179 3194 389 3266; x_wconf 89' lang='lat' dir='ltr'><strong><em>quibus</em></strong></span> <span class='ocrx_word' id='word_1_481' title='bbox 416 3196 747 3275; x_wconf 79' lang='lat' dir='ltr'><strong><em>angelorum</em></strong></span> <span class='ocrx_word' id='word_1_482' title='bbox 782 3196 1076 3266; x_wconf 75' lang='lat' dir='ltr'><strong><em>aequalitas</em></strong></span> <span class='ocrx_word' id='word_1_483' title='bbox 1130 3204 1509 3267; x_wconf 85' lang='lat' dir='ltr'><strong><em>comparetur.</em></strong></span> <span class='ocrx_word' id='word_1_484' title='bbox 1544 3198 1786 3253; x_wconf 81' lang='lat' dir='ltr'><strong><em>Videant</em></strong></span> <span class='ocrx_word' id='word_1_485' title='bbox 1868 3205 2017 3251; x_wconf 86' lang='lat' dir='ltr'><strong><em>sunt.</em></strong></span> <span class='ocrx_word' id='word_1_486' title='bbox 2092 3198 2162 3251; x_wconf 88' lang='lat' dir='ltr'><strong><em>Et</em></strong></span> <span class='ocrx_word' id='word_1_487' title='bbox 2188 3198 2245 3251; x_wconf 92' lang='lat' dir='ltr'><strong><em>in</em></strong></span> <span class='ocrx_word' id='word_1_488' title='bbox 2271 3197 2380 3250; x_wconf 88' lang='lat' dir='ltr'><strong><em>alio</em></strong></span> <span class='ocrx_word' id='word_1_489' title='bbox 2412 3197 2550 3259; x_wconf 86' lang='lat' dir='ltr'><strong><em>loco,</em></strong></span> <span class='ocrx_word' id='word_1_490' title='bbox 2586 3197 2743 3251; x_wconf 77' lang='lat' dir='ltr'><strong><em>Multi</em></strong></span> <span class='ocrx_word' id='word_1_491' title='bbox 2773 3197 3175 3251; x_wconf 88' lang='lat' dir='ltr'><strong><em>dormientium</em></strong></span> <span class='ocrx_word' id='word_1_492' title='bbox 3207 3197 3277 3252; x_wconf 87' lang='lat' dir='ltr'><strong><em>de</em></strong></span> <span class='ocrx_word' id='word_1_493' title='bbox 3305 3203 3473 3253; x_wconf 68' lang='lat' dir='ltr'><strong><em>terra:</em></strong></span> 
     </span>
    </p>
   </div>
   <div class='ocr_carea' id='block_1_65' title="bbox 177 3283 3471 3358">
    <p class='ocr_par' dir='ltr' id='par_1_65' title="bbox 177 3283 3471 3358">
     <span class='ocr_line' id='line_1_65' title="bbox 177 3283 3471 3358; baseline 0.002 -21"><span class='ocrx_word' id='word_1_494' title='bbox 177 3284 261 3337; x_wconf 89' lang='lat' dir='ltr'><strong><em>illi</em></strong></span> <span class='ocrx_word' id='word_1_495' title='bbox 293 3283 431 3355; x_wconf 91' lang='lat' dir='ltr'><strong><em>quid</em></strong></span> <span class='ocrx_word' id='word_1_496' title='bbox 460 3284 811 3348; x_wconf 88' lang='lat' dir='ltr'><strong><em>dicant,dum</em></strong></span> <span class='ocrx_word' id='word_1_497' title='bbox 846 3285 1119 3343; x_wconf 88' lang='lat' dir='ltr'><strong><em>catholice</em></strong></span> <span class='ocrx_word' id='word_1_498' title='bbox 1143 3285 1334 3339; x_wconf 89' lang='lat' dir='ltr'><strong><em>dicant</em></strong></span> <span class='ocrx_word' id='word_1_499' title='bbox 1362 3302 1463 3340; x_wconf 93' lang='lat' dir='ltr'><strong><em>nos</em></strong></span> <span class='ocrx_word' id='word_1_500' title='bbox 1484 3291 1674 3340; x_wconf 90' lang='lat' dir='ltr'><strong><em>tamen</em></strong></span> <span class='ocrx_word' id='word_1_501' title='bbox 1705 3287 1785 3340; x_wconf 91' lang='lat' dir='ltr'><strong><em>di-</em></strong></span> <span class='ocrx_word' id='word_1_502' title='bbox 1867 3288 2096 3358; x_wconf 89' lang='lat' dir='ltr'><strong><em>pulvere</em></strong></span> <span class='ocrx_word' id='word_1_503' title='bbox 2116 3294 2471 3356; x_wconf 86' lang='lat' dir='ltr'><strong><em>consurgent,</em></strong></span> <span class='ocrx_word' id='word_1_504' title='bbox 2490 3286 2585 3340; x_wconf 90' lang='lat' dir='ltr'><strong><em>alii</em></strong></span> <span class='ocrx_word' id='word_1_505' title='bbox 2606 3293 2664 3340; x_wconf 88' lang='lat' dir='ltr'><strong><em>in</em></strong></span> <span class='ocrx_word' id='word_1_506' title='bbox 2685 3286 2881 3350; x_wconf 86' lang='lat' dir='ltr'><strong><em>vitam,</em></strong></span> <span class='ocrx_word' id='word_1_507' title='bbox 2903 3286 3000 3341; x_wconf 88' lang='lat' dir='ltr'><strong><em>alii</em></strong></span> <span class='ocrx_word' id='word_1_508' title='bbox 3025 3286 3083 3340; x_wconf 90' lang='lat' dir='ltr'><strong><em>in</em></strong></span> <span class='ocrx_word' id='word_1_509' title='bbox 3104 3286 3471 3358; x_wconf 89' lang='lat' dir='ltr'><strong><em>opprobrium</em></strong></span> 
     </span>
    </p>
   </div>
   <div class='ocr_carea' id='block_1_66' title="bbox 174 3372 3473 3447">
    <p class='ocr_par' dir='ltr' id='par_1_66' title="bbox 174 3372 3473 3447">
     <span class='ocr_line' id='line_1_66' title="bbox 174 3372 3473 3447; baseline 0.002 -21"><span class='ocrx_word' id='word_1_510' title='bbox 174 3372 378 3437; x_wconf 88' lang='lat' dir='ltr'><strong><em>cimus,</em></strong></span> <span class='ocrx_word' id='word_1_511' title='bbox 398 3372 532 3441; x_wconf 87' lang='lat' dir='ltr'><strong><em>quia</em></strong></span> <span class='ocrx_word' id='word_1_512' title='bbox 553 3372 830 3442; x_wconf 89' lang='lat' dir='ltr'><strong><em>sapientia</em></strong></span> <span class='ocrx_word' id='word_1_513' title='bbox 850 3372 949 3426; x_wconf 92' lang='lat' dir='ltr'><strong><em>Dei</em></strong></span> <span class='ocrx_word' id='word_1_514' title='bbox 967 3373 1252 3444; x_wconf 87' lang='lat' dir='ltr'><strong><em>sapienter</em></strong></span> <span class='ocrx_word' id='word_1_515' title='bbox 1269 3375 1455 3444; x_wconf 84' lang='lat' dir='ltr'><strong><em>arguit</em></strong></span> <span class='ocrx_word' id='word_1_516' title='bbox 1487 3376 1785 3445; x_wconf 89' lang='lat' dir='ltr'><strong><em>negligen—</em></strong></span> <span class='ocrx_word' id='word_1_517' title='bbox 1867 3382 1926 3429; x_wconf 91' lang='lat' dir='ltr'><strong><em>et</em></strong></span> <span class='ocrx_word' id='word_1_518' title='bbox 1952 3375 2010 3428; x_wconf 92' lang='lat' dir='ltr'><strong><em>in</em></strong></span> <span class='ocrx_word' id='word_1_519' title='bbox 2038 3374 2418 3430; x_wconf 90' lang='lat' dir='ltr'><strong><em>confusionem</em></strong></span> <span class='ocrx_word' id='word_1_520' title='bbox 2438 3383 2728 3429; x_wconf 57' lang='lat' dir='ltr'><strong><em>aeternam.</em></strong></span> <span class='ocrx_word' id='word_1_521' title='bbox 2753 3375 2993 3444; x_wconf 90' lang='lat' dir='ltr'><strong><em>Propter</em></strong></span> <span class='ocrx_word' id='word_1_522' title='bbox 3003 3375 3152 3447; x_wconf 90' lang='lat' dir='ltr'><strong><em>quod</em></strong></span> <span class='ocrx_word' id='word_1_523' title='bbox 3167 3376 3298 3445; x_wconf 88' lang='lat' dir='ltr'><strong><em>jure</em></strong></span> <span class='ocrx_word' id='word_1_524' title='bbox 3317 3392 3473 3447; x_wconf 64' lang='lat' dir='ltr'><strong><em>quaa-</em></strong></span> 
     </span>
    </p>
   </div>
   <div class='ocr_carea' id='block_1_67' title="bbox 174 3461 3468 3533">
    <p class='ocr_par' dir='ltr' id='par_1_67' title="bbox 174 3461 3468 3533">
     <span class='ocr_line' id='line_1_67' title="bbox 174 3461 3468 3533; baseline 0.001 -17"><span class='ocrx_word' id='word_1_525' title='bbox 174 3463 315 3516; x_wconf 88' lang='lat' dir='ltr'><strong><em>tiam</em></strong></span> <span class='ocrx_word' id='word_1_526' title='bbox 328 3478 546 3528; x_wconf 90' lang='lat' dir='ltr'><strong><em>eorum,</em></strong></span> <span class='ocrx_word' id='word_1_527' title='bbox 567 3478 694 3515; x_wconf 90' lang='lat' dir='ltr'><strong><em>cum</em></strong></span> <span class='ocrx_word' id='word_1_528' title='bbox 709 3461 912 3516; x_wconf 88' lang='lat' dir='ltr'><strong><em>etdicit</em></strong></span> <span class='ocrx_word' id='word_1_529' title='bbox 936 3481 946 3515; x_wconf 91' lang='lat'><strong>:</strong></span> <span class='ocrx_word' id='word_1_530' title='bbox 973 3464 1193 3516; x_wconf 84' lang='lat' dir='ltr'><strong><em>Erratis</em></strong></span> <span class='ocrx_word' id='word_1_531' title='bbox 1222 3467 1515 3517; x_wconf 84' lang='lat' dir='ltr'><strong><em>nescientes</em></strong></span> <span class='ocrx_word' id='word_1_532' title='bbox 1535 3464 1786 3533; x_wconf 82' lang='lat' dir='ltr'><strong><em>Scriptu-</em></strong></span> <span class='ocrx_word' id='word_1_533' title='bbox 1866 3463 2030 3528; x_wconf 89' lang='lat' dir='ltr'><strong><em>ritur,</em></strong></span> <span class='ocrx_word' id='word_1_534' title='bbox 2085 3480 2186 3517; x_wconf 91' lang='lat' dir='ltr'><strong><em>cur</em></strong></span> <span class='ocrx_word' id='word_1_535' title='bbox 2219 3463 2321 3515; x_wconf 91' lang='lat' dir='ltr'><strong><em>hoc</em></strong></span> <span class='ocrx_word' id='word_1_536' title='bbox 2349 3463 2622 3516; x_wconf 79' lang='lat' dir='ltr'><strong><em>Dominus</em></strong></span> <span class='ocrx_word' id='word_1_537' title='bbox 2655 3462 2905 3533; x_wconf 87' lang='lat' dir='ltr'><strong><em>proferre</em></strong></span> <span class='ocrx_word' id='word_1_538' title='bbox 2934 3463 3181 3518; x_wconf 88' lang='lat' dir='ltr'><strong><em>noluerit</em></strong></span> <span class='ocrx_word' id='word_1_539' title='bbox 3207 3464 3468 3519; x_wconf 86' lang='lat' dir='ltr'><strong><em>testimo-</em></strong></span> 
     </span>
    </p>
   </div>
   <div class='ocr_carea' id='block_1_68' title="bbox 178 3549 3468 3622">
    <p class='ocr_par' dir='ltr' id='par_1_68' title="bbox 178 3549 3468 3622">
     <span class='ocr_line' id='line_1_68' title="bbox 178 3549 3468 3622; baseline 0.001 -19"><span class='ocrx_word' id='word_1_540' title='bbox 178 3567 292 3615; x_wconf 86' lang='lat' dir='ltr'><strong><em>ras,</em></strong></span> <span class='ocrx_word' id='word_1_541' title='bbox 329 3566 502 3618; x_wconf 88' lang='lat' dir='ltr'><strong><em>neque</em></strong></span> <span class='ocrx_word' id='word_1_542' title='bbox 533 3553 797 3603; x_wconf 75' lang='lat' dir='ltr'><strong><em>virtutem</em></strong></span> <span class='ocrx_word' id='word_1_543' title='bbox 822 3551 937 3603; x_wconf 79' lang='lat' dir='ltr'><strong><em>Dei.</em></strong></span> <span class='ocrx_word' id='word_1_544' title='bbox 978 3551 1123 3614; x_wconf 89' lang='lat' dir='ltr'><strong><em>Quia</em></strong></span> <span class='ocrx_word' id='word_1_545' title='bbox 1144 3567 1255 3604; x_wconf 88' lang='lat' dir='ltr'><strong><em>non</em></strong></span> <span class='ocrx_word' id='word_1_546' title='bbox 1292 3551 1569 3622; x_wconf 85' lang='lat' dir='ltr'><strong><em>legebant,</em></strong></span> <span class='ocrx_word' id='word_1_547' title='bbox 1604 3553 1782 3607; x_wconf 90' lang='lat' dir='ltr'><strong><em>Deum</em></strong></span> <span class='ocrx_word' id='word_1_548' title='bbox 1865 3552 2023 3605; x_wconf 91' lang='lat' dir='ltr'><strong><em>nium</em></strong></span> <span class='ocrx_word' id='word_1_549' title='bbox 2044 3550 2242 3614; x_wconf 62' lang='grc' dir='ltr'><strong><em>γρυοά</em></strong></span> <span class='ocrx_word' id='word_1_550' title='bbox 2268 3550 2411 3603; x_wconf 89' lang='lat' dir='ltr'><strong><em>forte</em></strong></span> <span class='ocrx_word' id='word_1_551' title='bbox 2435 3550 2656 3604; x_wconf 90' lang='lat' dir='ltr'><strong><em>videtur</em></strong></span> <span class='ocrx_word' id='word_1_552' title='bbox 2692 3549 3038 3621; x_wconf 87' lang='lat' dir='ltr'><strong><em>ambiguum,</em></strong></span> <span class='ocrx_word' id='word_1_553' title='bbox 3073 3551 3156 3605; x_wconf 88' lang='lat' dir='ltr'><strong><em>vel</em></strong></span> <span class='ocrx_word' id='word_1_554' title='bbox 3185 3568 3299 3606; x_wconf 89' lang='lat' dir='ltr'><strong><em>non</em></strong></span> <span class='ocrx_word' id='word_1_555' title='bbox 3328 3551 3468 3606; x_wconf 83' lang='lat' dir='ltr'><strong><em>satis</em></strong></span> 
     </span>
    </p>
   </div>
   <div class='ocr_carea' id='block_1_69' title="bbox 175 3637 3463 3709">
    <p class='ocr_par' dir='ltr' id='par_1_69' title="bbox 175 3637 3463 3709">
     <span class='ocr_line' id='line_1_69' title="bbox 175 3637 3463 3709; baseline 0.001 -17"><span class='ocrx_word' id='word_1_556' title='bbox 175 3638 890 3709; x_wconf 88' lang='lat' dir='ltr'><strong><em>ignorabant;ignorabant</em></strong></span> <span class='ocrx_word' id='word_1_557' title='bbox 910 3645 1121 3705; x_wconf 88' lang='lat' dir='ltr'><strong><em>autem,</em></strong></span> <span class='ocrx_word' id='word_1_558' title='bbox 1142 3639 1275 3709; x_wconf 87' lang='lat' dir='ltr'><strong><em>quia</em></strong></span> <span class='ocrx_word' id='word_1_559' title='bbox 1296 3640 1576 3694; x_wconf 90' lang='lat' dir='ltr'><strong><em>Christum</em></strong></span> <span class='ocrx_word' id='word_1_560' title='bbox 1602 3642 1778 3695; x_wconf 89' lang='lat' dir='ltr'><strong><em>Deum</em></strong></span> <span class='ocrx_word' id='word_1_561' title='bbox 1863 3639 1930 3692; x_wconf 87' lang='lat' dir='ltr'><strong><em>ad</em></strong></span> <span class='ocrx_word' id='word_1_562' title='bbox 1962 3637 2433 3708; x_wconf 77' lang='lat' dir='ltr'><strong><em>comprehendam</em></strong></span> <span class='ocrx_word' id='word_1_563' title='bbox 2484 3637 2951 3693; x_wconf 86' lang='lat' dir='ltr'><strong><em>resurrectionem</em></strong></span> <span class='ocrx_word' id='word_1_564' title='bbox 2980 3639 3267 3693; x_wconf 88' lang='lat' dir='ltr'><strong><em>idoneum.</em></strong></span> <span class='ocrx_word' id='word_1_565' title='bbox 3301 3639 3463 3694; x_wconf 89' lang='lat' dir='ltr'><strong><em>Unde</em></strong></span> 
     </span>
    </p>
   </div>
   <div class='ocr_carea' id='block_1_70' title="bbox 175 3726 3466 3799">
    <p class='ocr_par' dir='ltr' id='par_1_70' title="bbox 175 3726 3466 3799">
     <span class='ocr_line' id='line_1_70' title="bbox 175 3726 3466 3799; baseline 0 -18"><span class='ocrx_word' id='word_1_566' title='bbox 175 3728 233 3781; x_wconf 91' lang='lat' dir='ltr'><strong><em>in</em></strong></span> <span class='ocrx_word' id='word_1_567' title='bbox 248 3728 465 3781; x_wconf 89' lang='lat' dir='ltr'><strong><em>eisdem</em></strong></span> <span class='ocrx_word' id='word_1_568' title='bbox 484 3728 788 3798; x_wconf 88' lang='lat' dir='ltr'><strong><em>Scripturis</em></strong></span> <span class='ocrx_word' id='word_1_569' title='bbox 809 3744 919 3781; x_wconf 90' lang='lat' dir='ltr'><strong><em>non</em></strong></span> <span class='ocrx_word' id='word_1_570' title='bbox 939 3728 1636 3799; x_wconf 83' lang='lat' dir='ltr'><strong><em>intelligebant.Alioquin.</em></strong></span> <span class='ocrx_word' id='word_1_571' title='bbox 1670 3731 1778 3784; x_wconf 89' lang='lat' dir='ltr'><strong><em>sic-</em></strong></span> <span class='ocrx_word' id='word_1_572' title='bbox 1864 3735 1922 3782; x_wconf 91' lang='lat' dir='ltr'><strong><em>et</em></strong></span> <span class='ocrx_word' id='word_1_573' title='bbox 1940 3729 2044 3781; x_wconf 92' lang='lat' dir='ltr'><strong><em>hoc</em></strong></span> <span class='ocrx_word' id='word_1_574' title='bbox 2055 3728 2291 3798; x_wconf 88' lang='lat' dir='ltr'><strong><em>prolato,</em></strong></span> <span class='ocrx_word' id='word_1_575' title='bbox 2317 3726 2476 3797; x_wconf 88' lang='lat' dir='ltr'><strong><em>quasi</em></strong></span> <span class='ocrx_word' id='word_1_576' title='bbox 2498 3726 2815 3797; x_wconf 87' lang='lat' dir='ltr'><strong><em>probaverit</em></strong></span> <span class='ocrx_word' id='word_1_577' title='bbox 2833 3727 2981 3797; x_wconf 90' lang='lat' dir='ltr'><strong><em>quod</em></strong></span> <span class='ocrx_word' id='word_1_578' title='bbox 3010 3726 3247 3792; x_wconf 88' lang='lat' dir='ltr'><strong><em>volebat,</em></strong></span> <span class='ocrx_word' id='word_1_579' title='bbox 3271 3727 3466 3782; x_wconf 84' lang='lat' dir='ltr'><strong><em>statim</em></strong></span> 
     </span>
    </p>
   </div>
   <div class='ocr_carea' id='block_1_71' title="bbox 174 3815 3467 3887">
    <p class='ocr_par' dir='ltr' id='par_1_71' title="bbox 174 3815 3467 3887">
     <span class='ocr_line' id='line_1_71' title="bbox 174 3815 3467 3887; baseline -0 -18"><span class='ocrx_word' id='word_1_580' title='bbox 174 3821 239 3870; x_wconf 88' lang='lat' dir='ltr'><strong><em>ut</em></strong></span> <span class='ocrx_word' id='word_1_581' title='bbox 266 3833 335 3870; x_wconf 83' lang='lat' dir='ltr'><strong><em>ex</em></strong></span> <span class='ocrx_word' id='word_1_582' title='bbox 376 3816 673 3887; x_wconf 86' lang='lat' dir='ltr'><strong><em>diligentia</em></strong></span> <span class='ocrx_word' id='word_1_583' title='bbox 699 3817 953 3871; x_wconf 88' lang='lat' dir='ltr'><strong><em>lectionis</em></strong></span> <span class='ocrx_word' id='word_1_584' title='bbox 996 3817 1246 3871; x_wconf 77' lang='lat' dir='ltr'><strong><em>nascitur</em></strong></span> <span class='ocrx_word' id='word_1_585' title='bbox 1275 3818 1508 3872; x_wconf 87' lang='lat' dir='ltr'><strong><em>scientia</em></strong></span> <span class='ocrx_word' id='word_1_586' title='bbox 1537 3819 1635 3873; x_wconf 89' lang='lat' dir='ltr'><strong><em>Dei</em></strong></span> <span class='ocrx_word' id='word_1_587' title='bbox 1660 3836 1671 3868; x_wconf 92' lang='lat'>:</span> <span class='ocrx_word' id='word_1_588' title='bbox 1700 3820 1780 3873; x_wconf 91' lang='lat' dir='ltr'><strong><em>ita</em></strong></span> <span class='ocrx_word' id='word_1_589' title='bbox 1865 3818 2159 3871; x_wconf 86' lang='lat' dir='ltr'><strong><em>conﬁrmat</em></strong></span> <span class='ocrx_word' id='word_1_590' title='bbox 2179 3822 2236 3869; x_wconf 90' lang='lat' dir='ltr'><strong><em>et</em></strong></span> <span class='ocrx_word' id='word_1_591' title='bbox 2252 3815 2533 3869; x_wconf 91' lang='lat' dir='ltr'><strong><em>concludit</em></strong></span> <span class='ocrx_word' id='word_1_592' title='bbox 2572 3815 2764 3868; x_wconf 90' lang='lat' dir='ltr'><strong><em>dicens</em></strong></span> <span class='ocrx_word' id='word_1_593' title='bbox 2788 3833 2799 3866; x_wconf 92' lang='lat'><strong>:</strong></span> <span class='ocrx_word' id='word_1_594' title='bbox 2829 3815 2953 3869; x_wconf 87' lang='lat' dir='ltr'><strong><em>Non</em></strong></span> <span class='ocrx_word' id='word_1_595' title='bbox 2969 3820 3045 3868; x_wconf 84' lang='lat' dir='ltr'><strong><em>est</em></strong></span> <span class='ocrx_word' id='word_1_596' title='bbox 3064 3816 3467 3869; x_wconf 77' lang='lat' dir='ltr'><strong><em>Deusmortuo-</em></strong></span> 
     </span>
    </p>
   </div>
   <div class='ocr_carea' id='block_1_72' title="bbox 176 3901 3463 3979">
    <p class='ocr_par' dir='ltr' id='par_1_72' title="bbox 176 3901 3463 3979">
     <span class='ocr_line' id='line_1_72' title="bbox 176 3901 3463 3979; baseline -0 -21"><span class='ocrx_word' id='word_1_597' title='bbox 176 3906 501 3976; x_wconf 90' lang='lat' dir='ltr'><strong><em>ignorantia</em></strong></span> <span class='ocrx_word' id='word_1_598' title='bbox 521 3906 879 3976; x_wconf 85' lang='lat' dir='ltr'><strong><em>negligentiae</em></strong></span> <span class='ocrx_word' id='word_1_599' title='bbox 900 3906 1015 3959; x_wconf 89' lang='lat' dir='ltr'><strong><em>ﬁlia</em></strong></span> <span class='ocrx_word' id='word_1_600' title='bbox 1030 3907 1245 3961; x_wconf 85' lang='lat' dir='ltr'><strong><em>est.Sed</em></strong></span> <span class='ocrx_word' id='word_1_601' title='bbox 1264 3924 1372 3961; x_wconf 87' lang='lat' dir='ltr'><strong><em>non</em></strong></span> <span class='ocrx_word' id='word_1_602' title='bbox 1393 3925 1587 3962; x_wconf 88' lang='lat' dir='ltr'><strong><em>omnes</em></strong></span> <span class='ocrx_word' id='word_1_603' title='bbox 1599 3909 1691 3979; x_wconf 88' lang='lat' dir='ltr'><strong><em>qui</em></strong></span> <span class='ocrx_word' id='word_1_604' title='bbox 1711 3910 1784 3962; x_wconf 87' lang='lat' dir='ltr'><strong><em>le-</em></strong></span> <span class='ocrx_word' id='word_1_605' title='bbox 1864 3922 2017 3969; x_wconf 85' lang='lat' dir='ltr'><strong><em>rum,</em></strong></span> <span class='ocrx_word' id='word_1_606' title='bbox 2043 3908 2133 3959; x_wconf 87' lang='lat' dir='ltr'><strong><em>sed</em></strong></span> <span class='ocrx_word' id='word_1_607' title='bbox 2144 3907 2469 3959; x_wconf 82' lang='lat' dir='ltr'><strong><em>vivent-ium.</em></strong></span> <span class='ocrx_word' id='word_1_608' title='bbox 2485 3904 2660 3974; x_wconf 87' lang='lat' dir='ltr'><strong><em>Cujus</em></strong></span> <span class='ocrx_word' id='word_1_609' title='bbox 2686 3903 2767 3956; x_wconf 91' lang='lat' dir='ltr'><strong><em>rei</em></strong></span> <span class='ocrx_word' id='word_1_610' title='bbox 2781 3903 2985 3973; x_wconf 88' lang='lat' dir='ltr'><strong><em>gratia,</em></strong></span> <span class='ocrx_word' id='word_1_611' title='bbox 3016 3901 3196 3957; x_wconf 69' lang='lat' dir='ltr'><strong><em>turbas</em></strong></span> <span class='ocrx_word' id='word_1_612' title='bbox 3225 3902 3463 3958; x_wconf 87' lang='lat' dir='ltr'><strong><em>audien-</em></strong></span> 
     </span>
    </p>
   </div>
   <div class='ocr_carea' id='block_1_73' title="bbox 174 3990 3462 4066">
    <p class='ocr_par' dir='ltr' id='par_1_73' title="bbox 174 3990 3462 4066">
     <span class='ocr_line' id='line_1_73' title="bbox 174 3990 3462 4066; baseline -0.001 -17"><span class='ocrx_word' id='word_1_613' title='bbox 174 4003 335 4064; x_wconf 85' lang='lat' dir='ltr'><strong><em>gunt,</em></strong></span> <span class='ocrx_word' id='word_1_614' title='bbox 372 4004 722 4064; x_wconf 84' lang='lat' dir='ltr'><strong><em>cognoscunt</em></strong></span> <span class='ocrx_word' id='word_1_615' title='bbox 744 3996 921 4050; x_wconf 91' lang='lat' dir='ltr'><strong><em>Deum</em></strong></span> <span class='ocrx_word' id='word_1_616' title='bbox 950 4015 962 4061; x_wconf 91' lang='lat'><strong>;</strong></span> <span class='ocrx_word' id='word_1_617' title='bbox 992 3996 1122 4066; x_wconf 87' lang='lat' dir='ltr'><strong><em>quia</em></strong></span> <span class='ocrx_word' id='word_1_618' title='bbox 1159 4003 1257 4050; x_wconf 91' lang='lat' dir='ltr'><strong><em>aut</em></strong></span> <span class='ocrx_word' id='word_1_619' title='bbox 1278 3997 1421 4050; x_wconf 88' lang='lat' dir='ltr'><strong><em>male</em></strong></span> <span class='ocrx_word' id='word_1_620' title='bbox 1443 3998 1654 4066; x_wconf 87' lang='lat' dir='ltr'><strong><em>legunt,</em></strong></span> <span class='ocrx_word' id='word_1_621' title='bbox 1685 4005 1784 4052; x_wconf 88' lang='lat' dir='ltr'><strong><em>aut</em></strong></span> <span class='ocrx_word' id='word_1_622' title='bbox 1862 4000 1949 4048; x_wconf 88' lang='lat' dir='ltr'><strong><em>tes</em></strong></span> <span class='ocrx_word' id='word_1_623' title='bbox 1987 3993 2342 4065; x_wconf 89' lang='lat' dir='ltr'><strong><em>mysterium,</em></strong></span> <span class='ocrx_word' id='word_1_624' title='bbox 2393 3997 2451 4046; x_wconf 87' lang='lat' dir='ltr'><strong><em>et</em></strong></span> <span class='ocrx_word' id='word_1_625' title='bbox 2492 3996 2890 4061; x_wconf 88' lang='lat' dir='ltr'><strong><em>cognoscentes</em></strong></span> <span class='ocrx_word' id='word_1_626' title='bbox 2919 3990 3211 4045; x_wconf 65' lang='lat' dir='ltr'><strong><em>admirans</em></strong></span> <span class='ocrx_word' id='word_1_627' title='bbox 3239 3996 3376 4046; x_wconf 87' lang='lat' dir='ltr'><strong><em>sunt</em></strong></span> <span class='ocrx_word' id='word_1_628' title='bbox 3399 3991 3462 4046; x_wconf 89' lang='lat' dir='ltr'><strong><em>in</em></strong></span> 
     </span>
    </p>
   </div>
   <div class='ocr_carea' id='block_1_74' title="bbox 175 4079 3462 4154">
    <p class='ocr_par' dir='ltr' id='par_1_74' title="bbox 175 4079 3462 4154">
     <span class='ocr_line' id='line_1_74' title="bbox 175 4079 3462 4154; baseline -0 -18"><span class='ocrx_word' id='word_1_629' title='bbox 175 4083 342 4153; x_wconf 89' lang='lat' dir='ltr'><strong><em>digne</em></strong></span> <span class='ocrx_word' id='word_1_630' title='bbox 370 4084 489 4137; x_wconf 92' lang='lat' dir='ltr'><strong><em>Deo</em></strong></span> <span class='ocrx_word' id='word_1_631' title='bbox 506 4083 686 4137; x_wconf 86' lang='lat' dir='ltr'><strong><em>vivere</em></strong></span> <span class='ocrx_word' id='word_1_632' title='bbox 709 4085 927 4139; x_wconf 91' lang='lat' dir='ltr'><strong><em>nolunt.</em></strong></span> <span class='ocrx_word' id='word_1_633' title='bbox 961 4084 1031 4138; x_wconf 86' lang='lat' dir='ltr'><strong><em>Et</em></strong></span> <span class='ocrx_word' id='word_1_634' title='bbox 1049 4084 1174 4138; x_wconf 87' lang='lat' dir='ltr'><strong><em>ideo</em></strong></span> <span class='ocrx_word' id='word_1_635' title='bbox 1198 4085 1433 4154; x_wconf 90' lang='lat' dir='ltr'><strong><em>legendo</em></strong></span> <span class='ocrx_word' id='word_1_636' title='bbox 1462 4103 1575 4140; x_wconf 89' lang='lat' dir='ltr'><strong><em>non</em></strong></span> <span class='ocrx_word' id='word_1_637' title='bbox 1603 4087 1781 4140; x_wconf 90' lang='lat' dir='ltr'><strong><em>Deum</em></strong></span> <span class='ocrx_word' id='word_1_638' title='bbox 1864 4084 2120 4138; x_wconf 86' lang='lat' dir='ltr'><strong><em>doctrina</em></strong></span> <span class='ocrx_word' id='word_1_639' title='bbox 2140 4089 2196 4137; x_wconf 90' lang='lat' dir='ltr'><strong><em>et</em></strong></span> <span class='ocrx_word' id='word_1_640' title='bbox 2222 4081 2765 4153; x_wconf 90' lang='lat' dir='ltr'><strong><em>responsioneillius.</em></strong></span> <span class='ocrx_word' id='word_1_641' title='bbox 2789 4079 3067 4145; x_wconf 89' lang='lat' dir='ltr'><strong><em>Quoniam</em></strong></span> <span class='ocrx_word' id='word_1_642' title='bbox 3092 4096 3216 4151; x_wconf 64' lang='lat' dir='ltr'><strong><em>qum</em></strong></span> <span class='ocrx_word' id='word_1_643' title='bbox 3243 4079 3462 4135; x_wconf 88' lang='lat' dir='ltr'><strong><em>nescie-</em></strong></span> 
     </span>
    </p>
   </div>
   <div class='ocr_carea' id='block_1_75' title="bbox 176 4168 3469 4246">
    <p class='ocr_par' dir='ltr' id='par_1_75' title="bbox 176 4168 3469 4246">
     <span class='ocr_line' id='line_1_75' title="bbox 176 4168 3469 4246; baseline -0.001 -19"><span class='ocrx_word' id='word_1_644' title='bbox 176 4172 579 4242; x_wconf 60' lang='lat' dir='ltr'><strong><em>quzeruntdmo</em></strong></span> <span class='ocrx_word' id='word_1_645' title='bbox 600 4173 891 4227; x_wconf 88' lang='lat' dir='ltr'><strong><em>scientiam</em></strong></span> <span class='ocrx_word' id='word_1_646' title='bbox 926 4174 1024 4228; x_wconf 91' lang='lat' dir='ltr'><strong><em>Dei</em></strong></span> <span class='ocrx_word' id='word_1_647' title='bbox 1044 4173 1115 4227; x_wconf 88' lang='lat' dir='ltr'><strong><em>ad</em></strong></span> <span class='ocrx_word' id='word_1_648' title='bbox 1136 4190 1333 4227; x_wconf 89' lang='lat' dir='ltr'><strong><em>vanam</em></strong></span> <span class='ocrx_word' id='word_1_649' title='bbox 1356 4174 1597 4243; x_wconf 88' lang='lat' dir='ltr'><strong><em>gloriam</em></strong></span> <span class='ocrx_word' id='word_1_650' title='bbox 1633 4193 1781 4246; x_wconf 69' lang='lat' dir='ltr'><strong><em>quae-</em></strong></span> <span class='ocrx_word' id='word_1_651' title='bbox 1860 4172 2000 4227; x_wconf 89' lang='lat' dir='ltr'><strong><em>bant</em></strong></span> <span class='ocrx_word' id='word_1_652' title='bbox 2040 4180 2097 4226; x_wconf 90' lang='lat' dir='ltr'><strong><em>et</em></strong></span> <span class='ocrx_word' id='word_1_653' title='bbox 2140 4173 2197 4226; x_wconf 93' lang='lat' dir='ltr'><strong><em>in</em></strong></span> <span class='ocrx_word' id='word_1_654' title='bbox 2242 4170 2444 4242; x_wconf 88' lang='lat' dir='ltr'><strong><em>quibus</em></strong></span> <span class='ocrx_word' id='word_1_655' title='bbox 2473 4169 2754 4234; x_wconf 84' lang='lat' dir='ltr'><strong><em>errabant,</em></strong></span> <span class='ocrx_word' id='word_1_656' title='bbox 2788 4186 2853 4223; x_wconf 83' lang='lat' dir='ltr'><strong><em>ex</em></strong></span> <span class='ocrx_word' id='word_1_657' title='bbox 2881 4169 3217 4224; x_wconf 88' lang='lat' dir='ltr'><strong><em>auctoritate</em></strong></span> <span class='ocrx_word' id='word_1_658' title='bbox 3253 4168 3377 4236; x_wconf 88' lang='lat' dir='ltr'><strong><em>Dei,</em></strong></span> <span class='ocrx_word' id='word_1_659' title='bbox 3409 4173 3469 4224; x_wconf 87' lang='lat' dir='ltr'><strong><em>et</em></strong></span> 
     </span>
    </p>
   </div>
   <div class='ocr_carea' id='block_1_76' title="bbox 175 4258 3466 4335">
    <p class='ocr_par' dir='ltr' id='par_1_76' title="bbox 175 4258 3466 4335">
     <span class='ocr_line' id='line_1_76' title="bbox 175 4258 3466 4335; baseline -0 -20"><span class='ocrx_word' id='word_1_660' title='bbox 175 4268 343 4329; x_wconf 89' lang='lat' dir='ltr'><strong><em>runt;</em></strong></span> <span class='ocrx_word' id='word_1_661' title='bbox 380 4262 590 4316; x_wconf 91' lang='lat' dir='ltr'><strong><em>idcirco</em></strong></span> <span class='ocrx_word' id='word_1_662' title='bbox 634 4268 784 4316; x_wconf 89' lang='lat' dir='ltr'><strong><em>recte</em></strong></span> <span class='ocrx_word' id='word_1_663' title='bbox 816 4279 1105 4333; x_wconf 87' lang='lat' dir='ltr'><strong><em>nunquam</em></strong></span> <span class='ocrx_word' id='word_1_664' title='bbox 1127 4262 1437 4329; x_wconf 77' lang='lat' dir='ltr'><strong><em>inveniunt,</em></strong></span> <span class='ocrx_word' id='word_1_665' title='bbox 1480 4264 1625 4318; x_wconf 89' lang='lat' dir='ltr'><strong><em>sicut</em></strong></span> <span class='ocrx_word' id='word_1_666' title='bbox 1653 4265 1778 4335; x_wconf 87' lang='lat' dir='ltr'><strong><em>phi-</em></strong></span> <span class='ocrx_word' id='word_1_667' title='bbox 1862 4262 2162 4334; x_wconf 68' lang='lat' dir='ltr'><strong><em>Scriptura:</em></strong></span> <span class='ocrx_word' id='word_1_668' title='bbox 2183 4262 2524 4328; x_wconf 89' lang='lat' dir='ltr'><strong><em>testimonio,</em></strong></span> <span class='ocrx_word' id='word_1_669' title='bbox 2549 4259 2872 4332; x_wconf 90' lang='lat' dir='ltr'><strong><em>plenissime</em></strong></span> <span class='ocrx_word' id='word_1_670' title='bbox 2909 4258 3169 4325; x_wconf 89' lang='lat' dir='ltr'><strong><em>edocuit;</em></strong></span> <span class='ocrx_word' id='word_1_671' title='bbox 3202 4264 3262 4313; x_wconf 86' lang='lat' dir='ltr'><strong><em>et</em></strong></span> <span class='ocrx_word' id='word_1_672' title='bbox 3284 4258 3466 4314; x_wconf 87' lang='lat' dir='ltr'><strong><em>virtu-</em></strong></span> 
     </span>
    </p>
   </div>
   <div class='ocr_carea' id='block_1_77' title="bbox 175 4346 3468 4422">
    <p class='ocr_par' dir='ltr' id='par_1_77' title="bbox 175 4346 3468 4422">
     <span class='ocr_line' id='line_1_77' title="bbox 175 4346 3468 4422; baseline 0 -19"><span class='ocrx_word' id='word_1_673' title='bbox 175 4350 393 4422; x_wconf 86' lang='lat' dir='ltr'><strong><em>losophi</em></strong></span> <span class='ocrx_word' id='word_1_674' title='bbox 438 4350 737 4421; x_wconf 74' lang='lat' dir='ltr'><strong><em>caeterique</em></strong></span> <span class='ocrx_word' id='word_1_675' title='bbox 783 4352 1066 4422; x_wconf 80' lang='lat' dir='ltr'><strong><em>sapientes</em></strong></span> <span class='ocrx_word' id='word_1_676' title='bbox 1096 4352 1300 4406; x_wconf 60' lang='lat' dir='ltr'><strong><em>saeculi.</em></strong></span> <span class='ocrx_word' id='word_1_677' title='bbox 1334 4353 1475 4406; x_wconf 89' lang='lat' dir='ltr'><strong><em>Nam</em></strong></span> <span class='ocrx_word' id='word_1_678' title='bbox 1506 4350 1976 4422; x_wconf 63' lang='lat' dir='ltr'><strong><em>Dominusntem</em></strong></span> <span class='ocrx_word' id='word_1_679' title='bbox 2007 4351 2109 4406; x_wconf 92' lang='lat' dir='ltr'><strong><em>Dei</em></strong></span> <span class='ocrx_word' id='word_1_680' title='bbox 2140 4351 2400 4414; x_wconf 87' lang='lat' dir='ltr'><strong><em>ostendit,</em></strong></span> <span class='ocrx_word' id='word_1_681' title='bbox 2425 4367 2553 4405; x_wconf 88' lang='lat' dir='ltr'><strong><em>cum</em></strong></span> <span class='ocrx_word' id='word_1_682' title='bbox 2580 4355 2637 4404; x_wconf 91' lang='lat' dir='ltr'><strong><em>et</em></strong></span> <span class='ocrx_word' id='word_1_683' title='bbox 2652 4348 3118 4404; x_wconf 90' lang='lat' dir='ltr'><strong><em>resurrectionem</em></strong></span> <span class='ocrx_word' id='word_1_684' title='bbox 3141 4346 3468 4418; x_wconf 64' lang='lat' dir='ltr'><strong><em>pradicavit</em></strong></span> 
     </span>
    </p>
   </div>
   <div class='ocr_carea' id='block_1_78' title="bbox 176 4434 3465 4510">
    <p class='ocr_par' dir='ltr' id='par_1_78' title="bbox 176 4434 3465 4510">
     <span class='ocr_line' id='line_1_78' title="bbox 176 4434 3465 4510; baseline -0 -19"><span class='ocrx_word' id='word_1_685' title='bbox 176 4456 297 4495; x_wconf 87' lang='lat' dir='ltr'><strong><em>cum</em></strong></span> <span class='ocrx_word' id='word_1_686' title='bbox 325 4441 598 4499; x_wconf 84' lang='lat' dir='ltr'><strong><em>dixisset:</em></strong></span> <span class='ocrx_word' id='word_1_687' title='bbox 623 4443 850 4495; x_wconf 76' lang='lat' dir='ltr'><strong><em>Nescitis</em></strong></span> <span class='ocrx_word' id='word_1_688' title='bbox 872 4446 1137 4495; x_wconf 73' lang='lat' dir='ltr'><strong><em>virtutem</em></strong></span> <span class='ocrx_word' id='word_1_689' title='bbox 1166 4444 1277 4507; x_wconf 87' lang='lat' dir='ltr'><strong><em>Dei,</em></strong></span> <span class='ocrx_word' id='word_1_690' title='bbox 1314 4443 1383 4496; x_wconf 91' lang='lat' dir='ltr'><strong><em>ad</em></strong></span> <span class='ocrx_word' id='word_1_691' title='bbox 1428 4443 1530 4497; x_wconf 85' lang='lat' dir='ltr'><strong><em>hoc</em></strong></span> <span class='ocrx_word' id='word_1_692' title='bbox 1560 4444 1772 4509; x_wconf 88' lang='lat' dir='ltr'><strong><em>retulit,</em></strong></span> <span class='ocrx_word' id='word_1_693' title='bbox 1797 4434 1842 4456; x_wconf 76' lang='lat'>”</span> <span class='ocrx_word' id='word_1_694' title='bbox 1863 4446 1920 4495; x_wconf 86' lang='lat' dir='ltr'><strong><em>et</em></strong></span> <span class='ocrx_word' id='word_1_695' title='bbox 1950 4441 2292 4494; x_wconf 90' lang='lat' dir='ltr'><strong><em>consortium</em></strong></span> <span class='ocrx_word' id='word_1_696' title='bbox 2323 4441 2651 4510; x_wconf 90' lang='lat' dir='ltr'><strong><em>angelorum</em></strong></span> <span class='ocrx_word' id='word_1_697' title='bbox 2675 4436 2995 4492; x_wconf 83' lang='lat' dir='ltr'><strong><em>declaravit.</em></strong></span> <span class='ocrx_word' id='word_1_698' title='bbox 3014 4436 3142 4490; x_wconf 90' lang='lat' dir='ltr'><strong><em>Non</em></strong></span> <span class='ocrx_word' id='word_1_699' title='bbox 3167 4434 3315 4507; x_wconf 88' lang='lat' dir='ltr'><strong><em>quod</em></strong></span> <span class='ocrx_word' id='word_1_700' title='bbox 3343 4452 3465 4491; x_wconf 90' lang='lat' dir='ltr'><strong><em>cor-</em></strong></span> 
     </span>
    </p>
   </div>
   <div class='ocr_carea' id='block_1_79' title="bbox 178 4524 3461 4602">
    <p class='ocr_par' dir='ltr' id='par_1_79' title="bbox 178 4524 3461 4602">
     <span class='ocr_line' id='line_1_79' title="bbox 178 4524 3461 4602; baseline -0.002 -18"><span class='ocrx_word' id='word_1_701' title='bbox 178 4530 322 4599; x_wconf 85' lang='lat' dir='ltr'><strong><em>quod</em></strong></span> <span class='ocrx_word' id='word_1_702' title='bbox 358 4531 419 4584; x_wconf 89' lang='lat' dir='ltr'><strong><em>in</em></strong></span> <span class='ocrx_word' id='word_1_703' title='bbox 447 4530 857 4584; x_wconf 89' lang='lat' dir='ltr'><strong><em>resurrectione</em></strong></span> <span class='ocrx_word' id='word_1_704' title='bbox 896 4546 1076 4601; x_wconf 90' lang='lat' dir='ltr'><strong><em>neque</em></strong></span> <span class='ocrx_word' id='word_1_705' title='bbox 1114 4530 1345 4597; x_wconf 90' lang='lat' dir='ltr'><strong><em>nubent,</em></strong></span> <span class='ocrx_word' id='word_1_706' title='bbox 1399 4549 1599 4602; x_wconf 88' lang='lat' dir='ltr'><strong><em>neque,</em></strong></span> <span class='ocrx_word' id='word_1_707' title='bbox 1634 4533 1779 4587; x_wconf 90' lang='lat' dir='ltr'><strong><em>sicut</em></strong></span> <span class='ocrx_word' id='word_1_708' title='bbox 1860 4547 2125 4601; x_wconf 89' lang='lat' dir='ltr'><strong><em>pora,seu</em></strong></span> <span class='ocrx_word' id='word_1_709' title='bbox 2146 4530 2399 4583; x_wconf 89' lang='lat' dir='ltr'><strong><em>membra</em></strong></span> <span class='ocrx_word' id='word_1_710' title='bbox 2417 4528 2751 4600; x_wconf 90' lang='lat' dir='ltr'><strong><em>corporis,et</em></strong></span> <span class='ocrx_word' id='word_1_711' title='bbox 2773 4543 2938 4581; x_wconf 84' lang='lat' dir='ltr'><strong><em>sexus</em></strong></span> <span class='ocrx_word' id='word_1_712' title='bbox 2956 4530 3193 4595; x_wconf 88' lang='lat' dir='ltr'><strong><em>uterque</em></strong></span> <span class='ocrx_word' id='word_1_713' title='bbox 3221 4539 3336 4578; x_wconf 91' lang='lat' dir='ltr'><strong><em>non</em></strong></span> <span class='ocrx_word' id='word_1_714' title='bbox 3363 4524 3461 4578; x_wconf 89' lang='lat' dir='ltr'><strong><em>de-</em></strong></span> 
     </span>
    </p>
   </div>
   <div class='ocr_carea' id='block_1_80' title="bbox 178 4615 3463 4690">
    <p class='ocr_par' dir='ltr' id='par_1_80' title="bbox 178 4615 3463 4690">
     <span class='ocr_line' id='line_1_80' title="bbox 178 4615 3463 4690; baseline -0 -20"><span class='ocrx_word' id='word_1_715' title='bbox 178 4618 270 4671; x_wconf 88' lang='lat' dir='ltr'><strong><em>alii</em></strong></span> <span class='ocrx_word' id='word_1_716' title='bbox 300 4619 521 4673; x_wconf 90' lang='lat' dir='ltr'><strong><em>codices</em></strong></span> <span class='ocrx_word' id='word_1_717' title='bbox 550 4619 777 4685; x_wconf 90' lang='lat' dir='ltr'><strong><em>habent,</em></strong></span> <span class='ocrx_word' id='word_1_718' title='bbox 811 4636 1015 4674; x_wconf 82' lang='lat' dir='ltr'><strong><em>uxores</em></strong></span> <span class='ocrx_word' id='word_1_719' title='bbox 1045 4620 1278 4673; x_wconf 86' lang='lat' dir='ltr'><strong><em>ducunt.</em></strong></span> <span class='ocrx_word' id='word_1_720' title='bbox 1306 4622 1385 4673; x_wconf 80' lang='lat' dir='ltr'><strong><em>Ac</em></strong></span> <span class='ocrx_word' id='word_1_721' title='bbox 1426 4620 1560 4674; x_wconf 89' lang='lat' dir='ltr'><strong><em>illud</em></strong></span> <span class='ocrx_word' id='word_1_722' title='bbox 1586 4628 1776 4675; x_wconf 88' lang='lat' dir='ltr'><strong><em>autem</em></strong></span> <span class='ocrx_word' id='word_1_723' title='bbox 1858 4619 1992 4673; x_wconf 90' lang='lat' dir='ltr'><strong><em>beat</em></strong></span> <span class='ocrx_word' id='word_1_724' title='bbox 2034 4636 2351 4690; x_wconf 83' lang='lat' dir='ltr'><strong><em>resurgere,</em></strong></span> <span class='ocrx_word' id='word_1_725' title='bbox 2384 4620 2528 4673; x_wconf 90' lang='lat' dir='ltr'><strong><em>sicut</em></strong></span> <span class='ocrx_word' id='word_1_726' title='bbox 2564 4618 2791 4689; x_wconf 90' lang='lat' dir='ltr'><strong><em>quidam</em></strong></span> <span class='ocrx_word' id='word_1_727' title='bbox 2838 4615 3229 4671; x_wconf 66' lang='lat' dir='ltr'><strong><em>haereticorum</em></strong></span> <span class='ocrx_word' id='word_1_728' title='bbox 3271 4630 3463 4669; x_wconf 86' lang='lat' dir='ltr'><strong><em>sense-</em></strong></span> 
     </span>
    </p>
   </div>
   <div class='ocr_carea' id='block_1_81' title="bbox 178 4708 1775 4781">
    <p class='ocr_par' dir='ltr' id='par_1_81' title="bbox 178 4708 1775 4781">
     <span class='ocr_line' id='line_1_81' title="bbox 178 4708 1775 4781; baseline 0.002 -20"><span class='ocrx_word' id='word_1_729' title='bbox 178 4708 323 4777; x_wconf 87' lang='lat' dir='ltr'><strong><em>quod</em></strong></span> <span class='ocrx_word' id='word_1_730' title='bbox 348 4708 505 4773; x_wconf 89' lang='lat' dir='ltr'><strong><em>dicit,</em></strong></span> <span class='ocrx_word' id='word_1_731' title='bbox 540 4708 772 4773; x_wconf 87' lang='lat' dir='ltr'><strong><em>Erratis,</em></strong></span> <span class='ocrx_word' id='word_1_732' title='bbox 817 4708 948 4779; x_wconf 88' lang='lat' dir='ltr'><strong><em>quia</em></strong></span> <span class='ocrx_word' id='word_1_733' title='bbox 976 4708 1202 4763; x_wconf 91' lang='lat' dir='ltr'><strong><em>nescitis</em></strong></span> <span class='ocrx_word' id='word_1_734' title='bbox 1241 4709 1575 4780; x_wconf 82' lang='lat' dir='ltr'><strong><em>Scripturas,</em></strong></span> <span class='ocrx_word' id='word_1_735' title='bbox 1608 4727 1775 4781; x_wconf 80' lang='lat' dir='ltr'><strong><em>expo-</em></strong></span> 
     </span>
    </p>
   </div>
   <div class='ocr_carea' id='block_1_82' title="bbox 177 4797 1770 4865">
    <p class='ocr_par' dir='ltr' id='par_1_82' title="bbox 177 4797 1770 4865">
     <span class='ocr_line' id='line_1_82' title="bbox 177 4797 1770 4865; baseline 0.003 -17"><span class='ocrx_word' id='word_1_736' title='bbox 177 4797 291 4849; x_wconf 87' lang='lat' dir='ltr'><strong><em>suit</em></strong></span> <span class='ocrx_word' id='word_1_737' title='bbox 322 4797 391 4851; x_wconf 91' lang='lat' dir='ltr'><strong><em>ad</em></strong></span> <span class='ocrx_word' id='word_1_738' title='bbox 442 4797 914 4851; x_wconf 88' lang='lat' dir='ltr'><strong><em>resurrectionem</em></strong></span> <span class='ocrx_word' id='word_1_739' title='bbox 966 4803 1315 4852; x_wconf 89' lang='lat' dir='ltr'><strong><em>mortuorum</em></strong></span> <span class='ocrx_word' id='word_1_740' title='bbox 1353 4798 1770 4865; x_wconf 87' lang='lat' dir='ltr'><strong><em>insinuandam,</em></strong></span> 
     </span>
    </p>
   </div>
   <div class='ocr_carea' id='block_1_83' title="bbox 178 4884 1771 4954">
    <p class='ocr_par' dir='ltr' id='par_1_83' title="bbox 178 4884 1771 4954">
     <span class='ocr_line' id='line_1_83' title="bbox 178 4884 1771 4954; baseline 0.004 -18"><span class='ocrx_word' id='word_1_741' title='bbox 178 4884 287 4951; x_wconf 82' lang='lat' dir='ltr'><strong><em>Ego</em></strong></span> <span class='ocrx_word' id='word_1_742' title='bbox 314 4902 439 4939; x_wconf 88' lang='lat' dir='ltr'><strong><em>sum</em></strong></span> <span class='ocrx_word' id='word_1_743' title='bbox 485 4887 627 4939; x_wconf 88' lang='lat' dir='ltr'><strong><em>Deus</em></strong></span> <span class='ocrx_word' id='word_1_744' title='bbox 668 4887 974 4954; x_wconf 86' lang='lat' dir='ltr'><strong><em>Abraham,</em></strong></span> <span class='ocrx_word' id='word_1_745' title='bbox 1005 4888 1145 4940; x_wconf 84' lang='lat' dir='ltr'><strong><em>Deus</em></strong></span> <span class='ocrx_word' id='word_1_746' title='bbox 1176 4889 1348 4951; x_wconf 79' lang='lat' dir='ltr'><strong><em>Isaac,</em></strong></span> <span class='ocrx_word' id='word_1_747' title='bbox 1383 4888 1525 4940; x_wconf 88' lang='lat' dir='ltr'><strong><em>Deus</em></strong></span> <span class='ocrx_word' id='word_1_748' title='bbox 1561 4890 1722 4941; x_wconf 84' lang='lat' dir='ltr'><strong><em>Jacob</em></strong></span> <span class='ocrx_word' id='word_1_749' title='bbox 1756 4908 1771 4943; x_wconf 92' lang='lat'><strong><em>:</em></strong></span> 
     </span>
    </p>
   </div>
   <div class='ocr_carea' id='block_1_84' title="bbox 177 4973 1771 5045">
    <p class='ocr_par' dir='ltr' id='par_1_84' title="bbox 177 4973 1771 5045">
     <span class='ocr_line' id='line_1_84' title="bbox 177 4973 1771 5045; baseline 0.002 -18"><span class='ocrx_word' id='word_1_750' title='bbox 177 4973 276 5042; x_wconf 87' lang='lat' dir='ltr'><strong><em>qui</em></strong></span> <span class='ocrx_word' id='word_1_751' title='bbox 298 4973 342 5027; x_wconf 89' lang='lat' dir='ltr'><strong><em>si</em></strong></span> <span class='ocrx_word' id='word_1_752' title='bbox 373 4974 667 5028; x_wconf 89' lang='lat' dir='ltr'><strong><em>moriendo</em></strong></span> <span class='ocrx_word' id='word_1_753' title='bbox 715 4976 1011 5045; x_wconf 88' lang='lat' dir='ltr'><strong><em>perissent,</em></strong></span> <span class='ocrx_word' id='word_1_754' title='bbox 1043 4980 1108 5029; x_wconf 92' lang='lat' dir='ltr'><strong><em>ut</em></strong></span> <span class='ocrx_word' id='word_1_755' title='bbox 1136 4974 1228 5028; x_wconf 88' lang='lat' dir='ltr'><strong><em>isti</em></strong></span> <span class='ocrx_word' id='word_1_756' title='bbox 1261 4976 1407 5029; x_wconf 91' lang='lat' dir='ltr'><strong><em>male</em></strong></span> <span class='ocrx_word' id='word_1_757' title='bbox 1437 4975 1771 5042; x_wconf 89' lang='lat' dir='ltr'><strong><em>sentiebant,</em></strong></span> 
     </span>
    </p>
   </div>
   <div class='ocr_carea' id='block_1_85' title="bbox 177 5064 1773 5134">
    <p class='ocr_par' dir='ltr' id='par_1_85' title="bbox 177 5064 1773 5134">
     <span class='ocr_line' id='line_1_85' title="bbox 177 5064 1773 5134; baseline 0.001 -19"><span class='ocrx_word' id='word_1_758' title='bbox 177 5078 468 5134; x_wconf 88' lang='lat' dir='ltr'><strong><em>nunquam</em></strong></span> <span class='ocrx_word' id='word_1_759' title='bbox 499 5064 781 5119; x_wconf 89' lang='lat' dir='ltr'><strong><em>diceretur</em></strong></span> <span class='ocrx_word' id='word_1_760' title='bbox 802 5065 950 5118; x_wconf 90' lang='lat' dir='ltr'><strong><em>Deus</em></strong></span> <span class='ocrx_word' id='word_1_761' title='bbox 981 5081 1174 5117; x_wconf 90' lang='lat' dir='ltr'><strong><em>eorum</em></strong></span> <span class='ocrx_word' id='word_1_762' title='bbox 1194 5081 1314 5118; x_wconf 91' lang='lat' dir='ltr'><strong><em>esse</em></strong></span> <span class='ocrx_word' id='word_1_763' title='bbox 1337 5065 1431 5134; x_wconf 90' lang='lat' dir='ltr'><strong><em>qui</em></strong></span> <span class='ocrx_word' id='word_1_764' title='bbox 1454 5081 1563 5118; x_wconf 91' lang='lat' dir='ltr'><strong><em>non</em></strong></span> <span class='ocrx_word' id='word_1_765' title='bbox 1592 5072 1773 5119; x_wconf 88' lang='lat' dir='ltr'><strong><em>erant.</em></strong></span> 
     </span>
    </p>
   </div>
   <div class='ocr_carea' id='block_1_86' title="bbox 176 5152 1776 5225">
    <p class='ocr_par' dir='ltr' id='par_1_86' title="bbox 176 5152 1776 5225">
     <span class='ocr_line' id='line_1_86' title="bbox 176 5152 1776 5225; baseline 0.001 -20"><span class='ocrx_word' id='word_1_766' title='bbox 176 5152 443 5207; x_wconf 88' lang='lat' dir='ltr'><strong><em>Geminas</em></strong></span> <span class='ocrx_word' id='word_1_767' title='bbox 473 5170 627 5223; x_wconf 89' lang='lat' dir='ltr'><strong><em>ergo,</em></strong></span> <span class='ocrx_word' id='word_1_768' title='bbox 680 5154 812 5225; x_wconf 91' lang='lat' dir='ltr'><strong><em>quia</em></strong></span> <span class='ocrx_word' id='word_1_769' title='bbox 849 5153 1342 5207; x_wconf 86' lang='lat' dir='ltr'><strong><em>calumniabantur</em></strong></span> <span class='ocrx_word' id='word_1_770' title='bbox 1375 5159 1431 5207; x_wconf 88' lang='lat' dir='ltr'><strong><em>et</em></strong></span> <span class='ocrx_word' id='word_1_771' title='bbox 1458 5153 1776 5224; x_wconf 88' lang='lat' dir='ltr'><strong><em>interroga-</em></strong></span> 
     </span>
    </p>
   </div>
   <div class='ocr_carea' id='block_1_87' title="bbox 176 5240 1779 5313">
    <p class='ocr_par' dir='ltr' id='par_1_87' title="bbox 176 5240 1779 5313">
     <span class='ocr_line' id='line_1_87' title="bbox 176 5240 1779 5313; baseline 0.003 -20"><span class='ocrx_word' id='word_1_772' title='bbox 176 5240 329 5307; x_wconf 87' lang='lat' dir='ltr'><strong><em>bant,</em></strong></span> <span class='ocrx_word' id='word_1_773' title='bbox 352 5243 601 5296; x_wconf 88' lang='lat' dir='ltr'><strong><em>reddidit</em></strong></span> <span class='ocrx_word' id='word_1_774' title='bbox 618 5242 1053 5313; x_wconf 86' lang='lat' dir='ltr'><strong><em>benignissimus</em></strong></span> <span class='ocrx_word' id='word_1_775' title='bbox 1066 5243 1335 5312; x_wconf 88' lang='lat' dir='ltr'><strong><em>magister</em></strong></span> <span class='ocrx_word' id='word_1_776' title='bbox 1356 5244 1779 5298; x_wconf 85' lang='lat' dir='ltr'><strong><em>sententias.Si-</em></strong></span> 
     </span>
    </p>
   </div>
   <div class='ocr_carea' id='block_1_88' title="bbox 177 5330 1777 5399">
    <p class='ocr_par' dir='ltr' id='par_1_88' title="bbox 177 5330 1777 5399">
     <span class='ocr_line' id='line_1_88' title="bbox 177 5330 1777 5399; baseline 0.004 -18"><span class='ocrx_word' id='word_1_777' title='bbox 177 5330 402 5399; x_wconf 86' lang='lat' dir='ltr'><strong><em>quidem</em></strong></span> <span class='ocrx_word' id='word_1_778' title='bbox 419 5338 618 5386; x_wconf 87' lang='lat' dir='ltr'><strong><em>contra</em></strong></span> <span class='ocrx_word' id='word_1_779' title='bbox 637 5332 946 5386; x_wconf 88' lang='lat' dir='ltr'><strong><em>calumnias</em></strong></span> <span class='ocrx_word' id='word_1_780' title='bbox 967 5331 1583 5397; x_wconf 88' lang='lat' dir='ltr'><strong><em>eorum,auctoritatem</em></strong></span> <span class='ocrx_word' id='word_1_781' title='bbox 1606 5349 1777 5387; x_wconf 79' lang='lat' dir='ltr'><strong><em>sacrae</em></strong></span> 
     </span>
    </p>
   </div>
   <div class='ocr_carea' id='block_1_89' title="bbox 176 5419 1777 5494">
    <p class='ocr_par' dir='ltr' id='par_1_89' title="bbox 176 5419 1777 5494">
     <span class='ocr_line' id='line_1_89' title="bbox 176 5419 1777 5494; baseline 0.004 -23"><span class='ocrx_word' id='word_1_782' title='bbox 176 5419 477 5490; x_wconf 61' lang='lat' dir='ltr'><strong><em>Scriptum</em></strong></span> <span class='ocrx_word' id='word_1_783' title='bbox 533 5421 813 5492; x_wconf 87' lang='lat' dir='ltr'><strong><em>opposuit,</em></strong></span> <span class='ocrx_word' id='word_1_784' title='bbox 846 5427 1040 5476; x_wconf 88' lang='lat' dir='ltr'><strong><em>contra</em></strong></span> <span class='ocrx_word' id='word_1_785' title='bbox 1089 5421 1588 5491; x_wconf 89' lang='lat' dir='ltr'><strong><em>interrogationem</em></strong></span> <span class='ocrx_word' id='word_1_786' title='bbox 1630 5438 1777 5494; x_wconf 88' lang='lat' dir='ltr'><strong><em>vero,</em></strong></span> 
     </span>
    </p>
   </div>
   <div class='ocr_carea' id='block_1_90' title="bbox 176 5509 1778 5581">
    <p class='ocr_par' dir='ltr' id='par_1_90' title="bbox 176 5509 1778 5581">
     <span class='ocr_line' id='line_1_90' title="bbox 176 5509 1778 5581; baseline 0.002 -20"><span class='ocrx_word' id='word_1_787' title='bbox 176 5509 471 5564; x_wconf 88' lang='lat' dir='ltr'><strong><em>rationem.</em></strong></span> <span class='ocrx_word' id='word_1_788' title='bbox 508 5509 617 5564; x_wconf 90' lang='lat' dir='ltr'><strong><em>Sed</em></strong></span> <span class='ocrx_word' id='word_1_789' title='bbox 636 5510 790 5581; x_wconf 90' lang='lat' dir='ltr'><strong><em>prius</em></strong></span> <span class='ocrx_word' id='word_1_790' title='bbox 810 5510 1089 5565; x_wconf 88' lang='lat' dir='ltr'><strong><em>rationem</em></strong></span> <span class='ocrx_word' id='word_1_791' title='bbox 1118 5510 1206 5581; x_wconf 89' lang='lat' dir='ltr'><strong><em>obj</em></strong></span> <span class='ocrx_word' id='word_1_792' title='bbox 1216 5509 1484 5579; x_wconf 88' lang='lat' dir='ltr'><strong><em>ecit,quia</em></strong></span> <span class='ocrx_word' id='word_1_793' title='bbox 1501 5526 1601 5580; x_wconf 90' lang='lat' dir='ltr'><strong><em>per</em></strong></span> <span class='ocrx_word' id='word_1_794' title='bbox 1616 5509 1778 5580; x_wconf 88' lang='lat' dir='ltr'><strong><em>igno-</em></strong></span> 
     </span>
    </p>
   </div>
   <div class='ocr_carea' id='block_1_91' title="bbox 175 5597 1777 5670">
    <p class='ocr_par' dir='ltr' id='par_1_91' title="bbox 175 5597 1777 5670">
     <span class='ocr_line' id='line_1_91' title="bbox 175 5597 1777 5670; baseline 0.002 -21"><span class='ocrx_word' id='word_1_795' title='bbox 175 5598 417 5653; x_wconf 86' lang='lat' dir='ltr'><strong><em>rantiam</em></strong></span> <span class='ocrx_word' id='word_1_796' title='bbox 447 5597 723 5670; x_wconf 81' lang='lat' dir='ltr'><strong><em>putabant</em></strong></span> <span class='ocrx_word' id='word_1_797' title='bbox 749 5616 809 5654; x_wconf 88' lang='lat' dir='ltr'><strong><em>se</em></strong></span> <span class='ocrx_word' id='word_1_798' title='bbox 857 5599 1070 5670; x_wconf 87' lang='lat' dir='ltr'><strong><em>aliquid</em></strong></span> <span class='ocrx_word' id='word_1_799' title='bbox 1099 5599 1273 5668; x_wconf 88' lang='lat' dir='ltr'><strong><em>scire;</em></strong></span> <span class='ocrx_word' id='word_1_800' title='bbox 1305 5603 1373 5652; x_wconf 88' lang='lat' dir='ltr'><strong><em>ut</em></strong></span> <span class='ocrx_word' id='word_1_801' title='bbox 1395 5598 1623 5653; x_wconf 89' lang='lat' dir='ltr'><strong><em>doceret</em></strong></span> <span class='ocrx_word' id='word_1_802' title='bbox 1680 5616 1777 5653; x_wconf 89' lang='lat' dir='ltr'><strong><em>eos</em></strong></span> 
     </span>
    </p>
   </div>
   <div class='ocr_carea' id='block_1_92' title="bbox 1857 4703 3455 4778">
    <p class='ocr_par' dir='ltr' id='par_1_92' title="bbox 1857 4703 3455 4778">
     <span class='ocr_line' id='line_1_92' title="bbox 1857 4703 3455 4778; baseline -0.004 -15"><span class='ocrx_word' id='word_1_803' title='bbox 1857 4714 2012 4763; x_wconf 88' lang='lat' dir='ltr'><strong><em>runt.</em></strong></span> <span class='ocrx_word' id='word_1_804' title='bbox 2032 4709 2138 4763; x_wconf 89' lang='lat' dir='ltr'><strong><em>hoc</em></strong></span> <span class='ocrx_word' id='word_1_805' title='bbox 2161 4709 2314 4773; x_wconf 89' lang='lat' dir='ltr'><strong><em>dicit,</em></strong></span> <span class='ocrx_word' id='word_1_806' title='bbox 2337 4708 2435 4761; x_wconf 92' lang='lat' dir='ltr'><strong><em>sed</em></strong></span> <span class='ocrx_word' id='word_1_807' title='bbox 2459 4707 2591 4778; x_wconf 89' lang='lat' dir='ltr'><strong><em>quia</em></strong></span> <span class='ocrx_word' id='word_1_808' title='bbox 2619 4706 2966 4760; x_wconf 83' lang='lat' dir='ltr'><strong><em>immortales</em></strong></span> <span class='ocrx_word' id='word_1_809' title='bbox 2992 4709 3160 4759; x_wconf 90' lang='lat' dir='ltr'><strong><em>erunt</em></strong></span> <span class='ocrx_word' id='word_1_810' title='bbox 3178 4703 3455 4771; x_wconf 88' lang='lat' dir='ltr'><strong><em>homines,</em></strong></span> 
     </span>
    </p>
   </div>
   <div class='ocr_carea' id='block_1_93' title="bbox 1859 4793 3458 4869">
    <p class='ocr_par' dir='ltr' id='par_1_93' title="bbox 1859 4793 3458 4869">
     <span class='ocr_line' id='line_1_93' title="bbox 1859 4793 3458 4869; baseline -0.004 -17"><span class='ocrx_word' id='word_1_811' title='bbox 1859 4798 2135 4869; x_wconf 85' lang='lat' dir='ltr'><strong><em>spiritalia</em></strong></span> <span class='ocrx_word' id='word_1_812' title='bbox 2168 4803 2336 4851; x_wconf 89' lang='lat' dir='ltr'><strong><em>erunt</em></strong></span> <span class='ocrx_word' id='word_1_813' title='bbox 2375 4796 2629 4850; x_wconf 90' lang='lat' dir='ltr'><strong><em>membra</em></strong></span> <span class='ocrx_word' id='word_1_814' title='bbox 2657 4795 2926 4866; x_wconf 88' lang='lat' dir='ltr'><strong><em>corporis.</em></strong></span> <span class='ocrx_word' id='word_1_815' title='bbox 2958 4794 3105 4848; x_wconf 90' lang='lat' dir='ltr'><strong><em>Nam</em></strong></span> <span class='ocrx_word' id='word_1_816' title='bbox 3129 4793 3189 4847; x_wconf 91' lang='lat' dir='ltr'><strong><em>in</em></strong></span> <span class='ocrx_word' id='word_1_817' title='bbox 3217 4793 3323 4847; x_wconf 89' lang='lat' dir='ltr'><strong><em>hoc</em></strong></span> <span class='ocrx_word' id='word_1_818' title='bbox 3351 4809 3458 4847; x_wconf 69' lang='lat' dir='ltr'><strong><em>saa-</em></strong></span> 
     </span>
    </p>
   </div>
   <div class='ocr_carea' id='block_1_94' title="bbox 1857 4881 3455 4958">
    <p class='ocr_par' dir='ltr' id='par_1_94' title="bbox 1857 4881 3455 4958">
     <span class='ocr_line' id='line_1_94' title="bbox 1857 4881 3455 4958; baseline -0.003 -17"><span class='ocrx_word' id='word_1_819' title='bbox 1857 4887 2144 4958; x_wconf 88' lang='lat' dir='ltr'><strong><em>culo,quia</em></strong></span> <span class='ocrx_word' id='word_1_820' title='bbox 2161 4882 2437 4941; x_wconf 84' lang='lat' dir='ltr'><strong><em>morim&#39;ur</em></strong></span> <span class='ocrx_word' id='word_1_821' title='bbox 2454 4885 2579 4939; x_wconf 91' lang='lat' dir='ltr'><strong><em>ideo</em></strong></span> <span class='ocrx_word' id='word_1_822' title='bbox 2599 4884 2901 4950; x_wconf 86' lang='lat' dir='ltr'><strong><em>nascimur,</em></strong></span> <span class='ocrx_word' id='word_1_823' title='bbox 2927 4887 2986 4937; x_wconf 88' lang='lat' dir='ltr'><strong><em>et</em></strong></span> <span class='ocrx_word' id='word_1_824' title='bbox 3002 4881 3136 4954; x_wconf 88' lang='lat' dir='ltr'><strong><em>quia</em></strong></span> <span class='ocrx_word' id='word_1_825' title='bbox 3150 4882 3455 4950; x_wconf 88' lang='lat' dir='ltr'><strong><em>nascimur,</em></strong></span> 
     </span>
    </p>
   </div>
   <div class='ocr_carea' id='block_1_95' title="bbox 1857 4970 3453 5037">
    <p class='ocr_par' dir='ltr' id='par_1_95' title="bbox 1857 4970 3453 5037">
     <span class='ocr_line' id='line_1_95' title="bbox 1857 4970 3453 5037; baseline -0.004 -7"><span class='ocrx_word' id='word_1_826' title='bbox 1857 4976 1984 5030; x_wconf 92' lang='lat' dir='ltr'><strong><em>ideo</em></strong></span> <span class='ocrx_word' id='word_1_827' title='bbox 2013 4993 2215 5031; x_wconf 80' lang='lat' dir='ltr'><strong><em>uxores</em></strong></span> <span class='ocrx_word' id='word_1_828' title='bbox 2243 4974 2517 5029; x_wconf 88' lang='lat' dir='ltr'><strong><em>ducimus.</em></strong></span> <span class='ocrx_word' id='word_1_829' title='bbox 2549 4973 2704 5028; x_wconf 90' lang='lat' dir='ltr'><strong><em>Tolle</em></strong></span> <span class='ocrx_word' id='word_1_830' title='bbox 2729 4971 3007 5026; x_wconf 90' lang='lat' dir='ltr'><strong><em>moriendi</em></strong></span> <span class='ocrx_word' id='word_1_831' title='bbox 3035 4970 3453 5037; x_wconf 86' lang='lat' dir='ltr'><strong><em>necessitatem,</em></strong></span> 
     </span>
    </p>
   </div>
   <div class='ocr_carea' id='block_1_96' title="bbox 1859 5057 3458 5120">
    <p class='ocr_par' dir='ltr' id='par_1_96' title="bbox 1859 5057 3458 5120">
     <span class='ocr_line' id='line_1_96' title="bbox 1859 5057 3458 5120; baseline -0.005 0"><span class='ocrx_word' id='word_1_832' title='bbox 1859 5073 1915 5120; x_wconf 89' lang='lat' dir='ltr'><strong><em>et</em></strong></span> <span class='ocrx_word' id='word_1_833' title='bbox 1943 5065 2207 5119; x_wconf 89' lang='lat' dir='ltr'><strong><em>nascendi</em></strong></span> <span class='ocrx_word' id='word_1_834' title='bbox 2236 5064 2451 5118; x_wconf 89' lang='lat' dir='ltr'><strong><em>utilitas</em></strong></span> <span class='ocrx_word' id='word_1_835' title='bbox 2481 5063 2637 5117; x_wconf 89' lang='lat' dir='ltr'><strong><em>nulla</em></strong></span> <span class='ocrx_word' id='word_1_836' title='bbox 2665 5061 2950 5116; x_wconf 90' lang='lat' dir='ltr'><strong><em>erit.Tolle</em></strong></span> <span class='ocrx_word' id='word_1_837' title='bbox 2977 5076 3173 5115; x_wconf 89' lang='lat' dir='ltr'><strong><em>rursus</em></strong></span> <span class='ocrx_word' id='word_1_838' title='bbox 3189 5057 3458 5114; x_wconf 87' lang='lat' dir='ltr'><strong><em>nascendi</em></strong></span> 
     </span>
    </p>
   </div>
   <div class='ocr_carea' id='block_1_97' title="bbox 1860 5146 3459 5219">
    <p class='ocr_par' dir='ltr' id='par_1_97' title="bbox 1860 5146 3459 5219">
     <span class='ocr_line' id='line_1_97' title="bbox 1860 5146 3459 5219; baseline -0.004 -11"><span class='ocrx_word' id='word_1_839' title='bbox 1860 5154 2183 5219; x_wconf 90' lang='lat' dir='ltr'><strong><em>utilitatem,</em></strong></span> <span class='ocrx_word' id='word_1_840' title='bbox 2232 5159 2289 5207; x_wconf 90' lang='lat' dir='ltr'><strong><em>et</em></strong></span> <span class='ocrx_word' id='word_1_841' title='bbox 2324 5151 2571 5206; x_wconf 89' lang='lat' dir='ltr'><strong><em>nubendi</em></strong></span> <span class='ocrx_word' id='word_1_842' title='bbox 2612 5166 2782 5205; x_wconf 88' lang='lat' dir='ltr'><strong><em>causa</em></strong></span> <span class='ocrx_word' id='word_1_843' title='bbox 2829 5150 3015 5204; x_wconf 84' lang='lat' dir='ltr'><strong><em>soluta</em></strong></span> <span class='ocrx_word' id='word_1_844' title='bbox 3059 5154 3163 5204; x_wconf 91' lang='lat' dir='ltr'><strong><em>est.</em></strong></span> <span class='ocrx_word' id='word_1_845' title='bbox 3214 5148 3285 5202; x_wconf 87' lang='lat' dir='ltr'><strong><em>Et</em></strong></span> <span class='ocrx_word' id='word_1_846' title='bbox 3330 5146 3459 5202; x_wconf 85' lang='lat' dir='ltr'><strong><em>ideo</em></strong></span> 
     </span>
    </p>
   </div>
   <div class='ocr_carea' id='block_1_98' title="bbox 1861 5238 3458 5309">
    <p class='ocr_par' dir='ltr' id='par_1_98' title="bbox 1861 5238 3458 5309">
     <span class='ocr_line' id='line_1_98' title="bbox 1861 5238 3458 5309; baseline -0.004 -12"><span class='ocrx_word' id='word_1_847' title='bbox 1861 5249 2027 5297; x_wconf 90' lang='lat' dir='ltr'><strong><em>erunt</em></strong></span> <span class='ocrx_word' id='word_1_848' title='bbox 2046 5243 2105 5296; x_wconf 91' lang='lat' dir='ltr'><strong><em>in</em></strong></span> <span class='ocrx_word' id='word_1_849' title='bbox 2135 5258 2238 5296; x_wconf 89' lang='lat' dir='ltr'><strong><em>sua</em></strong></span> <span class='ocrx_word' id='word_1_850' title='bbox 2270 5248 2475 5295; x_wconf 88' lang='lat' dir='ltr'><strong><em>natura</em></strong></span> <span class='ocrx_word' id='word_1_851' title='bbox 2492 5240 2766 5304; x_wconf 88' lang='lat' dir='ltr'><strong><em>homines,</em></strong></span> <span class='ocrx_word' id='word_1_852' title='bbox 2795 5238 2980 5293; x_wconf 90' lang='lat' dir='ltr'><strong><em>nonin</em></strong></span> <span class='ocrx_word' id='word_1_853' title='bbox 3000 5238 3331 5309; x_wconf 84' lang='lat' dir='ltr'><strong><em>angelorum</em></strong></span> <span class='ocrx_word' id='word_1_854' title='bbox 3359 5251 3458 5291; x_wconf 85' lang='lat' dir='ltr'><strong><em>na-</em></strong></span> 
     </span>
    </p>
   </div>
   <div class='ocr_carea' id='block_1_99' title="bbox 1859 5325 3459 5399">
    <p class='ocr_par' dir='ltr' id='par_1_99' title="bbox 1859 5325 3459 5399">
     <span class='ocr_line' id='line_1_99' title="bbox 1859 5325 3459 5399; baseline -0.002 -14"><span class='ocrx_word' id='word_1_855' title='bbox 1859 5337 1989 5386; x_wconf 89' lang='lat' dir='ltr'><strong><em>tura</em></strong></span> <span class='ocrx_word' id='word_1_856' title='bbox 2018 5331 2297 5395; x_wconf 88' lang='lat' dir='ltr'><strong><em>translati,</em></strong></span> <span class='ocrx_word' id='word_1_857' title='bbox 2330 5329 2426 5383; x_wconf 88' lang='lat' dir='ltr'><strong><em>sed</em></strong></span> <span class='ocrx_word' id='word_1_858' title='bbox 2455 5329 2513 5382; x_wconf 90' lang='lat' dir='ltr'><strong><em>in</em></strong></span> <span class='ocrx_word' id='word_1_859' title='bbox 2554 5345 2657 5383; x_wconf 89' lang='lat' dir='ltr'><strong><em>sua</em></strong></span> <span class='ocrx_word' id='word_1_860' title='bbox 2701 5327 2981 5399; x_wconf 88' lang='lat' dir='ltr'><strong><em>spiritales</em></strong></span> <span class='ocrx_word' id='word_1_861' title='bbox 3021 5325 3221 5392; x_wconf 77' lang='lat' dir='ltr'><strong><em>effecti,</em></strong></span> <span class='ocrx_word' id='word_1_862' title='bbox 3262 5330 3459 5392; x_wconf 50' lang='grc' dir='ltr'><strong><em>θνα</em></strong></span> 
     </span>
    </p>
   </div>
   <div class='ocr_carea' id='block_1_100' title="bbox 1864 5414 3456 5489">
    <p class='ocr_par' dir='ltr' id='par_1_100' title="bbox 1864 5414 3456 5489">
     <span class='ocr_line' id='line_1_100' title="bbox 1864 5414 3456 5489; baseline -0.002 -16"><span class='ocrx_word' id='word_1_863' title='bbox 1864 5420 2008 5474; x_wconf 91' lang='lat' dir='ltr'><strong><em>sicut</em></strong></span> <span class='ocrx_word' id='word_1_864' title='bbox 2028 5420 2212 5489; x_wconf 88' lang='lat' dir='ltr'><strong><em>angeli</em></strong></span> <span class='ocrx_word' id='word_1_865' title='bbox 2240 5419 2300 5473; x_wconf 91' lang='lat' dir='ltr'><strong><em>in</em></strong></span> <span class='ocrx_word' id='word_1_866' title='bbox 2329 5418 2466 5472; x_wconf 69' lang='lat' dir='ltr'><strong><em>caelo</em></strong></span> <span class='ocrx_word' id='word_1_867' title='bbox 2490 5417 2837 5471; x_wconf 88' lang='lat' dir='ltr'><strong><em>immortales</em></strong></span> <span class='ocrx_word' id='word_1_868' title='bbox 2874 5422 2931 5470; x_wconf 90' lang='lat' dir='ltr'><strong><em>et</em></strong></span> <span class='ocrx_word' id='word_1_869' title='bbox 2976 5414 3456 5488; x_wconf 88' lang='lat' dir='ltr'><strong><em>incorruptibiles,</em></strong></span> 
     </span>
    </p>
   </div>
   <div class='ocr_carea' id='block_1_101' title="bbox 1864 5502 3460 5578">
    <p class='ocr_par' dir='ltr' id='par_1_101' title="bbox 1864 5502 3460 5578">
     <span class='ocr_line' id='line_1_101' title="bbox 1864 5502 3460 5578; baseline -0.002 -17"><span class='ocrx_word' id='word_1_870' title='bbox 1864 5509 1921 5563; x_wconf 91' lang='lat' dir='ltr'><strong><em>in</em></strong></span> <span class='ocrx_word' id='word_1_871' title='bbox 1953 5525 2148 5563; x_wconf 89' lang='lat' dir='ltr'><strong><em>eorum</em></strong></span> <span class='ocrx_word' id='word_1_872' title='bbox 2192 5507 2373 5578; x_wconf 88' lang='lat' dir='ltr'><strong><em>gloria</em></strong></span> <span class='ocrx_word' id='word_1_873' title='bbox 2420 5506 2542 5560; x_wconf 90' lang='lat' dir='ltr'><strong><em>sine</em></strong></span> <span class='ocrx_word' id='word_1_874' title='bbox 2569 5510 2752 5576; x_wconf 90' lang='lat' dir='ltr'><strong><em>nuptu</em></strong></span> <span class='ocrx_word' id='word_1_875' title='bbox 2791 5505 3102 5577; x_wconf 75' lang='lat' dir='ltr'><strong><em>coaequales</em></strong></span> <span class='ocrx_word' id='word_1_876' title='bbox 3131 5502 3460 5560; x_wconf 84' lang='lat' dir='ltr'><strong><em>consociati.</em></strong></span> 
     </span>
    </p>
   </div>
   <div class='ocr_carea' id='block_1_102' title="bbox 1860 5592 3460 5666">
    <p class='ocr_par' dir='ltr' id='par_1_102' title="bbox 1860 5592 3460 5666">
     <span class='ocr_line' id='line_1_102' title="bbox 1860 5592 3460 5666; baseline -0.005 -13"><span class='ocrx_word' id='word_1_877' title='bbox 1860 5599 2282 5663; x_wconf 89' lang='lat' dir='ltr'><strong><em>Verumtamen,</em></strong></span> <span class='ocrx_word' id='word_1_878' title='bbox 2306 5601 2371 5651; x_wconf 91' lang='lat' dir='ltr'><strong><em>ut</em></strong></span> <span class='ocrx_word' id='word_1_879' title='bbox 2383 5610 2805 5666; x_wconf 87' lang='lat' dir='ltr'><strong><em>proposueram,</em></strong></span> <span class='ocrx_word' id='word_1_880' title='bbox 2830 5593 2956 5648; x_wconf 91' lang='lat' dir='ltr'><strong><em>ideo</em></strong></span> <span class='ocrx_word' id='word_1_881' title='bbox 2977 5594 3251 5649; x_wconf 87' lang='lat' dir='ltr'><strong><em>Dominus</em></strong></span> <span class='ocrx_word' id='word_1_882' title='bbox 3272 5592 3343 5647; x_wconf 86' lang='lat' dir='ltr'><strong><em>de</em></strong></span> <span class='ocrx_word' id='word_1_883' title='bbox 3370 5603 3460 5645; x_wconf 77' lang='lat' dir='ltr'><strong><em>re-</em></strong></span> 
     </span>
    </p>
   </div>
  </div>
