  <div class='ocr_page' id='page_1' title='image "/cluster/home/n/w/nwhite01/storage/ocr_20150623/120/hvd.32044054759824/383.png"; bbox 0 0 3872 6158; ppageno 0'>
   <div class='ocr_carea' id='block_1_1' title="bbox 488 309 3666 382">
    <p class='ocr_par' dir='ltr' id='par_1_1' title="bbox 488 309 3666 382">
     <span class='ocr_line' id='line_1_1' title="bbox 488 309 3666 382; baseline 0.002 -16"><span class='ocrx_word' id='word_1_1' title='bbox 488 309 599 367; x_wconf 82' lang='grc'><strong>755</strong></span> <span class='ocrx_word' id='word_1_2' title='bbox 1267 318 1324 372; x_wconf 83' lang='lat' dir='ltr'><strong>S.</strong></span> <span class='ocrx_word' id='word_1_3' title='bbox 1366 316 1748 373; x_wconf 76' lang='lat' dir='ltr'><strong>PASCHASII</strong></span> <span class='ocrx_word' id='word_1_4' title='bbox 1786 313 2148 372; x_wconf 82' lang='lat' dir='ltr'><strong>RADBERTI</strong></span> <span class='ocrx_word' id='word_1_5' title='bbox 2185 316 2491 372; x_wconf 80' lang='lat' dir='ltr'><strong>ABBATIS</strong></span> <span class='ocrx_word' id='word_1_6' title='bbox 2529 315 3022 373; x_wconf 75' lang='lat' dir='ltr'><strong>CORBEIENSIS.</strong></span> <span class='ocrx_word' id='word_1_7' title='bbox 3589 326 3666 382; x_wconf 82' lang='lat'><strong>756</strong></span> 
     </span>
    </p>
   </div>
   <div class='ocr_carea' id='block_1_2' title="bbox 477 439 3667 514">
    <p class='ocr_par' dir='ltr' id='par_1_2' title="bbox 477 439 3667 514">
     <span class='ocr_line' id='line_1_2' title="bbox 477 439 3667 514; baseline 0.003 -21"><span class='ocrx_word' id='word_1_8' title='bbox 477 439 843 505; x_wconf 69' lang='lat' dir='ltr'><strong>,sumotione</strong></span> <span class='ocrx_word' id='word_1_9' title='bbox 862 441 970 498; x_wconf 88' lang='lat' dir='ltr'><strong>hoc</strong></span> <span class='ocrx_word' id='word_1_10' title='bbox 994 458 1135 501; x_wconf 85' lang='lat' dir='ltr'><strong>usus</strong></span> <span class='ocrx_word' id='word_1_11' title='bbox 1165 446 1252 501; x_wconf 86' lang='lat' dir='ltr'><strong>est</strong></span> <span class='ocrx_word' id='word_1_12' title='bbox 1277 441 1623 504; x_wconf 75' lang='lat' dir='ltr'><strong>testimonio,</strong></span> <span class='ocrx_word' id='word_1_13' title='bbox 1644 442 1777 513; x_wconf 86' lang='lat' dir='ltr'><strong>quia</strong></span> <span class='ocrx_word' id='word_1_14' title='bbox 1805 441 2091 497; x_wconf 68' lang='lat' dir='ltr'><strong>Sadducaei</strong></span> <span class='ocrx_word' id='word_1_15' title='bbox 2110 444 2159 502; x_wconf 89' lang='lat' dir='ltr'><strong>A</strong></span> <span class='ocrx_word' id='word_1_16' title='bbox 2179 456 2381 512; x_wconf 84' lang='lat' dir='ltr'><strong>magno</strong></span> <span class='ocrx_word' id='word_1_17' title='bbox 2413 457 2647 497; x_wconf 89' lang='lat' dir='ltr'><strong>munere</strong></span> <span class='ocrx_word' id='word_1_18' title='bbox 2677 440 2945 513; x_wconf 86' lang='lat' dir='ltr'><strong>apostolis</strong></span> <span class='ocrx_word' id='word_1_19' title='bbox 2969 441 3196 499; x_wconf 88' lang='lat' dir='ltr'><strong>indulsit</strong></span> <span class='ocrx_word' id='word_1_20' title='bbox 3211 459 3327 503; x_wconf 87' lang='lat' dir='ltr'><strong>cum</strong></span> <span class='ocrx_word' id='word_1_21' title='bbox 3357 446 3458 514; x_wconf 70' lang='lat' dir='ltr'><strong>ait:</strong></span> <span class='ocrx_word' id='word_1_22' title='bbox 3491 450 3667 509; x_wconf 61' lang='lat' dir='ltr'><strong>dicendo</strong></span> 
     </span>
    </p>
   </div>
   <div class='ocr_carea' id='block_1_3' title="bbox 491 531 3668 604">
    <p class='ocr_par' dir='ltr' id='par_1_3' title="bbox 491 531 3668 604">
     <span class='ocr_line' id='line_1_3' title="bbox 491 531 3668 604; baseline 0.002 -19"><span class='ocrx_word' id='word_1_23' title='bbox 491 544 621 585; x_wconf 86' lang='lat' dir='ltr'><strong>cum</strong></span> <span class='ocrx_word' id='word_1_24' title='bbox 672 545 775 587; x_wconf 84' lang='lat' dir='ltr'><strong>nec</strong></span> <span class='ocrx_word' id='word_1_25' title='bbox 812 532 1075 603; x_wconf 80' lang='lat' dir='ltr'><strong>angelum</strong></span> <span class='ocrx_word' id='word_1_26' title='bbox 1126 549 1247 587; x_wconf 84' lang='lat' dir='ltr'><strong>esse</strong></span> <span class='ocrx_word' id='word_1_27' title='bbox 1292 531 1542 595; x_wconf 79' lang='lat' dir='ltr'><strong>credant,</strong></span> <span class='ocrx_word' id='word_1_28' title='bbox 1575 548 1677 585; x_wconf 90' lang='lat' dir='ltr'><strong>nec</strong></span> <span class='ocrx_word' id='word_1_29' title='bbox 1706 532 1964 604; x_wconf 83' lang='lat' dir='ltr'><strong>spiritum</strong></span> <span class='ocrx_word' id='word_1_30' title='bbox 1992 531 2091 586; x_wconf 88' lang='lat' dir='ltr'><strong>ali-</strong></span> <span class='ocrx_word' id='word_1_31' title='bbox 2170 532 2244 584; x_wconf 89' lang='lat' dir='ltr'><strong>ad</strong></span> <span class='ocrx_word' id='word_1_32' title='bbox 2291 533 2508 585; x_wconf 82' lang='lat' dir='ltr'><strong>Patrem</strong></span> <span class='ocrx_word' id='word_1_33' title='bbox 2547 547 2729 586; x_wconf 86' lang='lat' dir='ltr'><strong>meum</strong></span> <span class='ocrx_word' id='word_1_34' title='bbox 2787 537 2836 586; x_wconf 85' lang='lat' dir='ltr'><strong>et</strong></span> <span class='ocrx_word' id='word_1_35' title='bbox 2888 537 3103 600; x_wconf 82' lang='lat' dir='ltr'><strong>patrem</strong></span> <span class='ocrx_word' id='word_1_36' title='bbox 3155 540 3396 601; x_wconf 69' lang='lat' dir='ltr'><strong>vestrum,</strong></span> <span class='ocrx_word' id='word_1_37' title='bbox 3438 537 3499 592; x_wconf 85' lang='lat' dir='ltr'><strong>ad</strong></span> <span class='ocrx_word' id='word_1_38' title='bbox 3541 540 3668 594; x_wconf 84' lang='lat' dir='ltr'><strong>Deum</strong></span> 
     </span>
    </p>
   </div>
   <div class='ocr_carea' id='block_1_4' title="bbox 497 619 3402 693">
    <p class='ocr_par' dir='ltr' id='par_1_4' title="bbox 497 619 3402 693">
     <span class='ocr_line' id='line_1_4' title="bbox 497 619 3402 693; baseline 0.003 -21"><span class='ocrx_word' id='word_1_39' title='bbox 497 634 685 691; x_wconf 84' lang='lat' dir='ltr'><strong>quem,</strong></span> <span class='ocrx_word' id='word_1_40' title='bbox 719 636 822 675; x_wconf 89' lang='lat' dir='ltr'><strong>nec</strong></span> <span class='ocrx_word' id='word_1_41' title='bbox 851 621 1041 693; x_wconf 78' lang='lat' dir='ltr'><strong>carnis</strong></span> <span class='ocrx_word' id='word_1_42' title='bbox 1081 620 1547 674; x_wconf 80' lang='lat' dir='ltr'><strong>resurrectionem</strong></span> <span class='ocrx_word' id='word_1_43' title='bbox 1580 622 1937 683; x_wconf 81' lang='lat' dir='ltr'><strong>conﬁtentur,</strong></span> <span class='ocrx_word' id='word_1_44' title='bbox 1976 619 2093 674; x_wconf 89' lang='lat' dir='ltr'><strong>ani—</strong></span> <span class='ocrx_word' id='word_1_45' title='bbox 2174 634 2381 681; x_wconf 87' lang='lat' dir='ltr'><strong>meum,</strong></span> <span class='ocrx_word' id='word_1_46' title='bbox 2417 625 2465 673; x_wconf 83' lang='lat' dir='ltr'><strong>et</strong></span> <span class='ocrx_word' id='word_1_47' title='bbox 2496 622 2668 674; x_wconf 85' lang='lat' dir='ltr'><strong>Deum</strong></span> <span class='ocrx_word' id='word_1_48' title='bbox 2700 625 2944 673; x_wconf 74' lang='lat' dir='ltr'><strong>vestrum.</strong></span> <span class='ocrx_word' id='word_1_49' title='bbox 2978 620 3155 689; x_wconf 86' lang='lat' dir='ltr'><strong>(Joan.</strong></span> <span class='ocrx_word' id='word_1_50' title='bbox 3188 637 3275 687; x_wconf 81' lang='lat' dir='ltr'><strong>xx,</strong></span> <span class='ocrx_word' id='word_1_51' title='bbox 3313 620 3402 681; x_wconf 70' lang='grc' dir='ltr'><strong>[τι.</strong></span> 
     </span>
    </p>
   </div>
   <div class='ocr_carea' id='block_1_5' title="bbox 494 708 3671 783">
    <p class='ocr_par' dir='ltr' id='par_1_5' title="bbox 494 708 3671 783">
     <span class='ocr_line' id='line_1_5' title="bbox 494 708 3671 783; baseline 0.002 -21"><span class='ocrx_word' id='word_1_52' title='bbox 494 721 715 763; x_wconf 81' lang='lat' dir='ltr'><strong>marum</strong></span> <span class='ocrx_word' id='word_1_53' title='bbox 747 724 969 778; x_wconf 89' lang='lat' dir='ltr'><strong>quoque</strong></span> <span class='ocrx_word' id='word_1_54' title='bbox 999 708 1289 762; x_wconf 87' lang='lat' dir='ltr'><strong>interitum</strong></span> <span class='ocrx_word' id='word_1_55' title='bbox 1314 708 1639 779; x_wconf 57' lang='lat' dir='ltr'><strong>praedicant,</strong></span> <span class='ocrx_word' id='word_1_56' title='bbox 1675 726 1786 763; x_wconf 91' lang='lat' dir='ltr'><strong>non</strong></span> <span class='ocrx_word' id='word_1_57' title='bbox 1808 709 1912 762; x_wconf 86' lang='lat' dir='ltr'><strong>nisi</strong></span> <span class='ocrx_word' id='word_1_58' title='bbox 1936 709 2093 779; x_wconf 89' lang='lat' dir='ltr'><strong>quin-</strong></span> <span class='ocrx_word' id='word_1_59' title='bbox 2228 709 2497 761; x_wconf 62' lang='lat' dir='ltr'><strong>Pharisa’i</strong></span> <span class='ocrx_word' id='word_1_60' title='bbox 2513 713 2695 762; x_wconf 80' lang='lat' dir='ltr'><strong>autem</strong></span> <span class='ocrx_word' id='word_1_61' title='bbox 2716 709 3000 763; x_wconf 77' lang='lat' dir='ltr'><strong>audientes</strong></span> <span class='ocrx_word' id='word_1_62' title='bbox 3019 711 3161 778; x_wconf 83' lang='lat' dir='ltr'><strong>quod</strong></span> <span class='ocrx_word' id='word_1_63' title='bbox 3179 714 3439 767; x_wconf 77' lang='lat' dir='ltr'><strong>silentium</strong></span> <span class='ocrx_word' id='word_1_64' title='bbox 3453 717 3671 783; x_wconf 73' lang='lat' dir='ltr'><strong>imposuis-</strong></span> 
     </span>
    </p>
   </div>
   <div class='ocr_carea' id='block_1_6' title="bbox 497 794 3672 872">
    <p class='ocr_par' dir='ltr' id='par_1_6' title="bbox 497 794 3672 872">
     <span class='ocr_line' id='line_1_6' title="bbox 497 794 3672 872; baseline 0.002 -19"><span class='ocrx_word' id='word_1_65' title='bbox 497 815 606 870; x_wconf 87' lang='lat' dir='ltr'><strong>que</strong></span> <span class='ocrx_word' id='word_1_66' title='bbox 636 799 803 853; x_wconf 89' lang='lat' dir='ltr'><strong>libros</strong></span> <span class='ocrx_word' id='word_1_67' title='bbox 833 800 1010 870; x_wconf 85' lang='lat' dir='ltr'><strong>Moysi</strong></span> <span class='ocrx_word' id='word_1_68' title='bbox 1044 805 1263 854; x_wconf 90' lang='lat' dir='ltr'><strong>tantum</strong></span> <span class='ocrx_word' id='word_1_69' title='bbox 1292 800 1656 870; x_wconf 83' lang='lat' dir='ltr'><strong>recipiebant,</strong></span> <span class='ocrx_word' id='word_1_70' title='bbox 1693 802 2094 872; x_wconf 80' lang='lat' dir='ltr'><strong>prophetarum</strong></span> <span class='ocrx_word' id='word_1_71' title='bbox 2176 801 2250 849; x_wconf 84' lang='lat' dir='ltr'><strong>set</strong></span> <span class='ocrx_word' id='word_1_72' title='bbox 2281 794 2612 862; x_wconf 77' lang='lat' dir='ltr'><strong>Sadducaez‘s,</strong></span> <span class='ocrx_word' id='word_1_73' title='bbox 2631 804 3002 852; x_wconf 67' lang='lat' dir='ltr'><strong>convenerunt</strong></span> <span class='ocrx_word' id='word_1_74' title='bbox 3023 802 3084 852; x_wconf 82' lang='lat' dir='ltr'><strong>in</strong></span> <span class='ocrx_word' id='word_1_75' title='bbox 3107 815 3297 863; x_wconf 87' lang='lat' dir='ltr'><strong>unum,</strong></span> <span class='ocrx_word' id='word_1_76' title='bbox 3323 805 3365 853; x_wconf 81' lang='lat' dir='ltr'><strong>et</strong></span> <span class='ocrx_word' id='word_1_77' title='bbox 3384 805 3672 870; x_wconf 68' lang='lat' dir='ltr'><strong>interrogavit</strong></span> 
     </span>
    </p>
   </div>
   <div class='ocr_carea' id='block_1_7' title="bbox 492 886 3673 961">
    <p class='ocr_par' dir='ltr' id='par_1_7' title="bbox 492 886 3673 961">
     <span class='ocr_line' id='line_1_7' title="bbox 492 886 3673 961; baseline 0.004 -20"><span class='ocrx_word' id='word_1_78' title='bbox 492 886 755 945; x_wconf 79' lang='lat' dir='ltr'><strong>vaticinia</strong></span> <span class='ocrx_word' id='word_1_79' title='bbox 783 894 1133 958; x_wconf 74' lang='lat' dir='ltr'><strong>respuentcs.</strong></span> <span class='ocrx_word' id='word_1_80' title='bbox 1156 889 1368 944; x_wconf 89' lang='lat' dir='ltr'><strong>Idcirco</strong></span> <span class='ocrx_word' id='word_1_81' title='bbox 1391 890 1630 951; x_wconf 83' lang='lat' dir='ltr'><strong>stultum</strong></span> <span class='ocrx_word' id='word_1_82' title='bbox 1664 896 1786 944; x_wconf 86' lang='lat' dir='ltr'><strong>erat</strong></span> <span class='ocrx_word' id='word_1_83' title='bbox 1813 890 1942 943; x_wconf 89' lang='lat' dir='ltr'><strong>inde</strong></span> <span class='ocrx_word' id='word_1_84' title='bbox 1965 907 2094 961; x_wconf 88' lang='lat' dir='ltr'><strong>pro-</strong></span> <span class='ocrx_word' id='word_1_85' title='bbox 2177 900 2304 936; x_wconf 72' lang='lat' dir='ltr'><strong>eum</strong></span> <span class='ocrx_word' id='word_1_86' title='bbox 2334 900 2483 936; x_wconf 74' lang='grc' dir='ltr'><strong>υηιιδ</strong></span> <span class='ocrx_word' id='word_1_87' title='bbox 2514 901 2577 937; x_wconf 68' lang='grc' dir='ltr'><strong>ρετ</strong></span> <span class='ocrx_word' id='word_1_88' title='bbox 2606 887 2680 938; x_wconf 62' lang='lat' dir='ltr'><strong>eis</strong></span> <span class='ocrx_word' id='word_1_89' title='bbox 2713 888 2844 952; x_wconf 72' lang='grc' dir='ltr'><strong>Ιθθίδ</strong></span> <span class='ocrx_word' id='word_1_90' title='bbox 2874 886 3061 938; x_wconf 74' lang='grc' dir='ltr'><strong>άοοίον</strong></span> <span class='ocrx_word' id='word_1_91' title='bbox 3089 891 3297 943; x_wconf 54' lang='lat' dir='ltr'><strong>“Nam</strong></span> <span class='ocrx_word' id='word_1_92' title='bbox 3323 905 3450 942; x_wconf 74' lang='grc' dir='ltr'><strong>ϐυηῖ·</strong></span> <span class='ocrx_word' id='word_1_93' title='bbox 3490 890 3609 954; x_wconf 68' lang='grc' dir='ltr'><strong>Ουοά</strong></span> <span class='ocrx_word' id='word_1_94' title='bbox 3626 892 3673 945; x_wconf 74' lang='lat' dir='ltr'><strong>de</strong></span> 
     </span>
    </p>
   </div>
   <div class='ocr_carea' id='block_1_8' title="bbox 490 973 2090 1048">
    <p class='ocr_par' dir='ltr' id='par_1_8' title="bbox 490 973 2090 1048">
     <span class='ocr_line' id='line_1_8' title="bbox 490 973 2090 1048; baseline 0.003 -20"><span class='ocrx_word' id='word_1_95' title='bbox 490 973 637 1037; x_wconf 82' lang='lat' dir='ltr'><strong>ferre</strong></span> <span class='ocrx_word' id='word_1_96' title='bbox 656 974 1166 1048; x_wconf 87' lang='lat' dir='ltr'><strong>testimonia,cujus</strong></span> <span class='ocrx_word' id='word_1_97' title='bbox 1187 977 1580 1033; x_wconf 82' lang='lat' dir='ltr'><strong>auctoritatem</strong></span> <span class='ocrx_word' id='word_1_98' title='bbox 1601 995 1712 1032; x_wconf 90' lang='lat' dir='ltr'><strong>non</strong></span> <span class='ocrx_word' id='word_1_99' title='bbox 1730 978 2090 1048; x_wconf 79' lang='lat' dir='ltr'><strong>recipiebant,</strong></span> 
     </span>
    </p>
   </div>
   <div class='ocr_carea' id='block_1_9' title="bbox 491 1064 2093 1138">
    <p class='ocr_par' dir='ltr' id='par_1_9' title="bbox 491 1064 2093 1138">
     <span class='ocr_line' id='line_1_9' title="bbox 491 1064 2093 1138; baseline 0.002 -21"><span class='ocrx_word' id='word_1_100' title='bbox 491 1079 594 1124; x_wconf 82' lang='lat' dir='ltr'><strong>nec</strong></span> <span class='ocrx_word' id='word_1_101' title='bbox 623 1064 1006 1134; x_wconf 84' lang='lat' dir='ltr'><strong>sequebantur</strong></span> <span class='ocrx_word' id='word_1_102' title='bbox 1042 1066 1374 1125; x_wconf 84' lang='lat' dir='ltr'><strong>doctrinam.</strong></span> <span class='ocrx_word' id='word_1_103' title='bbox 1406 1067 1548 1121; x_wconf 85' lang='lat' dir='ltr'><strong>Hinc</strong></span> <span class='ocrx_word' id='word_1_104' title='bbox 1577 1084 1744 1137; x_wconf 87' lang='lat' dir='ltr'><strong>quam</strong></span> <span class='ocrx_word' id='word_1_105' title='bbox 1777 1068 2003 1138; x_wconf 88' lang='lat' dir='ltr'><strong>provide</strong></span> <span class='ocrx_word' id='word_1_106' title='bbox 2022 1067 2093 1121; x_wconf 88' lang='lat' dir='ltr'><strong>ad</strong></span> 
     </span>
    </p>
   </div>
   <div class='ocr_carea' id='block_1_10' title="bbox 492 1153 2093 1228">
    <p class='ocr_par' dir='ltr' id='par_1_10' title="bbox 492 1153 2093 1228">
     <span class='ocr_line' id='line_1_10' title="bbox 492 1153 2093 1228; baseline 0.004 -23"><span class='ocrx_word' id='word_1_107' title='bbox 492 1153 967 1227; x_wconf 86' lang='lat' dir='ltr'><strong>comprobandam</strong></span> <span class='ocrx_word' id='word_1_108' title='bbox 1017 1155 1391 1209; x_wconf 68' lang='lat' dir='ltr'><strong>aeternitatem</strong></span> <span class='ocrx_word' id='word_1_109' title='bbox 1431 1158 1771 1220; x_wconf 89' lang='lat' dir='ltr'><strong>animarum,</strong></span> <span class='ocrx_word' id='word_1_110' title='bbox 1804 1157 1873 1210; x_wconf 88' lang='lat' dir='ltr'><strong>de</strong></span> <span class='ocrx_word' id='word_1_111' title='bbox 1903 1158 2093 1228; x_wconf 86' lang='lat' dir='ltr'><strong>Moyse</strong></span> 
     </span>
    </p>
   </div>
   <div class='ocr_carea' id='block_1_11' title="bbox 490 1242 2093 1314">
    <p class='ocr_par' dir='ltr' id='par_1_11' title="bbox 490 1242 2093 1314">
     <span class='ocr_line' id='line_1_11' title="bbox 490 1242 2093 1314; baseline 0.003 -21"><span class='ocrx_word' id='word_1_112' title='bbox 490 1242 653 1313; x_wconf 81' lang='lat' dir='ltr'><strong>ponit</strong></span> <span class='ocrx_word' id='word_1_113' title='bbox 682 1244 1029 1314; x_wconf 82' lang='lat' dir='ltr'><strong>exemplum:</strong></span> <span class='ocrx_word' id='word_1_114' title='bbox 1086 1245 1197 1311; x_wconf 85' lang='lat' dir='ltr'><strong>Ego</strong></span> <span class='ocrx_word' id='word_1_115' title='bbox 1244 1260 1369 1297; x_wconf 88' lang='lat' dir='ltr'><strong>sum</strong></span> <span class='ocrx_word' id='word_1_116' title='bbox 1413 1246 1555 1298; x_wconf 83' lang='lat' dir='ltr'><strong>Deus</strong></span> <span class='ocrx_word' id='word_1_117' title='bbox 1592 1245 1895 1309; x_wconf 84' lang='lat' dir='ltr'><strong>Abraham,</strong></span> <span class='ocrx_word' id='word_1_118' title='bbox 1957 1248 2093 1300; x_wconf 87' lang='lat' dir='ltr'><strong>Deus</strong></span> 
     </span>
    </p>
   </div>
   <div class='ocr_carea' id='block_1_12' title="bbox 494 1332 2093 1404">
    <p class='ocr_par' dir='ltr' id='par_1_12' title="bbox 494 1332 2093 1404">
     <span class='ocr_line' id='line_1_12' title="bbox 494 1332 2093 1404; baseline 0.002 -19"><span class='ocrx_word' id='word_1_119' title='bbox 494 1333 670 1401; x_wconf 80' lang='lat' dir='ltr'><strong>Isaac,</strong></span> <span class='ocrx_word' id='word_1_120' title='bbox 693 1338 741 1386; x_wconf 83' lang='lat' dir='ltr'><strong>et</strong></span> <span class='ocrx_word' id='word_1_121' title='bbox 765 1333 898 1387; x_wconf 77' lang='lat' dir='ltr'><strong>Deus</strong></span> <span class='ocrx_word' id='word_1_122' title='bbox 916 1334 1097 1395; x_wconf 79' lang='lat' dir='ltr'><strong>Iacob,</strong></span> <span class='ocrx_word' id='word_1_123' title='bbox 1131 1332 1435 1404; x_wconf 84' lang='lat' dir='ltr'><strong>statimque</strong></span> <span class='ocrx_word' id='word_1_124' title='bbox 1455 1333 1656 1387; x_wconf 85' lang='lat' dir='ltr'><strong>infert:</strong></span> <span class='ocrx_word' id='word_1_125' title='bbox 1691 1336 1812 1388; x_wconf 83' lang='lat' dir='ltr'><strong>Non</strong></span> <span class='ocrx_word' id='word_1_126' title='bbox 1838 1339 1912 1387; x_wconf 80' lang='lat' dir='ltr'><strong>est</strong></span> <span class='ocrx_word' id='word_1_127' title='bbox 1952 1337 2093 1389; x_wconf 89' lang='lat' dir='ltr'><strong>Deus</strong></span> 
     </span>
    </p>
   </div>
   <div class='ocr_carea' id='block_1_13' title="bbox 494 1421 2091 1493">
    <p class='ocr_par' dir='ltr' id='par_1_13' title="bbox 494 1421 2091 1493">
     <span class='ocr_line' id='line_1_13' title="bbox 494 1421 2091 1493; baseline 0.003 -19"><span class='ocrx_word' id='word_1_128' title='bbox 494 1426 869 1487; x_wconf 82' lang='lat' dir='ltr'><strong>mortuorum,</strong></span> <span class='ocrx_word' id='word_1_129' title='bbox 891 1423 982 1474; x_wconf 87' lang='lat' dir='ltr'><strong>sed</strong></span> <span class='ocrx_word' id='word_1_130' title='bbox 998 1424 1324 1486; x_wconf 67' lang='lat' dir='ltr'><strong>vivent-ium,</strong></span> <span class='ocrx_word' id='word_1_131' title='bbox 1347 1428 1410 1477; x_wconf 94' lang='lat' dir='ltr'><strong>ut</strong></span> <span class='ocrx_word' id='word_1_132' title='bbox 1445 1439 1563 1476; x_wconf 92' lang='lat' dir='ltr'><strong>com</strong></span> <span class='ocrx_word' id='word_1_133' title='bbox 1573 1421 1835 1493; x_wconf 84' lang='lat' dir='ltr'><strong>probaret</strong></span> <span class='ocrx_word' id='word_1_134' title='bbox 1874 1424 2091 1478; x_wconf 89' lang='lat' dir='ltr'><strong>animas</strong></span> 
     </span>
    </p>
   </div>
   <div class='ocr_carea' id='block_1_14' title="bbox 493 1499 2092 1582">
    <p class='ocr_par' dir='ltr' id='par_1_14' title="bbox 493 1499 2092 1582">
     <span class='ocr_line' id='line_1_14' title="bbox 493 1499 2092 1582; baseline 0.003 -21"><span class='ocrx_word' id='word_1_135' title='bbox 493 1499 829 1581; x_wconf 72' lang='lat' dir='ltr'><strong>permanare</strong></span> <span class='ocrx_word' id='word_1_136' title='bbox 844 1516 968 1580; x_wconf 87' lang='lat' dir='ltr'><strong>post</strong></span> <span class='ocrx_word' id='word_1_137' title='bbox 990 1512 1447 1582; x_wconf 65' lang='lat' dir='ltr'><strong>mortemNcque</strong></span> <span class='ocrx_word' id='word_1_138' title='bbox 1464 1512 1613 1565; x_wconf 91' lang='lat' dir='ltr'><strong>enim</strong></span> <span class='ocrx_word' id='word_1_139' title='bbox 1630 1513 1779 1565; x_wconf 88' lang='lat' dir='ltr'><strong>Deus</strong></span> <span class='ocrx_word' id='word_1_140' title='bbox 1791 1513 1992 1566; x_wconf 82' lang='lat' dir='ltr'><strong>veritas</strong></span> <span class='ocrx_word' id='word_1_141' title='bbox 2003 1530 2092 1567; x_wconf 90' lang='lat' dir='ltr'><strong>eo-</strong></span> 
     </span>
    </p>
   </div>
   <div class='ocr_carea' id='block_1_15' title="bbox 493 1598 2092 1670">
    <p class='ocr_par' dir='ltr' id='par_1_15' title="bbox 493 1598 2092 1670">
     <span class='ocr_line' id='line_1_15' title="bbox 493 1598 2092 1670; baseline 0.001 -17"><span class='ocrx_word' id='word_1_142' title='bbox 493 1613 625 1653; x_wconf 85' lang='lat' dir='ltr'><strong>rum</strong></span> <span class='ocrx_word' id='word_1_143' title='bbox 652 1614 712 1653; x_wconf 83' lang='lat' dir='ltr'><strong>se</strong></span> <span class='ocrx_word' id='word_1_144' title='bbox 739 1598 951 1652; x_wconf 85' lang='lat' dir='ltr'><strong>diceret</strong></span> <span class='ocrx_word' id='word_1_145' title='bbox 969 1599 1146 1653; x_wconf 91' lang='lat' dir='ltr'><strong>Deum</strong></span> <span class='ocrx_word' id='word_1_146' title='bbox 1168 1615 1308 1664; x_wconf 89' lang='lat' dir='ltr'><strong>esse,</strong></span> <span class='ocrx_word' id='word_1_147' title='bbox 1335 1600 1798 1670; x_wconf 90' lang='lat' dir='ltr'><strong>quinequaquam</strong></span> <span class='ocrx_word' id='word_1_148' title='bbox 1830 1601 2092 1654; x_wconf 87' lang='lat' dir='ltr'><strong>subsiste-</strong></span> 
     </span>
    </p>
   </div>
   <div class='ocr_carea' id='block_1_16' title="bbox 494 1684 3677 1754">
    <p class='ocr_par' dir='ltr' id='par_1_16' title="bbox 494 1684 3677 1754">
     <span class='ocr_line' id='line_1_16' title="bbox 494 1684 3677 1754; baseline 0 -13"><span class='ocrx_word' id='word_1_149' title='bbox 494 1691 661 1752; x_wconf 80' lang='lat' dir='ltr'><strong>rent;</strong></span> <span class='ocrx_word' id='word_1_150' title='bbox 694 1691 898 1743; x_wconf 88' lang='lat' dir='ltr'><strong>utcum</strong></span> <span class='ocrx_word' id='word_1_151' title='bbox 921 1687 991 1741; x_wconf 91' lang='lat' dir='ltr'><strong>de</strong></span> <span class='ocrx_word' id='word_1_152' title='bbox 1006 1687 1300 1743; x_wconf 83' lang='lat' dir='ltr'><strong>animabus</strong></span> <span class='ocrx_word' id='word_1_153' title='bbox 1332 1704 1397 1741; x_wconf 84' lang='lat' dir='ltr'><strong>ex</strong></span> <span class='ocrx_word' id='word_1_154' title='bbox 1420 1705 1612 1743; x_wconf 89' lang='lat' dir='ltr'><strong>eorum</strong></span> <span class='ocrx_word' id='word_1_155' title='bbox 1638 1689 1793 1742; x_wconf 90' lang='lat' dir='ltr'><strong>libris</strong></span> <span class='ocrx_word' id='word_1_156' title='bbox 1813 1688 2094 1742; x_wconf 88' lang='lat' dir='ltr'><strong>obtineret</strong></span> <span class='ocrx_word' id='word_1_157' title='bbox 2117 1750 2142 1754; x_wconf 36' lang='grc' dir='ltr'>λ</span> <span class='ocrx_word' id='word_1_158' title='bbox 2173 1684 2397 1754; x_wconf 81' lang='lat' dir='ltr'><strong>placati,</strong></span> <span class='ocrx_word' id='word_1_159' title='bbox 2418 1692 2480 1737; x_wconf 90' lang='lat' dir='ltr'><strong>ut</strong></span> <span class='ocrx_word' id='word_1_160' title='bbox 2500 1685 2904 1742; x_wconf 84' lang='lat' dir='ltr'><strong>consentirent:</strong></span> <span class='ocrx_word' id='word_1_161' title='bbox 2938 1703 3003 1740; x_wconf 85' lang='lat' dir='ltr'><strong>ex</strong></span> <span class='ocrx_word' id='word_1_162' title='bbox 3034 1688 3143 1741; x_wconf 84' lang='lat' dir='ltr'><strong>ﬁde</strong></span> <span class='ocrx_word' id='word_1_163' title='bbox 3171 1687 3228 1741; x_wconf 92' lang='lat' dir='ltr'><strong>in</strong></span> <span class='ocrx_word' id='word_1_164' title='bbox 3259 1688 3493 1743; x_wconf 89' lang='lat' dir='ltr'><strong>omnibus</strong></span> <span class='ocrx_word' id='word_1_165' title='bbox 3523 1705 3551 1742; x_wconf 88' lang='lat' dir='ltr'><strong>a</strong></span> <span class='ocrx_word' id='word_1_166' title='bbox 3583 1688 3677 1742; x_wconf 82' lang='lat' dir='ltr'><strong>veri-</strong></span> 
     </span>
    </p>
   </div>
   <div class='ocr_carea' id='block_1_17' title="bbox 494 1750 3677 1847">
    <p class='ocr_par' dir='ltr' id='par_1_17' title="bbox 494 1750 3677 1847">
     <span class='ocr_line' id='line_1_17' title="bbox 494 1750 3677 1847; baseline 0 -17"><span class='ocrx_word' id='word_1_167' title='bbox 494 1775 743 1846; x_wconf 79' lang='lat' dir='ltr'><strong>palmam</strong></span> <span class='ocrx_word' id='word_1_168' title='bbox 773 1775 1034 1839; x_wconf 68' lang='lat' dir='ltr'><strong>victoriae,</strong></span> <span class='ocrx_word' id='word_1_169' title='bbox 1067 1783 1474 1847; x_wconf 77' lang='lat' dir='ltr'><strong>consequenter</strong></span> <span class='ocrx_word' id='word_1_170' title='bbox 1494 1777 1749 1831; x_wconf 91' lang='lat' dir='ltr'><strong>licentius</strong></span> <span class='ocrx_word' id='word_1_171' title='bbox 1779 1750 2289 1832; x_wconf 81' lang='lat' dir='ltr'><strong>introduce-Btate</strong></span> <span class='ocrx_word' id='word_1_172' title='bbox 2328 1772 2548 1826; x_wconf 77' lang='lat' dir='ltr'><strong>devicti.</strong></span> <span class='ocrx_word' id='word_1_173' title='bbox 2607 1774 2712 1827; x_wconf 91' lang='lat' dir='ltr'><strong>Sed</strong></span> <span class='ocrx_word' id='word_1_174' title='bbox 2771 1774 3111 1829; x_wconf 87' lang='lat' dir='ltr'><strong>conveniunt</strong></span> <span class='ocrx_word' id='word_1_175' title='bbox 3152 1777 3370 1846; x_wconf 84' lang='lat' dir='ltr'><strong>pariter,</strong></span> <span class='ocrx_word' id='word_1_176' title='bbox 3399 1777 3483 1847; x_wconf 90' lang='lat' dir='ltr'><strong>qui</strong></span> <span class='ocrx_word' id='word_1_177' title='bbox 3521 1776 3677 1830; x_wconf 84' lang='lat' dir='ltr'><strong>ratione</strong></span> 
     </span>
    </p>
   </div>
   <div class='ocr_carea' id='block_1_18' title="bbox 468 1863 3678 1936">
    <p class='ocr_par' dir='ltr' id='par_1_18' title="bbox 468 1863 3678 1936">
     <span class='ocr_line' id='line_1_18' title="bbox 468 1863 3678 1936; baseline 0.001 -21"><span class='ocrx_word' id='word_1_178' title='bbox 468 1869 652 1931; x_wconf 61' lang='lat' dir='ltr'><strong>retur</strong></span> <span class='ocrx_word' id='word_1_179' title='bbox 664 1880 959 1935; x_wconf 87' lang='lat' dir='ltr'><strong>corporum</strong></span> <span class='ocrx_word' id='word_1_180' title='bbox 983 1865 1334 1931; x_wconf 86' lang='lat' dir='ltr'><strong>resurrectio,</strong></span> <span class='ocrx_word' id='word_1_181' title='bbox 1351 1882 1472 1936; x_wconf 70' lang='lat' dir='ltr'><strong>quae</strong></span> <span class='ocrx_word' id='word_1_182' title='bbox 1492 1883 1616 1921; x_wconf 87' lang='lat' dir='ltr'><strong>cum</strong></span> <span class='ocrx_word' id='word_1_183' title='bbox 1642 1866 2092 1922; x_wconf 81' lang='lat' dir='ltr'><strong>animabusbona</strong></span> <span class='ocrx_word' id='word_1_184' title='bbox 2174 1878 2285 1915; x_wconf 89' lang='lat' dir='ltr'><strong>non</strong></span> <span class='ocrx_word' id='word_1_185' title='bbox 2316 1863 2888 1932; x_wconf 78' lang='lat' dir='ltr'><strong>poterant,multoties</strong></span> <span class='ocrx_word' id='word_1_186' title='bbox 2918 1865 3295 1927; x_wconf 79' lang='lat' dir='ltr'><strong>confutari,ut</strong></span> <span class='ocrx_word' id='word_1_187' title='bbox 3318 1866 3617 1919; x_wconf 84' lang='lat' dir='ltr'><strong>multitudine</strong></span> <span class='ocrx_word' id='word_1_188' title='bbox 3631 1865 3678 1918; x_wconf 89' lang='lat' dir='ltr'><strong>si-</strong></span> 
     </span>
    </p>
   </div>
   <div class='ocr_carea' id='block_1_19' title="bbox 492 1951 3678 2028">
    <p class='ocr_par' dir='ltr' id='par_1_19' title="bbox 492 1951 3678 2028">
     <span class='ocr_line' id='line_1_19' title="bbox 492 1951 3678 2028; baseline -0.001 -21"><span class='ocrx_word' id='word_1_189' title='bbox 492 1953 713 2011; x_wconf 85' lang='lat' dir='ltr'><strong>malave</strong></span> <span class='ocrx_word' id='word_1_190' title='bbox 755 1958 1071 2024; x_wconf 83' lang='lat' dir='ltr'><strong>gesserunt.</strong></span> <span class='ocrx_word' id='word_1_191' title='bbox 1114 1954 1259 2015; x_wconf 88' lang='lat' dir='ltr'><strong>Nam</strong></span> <span class='ocrx_word' id='word_1_192' title='bbox 1312 1954 1599 2009; x_wconf 84' lang='lat' dir='ltr'><strong>Abraham</strong></span> <span class='ocrx_word' id='word_1_193' title='bbox 1656 1956 1954 2025; x_wconf 60' lang='lat' dir='ltr'><strong>caeterique</strong></span> <span class='ocrx_word' id='word_1_194' title='bbox 1998 1974 2091 2028; x_wconf 86' lang='lat' dir='ltr'><strong>pa-</strong></span> <span class='ocrx_word' id='word_1_195' title='bbox 2174 1951 2288 2003; x_wconf 91' lang='lat' dir='ltr'><strong>mul</strong></span> <span class='ocrx_word' id='word_1_196' title='bbox 2339 1951 2559 2004; x_wconf 85' lang='lat' dir='ltr'><strong>valeant</strong></span> <span class='ocrx_word' id='word_1_197' title='bbox 2601 1951 2906 2015; x_wconf 87' lang='lat' dir='ltr'><strong>decertare,</strong></span> <span class='ocrx_word' id='word_1_198' title='bbox 2942 1959 2999 2006; x_wconf 90' lang='lat' dir='ltr'><strong>et</strong></span> <span class='ocrx_word' id='word_1_199' title='bbox 3027 1954 3165 2024; x_wconf 85' lang='lat' dir='ltr'><strong>quia</strong></span> <span class='ocrx_word' id='word_1_200' title='bbox 3191 1954 3678 2011; x_wconf 83' lang='lat' dir='ltr'><strong>videranttactionem</strong></span> 
     </span>
    </p>
   </div>
   <div class='ocr_carea' id='block_1_20' title="bbox 491 2039 3678 2113">
    <p class='ocr_par' dir='ltr' id='par_1_20' title="bbox 491 2039 3678 2113">
     <span class='ocr_line' id='line_1_20' title="bbox 491 2039 3678 2113; baseline 0.001 -21"><span class='ocrx_word' id='word_1_201' title='bbox 491 2040 769 2105; x_wconf 68' lang='lat' dir='ltr'><strong>triarchzn,</strong></span> <span class='ocrx_word' id='word_1_202' title='bbox 801 2058 913 2097; x_wconf 87' lang='lat' dir='ltr'><strong>non</strong></span> <span class='ocrx_word' id='word_1_203' title='bbox 952 2042 1130 2107; x_wconf 86' lang='lat' dir='ltr'><strong>Deum</strong></span> <span class='ocrx_word' id='word_1_204' title='bbox 1160 2042 1364 2097; x_wconf 84' lang='lat' dir='ltr'><strong>habere</strong></span> <span class='ocrx_word' id='word_1_205' title='bbox 1394 2050 1670 2113; x_wconf 79' lang='lat' dir='ltr'><strong>poterant,</strong></span> <span class='ocrx_word' id='word_1_206' title='bbox 1703 2045 1748 2098; x_wconf 89' lang='lat' dir='ltr'><strong>si</strong></span> <span class='ocrx_word' id='word_1_207' title='bbox 1772 2062 1882 2098; x_wconf 85' lang='lat' dir='ltr'><strong>non</strong></span> <span class='ocrx_word' id='word_1_208' title='bbox 1904 2051 2084 2109; x_wconf 81' lang='lat' dir='ltr'><strong>erant,</strong></span> <span class='ocrx_word' id='word_1_209' title='bbox 2173 2039 2603 2094; x_wconf 78' lang='lat' dir='ltr'><strong>Sadducaeorum</strong></span> <span class='ocrx_word' id='word_1_210' title='bbox 2627 2047 2740 2094; x_wconf 86' lang='lat' dir='ltr'><strong>tam</strong></span> <span class='ocrx_word' id='word_1_211' title='bbox 2763 2041 2948 2095; x_wconf 91' lang='lat' dir='ltr'><strong>subito</strong></span> <span class='ocrx_word' id='word_1_212' title='bbox 2961 2043 3678 2109; x_wconf 79' lang='lat' dir='ltr'><strong>corruisse,debuerantexem-</strong></span> 
     </span>
    </p>
   </div>
   <div class='ocr_carea' id='block_1_21' title="bbox 468 2129 3676 2203">
    <p class='ocr_par' dir='ltr' id='par_1_21' title="bbox 468 2129 3676 2203">
     <span class='ocr_line' id='line_1_21' title="bbox 468 2129 3676 2203; baseline 0.002 -19"><span class='ocrx_word' id='word_1_213' title='bbox 468 2131 695 2201; x_wconf 86' lang='lat' dir='ltr'><strong>.quiain</strong></span> <span class='ocrx_word' id='word_1_214' title='bbox 710 2136 915 2189; x_wconf 89' lang='lat' dir='ltr'><strong>natura</strong></span> <span class='ocrx_word' id='word_1_215' title='bbox 933 2131 1012 2187; x_wconf 89' lang='lat' dir='ltr'><strong>rei</strong></span> <span class='ocrx_word' id='word_1_216' title='bbox 1033 2138 1137 2187; x_wconf 81' lang='lat' dir='ltr'><strong>est.</strong></span> <span class='ocrx_word' id='word_1_217' title='bbox 1162 2132 1295 2186; x_wconf 88' lang='lat' dir='ltr'><strong>utid</strong></span> <span class='ocrx_word' id='word_1_218' title='bbox 1312 2149 1433 2187; x_wconf 86' lang='lat' dir='ltr'><strong>esse</strong></span> <span class='ocrx_word' id='word_1_219' title='bbox 1456 2150 1678 2187; x_wconf 91' lang='lat' dir='ltr'><strong>necesse</strong></span> <span class='ocrx_word' id='word_1_220' title='bbox 1698 2134 1789 2199; x_wconf 90' lang='lat' dir='ltr'><strong>sit,</strong></span> <span class='ocrx_word' id='word_1_221' title='bbox 1815 2135 1979 2203; x_wconf 85' lang='lat' dir='ltr'><strong>cujus</strong></span> <span class='ocrx_word' id='word_1_222' title='bbox 2000 2140 2087 2187; x_wconf 90' lang='lat' dir='ltr'><strong>est</strong></span> <span class='ocrx_word' id='word_1_223' title='bbox 2173 2129 2263 2198; x_wconf 85' lang='lat' dir='ltr'><strong>plo</strong></span> <span class='ocrx_word' id='word_1_224' title='bbox 2292 2146 2484 2182; x_wconf 75' lang='lat' dir='ltr'><strong>eorum</strong></span> <span class='ocrx_word' id='word_1_225' title='bbox 2514 2129 2752 2193; x_wconf 59' lang='lat' dir='ltr'><strong>moneri.</strong></span> <span class='ocrx_word' id='word_1_226' title='bbox 2777 2147 2846 2184; x_wconf 80' lang='lat' dir='ltr'><strong>ne</strong></span> <span class='ocrx_word' id='word_1_227' title='bbox 2878 2131 3027 2184; x_wconf 71' lang='lat' dir='ltr'><strong>Ultra</strong></span> <span class='ocrx_word' id='word_1_228' title='bbox 3044 2132 3127 2185; x_wconf 76' lang='lat' dir='ltr'><strong>illi</strong></span> <span class='ocrx_word' id='word_1_229' title='bbox 3157 2134 3469 2186; x_wconf 72' lang='lat' dir='ltr'><strong>molirentur</strong></span> <span class='ocrx_word' id='word_1_230' title='bbox 3491 2132 3676 2184; x_wconf 52' lang='lat' dir='ltr'><strong>insidias.</strong></span> 
     </span>
    </p>
   </div>
   <div class='ocr_carea' id='block_1_22' title="bbox 494 2218 3682 2293">
    <p class='ocr_par' dir='ltr' id='par_1_22' title="bbox 494 2218 3682 2293">
     <span class='ocr_line' id='line_1_22' title="bbox 494 2218 3682 2293; baseline -0.001 -20"><span class='ocrx_word' id='word_1_231' title='bbox 494 2218 737 2284; x_wconf 72' lang='lat' dir='ltr'><strong>alterum</strong></span> <span class='ocrx_word' id='word_1_232' title='bbox 768 2219 921 2277; x_wconf 34' lang='lat' dir='ltr'><strong>illud.</strong></span> <span class='ocrx_word' id='word_1_233' title='bbox 970 2221 1048 2275; x_wconf 85' lang='lat' dir='ltr'><strong>Ac</strong></span> <span class='ocrx_word' id='word_1_234' title='bbox 1079 2237 1178 2292; x_wconf 87' lang='lat' dir='ltr'><strong>per</strong></span> <span class='ocrx_word' id='word_1_235' title='bbox 1226 2221 1329 2275; x_wconf 89' lang='lat' dir='ltr'><strong>hoc</strong></span> <span class='ocrx_word' id='word_1_236' title='bbox 1376 2222 1525 2276; x_wconf 83' lang='lat' dir='ltr'><strong>Deus</strong></span> <span class='ocrx_word' id='word_1_237' title='bbox 1563 2222 1864 2277; x_wconf 80' lang='lat' dir='ltr'><strong>viventium</strong></span> <span class='ocrx_word' id='word_1_238' title='bbox 1897 2228 1999 2286; x_wconf 79' lang='lat' dir='ltr'><strong>est,</strong></span> <span class='ocrx_word' id='word_1_239' title='bbox 2033 2228 2091 2276; x_wconf 79' lang='lat' dir='ltr'><strong>et</strong></span> <span class='ocrx_word' id='word_1_240' title='bbox 2173 2218 2279 2270; x_wconf 87' lang='lat' dir='ltr'><strong>Sed</strong></span> <span class='ocrx_word' id='word_1_241' title='bbox 2294 2218 2678 2272; x_wconf 83' lang='lat' dir='ltr'><strong>malevolentia</strong></span> <span class='ocrx_word' id='word_1_242' title='bbox 2698 2236 2922 2289; x_wconf 82' lang='lat' dir='ltr'><strong>semper</strong></span> <span class='ocrx_word' id='word_1_243' title='bbox 2936 2237 2998 2273; x_wconf 88' lang='lat' dir='ltr'><strong>ac</strong></span> <span class='ocrx_word' id='word_1_244' title='bbox 3019 2221 3346 2293; x_wconf 87' lang='lat' dir='ltr'><strong>livormagis</strong></span> <span class='ocrx_word' id='word_1_245' title='bbox 3362 2219 3682 2293; x_wconf 84' lang='lat' dir='ltr'><strong>magisqueim-</strong></span> 
     </span>
    </p>
   </div>
   <div class='ocr_carea' id='block_1_23' title="bbox 491 2306 3679 2379">
    <p class='ocr_par' dir='ltr' id='par_1_23' title="bbox 491 2306 3679 2379">
     <span class='ocr_line' id='line_1_23' title="bbox 491 2306 3679 2379; baseline -0.001 -18"><span class='ocrx_word' id='word_1_246' title='bbox 491 2321 605 2371; x_wconf 81' lang='lat' dir='ltr'><strong>non</strong></span> <span class='ocrx_word' id='word_1_247' title='bbox 637 2323 831 2375; x_wconf 80' lang='lat' dir='ltr'><strong>eorum</strong></span> <span class='ocrx_word' id='word_1_248' title='bbox 844 2308 938 2379; x_wconf 89' lang='lat' dir='ltr'><strong>qui</strong></span> <span class='ocrx_word' id='word_1_249' title='bbox 962 2325 1070 2363; x_wconf 91' lang='lat' dir='ltr'><strong>non</strong></span> <span class='ocrx_word' id='word_1_250' title='bbox 1096 2311 1399 2365; x_wconf 85' lang='lat' dir='ltr'><strong>sunt.Nam</strong></span> <span class='ocrx_word' id='word_1_251' title='bbox 1418 2316 1475 2363; x_wconf 91' lang='lat' dir='ltr'><strong>et</strong></span> <span class='ocrx_word' id='word_1_252' title='bbox 1489 2311 1634 2364; x_wconf 88' lang='lat' dir='ltr'><strong>Deus</strong></span> <span class='ocrx_word' id='word_1_253' title='bbox 1654 2310 1937 2364; x_wconf 80' lang='lat' dir='ltr'><strong>aeternitas</strong></span> <span class='ocrx_word' id='word_1_254' title='bbox 1960 2318 2045 2364; x_wconf 89' lang='lat' dir='ltr'><strong>est</strong></span> <span class='ocrx_word' id='word_1_255' title='bbox 2070 2330 2083 2376; x_wconf 90' lang='lat'><strong>;</strong></span> <span class='ocrx_word' id='word_1_256' title='bbox 2170 2306 2497 2377; x_wconf 85' lang='lat' dir='ltr'><strong>pudentiam</strong></span> <span class='ocrx_word' id='word_1_257' title='bbox 2530 2308 2725 2361; x_wconf 89' lang='lat' dir='ltr'><strong>nutrit.</strong></span> <span class='ocrx_word' id='word_1_258' title='bbox 2753 2309 2896 2363; x_wconf 87' lang='lat' dir='ltr'><strong>Hinc</strong></span> <span class='ocrx_word' id='word_1_259' title='bbox 2925 2326 2986 2362; x_wconf 89' lang='lat' dir='ltr'><strong>se</strong></span> <span class='ocrx_word' id='word_1_260' title='bbox 3013 2311 3156 2364; x_wconf 85' lang='lat' dir='ltr'><strong>satis</strong></span> <span class='ocrx_word' id='word_1_261' title='bbox 3184 2312 3375 2365; x_wconf 86' lang='lat' dir='ltr'><strong>callide</strong></span> <span class='ocrx_word' id='word_1_262' title='bbox 3405 2308 3679 2363; x_wconf 84' lang='lat' dir='ltr'><strong>multitudine</strong></span> 
     </span>
    </p>
   </div>
   <div class='ocr_carea' id='block_1_24' title="bbox 492 2396 3682 2471">
    <p class='ocr_par' dir='ltr' id='par_1_24' title="bbox 492 2396 3682 2471">
     <span class='ocr_line' id='line_1_24' title="bbox 492 2396 3682 2471; baseline -0 -20"><span class='ocrx_word' id='word_1_263' title='bbox 492 2400 553 2451; x_wconf 77' lang='lat' dir='ltr'><strong>et</strong></span> <span class='ocrx_word' id='word_1_264' title='bbox 578 2412 692 2453; x_wconf 89' lang='lat' dir='ltr'><strong>non</strong></span> <span class='ocrx_word' id='word_1_265' title='bbox 717 2402 805 2459; x_wconf 79' lang='lat' dir='ltr'><strong>est</strong></span> <span class='ocrx_word' id='word_1_266' title='bbox 831 2413 1023 2450; x_wconf 88' lang='lat' dir='ltr'><strong>eorum</strong></span> <span class='ocrx_word' id='word_1_267' title='bbox 1048 2415 1170 2468; x_wconf 69' lang='lat' dir='ltr'><strong>qua:</strong></span> <span class='ocrx_word' id='word_1_268' title='bbox 1199 2404 1298 2457; x_wconf 87' lang='lat' dir='ltr'><strong>aut</strong></span> <span class='ocrx_word' id='word_1_269' title='bbox 1324 2406 1547 2452; x_wconf 85' lang='lat' dir='ltr'><strong>mortua</strong></span> <span class='ocrx_word' id='word_1_270' title='bbox 1565 2406 1714 2458; x_wconf 85' lang='lat' dir='ltr'><strong>sunt.</strong></span> <span class='ocrx_word' id='word_1_271' title='bbox 1733 2406 1828 2452; x_wconf 88' lang='lat' dir='ltr'><strong>aut</strong></span> <span class='ocrx_word' id='word_1_272' title='bbox 1861 2400 2087 2453; x_wconf 91' lang='lat' dir='ltr'><strong>omnino</strong></span> <span class='ocrx_word' id='word_1_273' title='bbox 2171 2402 2481 2455; x_wconf 75' lang='lat' dir='ltr'><strong>armarunt,</strong></span> <span class='ocrx_word' id='word_1_274' title='bbox 2506 2396 2759 2466; x_wconf 88' lang='lat' dir='ltr'><strong>quamvis</strong></span> <span class='ocrx_word' id='word_1_275' title='bbox 2780 2414 2925 2452; x_wconf 90' lang='lat' dir='ltr'><strong>unus</strong></span> <span class='ocrx_word' id='word_1_276' title='bbox 2942 2399 3210 2468; x_wconf 87' lang='lat' dir='ltr'><strong>loquatur</strong></span> <span class='ocrx_word' id='word_1_277' title='bbox 3229 2417 3325 2471; x_wconf 90' lang='lat' dir='ltr'><strong>pro</strong></span> <span class='ocrx_word' id='word_1_278' title='bbox 3344 2397 3682 2469; x_wconf 82' lang='lat' dir='ltr'><strong>omnibus,quia</strong></span> 
     </span>
    </p>
   </div>
   <div class='ocr_carea' id='block_1_25' title="bbox 491 2476 3683 2560">
    <p class='ocr_par' dir='ltr' id='par_1_25' title="bbox 491 2476 3683 2560">
     <span class='ocr_line' id='line_1_25' title="bbox 491 2476 3683 2560; baseline -0.002 -19"><span class='ocrx_word' id='word_1_279' title='bbox 491 2500 607 2541; x_wconf 87' lang='lat' dir='ltr'><strong>non</strong></span> <span class='ocrx_word' id='word_1_280' title='bbox 636 2490 787 2540; x_wconf 90' lang='lat' dir='ltr'><strong>sunt.</strong></span> <span class='ocrx_word' id='word_1_281' title='bbox 851 2484 1140 2551; x_wconf 86' lang='lat' dir='ltr'><strong>Quomodo</strong></span> <span class='ocrx_word' id='word_1_282' title='bbox 1191 2502 1324 2556; x_wconf 84' lang='lat' dir='ltr'><strong>ergo</strong></span> <span class='ocrx_word' id='word_1_283' title='bbox 1354 2504 1548 2540; x_wconf 90' lang='lat' dir='ltr'><strong>eorum</strong></span> <span class='ocrx_word' id='word_1_284' title='bbox 1587 2488 1885 2557; x_wconf 81' lang='lat' dir='ltr'><strong>negabitur</strong></span> <span class='ocrx_word' id='word_1_285' title='bbox 1917 2489 2083 2555; x_wconf 85' lang='lat' dir='ltr'><strong>Deus,</strong></span> <span class='ocrx_word' id='word_1_286' title='bbox 2172 2501 2365 2537; x_wconf 90' lang='lat' dir='ltr'><strong>omnes</strong></span> <span class='ocrx_word' id='word_1_287' title='bbox 2394 2485 2472 2538; x_wconf 91' lang='lat' dir='ltr'><strong>illi</strong></span> <span class='ocrx_word' id='word_1_288' title='bbox 2512 2486 2819 2547; x_wconf 83' lang='lat' dir='ltr'><strong>decertant,</strong></span> <span class='ocrx_word' id='word_1_289' title='bbox 2858 2494 2914 2541; x_wconf 90' lang='lat' dir='ltr'><strong>et</strong></span> <span class='ocrx_word' id='word_1_290' title='bbox 2940 2476 3255 2559; x_wconf 90' lang='lat' dir='ltr'><strong>loquuntur</strong></span> <span class='ocrx_word' id='word_1_291' title='bbox 3283 2506 3377 2560; x_wconf 90' lang='lat' dir='ltr'><strong>per</strong></span> <span class='ocrx_word' id='word_1_292' title='bbox 3410 2504 3572 2547; x_wconf 90' lang='lat' dir='ltr'><strong>unum,</strong></span> <span class='ocrx_word' id='word_1_293' title='bbox 3594 2484 3683 2539; x_wconf 85' lang='lat' dir='ltr'><strong>utsi</strong></span> 
     </span>
    </p>
   </div>
   <div class='ocr_carea' id='block_1_26' title="bbox 492 2574 3682 2647">
    <p class='ocr_par' dir='ltr' id='par_1_26' title="bbox 492 2574 3682 2647">
     <span class='ocr_line' id='line_1_26' title="bbox 492 2574 3682 2647; baseline -0.001 -18"><span class='ocrx_word' id='word_1_294' title='bbox 492 2589 731 2644; x_wconf 81' lang='lat' dir='ltr'><strong>quorum</strong></span> <span class='ocrx_word' id='word_1_295' title='bbox 788 2590 849 2630; x_wconf 86' lang='lat' dir='ltr'><strong>se</strong></span> <span class='ocrx_word' id='word_1_296' title='bbox 881 2591 1002 2635; x_wconf 87' lang='lat' dir='ltr'><strong>esse</strong></span> <span class='ocrx_word' id='word_1_297' title='bbox 1051 2575 1348 2645; x_wconf 83' lang='lat' dir='ltr'><strong>proﬁtetur</strong></span> <span class='ocrx_word' id='word_1_298' title='bbox 1378 2575 1555 2629; x_wconf 89' lang='lat' dir='ltr'><strong>Deum</strong></span> <span class='ocrx_word' id='word_1_299' title='bbox 1592 2576 1713 2647; x_wconf 87' lang='lat' dir='ltr'><strong>ipsa</strong></span> <span class='ocrx_word' id='word_1_300' title='bbox 1752 2576 2087 2630; x_wconf 58' lang='lat' dir='ltr'><strong>aeternitas?</strong></span> <span class='ocrx_word' id='word_1_301' title='bbox 2171 2574 2396 2645; x_wconf 89' lang='lat' dir='ltr'><strong>quidam</strong></span> <span class='ocrx_word' id='word_1_302' title='bbox 2433 2574 2624 2627; x_wconf 86' lang='lat' dir='ltr'><strong>vicerit</strong></span> <span class='ocrx_word' id='word_1_303' title='bbox 2668 2591 2862 2629; x_wconf 89' lang='lat' dir='ltr'><strong>omnes</strong></span> <span class='ocrx_word' id='word_1_304' title='bbox 2895 2576 3197 2631; x_wconf 90' lang='lat' dir='ltr'><strong>videantur</strong></span> <span class='ocrx_word' id='word_1_305' title='bbox 3225 2578 3445 2644; x_wconf 86' lang='lat' dir='ltr'><strong>vicisse;</strong></span> <span class='ocrx_word' id='word_1_306' title='bbox 3485 2576 3524 2631; x_wconf 88' lang='lat' dir='ltr'><strong>si</strong></span> <span class='ocrx_word' id='word_1_307' title='bbox 3547 2582 3682 2629; x_wconf 89' lang='lat' dir='ltr'><strong>autem</strong></span> 
     </span>
    </p>
   </div>
   <div class='ocr_carea' id='block_1_27' title="bbox 486 2661 3683 2735">
    <p class='ocr_par' dir='ltr' id='par_1_27' title="bbox 486 2661 3683 2735">
     <span class='ocr_line' id='line_1_27' title="bbox 486 2661 3683 2735; baseline -0.001 -16"><span class='ocrx_word' id='word_1_308' title='bbox 486 2661 638 2719; x_wconf 88' lang='lat' dir='ltr'><strong>Deus</strong></span> <span class='ocrx_word' id='word_1_309' title='bbox 676 2664 824 2718; x_wconf 85' lang='lat' dir='ltr'><strong>enim</strong></span> <span class='ocrx_word' id='word_1_310' title='bbox 868 2664 966 2734; x_wconf 91' lang='lat' dir='ltr'><strong>qui</strong></span> <span class='ocrx_word' id='word_1_311' title='bbox 1020 2670 1124 2723; x_wconf 86' lang='lat' dir='ltr'><strong>est,</strong></span> <span class='ocrx_word' id='word_1_312' title='bbox 1156 2664 1276 2735; x_wconf 87' lang='lat' dir='ltr'><strong>ipse</strong></span> <span class='ocrx_word' id='word_1_313' title='bbox 1306 2665 1374 2719; x_wconf 91' lang='lat' dir='ltr'><strong>de</strong></span> <span class='ocrx_word' id='word_1_314' title='bbox 1403 2681 1462 2717; x_wconf 85' lang='lat' dir='ltr'><strong>se</strong></span> <span class='ocrx_word' id='word_1_315' title='bbox 1488 2664 1648 2718; x_wconf 90' lang='lat' dir='ltr'><strong>dicit:</strong></span> <span class='ocrx_word' id='word_1_316' title='bbox 1698 2665 1807 2732; x_wconf 83' lang='lat' dir='ltr'><strong>Ego</strong></span> <span class='ocrx_word' id='word_1_317' title='bbox 1837 2682 1962 2719; x_wconf 87' lang='lat' dir='ltr'><strong>sum</strong></span> <span class='ocrx_word' id='word_1_318' title='bbox 1990 2667 2088 2733; x_wconf 79' lang='lat' dir='ltr'><strong>qui</strong></span> <span class='ocrx_word' id='word_1_319' title='bbox 2172 2663 2346 2716; x_wconf 83' lang='lat' dir='ltr'><strong>victus</strong></span> <span class='ocrx_word' id='word_1_320' title='bbox 2378 2662 2566 2725; x_wconf 89' lang='lat' dir='ltr'><strong>fuerit,</strong></span> <span class='ocrx_word' id='word_1_321' title='bbox 2599 2663 2749 2717; x_wconf 91' lang='lat' dir='ltr'><strong>solus</strong></span> <span class='ocrx_word' id='word_1_322' title='bbox 2782 2664 3036 2719; x_wconf 87' lang='lat' dir='ltr'><strong>videatur</strong></span> <span class='ocrx_word' id='word_1_323' title='bbox 3055 2665 3339 2721; x_wconf 87' lang='lat' dir='ltr'><strong>confusus.</strong></span> <span class='ocrx_word' id='word_1_324' title='bbox 3368 2668 3601 2735; x_wconf 76' lang='lat' dir='ltr'><strong>Magister,</strong></span> <span class='ocrx_word' id='word_1_325' title='bbox 3624 2662 3683 2716; x_wconf 91' lang='lat' dir='ltr'><strong>in-</strong></span> 
     </span>
    </p>
   </div>
   <div class='ocr_carea' id='block_1_28' title="bbox 486 2752 3684 2825">
    <p class='ocr_par' dir='ltr' id='par_1_28' title="bbox 486 2752 3684 2825">
     <span class='ocr_line' id='line_1_28' title="bbox 486 2752 3684 2825; baseline -0.001 -18"><span class='ocrx_word' id='word_1_326' title='bbox 486 2767 612 2813; x_wconf 74' lang='lat' dir='ltr'><strong>:um</strong></span> <span class='ocrx_word' id='word_1_327' title='bbox 641 2752 829 2821; x_wconf 67' lang='lat' dir='ltr'><strong>(Exod.</strong></span> <span class='ocrx_word' id='word_1_328' title='bbox 861 2766 944 2817; x_wconf 80' lang='grc' dir='ltr'><strong>ω,</strong></span> <span class='ocrx_word' id='word_1_329' title='bbox 980 2753 1089 2821; x_wconf 65' lang='grc'><strong>14),</strong></span> <span class='ocrx_word' id='word_1_330' title='bbox 1123 2760 1180 2806; x_wconf 90' lang='lat' dir='ltr'><strong>et</strong></span> <span class='ocrx_word' id='word_1_331' title='bbox 1216 2754 1320 2809; x_wconf 86' lang='lat' dir='ltr'><strong>hoc</strong></span> <span class='ocrx_word' id='word_1_332' title='bbox 1339 2753 1477 2806; x_wconf 91' lang='lat' dir='ltr'><strong>mihi</strong></span> <span class='ocrx_word' id='word_1_333' title='bbox 1498 2770 1702 2807; x_wconf 88' lang='lat' dir='ltr'><strong>nomen</strong></span> <span class='ocrx_word' id='word_1_334' title='bbox 1733 2758 1819 2806; x_wconf 90' lang='lat' dir='ltr'><strong>est</strong></span> <span class='ocrx_word' id='word_1_335' title='bbox 1847 2754 1903 2807; x_wconf 91' lang='lat' dir='ltr'><strong>in</strong></span> <span class='ocrx_word' id='word_1_336' title='bbox 1932 2759 2089 2807; x_wconf 72' lang='lat' dir='ltr'><strong>reter-</strong></span> <span class='ocrx_word' id='word_1_337' title='bbox 2169 2752 2307 2822; x_wconf 91' lang='lat' dir='ltr'><strong>quit,</strong></span> <span class='ocrx_word' id='word_1_338' title='bbox 2341 2754 2483 2819; x_wconf 88' lang='lat' dir='ltr'><strong>quod</strong></span> <span class='ocrx_word' id='word_1_339' title='bbox 2512 2754 2843 2806; x_wconf 80' lang='lat' dir='ltr'><strong>mandatum</strong></span> <span class='ocrx_word' id='word_1_340' title='bbox 2869 2770 3141 2821; x_wconf 79' lang='lat' dir='ltr'><strong>magnum</strong></span> <span class='ocrx_word' id='word_1_341' title='bbox 3172 2759 3234 2808; x_wconf 77' lang='lat' dir='ltr'><strong>in</strong></span> <span class='ocrx_word' id='word_1_342' title='bbox 3265 2760 3372 2824; x_wconf 71' lang='lat' dir='ltr'><strong>lege</strong></span> <span class='ocrx_word' id='word_1_343' title='bbox 3392 2754 3684 2825; x_wconf 77' lang='lat' dir='ltr'><strong>?Magistrum</strong></span> 
     </span>
    </p>
   </div>
   <div class='ocr_carea' id='block_1_29' title="bbox 486 2839 3685 2916">
    <p class='ocr_par' dir='ltr' id='par_1_29' title="bbox 486 2839 3685 2916">
     <span class='ocr_line' id='line_1_29' title="bbox 486 2839 3685 2916; baseline -0.001 -21"><span class='ocrx_word' id='word_1_344' title='bbox 486 2857 644 2895; x_wconf 88' lang='lat' dir='ltr'><strong>num.</strong></span> <span class='ocrx_word' id='word_1_345' title='bbox 694 2840 854 2897; x_wconf 87' lang='lat' dir='ltr'><strong>Unde</strong></span> <span class='ocrx_word' id='word_1_346' title='bbox 902 2847 960 2896; x_wconf 90' lang='lat' dir='ltr'><strong>et</strong></span> <span class='ocrx_word' id='word_1_347' title='bbox 1000 2840 1340 2913; x_wconf 86' lang='lat' dir='ltr'><strong>impossibile</strong></span> <span class='ocrx_word' id='word_1_348' title='bbox 1392 2848 1497 2907; x_wconf 89' lang='lat' dir='ltr'><strong>est,</strong></span> <span class='ocrx_word' id='word_1_349' title='bbox 1531 2847 1595 2895; x_wconf 92' lang='lat' dir='ltr'><strong>ut</strong></span> <span class='ocrx_word' id='word_1_350' title='bbox 1637 2840 1857 2897; x_wconf 84' lang='lat' dir='ltr'><strong>dicatur</strong></span> <span class='ocrx_word' id='word_1_351' title='bbox 1887 2858 2082 2895; x_wconf 87' lang='lat' dir='ltr'><strong>eorum</strong></span> <span class='ocrx_word' id='word_1_352' title='bbox 2164 2845 2341 2904; x_wconf 86' lang='lat' dir='ltr'><strong>vocat,</strong></span> <span class='ocrx_word' id='word_1_353' title='bbox 2376 2842 2535 2909; x_wconf 83' lang='lat' dir='ltr'><strong>cujus</strong></span> <span class='ocrx_word' id='word_1_354' title='bbox 2558 2840 2699 2895; x_wconf 85' lang='lat' dir='ltr'><strong>forte</strong></span> <span class='ocrx_word' id='word_1_355' title='bbox 2730 2858 2840 2896; x_wconf 93' lang='lat' dir='ltr'><strong>non</strong></span> <span class='ocrx_word' id='word_1_356' title='bbox 2871 2842 2987 2896; x_wconf 86' lang='lat' dir='ltr'><strong>vult</strong></span> <span class='ocrx_word' id='word_1_357' title='bbox 3016 2860 3143 2898; x_wconf 89' lang='lat' dir='ltr'><strong>esse</strong></span> <span class='ocrx_word' id='word_1_358' title='bbox 3174 2844 3481 2916; x_wconf 88' lang='lat' dir='ltr'><strong>discipulus,</strong></span> <span class='ocrx_word' id='word_1_359' title='bbox 3508 2842 3612 2912; x_wconf 84' lang='lat' dir='ltr'><strong>quia</strong></span> <span class='ocrx_word' id='word_1_360' title='bbox 3632 2839 3685 2891; x_wconf 87' lang='lat' dir='ltr'><strong>sic</strong></span> 
     </span>
    </p>
   </div>
   <div class='ocr_carea' id='block_1_30' title="bbox 451 2928 3685 3002">
    <p class='ocr_par' dir='ltr' id='par_1_30' title="bbox 451 2928 3685 3002">
     <span class='ocr_line' id='line_1_30' title="bbox 451 2928 3685 3002; baseline 0.001 -18"><span class='ocrx_word' id='word_1_361' title='bbox 451 2980 457 2984; x_wconf 92' lang='lat'><strong>.</strong></span> <span class='ocrx_word' id='word_1_362' title='bbox 486 2929 637 2984; x_wconf 88' lang='lat' dir='ltr'><strong>Deus</strong></span> <span class='ocrx_word' id='word_1_363' title='bbox 682 2946 822 2995; x_wconf 85' lang='lat' dir='ltr'><strong>esse,</strong></span> <span class='ocrx_word' id='word_1_364' title='bbox 872 2930 968 2999; x_wconf 87' lang='lat' dir='ltr'><strong>qui</strong></span> <span class='ocrx_word' id='word_1_365' title='bbox 1021 2946 1132 2984; x_wconf 91' lang='lat' dir='ltr'><strong>non</strong></span> <span class='ocrx_word' id='word_1_366' title='bbox 1163 2936 1312 2983; x_wconf 88' lang='lat' dir='ltr'><strong>sunt.</strong></span> <span class='ocrx_word' id='word_1_367' title='bbox 1348 2930 1415 2983; x_wconf 88' lang='lat' dir='ltr'><strong>Et</strong></span> <span class='ocrx_word' id='word_1_368' title='bbox 1444 2930 1577 3001; x_wconf 82' lang='lat' dir='ltr'><strong>quia</strong></span> <span class='ocrx_word' id='word_1_369' title='bbox 1608 2930 1709 2982; x_wconf 90' lang='lat' dir='ltr'><strong>hoc</strong></span> <span class='ocrx_word' id='word_1_370' title='bbox 1737 2929 2083 3002; x_wconf 85' lang='lat' dir='ltr'><strong>impossibile</strong></span> <span class='ocrx_word' id='word_1_371' title='bbox 2167 2928 2480 2998; x_wconf 80' lang='lat' dir='ltr'><strong>interrogat</strong></span> <span class='ocrx_word' id='word_1_372' title='bbox 2505 2930 2573 2983; x_wconf 93' lang='lat' dir='ltr'><strong>de</strong></span> <span class='ocrx_word' id='word_1_373' title='bbox 2606 2947 2808 3001; x_wconf 86' lang='lat' dir='ltr'><strong>magno</strong></span> <span class='ocrx_word' id='word_1_374' title='bbox 2843 2932 3129 2997; x_wconf 88' lang='lat' dir='ltr'><strong>mandato,</strong></span> <span class='ocrx_word' id='word_1_375' title='bbox 3177 2941 3231 2987; x_wconf 91' lang='lat' dir='ltr'><strong>et</strong></span> <span class='ocrx_word' id='word_1_376' title='bbox 3261 2951 3366 2987; x_wconf 91' lang='lat' dir='ltr'><strong>non</strong></span> <span class='ocrx_word' id='word_1_377' title='bbox 3395 2933 3456 2987; x_wconf 93' lang='lat' dir='ltr'><strong>de</strong></span> <span class='ocrx_word' id='word_1_378' title='bbox 3484 2930 3685 2986; x_wconf 67' lang='lat' dir='ltr'><strong>maxi&#39;no.</strong></span> 
     </span>
    </p>
   </div>
   <div class='ocr_carea' id='block_1_31' title="bbox 486 3016 3684 3095">
    <p class='ocr_par' dir='ltr' id='par_1_31' title="bbox 486 3016 3684 3095">
     <span class='ocr_line' id='line_1_31' title="bbox 486 3016 3684 3095; baseline 0.002 -22"><span class='ocrx_word' id='word_1_379' title='bbox 486 3024 589 3082; x_wconf 85' lang='lat' dir='ltr'><strong>est,</strong></span> <span class='ocrx_word' id='word_1_380' title='bbox 614 3034 747 3088; x_wconf 80' lang='lat' dir='ltr'><strong>ergo</strong></span> <span class='ocrx_word' id='word_1_381' title='bbox 768 3034 961 3072; x_wconf 90' lang='lat' dir='ltr'><strong>eorum</strong></span> <span class='ocrx_word' id='word_1_382' title='bbox 992 3024 1078 3072; x_wconf 92' lang='lat' dir='ltr'><strong>est</strong></span> <span class='ocrx_word' id='word_1_383' title='bbox 1106 3019 1253 3072; x_wconf 91' lang='lat' dir='ltr'><strong>Deus</strong></span> <span class='ocrx_word' id='word_1_384' title='bbox 1274 3018 1370 3088; x_wconf 90' lang='lat' dir='ltr'><strong>qui</strong></span> <span class='ocrx_word' id='word_1_385' title='bbox 1400 3025 1549 3075; x_wconf 86' lang='lat' dir='ltr'><strong>sunt.</strong></span> <span class='ocrx_word' id='word_1_386' title='bbox 1582 3024 1637 3072; x_wconf 92' lang='lat' dir='ltr'><strong>et</strong></span> <span class='ocrx_word' id='word_1_387' title='bbox 1669 3019 1762 3089; x_wconf 91' lang='lat' dir='ltr'><strong>qui</strong></span> <span class='ocrx_word' id='word_1_388' title='bbox 1792 3020 1981 3075; x_wconf 90' lang='lat' dir='ltr'><strong>vivunt</strong></span> <span class='ocrx_word' id='word_1_389' title='bbox 2031 3027 2086 3075; x_wconf 89' lang='lat' dir='ltr'><strong>et</strong></span> <span class='ocrx_word' id='word_1_390' title='bbox 2102 3066 2143 3095; x_wconf 60' lang='grc' dir='ltr'>ρ</span> <span class='ocrx_word' id='word_1_391' title='bbox 2166 3024 2227 3070; x_wconf 92' lang='lat' dir='ltr'><strong>ut</strong></span> <span class='ocrx_word' id='word_1_392' title='bbox 2259 3018 2529 3088; x_wconf 81' lang='lat' dir='ltr'><strong>quidquid</strong></span> <span class='ocrx_word' id='word_1_393' title='bbox 2563 3018 2655 3072; x_wconf 88' lang='lat' dir='ltr'><strong>ille</strong></span> <span class='ocrx_word' id='word_1_394' title='bbox 2681 3020 3049 3089; x_wconf 87' lang='lat' dir='ltr'><strong>responderit,</strong></span> <span class='ocrx_word' id='word_1_395' title='bbox 3095 3022 3232 3092; x_wconf 89' lang='lat' dir='ltr'><strong>quia</strong></span> <span class='ocrx_word' id='word_1_396' title='bbox 3254 3039 3370 3095; x_wconf 72' lang='lat' dir='ltr'><strong>quae</strong></span> <span class='ocrx_word' id='word_1_397' title='bbox 3398 3023 3526 3075; x_wconf 85' lang='lat' dir='ltr'><strong>Deus</strong></span> <span class='ocrx_word' id='word_1_398' title='bbox 3545 3016 3684 3089; x_wconf 55' lang='lat' dir='ltr'><strong>jussit»</strong></span> 
     </span>
    </p>
   </div>
   <div class='ocr_carea' id='block_1_32' title="bbox 454 3106 3689 3177">
    <p class='ocr_par' dir='ltr' id='par_1_32' title="bbox 454 3106 3689 3177">
     <span class='ocr_line' id='line_1_32' title="bbox 454 3106 3689 3177; baseline -0.001 -16"><span class='ocrx_word' id='word_1_399' title='bbox 454 3106 737 3162; x_wconf 83' lang='lat' dir='ltr'><strong>.sentiunt</strong></span> <span class='ocrx_word' id='word_1_400' title='bbox 769 3106 1041 3160; x_wconf 82' lang='lat' dir='ltr'><strong>beneﬁcia</strong></span> <span class='ocrx_word' id='word_1_401' title='bbox 1084 3108 1227 3177; x_wconf 87' lang='lat' dir='ltr'><strong>ejus,</strong></span> <span class='ocrx_word' id='word_1_402' title='bbox 1258 3113 1313 3162; x_wconf 91' lang='lat' dir='ltr'><strong>et</strong></span> <span class='ocrx_word' id='word_1_403' title='bbox 1336 3107 1659 3176; x_wconf 90' lang='lat' dir='ltr'><strong>intelligunt</strong></span> <span class='ocrx_word' id='word_1_404' title='bbox 1689 3124 1748 3161; x_wconf 89' lang='lat' dir='ltr'><strong>se</strong></span> <span class='ocrx_word' id='word_1_405' title='bbox 1780 3109 1955 3162; x_wconf 89' lang='lat' dir='ltr'><strong>Deum</strong></span> <span class='ocrx_word' id='word_1_406' title='bbox 1990 3106 2144 3163; x_wconf 54' lang='grc' dir='ltr'>ων</span> <span class='ocrx_word' id='word_1_407' title='bbox 2169 3106 2354 3159; x_wconf 88' lang='lat' dir='ltr'><strong>omnia</strong></span> <span class='ocrx_word' id='word_1_408' title='bbox 2406 3123 2607 3177; x_wconf 86' lang='lat' dir='ltr'><strong>magna</strong></span> <span class='ocrx_word' id='word_1_409' title='bbox 2657 3113 2805 3169; x_wconf 91' lang='lat' dir='ltr'><strong>sunt,</strong></span> <span class='ocrx_word' id='word_1_410' title='bbox 2845 3109 3195 3164; x_wconf 87' lang='lat' dir='ltr'><strong>occasionem</strong></span> <span class='ocrx_word' id='word_1_411' title='bbox 3229 3111 3422 3166; x_wconf 87' lang='lat' dir='ltr'><strong>habeat</strong></span> <span class='ocrx_word' id='word_1_412' title='bbox 3450 3115 3610 3177; x_wconf 58' lang='lat' dir='ltr'><strong>9g;</strong></span> <span class='ocrx_word' id='word_1_413' title='bbox 3628 3120 3689 3157; x_wconf 89' lang='lat' dir='ltr'><strong>ca-</strong></span> 
     </span>
    </p>
   </div>
   <div class='ocr_carea' id='block_1_33' title="bbox 481 3194 3686 3269">
    <p class='ocr_par' dir='ltr' id='par_1_33' title="bbox 481 3194 3686 3269">
     <span class='ocr_line' id='line_1_33' title="bbox 481 3194 3686 3269; baseline -0.001 -20"><span class='ocrx_word' id='word_1_414' title='bbox 481 3194 634 3261; x_wconf 86' lang='lat' dir='ltr'><strong>bere,</strong></span> <span class='ocrx_word' id='word_1_415' title='bbox 685 3196 848 3267; x_wconf 80' lang='lat' dir='ltr'><strong>cujus</strong></span> <span class='ocrx_word' id='word_1_416' title='bbox 885 3200 942 3256; x_wconf 87' lang='lat' dir='ltr'><strong>et</strong></span> <span class='ocrx_word' id='word_1_417' title='bbox 970 3196 1075 3266; x_wconf 87' lang='lat' dir='ltr'><strong>ipsi</strong></span> <span class='ocrx_word' id='word_1_418' title='bbox 1120 3202 1270 3251; x_wconf 87' lang='lat' dir='ltr'><strong>sunt.</strong></span> <span class='ocrx_word' id='word_1_419' title='bbox 1307 3196 1413 3250; x_wconf 89' lang='lat' dir='ltr'><strong>Sed</strong></span> <span class='ocrx_word' id='word_1_420' title='bbox 1446 3197 1805 3266; x_wconf 70' lang='lat' dir='ltr'><strong>quaerendum</strong></span> <span class='ocrx_word' id='word_1_421' title='bbox 1840 3198 1972 3268; x_wconf 88' lang='lat' dir='ltr'><strong>quid</strong></span> <span class='ocrx_word' id='word_1_422' title='bbox 2000 3204 2086 3252; x_wconf 92' lang='lat' dir='ltr'><strong>est</strong></span> <span class='ocrx_word' id='word_1_423' title='bbox 2167 3196 2478 3249; x_wconf 82' lang='lat' dir='ltr'><strong>lumniandi</strong></span> <span class='ocrx_word' id='word_1_424' title='bbox 2499 3197 2648 3251; x_wconf 87' lang='lat' dir='ltr'><strong>aliud</strong></span> <span class='ocrx_word' id='word_1_425' title='bbox 2668 3214 2923 3251; x_wconf 89' lang='lat' dir='ltr'><strong>asserens</strong></span> <span class='ocrx_word' id='word_1_426' title='bbox 2946 3216 3216 3267; x_wconf 78' lang='lat' dir='ltr'><strong>magnum</strong></span> <span class='ocrx_word' id='word_1_427' title='bbox 3248 3217 3364 3254; x_wconf 83' lang='lat' dir='ltr'><strong>esse</strong></span> <span class='ocrx_word' id='word_1_428' title='bbox 3392 3199 3453 3253; x_wconf 90' lang='lat' dir='ltr'><strong>de</strong></span> <span class='ocrx_word' id='word_1_429' title='bbox 3479 3196 3686 3269; x_wconf 84' lang='lat' dir='ltr'><strong>pluribus.</strong></span> 
     </span>
    </p>
   </div>
   <div class='ocr_carea' id='block_1_34' title="bbox 482 3282 3690 3360">
    <p class='ocr_par' dir='ltr' id='par_1_34' title="bbox 482 3282 3690 3360">
     <span class='ocr_line' id='line_1_34' title="bbox 482 3282 3690 3360; baseline -0.001 -21"><span class='ocrx_word' id='word_1_430' title='bbox 482 3282 632 3354; x_wconf 86' lang='lat' dir='ltr'><strong>quod</strong></span> <span class='ocrx_word' id='word_1_431' title='bbox 656 3300 759 3354; x_wconf 89' lang='lat' dir='ltr'><strong>per</strong></span> <span class='ocrx_word' id='word_1_432' title='bbox 801 3284 1053 3354; x_wconf 84' lang='lat' dir='ltr'><strong>singulos</strong></span> <span class='ocrx_word' id='word_1_433' title='bbox 1101 3285 1260 3351; x_wconf 81' lang='lat' dir='ltr'><strong>dixit,</strong></span> <span class='ocrx_word' id='word_1_434' title='bbox 1298 3287 1409 3353; x_wconf 83' lang='lat' dir='ltr'><strong>Ego</strong></span> <span class='ocrx_word' id='word_1_435' title='bbox 1453 3302 1577 3339; x_wconf 81' lang='lat' dir='ltr'><strong>sum</strong></span> <span class='ocrx_word' id='word_1_436' title='bbox 1608 3288 1746 3340; x_wconf 88' lang='lat' dir='ltr'><strong>Deus</strong></span> <span class='ocrx_word' id='word_1_437' title='bbox 1780 3288 2081 3353; x_wconf 82' lang='lat' dir='ltr'><strong>Abraham,</strong></span> <span class='ocrx_word' id='word_1_438' title='bbox 2165 3285 2309 3338; x_wconf 86' lang='lat' dir='ltr'><strong>Nam</strong></span> <span class='ocrx_word' id='word_1_439' title='bbox 2340 3284 2432 3354; x_wconf 92' lang='lat' dir='ltr'><strong>qui</strong></span> <span class='ocrx_word' id='word_1_440' title='bbox 2465 3285 2587 3339; x_wconf 84' lang='lat' dir='ltr'><strong>ﬁcte</strong></span> <span class='ocrx_word' id='word_1_441' title='bbox 2619 3303 2744 3339; x_wconf 88' lang='lat' dir='ltr'><strong>cum</strong></span> <span class='ocrx_word' id='word_1_442' title='bbox 2776 3286 2903 3340; x_wconf 94' lang='lat' dir='ltr'><strong>dolo</strong></span> <span class='ocrx_word' id='word_1_443' title='bbox 2934 3289 3267 3360; x_wconf 72' lang='lat' dir='ltr'><strong>interrogat,</strong></span> <span class='ocrx_word' id='word_1_444' title='bbox 3301 3289 3462 3347; x_wconf 86' lang='lat' dir='ltr'><strong>frater</strong></span> <span class='ocrx_word' id='word_1_445' title='bbox 3499 3297 3547 3340; x_wconf 91' lang='lat' dir='ltr'><strong>et</strong></span> <span class='ocrx_word' id='word_1_446' title='bbox 3568 3282 3690 3356; x_wconf 81' lang='lat' dir='ltr'><strong>parti-</strong></span> 
     </span>
    </p>
   </div>
   <div class='ocr_carea' id='block_1_35' title="bbox 477 3373 3689 3446">
    <p class='ocr_par' dir='ltr' id='par_1_35' title="bbox 477 3373 3689 3446">
     <span class='ocr_line' id='line_1_35' title="bbox 477 3373 3689 3446; baseline -0.001 -20"><span class='ocrx_word' id='word_1_447' title='bbox 477 3374 621 3439; x_wconf 79' lang='lat' dir='ltr'><strong>Deus</strong></span> <span class='ocrx_word' id='word_1_448' title='bbox 652 3375 823 3437; x_wconf 85' lang='lat' dir='ltr'><strong>Isaac,</strong></span> <span class='ocrx_word' id='word_1_449' title='bbox 873 3379 921 3428; x_wconf 85' lang='lat' dir='ltr'><strong>et</strong></span> <span class='ocrx_word' id='word_1_450' title='bbox 968 3375 1105 3429; x_wconf 85' lang='lat' dir='ltr'><strong>Deus</strong></span> <span class='ocrx_word' id='word_1_451' title='bbox 1139 3376 1323 3435; x_wconf 78' lang='lat' dir='ltr'><strong>Iacob,</strong></span> <span class='ocrx_word' id='word_1_452' title='bbox 1371 3391 1496 3429; x_wconf 89' lang='lat' dir='ltr'><strong>cum</strong></span> <span class='ocrx_word' id='word_1_453' title='bbox 1530 3380 1718 3445; x_wconf 90' lang='lat' dir='ltr'><strong>posset</strong></span> <span class='ocrx_word' id='word_1_454' title='bbox 1744 3375 1946 3439; x_wconf 90' lang='lat' dir='ltr'><strong>dicere,</strong></span> <span class='ocrx_word' id='word_1_455' title='bbox 1980 3393 2083 3446; x_wconf 83' lang='lat' dir='ltr'><strong>ego</strong></span> <span class='ocrx_word' id='word_1_456' title='bbox 2165 3390 2295 3444; x_wconf 84' lang='lat' dir='ltr'><strong>ceps</strong></span> <span class='ocrx_word' id='word_1_457' title='bbox 2326 3381 2411 3425; x_wconf 84' lang='lat' dir='ltr'><strong>est</strong></span> <span class='ocrx_word' id='word_1_458' title='bbox 2427 3374 2591 3441; x_wconf 89' lang='lat' dir='ltr'><strong>hujus</strong></span> <span class='ocrx_word' id='word_1_459' title='bbox 2614 3373 2899 3428; x_wconf 77' lang='lat' dir='ltr'><strong>Pharisaei.</strong></span> <span class='ocrx_word' id='word_1_460' title='bbox 2926 3375 3070 3439; x_wconf 87' lang='lat' dir='ltr'><strong>Quia</strong></span> <span class='ocrx_word' id='word_1_461' title='bbox 3101 3378 3288 3431; x_wconf 85' lang='lat' dir='ltr'><strong>omnis</strong></span> <span class='ocrx_word' id='word_1_462' title='bbox 3316 3373 3587 3446; x_wconf 87' lang='lat' dir='ltr'><strong>discipulus</strong></span> <span class='ocrx_word' id='word_1_463' title='bbox 3605 3386 3689 3424; x_wconf 86' lang='lat' dir='ltr'><strong>ma-</strong></span> 
     </span>
    </p>
   </div>
   <div class='ocr_carea' id='block_1_36' title="bbox 479 3458 3689 3536">
    <p class='ocr_par' dir='ltr' id='par_1_36' title="bbox 479 3458 3689 3536">
     <span class='ocr_line' id='line_1_36' title="bbox 479 3458 3689 3536; baseline -0.002 -20"><span class='ocrx_word' id='word_1_464' title='bbox 479 3476 604 3525; x_wconf 83' lang='lat' dir='ltr'><strong>sum</strong></span> <span class='ocrx_word' id='word_1_465' title='bbox 626 3461 775 3519; x_wconf 86' lang='lat' dir='ltr'><strong>Deus</strong></span> <span class='ocrx_word' id='word_1_466' title='bbox 795 3461 1100 3527; x_wconf 87' lang='lat' dir='ltr'><strong>Abraham,</strong></span> <span class='ocrx_word' id='word_1_467' title='bbox 1119 3464 1293 3529; x_wconf 88' lang='lat' dir='ltr'><strong>Isaac,</strong></span> <span class='ocrx_word' id='word_1_468' title='bbox 1318 3462 1596 3517; x_wconf 79' lang='lat' dir='ltr'><strong>etJacob?</strong></span> <span class='ocrx_word' id='word_1_469' title='bbox 1621 3464 1779 3517; x_wconf 89' lang='lat' dir='ltr'><strong>Sicut</strong></span> <span class='ocrx_word' id='word_1_470' title='bbox 1808 3464 1917 3518; x_wconf 88' lang='lat' dir='ltr'><strong>alio</strong></span> <span class='ocrx_word' id='word_1_471' title='bbox 1941 3466 2079 3530; x_wconf 88' lang='lat' dir='ltr'><strong>loco,</strong></span> <span class='ocrx_word' id='word_1_472' title='bbox 2163 3461 2325 3531; x_wconf 85' lang='lat' dir='ltr'><strong>gistri</strong></span> <span class='ocrx_word' id='word_1_473' title='bbox 2357 3460 2663 3531; x_wconf 89' lang='lat' dir='ltr'><strong>discipulus</strong></span> <span class='ocrx_word' id='word_1_474' title='bbox 2693 3468 2798 3520; x_wconf 87' lang='lat' dir='ltr'><strong>est.</strong></span> <span class='ocrx_word' id='word_1_475' title='bbox 2832 3463 2978 3517; x_wconf 89' lang='lat' dir='ltr'><strong>sicut</strong></span> <span class='ocrx_word' id='word_1_476' title='bbox 3006 3469 3065 3517; x_wconf 75' lang='lat' dir='ltr'><strong>et</strong></span> <span class='ocrx_word' id='word_1_477' title='bbox 3092 3465 3362 3536; x_wconf 84' lang='lat' dir='ltr'><strong>magister</strong></span> <span class='ocrx_word' id='word_1_478' title='bbox 3396 3464 3475 3518; x_wconf 90' lang='lat' dir='ltr'><strong>sui</strong></span> <span class='ocrx_word' id='word_1_479' title='bbox 3494 3458 3689 3530; x_wconf 88' lang='lat' dir='ltr'><strong>discipuli</strong></span> 
     </span>
    </p>
   </div>
   <div class='ocr_carea' id='block_1_37' title="bbox 475 3549 3686 3627">
    <p class='ocr_par' dir='ltr' id='par_1_37' title="bbox 475 3549 3686 3627">
     <span class='ocr_line' id='line_1_37' title="bbox 475 3549 3686 3627; baseline 0 -21"><span class='ocrx_word' id='word_1_480' title='bbox 475 3549 536 3604; x_wconf 84' lang='lat' dir='ltr'><strong>in</strong></span> <span class='ocrx_word' id='word_1_481' title='bbox 565 3565 862 3613; x_wconf 86' lang='lat' dir='ltr'><strong>commune</strong></span> <span class='ocrx_word' id='word_1_482' title='bbox 886 3552 1138 3607; x_wconf 89' lang='lat' dir='ltr'><strong>omnium</strong></span> <span class='ocrx_word' id='word_1_483' title='bbox 1174 3569 1234 3606; x_wconf 89' lang='lat' dir='ltr'><strong>se</strong></span> <span class='ocrx_word' id='word_1_484' title='bbox 1257 3552 1396 3606; x_wconf 81' lang='lat' dir='ltr'><strong>dixit</strong></span> <span class='ocrx_word' id='word_1_485' title='bbox 1413 3570 1552 3617; x_wconf 91' lang='lat' dir='ltr'><strong>esse,</strong></span> <span class='ocrx_word' id='word_1_486' title='bbox 1572 3569 1698 3609; x_wconf 90' lang='lat' dir='ltr'><strong>cum</strong></span> <span class='ocrx_word' id='word_1_487' title='bbox 1729 3554 1810 3608; x_wconf 86' lang='lat' dir='ltr'><strong>ait</strong></span> <span class='ocrx_word' id='word_1_488' title='bbox 1832 3554 1903 3608; x_wconf 89' lang='lat' dir='ltr'><strong>ad</strong></span> <span class='ocrx_word' id='word_1_489' title='bbox 1932 3559 2083 3627; x_wconf 78' lang='lat' dir='ltr'><strong>\loy-</strong></span> <span class='ocrx_word' id='word_1_490' title='bbox 2165 3549 2435 3619; x_wconf 78' lang='lat' dir='ltr'><strong>magister</strong></span> <span class='ocrx_word' id='word_1_491' title='bbox 2463 3555 2565 3602; x_wconf 84' lang='lat' dir='ltr'><strong>est.</strong></span> <span class='ocrx_word' id='word_1_492' title='bbox 2612 3550 2914 3620; x_wconf 86' lang='lat' dir='ltr'><strong>Propterea</strong></span> <span class='ocrx_word' id='word_1_493' title='bbox 2943 3569 3108 3606; x_wconf 91' lang='lat' dir='ltr'><strong>nemo</strong></span> <span class='ocrx_word' id='word_1_494' title='bbox 3143 3554 3278 3608; x_wconf 89' lang='lat' dir='ltr'><strong>dicit</strong></span> <span class='ocrx_word' id='word_1_495' title='bbox 3308 3555 3436 3608; x_wconf 86' lang='lat' dir='ltr'><strong>bene</strong></span> <span class='ocrx_word' id='word_1_496' title='bbox 3463 3551 3686 3621; x_wconf 78' lang='lat' dir='ltr'><strong>magister.</strong></span> 
     </span>
    </p>
   </div>
   <div class='ocr_carea' id='block_1_38' title="bbox 475 3636 3690 3712">
    <p class='ocr_par' dir='ltr' id='par_1_38' title="bbox 475 3636 3690 3712">
     <span class='ocr_line' id='line_1_38' title="bbox 475 3636 3690 3712; baseline -0.004 -13"><span class='ocrx_word' id='word_1_497' title='bbox 475 3653 611 3699; x_wconf 74' lang='lat' dir='ltr'><strong>seu:</strong></span> <span class='ocrx_word' id='word_1_498' title='bbox 657 3641 789 3696; x_wconf 79' lang='lat' dir='ltr'><strong>Vade</strong></span> <span class='ocrx_word' id='word_1_499' title='bbox 819 3648 873 3695; x_wconf 81' lang='lat' dir='ltr'><strong>et</strong></span> <span class='ocrx_word' id='word_1_500' title='bbox 906 3642 995 3695; x_wconf 78' lang='lat' dir='ltr'><strong>dic</strong></span> <span class='ocrx_word' id='word_1_501' title='bbox 1027 3642 1328 3708; x_wconf 78' lang='lat' dir='ltr'><strong>Pharaoni,</strong></span> <span class='ocrx_word' id='word_1_502' title='bbox 1370 3644 1510 3697; x_wconf 84' lang='lat' dir='ltr'><strong>Deus</strong></span> <span class='ocrx_word' id='word_1_503' title='bbox 1536 3644 1886 3698; x_wconf 70' lang='lat' dir='ltr'><strong>Hebraeorum</strong></span> <span class='ocrx_word' id='word_1_504' title='bbox 1928 3649 2081 3699; x_wconf 67' lang='lat' dir='ltr'><strong>misit</strong></span> <span class='ocrx_word' id='word_1_505' title='bbox 2163 3639 2271 3691; x_wconf 91' lang='lat' dir='ltr'><strong>nisi</strong></span> <span class='ocrx_word' id='word_1_506' title='bbox 2303 3638 2628 3707; x_wconf 87' lang='lat' dir='ltr'><strong>discipulus.</strong></span> <span class='ocrx_word' id='word_1_507' title='bbox 2666 3640 2730 3692; x_wconf 84' lang='lat' dir='ltr'><strong>Et</strong></span> <span class='ocrx_word' id='word_1_508' title='bbox 2758 3639 2882 3693; x_wconf 90' lang='lat' dir='ltr'><strong>ideo</strong></span> <span class='ocrx_word' id='word_1_509' title='bbox 2915 3641 3046 3712; x_wconf 87' lang='lat' dir='ltr'><strong>quia</strong></span> <span class='ocrx_word' id='word_1_510' title='bbox 3073 3644 3329 3697; x_wconf 87' lang='lat' dir='ltr'><strong>tentabat</strong></span> <span class='ocrx_word' id='word_1_511' title='bbox 3352 3636 3690 3711; x_wconf 75' lang='lat' dir='ltr'><strong>eum,jurefal-</strong></span> 
     </span>
    </p>
   </div>
   <div class='ocr_carea' id='block_1_39' title="bbox 475 3723 3690 3803">
    <p class='ocr_par' dir='ltr' id='par_1_39' title="bbox 475 3723 3690 3803">
     <span class='ocr_line' id='line_1_39' title="bbox 475 3723 3690 3803; baseline -0.003 -19"><span class='ocrx_word' id='word_1_512' title='bbox 475 3745 585 3784; x_wconf 84' lang='lat' dir='ltr'><strong>me.</strong></span> <span class='ocrx_word' id='word_1_513' title='bbox 608 3729 733 3784; x_wconf 89' lang='lat' dir='ltr'><strong>Non</strong></span> <span class='ocrx_word' id='word_1_514' title='bbox 774 3729 922 3789; x_wconf 89' lang='lat' dir='ltr'><strong>enim</strong></span> <span class='ocrx_word' id='word_1_515' title='bbox 938 3729 1036 3784; x_wconf 88' lang='lat' dir='ltr'><strong>abs</strong></span> <span class='ocrx_word' id='word_1_516' title='bbox 1055 3746 1115 3783; x_wconf 90' lang='lat' dir='ltr'><strong>re</strong></span> <span class='ocrx_word' id='word_1_517' title='bbox 1137 3730 1216 3784; x_wconf 88' lang='lat' dir='ltr'><strong>ita</strong></span> <span class='ocrx_word' id='word_1_518' title='bbox 1230 3730 1436 3785; x_wconf 86' lang='lat' dir='ltr'><strong>dixisse</strong></span> <span class='ocrx_word' id='word_1_519' title='bbox 1458 3732 1769 3802; x_wconf 83' lang='lat' dir='ltr'><strong>putandum</strong></span> <span class='ocrx_word' id='word_1_520' title='bbox 1794 3737 1896 3786; x_wconf 90' lang='lat' dir='ltr'><strong>est.</strong></span> <span class='ocrx_word' id='word_1_521' title='bbox 1936 3732 2081 3797; x_wconf 84' lang='lat' dir='ltr'><strong>Quo-</strong></span> <span class='ocrx_word' id='word_1_522' title='bbox 2163 3742 2222 3779; x_wconf 91' lang='lat' dir='ltr'><strong>se</strong></span> <span class='ocrx_word' id='word_1_523' title='bbox 2254 3727 2456 3779; x_wconf 86' lang='lat' dir='ltr'><strong>dixisse</strong></span> <span class='ocrx_word' id='word_1_524' title='bbox 2486 3726 2771 3797; x_wconf 83' lang='lat' dir='ltr'><strong>probatur,</strong></span> <span class='ocrx_word' id='word_1_525' title='bbox 2793 3728 2896 3781; x_wconf 90' lang='lat' dir='ltr'><strong>nisi</strong></span> <span class='ocrx_word' id='word_1_526' title='bbox 2930 3728 3070 3783; x_wconf 87' lang='lat' dir='ltr'><strong>forte</strong></span> <span class='ocrx_word' id='word_1_527' title='bbox 3088 3731 3476 3803; x_wconf 84' lang='lat' dir='ltr'><strong>intelligamus.</strong></span> <span class='ocrx_word' id='word_1_528' title='bbox 3492 3726 3610 3801; x_wconf 92' lang='lat' dir='ltr'><strong>quod</strong></span> <span class='ocrx_word' id='word_1_529' title='bbox 3628 3723 3690 3778; x_wconf 86' lang='lat' dir='ltr'><strong>hic</strong></span> 
     </span>
    </p>
   </div>
   <div class='ocr_carea' id='block_1_40' title="bbox 473 3818 3687 3892">
    <p class='ocr_par' dir='ltr' id='par_1_40' title="bbox 473 3818 3687 3892">
     <span class='ocr_line' id='line_1_40' title="bbox 473 3818 3687 3892; baseline 0.001 -15"><span class='ocrx_word' id='word_1_530' title='bbox 473 3818 628 3881; x_wconf 82' lang='lat' dir='ltr'><strong>niam</strong></span> <span class='ocrx_word' id='word_1_531' title='bbox 650 3819 756 3877; x_wconf 79' lang='lat' dir='ltr'><strong>etsi</strong></span> <span class='ocrx_word' id='word_1_532' title='bbox 775 3818 1027 3873; x_wconf 91' lang='lat' dir='ltr'><strong>omnium</strong></span> <span class='ocrx_word' id='word_1_533' title='bbox 1045 3836 1191 3877; x_wconf 88' lang='lat' dir='ltr'><strong>unus</strong></span> <span class='ocrx_word' id='word_1_534' title='bbox 1208 3824 1310 3877; x_wconf 85' lang='lat' dir='ltr'><strong>est,</strong></span> <span class='ocrx_word' id='word_1_535' title='bbox 1335 3820 1737 3890; x_wconf 78' lang='lat' dir='ltr'><strong>perfectissime</strong></span> <span class='ocrx_word' id='word_1_536' title='bbox 1765 3825 1954 3874; x_wconf 90' lang='lat' dir='ltr'><strong>tamen</strong></span> <span class='ocrx_word' id='word_1_537' title='bbox 1982 3837 2081 3874; x_wconf 90' lang='lat' dir='ltr'><strong>eo-</strong></span> <span class='ocrx_word' id='word_1_538' title='bbox 2160 3838 2274 3877; x_wconf 91' lang='lat' dir='ltr'><strong>non</strong></span> <span class='ocrx_word' id='word_1_539' title='bbox 2304 3840 2406 3876; x_wconf 88' lang='lat' dir='ltr'><strong>sua</strong></span> <span class='ocrx_word' id='word_1_540' title='bbox 2433 3828 2630 3892; x_wconf 89' lang='lat' dir='ltr'><strong>sponte</strong></span> <span class='ocrx_word' id='word_1_541' title='bbox 2650 3824 2841 3878; x_wconf 86' lang='lat' dir='ltr'><strong>Jesum</strong></span> <span class='ocrx_word' id='word_1_542' title='bbox 2863 3830 3081 3879; x_wconf 80' lang='lat' dir='ltr'><strong>tentare</strong></span> <span class='ocrx_word' id='word_1_543' title='bbox 3102 3828 3358 3891; x_wconf 89' lang='lat' dir='ltr'><strong>voluerit,</strong></span> <span class='ocrx_word' id='word_1_544' title='bbox 3381 3832 3440 3881; x_wconf 92' lang='lat' dir='ltr'><strong>ut</strong></span> <span class='ocrx_word' id='word_1_545' title='bbox 3454 3822 3687 3881; x_wconf 54' lang='lat' dir='ltr'><strong>Mattheus</strong></span> 
     </span>
    </p>
   </div>
   <div class='ocr_carea' id='block_1_41' title="bbox 472 3907 3690 3987">
    <p class='ocr_par' dir='ltr' id='par_1_41' title="bbox 472 3907 3690 3987">
     <span class='ocr_line' id='line_1_41' title="bbox 472 3907 3690 3987; baseline -0.002 -23"><span class='ocrx_word' id='word_1_546' title='bbox 472 3923 599 3965; x_wconf 86' lang='lat' dir='ltr'><strong>rum</strong></span> <span class='ocrx_word' id='word_1_547' title='bbox 630 3914 717 3963; x_wconf 88' lang='lat' dir='ltr'><strong>est</strong></span> <span class='ocrx_word' id='word_1_548' title='bbox 745 3907 839 3979; x_wconf 90' lang='lat' dir='ltr'><strong>qui</strong></span> <span class='ocrx_word' id='word_1_549' title='bbox 867 3907 1017 3962; x_wconf 86' lang='lat' dir='ltr'><strong>circa</strong></span> <span class='ocrx_word' id='word_1_550' title='bbox 1054 3909 1251 3973; x_wconf 87' lang='lat' dir='ltr'><strong>Deum,</strong></span> <span class='ocrx_word' id='word_1_551' title='bbox 1302 3916 1359 3963; x_wconf 89' lang='lat' dir='ltr'><strong>et</strong></span> <span class='ocrx_word' id='word_1_552' title='bbox 1404 3908 1554 3979; x_wconf 88' lang='lat' dir='ltr'><strong>apud</strong></span> <span class='ocrx_word' id='word_1_553' title='bbox 1586 3910 1761 3964; x_wconf 92' lang='lat' dir='ltr'><strong>Deum</strong></span> <span class='ocrx_word' id='word_1_554' title='bbox 1791 3909 2080 3981; x_wconf 85' lang='lat' dir='ltr'><strong>perfectio-</strong></span> <span class='ocrx_word' id='word_1_555' title='bbox 2161 3911 2258 3974; x_wconf 90' lang='lat' dir='ltr'><strong>ait,</strong></span> <span class='ocrx_word' id='word_1_556' title='bbox 2295 3911 2394 3965; x_wconf 91' lang='lat' dir='ltr'><strong>sed</strong></span> <span class='ocrx_word' id='word_1_557' title='bbox 2424 3912 2557 3982; x_wconf 89' lang='lat' dir='ltr'><strong>quia</strong></span> <span class='ocrx_word' id='word_1_558' title='bbox 2596 3928 2898 3982; x_wconf 89' lang='lat' dir='ltr'><strong>persuasus</strong></span> <span class='ocrx_word' id='word_1_559' title='bbox 2941 3931 2975 3967; x_wconf 88' lang='lat' dir='ltr'><strong>a</strong></span> <span class='ocrx_word' id='word_1_560' title='bbox 3030 3915 3349 3981; x_wconf 72' lang='lat' dir='ltr'><strong>Phariszeis,</strong></span> <span class='ocrx_word' id='word_1_561' title='bbox 3387 3919 3618 3987; x_wconf 85' lang='lat' dir='ltr'><strong>quantum</strong></span> <span class='ocrx_word' id='word_1_562' title='bbox 3644 3924 3690 3962; x_wconf 77' lang='lat' dir='ltr'><strong>ex</strong></span> 
     </span>
    </p>
   </div>
   <div class='ocr_carea' id='block_1_42' title="bbox 469 3997 3688 4079">
    <p class='ocr_par' dir='ltr' id='par_1_42' title="bbox 469 3997 3688 4079">
     <span class='ocr_line' id='line_1_42' title="bbox 469 3997 3688 4079; baseline -0.001 -26"><span class='ocrx_word' id='word_1_563' title='bbox 469 4011 565 4053; x_wconf 82' lang='lat' dir='ltr'><strong>res</strong></span> <span class='ocrx_word' id='word_1_564' title='bbox 596 3997 812 4053; x_wconf 56' lang='lat' dir='ltr'><strong>cuteris</strong></span> <span class='ocrx_word' id='word_1_565' title='bbox 839 3997 1160 4055; x_wconf 83' lang='lat' dir='ltr'><strong>hominibus</strong></span> <span class='ocrx_word' id='word_1_566' title='bbox 1198 3997 1579 4063; x_wconf 88' lang='lat' dir='ltr'><strong>inveniuntur,</strong></span> <span class='ocrx_word' id='word_1_567' title='bbox 1614 4003 1671 4052; x_wconf 91' lang='lat' dir='ltr'><strong>et</strong></span> <span class='ocrx_word' id='word_1_568' title='bbox 1699 3999 1825 4053; x_wconf 91' lang='lat' dir='ltr'><strong>ideo</strong></span> <span class='ocrx_word' id='word_1_569' title='bbox 1855 3998 2076 4068; x_wconf 83' lang='lat' dir='ltr'><strong>plenius</strong></span> <span class='ocrx_word' id='word_1_570' title='bbox 2159 4015 2218 4052; x_wconf 87' lang='lat' dir='ltr'><strong>se</strong></span> <span class='ocrx_word' id='word_1_571' title='bbox 2260 4000 2383 4066; x_wconf 84' lang='lat' dir='ltr'><strong>fuit,</strong></span> <span class='ocrx_word' id='word_1_572' title='bbox 2445 4018 2557 4056; x_wconf 91' lang='lat' dir='ltr'><strong>non</strong></span> <span class='ocrx_word' id='word_1_573' title='bbox 2584 4005 2872 4070; x_wconf 90' lang='lat' dir='ltr'><strong>tentando,</strong></span> <span class='ocrx_word' id='word_1_574' title='bbox 2926 4005 3025 4059; x_wconf 91' lang='lat' dir='ltr'><strong>sed</strong></span> <span class='ocrx_word' id='word_1_575' title='bbox 3069 4007 3371 4079; x_wconf 70' lang='lat' dir='ltr'><strong>quaerendo</strong></span> <span class='ocrx_word' id='word_1_576' title='bbox 3402 4021 3460 4059; x_wconf 90' lang='lat' dir='ltr'><strong>ac</strong></span> <span class='ocrx_word' id='word_1_577' title='bbox 3485 4003 3525 4056; x_wconf 89' lang='lat' dir='ltr'><strong>si</strong></span> <span class='ocrx_word' id='word_1_578' title='bbox 3551 4000 3688 4053; x_wconf 85' lang='lat' dir='ltr'><strong>minus</strong></span> 
     </span>
    </p>
   </div>
   <div class='ocr_carea' id='block_1_43' title="bbox 470 4085 3689 4157">
    <p class='ocr_par' dir='ltr' id='par_1_43' title="bbox 470 4085 3689 4157">
     <span class='ocr_line' id='line_1_43' title="bbox 470 4085 3689 4157; baseline 0.001 -17"><span class='ocrx_word' id='word_1_579' title='bbox 470 4090 653 4141; x_wconf 86' lang='lat' dir='ltr'><strong>totum</strong></span> <span class='ocrx_word' id='word_1_580' title='bbox 687 4086 863 4143; x_wconf 87' lang='lat' dir='ltr'><strong>Deum</strong></span> <span class='ocrx_word' id='word_1_581' title='bbox 894 4085 1104 4140; x_wconf 85' lang='lat' dir='ltr'><strong>habent</strong></span> <span class='ocrx_word' id='word_1_582' title='bbox 1127 4086 1183 4139; x_wconf 91' lang='lat' dir='ltr'><strong>in</strong></span> <span class='ocrx_word' id='word_1_583' title='bbox 1215 4103 1299 4144; x_wconf 89' lang='lat' dir='ltr'><strong>se.</strong></span> <span class='ocrx_word' id='word_1_584' title='bbox 1338 4087 1645 4157; x_wconf 88' lang='lat' dir='ltr'><strong>Propterea</strong></span> <span class='ocrx_word' id='word_1_585' title='bbox 1688 4087 1929 4141; x_wconf 90' lang='lat' dir='ltr'><strong>istorum</strong></span> <span class='ocrx_word' id='word_1_586' title='bbox 1962 4104 2073 4141; x_wconf 92' lang='lat' dir='ltr'><strong>non</strong></span> <span class='ocrx_word' id='word_1_587' title='bbox 2156 4088 2369 4154; x_wconf 86' lang='lat' dir='ltr'><strong>doctus,</strong></span> <span class='ocrx_word' id='word_1_588' title='bbox 2404 4092 2653 4146; x_wconf 89' lang='lat' dir='ltr'><strong>accessit.</strong></span> <span class='ocrx_word' id='word_1_589' title='bbox 2688 4094 2845 4148; x_wconf 90' lang='lat' dir='ltr'><strong>Unde</strong></span> <span class='ocrx_word' id='word_1_590' title='bbox 2877 4099 2933 4147; x_wconf 91' lang='lat' dir='ltr'><strong>et</strong></span> <span class='ocrx_word' id='word_1_591' title='bbox 2962 4096 3185 4150; x_wconf 83' lang='lat' dir='ltr'><strong>Marcus</strong></span> <span class='ocrx_word' id='word_1_592' title='bbox 3217 4096 3286 4150; x_wconf 91' lang='lat' dir='ltr'><strong>de</strong></span> <span class='ocrx_word' id='word_1_593' title='bbox 3316 4112 3378 4149; x_wconf 90' lang='lat' dir='ltr'><strong>eo</strong></span> <span class='ocrx_word' id='word_1_594' title='bbox 3406 4106 3621 4151; x_wconf 88' lang='lat' dir='ltr'><strong>narrans,</strong></span> <span class='ocrx_word' id='word_1_595' title='bbox 3644 4085 3689 4138; x_wconf 88' lang='lat' dir='ltr'><strong>li-</strong></span> 
     </span>
    </p>
   </div>
   <div class='ocr_carea' id='block_1_44' title="bbox 471 4172 3685 4249">
    <p class='ocr_par' dir='ltr' id='par_1_44' title="bbox 471 4172 3685 4249">
     <span class='ocr_line' id='line_1_44' title="bbox 471 4172 3685 4249; baseline 0 -24"><span class='ocrx_word' id='word_1_596' title='bbox 471 4173 846 4231; x_wconf 81' lang='lat' dir='ltr'><strong>communiter</strong></span> <span class='ocrx_word' id='word_1_597' title='bbox 872 4174 1449 4245; x_wconf 86' lang='lat' dir='ltr'><strong>sedtotusunicuique</strong></span> <span class='ocrx_word' id='word_1_598' title='bbox 1468 4192 1660 4230; x_wconf 89' lang='lat' dir='ltr'><strong>eorum</strong></span> <span class='ocrx_word' id='word_1_599' title='bbox 1686 4176 2065 4247; x_wconf 84' lang='lat' dir='ltr'><strong>singulariter,</strong></span> <span class='ocrx_word' id='word_1_600' title='bbox 2153 4184 2241 4230; x_wconf 90' lang='lat' dir='ltr'><strong>cet</strong></span> <span class='ocrx_word' id='word_1_601' title='bbox 2297 4172 2356 4232; x_wconf 85' lang='lat' dir='ltr'><strong>in</strong></span> <span class='ocrx_word' id='word_1_602' title='bbox 2410 4181 2602 4235; x_wconf 89' lang='lat' dir='ltr'><strong>multis</strong></span> <span class='ocrx_word' id='word_1_603' title='bbox 2653 4181 2861 4237; x_wconf 86' lang='lat' dir='ltr'><strong>distare</strong></span> <span class='ocrx_word' id='word_1_604' title='bbox 2905 4183 3184 4249; x_wconf 63' lang='lat' dir='ltr'><strong>videntur,</strong></span> <span class='ocrx_word' id='word_1_605' title='bbox 3216 4191 3403 4239; x_wconf 82' lang='lat' dir='ltr'><strong>tamen</strong></span> <span class='ocrx_word' id='word_1_606' title='bbox 3448 4197 3543 4235; x_wconf 90' lang='lat' dir='ltr'><strong>non</strong></span> <span class='ocrx_word' id='word_1_607' title='bbox 3571 4177 3685 4231; x_wconf 88' lang='lat' dir='ltr'><strong>illum</strong></span> 
     </span>
    </p>
   </div>
   <div class='ocr_carea' id='block_1_45' title="bbox 465 4259 3684 4338">
    <p class='ocr_par' dir='ltr' id='par_1_45' title="bbox 465 4259 3684 4338">
     <span class='ocr_line' id='line_1_45' title="bbox 465 4259 3684 4338; baseline 0.002 -24"><span class='ocrx_word' id='word_1_608' title='bbox 465 4260 598 4329; x_wconf 89' lang='lat' dir='ltr'><strong>jure</strong></span> <span class='ocrx_word' id='word_1_609' title='bbox 624 4259 772 4315; x_wconf 87' lang='lat' dir='ltr'><strong>Deus</strong></span> <span class='ocrx_word' id='word_1_610' title='bbox 800 4260 1006 4317; x_wconf 90' lang='lat' dir='ltr'><strong>dicitur</strong></span> <span class='ocrx_word' id='word_1_611' title='bbox 1044 4262 1118 4315; x_wconf 93' lang='lat' dir='ltr'><strong>Ut</strong></span> <span class='ocrx_word' id='word_1_612' title='bbox 1138 4271 1271 4332; x_wconf 85' lang='lat' dir='ltr'><strong>puta</strong></span> <span class='ocrx_word' id='word_1_613' title='bbox 1301 4264 1346 4316; x_wconf 90' lang='lat' dir='ltr'><strong>si</strong></span> <span class='ocrx_word' id='word_1_614' title='bbox 1366 4264 1804 4330; x_wconf 66' lang='lat' dir='ltr'><strong>dicatur,924</strong></span> <span class='ocrx_word' id='word_1_615' title='bbox 1824 4266 2069 4335; x_wconf 84' lang='lat' dir='ltr'><strong>agerille</strong></span> <span class='ocrx_word' id='word_1_616' title='bbox 2150 4272 2483 4326; x_wconf 85' lang='lat' dir='ltr'><strong>tentantem.</strong></span> <span class='ocrx_word' id='word_1_617' title='bbox 2516 4270 2661 4323; x_wconf 89' lang='lat' dir='ltr'><strong>sicut</strong></span> <span class='ocrx_word' id='word_1_618' title='bbox 2688 4272 2983 4326; x_wconf 59' lang='lat' dir='ltr'><strong>Mattheus</strong></span> <span class='ocrx_word' id='word_1_619' title='bbox 3015 4273 3341 4338; x_wconf 88' lang='lat' dir='ltr'><strong>introducit,</strong></span> <span class='ocrx_word' id='word_1_620' title='bbox 3372 4271 3462 4325; x_wconf 89' lang='lat' dir='ltr'><strong>sed</strong></span> <span class='ocrx_word' id='word_1_621' title='bbox 3490 4276 3538 4322; x_wconf 87' lang='lat' dir='ltr'><strong>et</strong></span> <span class='ocrx_word' id='word_1_622' title='bbox 3560 4266 3607 4329; x_wconf 90' lang='lat' dir='ltr'><strong>in</strong></span> <span class='ocrx_word' id='word_1_623' title='bbox 3639 4264 3684 4316; x_wconf 83' lang='lat' dir='ltr'><strong>ﬁ-</strong></span> 
     </span>
    </p>
   </div>
   <div class='ocr_carea' id='block_1_46' title="bbox 466 4346 3683 4423">
    <p class='ocr_par' dir='ltr' id='par_1_46' title="bbox 466 4346 3683 4423">
     <span class='ocr_line' id='line_1_46' title="bbox 466 4346 3683 4423; baseline 0.002 -22"><span class='ocrx_word' id='word_1_624' title='bbox 466 4346 695 4401; x_wconf 85' lang='lat' dir='ltr'><strong>illorum</strong></span> <span class='ocrx_word' id='word_1_625' title='bbox 723 4352 828 4408; x_wconf 89' lang='lat' dir='ltr'><strong>est,</strong></span> <span class='ocrx_word' id='word_1_626' title='bbox 864 4348 1212 4403; x_wconf 89' lang='lat' dir='ltr'><strong>ostendimus</strong></span> <span class='ocrx_word' id='word_1_627' title='bbox 1267 4350 1414 4420; x_wconf 92' lang='lat' dir='ltr'><strong>quod</strong></span> <span class='ocrx_word' id='word_1_628' title='bbox 1446 4352 1835 4423; x_wconf 87' lang='lat' dir='ltr'><strong>unusquisque</strong></span> <span class='ocrx_word' id='word_1_629' title='bbox 1870 4369 2063 4407; x_wconf 89' lang='lat' dir='ltr'><strong>eorum</strong></span> <span class='ocrx_word' id='word_1_630' title='bbox 2151 4371 2219 4408; x_wconf 90' lang='lat' dir='ltr'><strong>ne</strong></span> <span class='ocrx_word' id='word_1_631' title='bbox 2247 4358 2537 4423; x_wconf 89' lang='lat' dir='ltr'><strong>sermonis,</strong></span> <span class='ocrx_word' id='word_1_632' title='bbox 2558 4359 2857 4414; x_wconf 89' lang='lat' dir='ltr'><strong>Dominum</strong></span> <span class='ocrx_word' id='word_1_633' title='bbox 2890 4360 3093 4415; x_wconf 82' lang='lat' dir='ltr'><strong>dixisse</strong></span> <span class='ocrx_word' id='word_1_634' title='bbox 3127 4363 3199 4416; x_wconf 89' lang='lat' dir='ltr'><strong>ad</strong></span> <span class='ocrx_word' id='word_1_635' title='bbox 3227 4379 3353 4415; x_wconf 82' lang='lat' dir='ltr'><strong>eum</strong></span> <span class='ocrx_word' id='word_1_636' title='bbox 3385 4360 3459 4414; x_wconf 85' lang='lat' dir='ltr'><strong>ait</strong></span> <span class='ocrx_word' id='word_1_637' title='bbox 3486 4378 3496 4412; x_wconf 89' lang='lat'>:</span> <span class='ocrx_word' id='word_1_638' title='bbox 3522 4358 3621 4411; x_wconf 70' lang='lat' dir='ltr'><strong>Non</strong></span> <span class='ocrx_word' id='word_1_639' title='bbox 3643 4366 3683 4404; x_wconf 78' lang='lat' dir='ltr'><strong>es</strong></span> 
     </span>
    </p>
   </div>
   <div class='ocr_carea' id='block_1_47' title="bbox 2176 972 3673 1048">
    <p class='ocr_par' dir='ltr' id='par_1_47' title="bbox 2176 972 3673 1048">
     <span class='ocr_line' id='line_1_47' title="bbox 2176 972 3673 1048; baseline 0.005 -22"><span class='ocrx_word' id='word_1_640' title='bbox 2176 972 2396 1034; x_wconf 83' lang='lat' dir='ltr'><strong>Herode</strong></span> <span class='ocrx_word' id='word_1_641' title='bbox 2409 978 2465 1025; x_wconf 92' lang='lat' dir='ltr'><strong>et</strong></span> <span class='ocrx_word' id='word_1_642' title='bbox 2482 972 2659 1027; x_wconf 87' lang='lat' dir='ltr'><strong>Pilato</strong></span> <span class='ocrx_word' id='word_1_643' title='bbox 2688 973 2924 1043; x_wconf 86' lang='lat' dir='ltr'><strong>legimus</strong></span> <span class='ocrx_word' id='word_1_644' title='bbox 2945 975 3001 1029; x_wconf 90' lang='lat' dir='ltr'><strong>in</strong></span> <span class='ocrx_word' id='word_1_645' title='bbox 3023 975 3237 1031; x_wconf 90' lang='lat' dir='ltr'><strong>Domini</strong></span> <span class='ocrx_word' id='word_1_646' title='bbox 3256 977 3500 1048; x_wconf 80' lang='lat' dir='ltr'><strong>passione,</strong></span> <span class='ocrx_word' id='word_1_647' title='bbox 3519 980 3673 1034; x_wconf 85' lang='lat' dir='ltr'><strong>redisse</strong></span> 
     </span>
    </p>
   </div>
   <div class='ocr_carea' id='block_1_48' title="bbox 2175 1061 3674 1126">
    <p class='ocr_par' dir='ltr' id='par_1_48' title="bbox 2175 1061 3674 1126">
     <span class='ocr_line' id='line_1_48' title="bbox 2175 1061 3674 1126; baseline 0.008 -14"><span class='ocrx_word' id='word_1_648' title='bbox 2175 1077 2269 1113; x_wconf 88' lang='lat' dir='ltr'><strong>eos</strong></span> <span class='ocrx_word' id='word_1_649' title='bbox 2292 1061 2346 1113; x_wconf 89' lang='lat' dir='ltr'><strong>in</strong></span> <span class='ocrx_word' id='word_1_650' title='bbox 2368 1062 2743 1126; x_wconf 87' lang='lat' dir='ltr'><strong>concordiam,</strong></span> <span class='ocrx_word' id='word_1_651' title='bbox 2779 1062 2882 1116; x_wconf 89' lang='lat' dir='ltr'><strong>hoc</strong></span> <span class='ocrx_word' id='word_1_652' title='bbox 2910 1063 3081 1118; x_wconf 89' lang='lat' dir='ltr'><strong>etiam</strong></span> <span class='ocrx_word' id='word_1_653' title='bbox 3119 1081 3264 1119; x_wconf 89' lang='lat' dir='ltr'><strong>nunc</strong></span> <span class='ocrx_word' id='word_1_654' title='bbox 3285 1066 3347 1123; x_wconf 87' lang='lat' dir='ltr'><strong>de</strong></span> <span class='ocrx_word' id='word_1_655' title='bbox 3369 1065 3611 1123; x_wconf 68' lang='lat' dir='ltr'><strong>Pharisaeis</strong></span> <span class='ocrx_word' id='word_1_656' title='bbox 3631 1087 3674 1123; x_wconf 81' lang='lat' dir='ltr'><strong>ac</strong></span> 
     </span>
    </p>
   </div>
   <div class='ocr_carea' id='block_1_49' title="bbox 2176 1150 3674 1223">
    <p class='ocr_par' dir='ltr' id='par_1_49' title="bbox 2176 1150 3674 1223">
     <span class='ocr_line' id='line_1_49' title="bbox 2176 1150 3674 1223; baseline 0.004 -20"><span class='ocrx_word' id='word_1_657' title='bbox 2176 1150 2491 1204; x_wconf 69' lang='lat' dir='ltr'><strong>Sadducaais</strong></span> <span class='ocrx_word' id='word_1_658' title='bbox 2518 1151 2833 1217; x_wconf 86' lang='lat' dir='ltr'><strong>cernimus;</strong></span> <span class='ocrx_word' id='word_1_659' title='bbox 2875 1152 2969 1222; x_wconf 89' lang='lat' dir='ltr'><strong>qui</strong></span> <span class='ocrx_word' id='word_1_660' title='bbox 3016 1153 3170 1223; x_wconf 88' lang='lat' dir='ltr'><strong>prius</strong></span> <span class='ocrx_word' id='word_1_661' title='bbox 3196 1154 3261 1208; x_wconf 85' lang='lat' dir='ltr'><strong>ad</strong></span> <span class='ocrx_word' id='word_1_662' title='bbox 3292 1154 3497 1214; x_wconf 86' lang='lat' dir='ltr'><strong>invicem</strong></span> <span class='ocrx_word' id='word_1_663' title='bbox 3522 1156 3674 1209; x_wconf 87' lang='lat' dir='ltr'><strong>inimici</strong></span> 
     </span>
    </p>
   </div>
   <div class='ocr_carea' id='block_1_50' title="bbox 2174 1239 3675 1313">
    <p class='ocr_par' dir='ltr' id='par_1_50' title="bbox 2174 1239 3675 1313">
     <span class='ocr_line' id='line_1_50' title="bbox 2174 1239 3675 1313; baseline 0.006 -21"><span class='ocrx_word' id='word_1_664' title='bbox 2174 1245 2354 1299; x_wconf 84' lang='lat' dir='ltr'><strong>erant,</strong></span> <span class='ocrx_word' id='word_1_665' title='bbox 2389 1239 2485 1292; x_wconf 88' lang='lat' dir='ltr'><strong>sed</strong></span> <span class='ocrx_word' id='word_1_666' title='bbox 2518 1240 2587 1293; x_wconf 90' lang='lat' dir='ltr'><strong>ad</strong></span> <span class='ocrx_word' id='word_1_667' title='bbox 2619 1240 2955 1295; x_wconf 87' lang='lat' dir='ltr'><strong>tentandum</strong></span> <span class='ocrx_word' id='word_1_668' title='bbox 2990 1244 3157 1296; x_wconf 83' lang='lat' dir='ltr'><strong>IIeum</strong></span> <span class='ocrx_word' id='word_1_669' title='bbox 3177 1243 3289 1313; x_wconf 90' lang='lat' dir='ltr'><strong>pari</strong></span> <span class='ocrx_word' id='word_1_670' title='bbox 3312 1251 3477 1297; x_wconf 90' lang='lat' dir='ltr'><strong>mente</strong></span> <span class='ocrx_word' id='word_1_671' title='bbox 3498 1261 3675 1301; x_wconf 87' lang='lat' dir='ltr'><strong>consen-</strong></span> 
     </span>
    </p>
   </div>
   <div class='ocr_carea' id='block_1_51' title="bbox 2170 1328 3676 1399">
    <p class='ocr_par' dir='ltr' id='par_1_51' title="bbox 2170 1328 3676 1399">
     <span class='ocr_line' id='line_1_51' title="bbox 2170 1328 3676 1399; baseline 0.005 -19"><span class='ocrx_word' id='word_1_672' title='bbox 2170 1328 2337 1381; x_wconf 88' lang='lat' dir='ltr'><strong>tiunt.</strong></span> <span class='ocrx_word' id='word_1_673' title='bbox 2370 1329 2510 1381; x_wconf 89' lang='lat' dir='ltr'><strong>Nam</strong></span> <span class='ocrx_word' id='word_1_674' title='bbox 2539 1346 2633 1399; x_wconf 85' lang='lat' dir='ltr'><strong>qui</strong></span> <span class='ocrx_word' id='word_1_675' title='bbox 2663 1337 2859 1383; x_wconf 88' lang='lat' dir='ltr'><strong>contra</strong></span> <span class='ocrx_word' id='word_1_676' title='bbox 2890 1331 3182 1385; x_wconf 82' lang='lat' dir='ltr'><strong>veritatem</strong></span> <span class='ocrx_word' id='word_1_677' title='bbox 3198 1341 3384 1397; x_wconf 89' lang='lat' dir='ltr'><strong>certat,</strong></span> <span class='ocrx_word' id='word_1_678' title='bbox 3399 1332 3508 1387; x_wconf 91' lang='lat' dir='ltr'><strong>licet</strong></span> <span class='ocrx_word' id='word_1_679' title='bbox 3520 1335 3676 1388; x_wconf 82' lang='lat' dir='ltr'><strong>malitia</strong></span> 
     </span>
    </p>
   </div>
   <div class='ocr_carea' id='block_1_52' title="bbox 2173 1417 3678 1494">
    <p class='ocr_par' dir='ltr' id='par_1_52' title="bbox 2173 1417 3678 1494">
     <span class='ocr_line' id='line_1_52' title="bbox 2173 1417 3678 1494; baseline 0.005 -25"><span class='ocrx_word' id='word_1_680' title='bbox 2173 1418 2295 1487; x_wconf 85' lang='lat' dir='ltr'><strong>ejus</strong></span> <span class='ocrx_word' id='word_1_681' title='bbox 2321 1417 2591 1477; x_wconf 84' lang='lat' dir='ltr'><strong>vincatur,</strong></span> <span class='ocrx_word' id='word_1_682' title='bbox 2616 1435 2904 1488; x_wconf 89' lang='lat' dir='ltr'><strong>nunquam</strong></span> <span class='ocrx_word' id='word_1_683' title='bbox 2933 1426 3123 1474; x_wconf 89' lang='lat' dir='ltr'><strong>tamen</strong></span> <span class='ocrx_word' id='word_1_684' title='bbox 3158 1422 3430 1492; x_wconf 85' lang='lat' dir='ltr'><strong>placatur;</strong></span> <span class='ocrx_word' id='word_1_685' title='bbox 3453 1423 3560 1494; x_wconf 89' lang='lat' dir='ltr'><strong>quia</strong></span> <span class='ocrx_word' id='word_1_686' title='bbox 3583 1423 3678 1477; x_wconf 88' lang='lat' dir='ltr'><strong>veri-</strong></span> 
     </span>
    </p>
   </div>
   <div class='ocr_carea' id='block_1_53' title="bbox 2171 1508 3676 1578">
    <p class='ocr_par' dir='ltr' id='par_1_53' title="bbox 2171 1508 3676 1578">
     <span class='ocr_line' id='line_1_53' title="bbox 2171 1508 3676 1578; baseline 0.006 -20"><span class='ocrx_word' id='word_1_687' title='bbox 2171 1512 2345 1559; x_wconf 89' lang='lat' dir='ltr'><strong>tatem</strong></span> <span class='ocrx_word' id='word_1_688' title='bbox 2395 1523 2506 1560; x_wconf 92' lang='lat' dir='ltr'><strong>non</strong></span> <span class='ocrx_word' id='word_1_689' title='bbox 2556 1508 2757 1578; x_wconf 82' lang='lat' dir='ltr'><strong>quaerit</strong></span> <span class='ocrx_word' id='word_1_690' title='bbox 2806 1508 3125 1573; x_wconf 84' lang='lat' dir='ltr'><strong>defendere,</strong></span> <span class='ocrx_word' id='word_1_691' title='bbox 3176 1511 3270 1565; x_wconf 86' lang='lat' dir='ltr'><strong>sed</strong></span> <span class='ocrx_word' id='word_1_692' title='bbox 3310 1510 3595 1565; x_wconf 78' lang='lat' dir='ltr'><strong>subvertere.</strong></span> <span class='ocrx_word' id='word_1_693' title='bbox 3632 1512 3676 1567; x_wconf 83' lang='lat' dir='ltr'><strong>Et</strong></span> 
     </span>
    </p>
   </div>
   <div class='ocr_carea' id='block_1_54' title="bbox 2172 1594 3677 1665">
    <p class='ocr_par' dir='ltr' id='par_1_54' title="bbox 2172 1594 3677 1665">
     <span class='ocr_line' id='line_1_54' title="bbox 2172 1594 3677 1665; baseline 0.005 -18"><span class='ocrx_word' id='word_1_694' title='bbox 2172 1595 2297 1648; x_wconf 89' lang='lat' dir='ltr'><strong>ideo</strong></span> <span class='ocrx_word' id='word_1_695' title='bbox 2322 1594 2434 1659; x_wconf 84' lang='lat' dir='ltr'><strong>isti,</strong></span> <span class='ocrx_word' id='word_1_696' title='bbox 2468 1595 2596 1648; x_wconf 90' lang='lat' dir='ltr'><strong>licet</strong></span> <span class='ocrx_word' id='word_1_697' title='bbox 2623 1595 2899 1661; x_wconf 89' lang='lat' dir='ltr'><strong>siluerint,</strong></span> <span class='ocrx_word' id='word_1_698' title='bbox 2924 1599 3065 1652; x_wconf 88' lang='lat' dir='ltr'><strong>muti</strong></span> <span class='ocrx_word' id='word_1_699' title='bbox 3096 1598 3243 1665; x_wconf 85' lang='lat' dir='ltr'><strong>facti,</strong></span> <span class='ocrx_word' id='word_1_700' title='bbox 3277 1615 3377 1653; x_wconf 90' lang='lat' dir='ltr'><strong>non</strong></span> <span class='ocrx_word' id='word_1_701' title='bbox 3403 1606 3561 1657; x_wconf 82' lang='lat' dir='ltr'><strong>tamen</strong></span> <span class='ocrx_word' id='word_1_702' title='bbox 3585 1605 3677 1654; x_wconf 86' lang='lat' dir='ltr'><strong>sunt</strong></span> 
     </span>
    </p>
   </div>
   <div class='ocr_carea' id='block_1_55' title="bbox 467 4428 3687 4519">
    <p class='ocr_par' dir='ltr' id='par_1_55' title="bbox 467 4428 3687 4519">
     <span class='ocr_line' id='line_1_55' title="bbox 467 4428 3687 4519; baseline 0.005 -26"><span class='ocrx_word' id='word_1_703' title='bbox 467 4440 688 4507; x_wconf 80' lang='lat' dir='ltr'><strong>partem</strong></span> <span class='ocrx_word' id='word_1_704' title='bbox 718 4436 999 4508; x_wconf 77' lang='lat' dir='ltr'><strong>possideat</strong></span> <span class='ocrx_word' id='word_1_705' title='bbox 1023 4437 1175 4491; x_wconf 89' lang='lat' dir='ltr'><strong>illius</strong></span> <span class='ocrx_word' id='word_1_706' title='bbox 1213 4438 1334 4508; x_wconf 82' lang='lat' dir='ltr'><strong>agri</strong></span> <span class='ocrx_word' id='word_1_707' title='bbox 1369 4439 1833 4511; x_wconf 87' lang='lat' dir='ltr'><strong>qualemcunque,</strong></span> <span class='ocrx_word' id='word_1_708' title='bbox 1864 4447 1919 4495; x_wconf 91' lang='lat' dir='ltr'><strong>et</strong></span> <span class='ocrx_word' id='word_1_709' title='bbox 1951 4459 2062 4495; x_wconf 89' lang='lat' dir='ltr'><strong>non</strong></span> <span class='ocrx_word' id='word_1_710' title='bbox 2084 4428 2131 4484; x_wconf 84' lang='lat' dir='ltr'><strong>D</strong></span> <span class='ocrx_word' id='word_1_711' title='bbox 2151 4448 2305 4512; x_wconf 79' lang='lat' dir='ltr'><strong>longe</strong></span> <span class='ocrx_word' id='word_1_712' title='bbox 2342 4462 2375 4499; x_wconf 89' lang='lat' dir='ltr'><strong>a</strong></span> <span class='ocrx_word' id='word_1_713' title='bbox 2407 4463 2577 4513; x_wconf 78' lang='lat' dir='ltr'><strong>regno</strong></span> <span class='ocrx_word' id='word_1_714' title='bbox 2614 4448 2715 4502; x_wconf 71' lang='lat' dir='ltr'><strong>Dei</strong></span> <span class='ocrx_word' id='word_1_715' title='bbox 2749 4450 2963 4511; x_wconf 77' lang='lat' dir='ltr'><strong>(Matth.</strong></span> <span class='ocrx_word' id='word_1_716' title='bbox 2994 4464 3088 4516; x_wconf 78' lang='lat' dir='ltr'><strong>xu,</strong></span> <span class='ocrx_word' id='word_1_717' title='bbox 3123 4449 3234 4519; x_wconf 72' lang='lat' dir='ltr'><strong>3i).</strong></span> <span class='ocrx_word' id='word_1_718' title='bbox 3258 4450 3397 4517; x_wconf 87' lang='lat' dir='ltr'><strong>Quia</strong></span> <span class='ocrx_word' id='word_1_719' title='bbox 3424 4456 3471 4502; x_wconf 88' lang='lat' dir='ltr'><strong>et</strong></span> <span class='ocrx_word' id='word_1_720' title='bbox 3492 4448 3579 4507; x_wconf 70' lang='lat' dir='ltr'><strong>hoc</strong></span> <span class='ocrx_word' id='word_1_721' title='bbox 3600 4456 3687 4496; x_wconf 70' lang='lat'><strong>1110’</strong></span> 
     </span>
    </p>
   </div>
   <div class='ocr_carea' id='block_1_56' title="bbox 466 4525 3684 4606">
    <p class='ocr_par' dir='ltr' id='par_1_56' title="bbox 466 4525 3684 4606">
     <span class='ocr_line' id='line_1_56' title="bbox 466 4525 3684 4606; baseline 0.003 -27"><span class='ocrx_word' id='word_1_722' title='bbox 466 4541 594 4579; x_wconf 91' lang='lat' dir='ltr'><strong>eum</strong></span> <span class='ocrx_word' id='word_1_723' title='bbox 626 4525 1043 4591; x_wconf 87' lang='lat' dir='ltr'><strong>habeattotum.</strong></span> <span class='ocrx_word' id='word_1_724' title='bbox 1067 4525 1129 4583; x_wconf 86' lang='lat' dir='ltr'><strong>Si</strong></span> <span class='ocrx_word' id='word_1_725' title='bbox 1157 4533 1346 4581; x_wconf 85' lang='lat' dir='ltr'><strong>autem</strong></span> <span class='ocrx_word' id='word_1_726' title='bbox 1372 4528 1629 4587; x_wconf 86' lang='lat' dir='ltr'><strong>dicimus,</strong></span> <span class='ocrx_word' id='word_1_727' title='bbox 1660 4529 1791 4599; x_wconf 87' lang='lat' dir='ltr'><strong>quia</strong></span> <span class='ocrx_word' id='word_1_728' title='bbox 1819 4531 2063 4600; x_wconf 85' lang='lat' dir='ltr'><strong>agerille</strong></span> <span class='ocrx_word' id='word_1_729' title='bbox 2146 4531 2216 4586; x_wconf 89' lang='lat' dir='ltr'><strong>do</strong></span> <span class='ocrx_word' id='word_1_730' title='bbox 2269 4534 2389 4586; x_wconf 82' lang='lat' dir='ltr'><strong>ﬁeri</strong></span> <span class='ocrx_word' id='word_1_731' title='bbox 2444 4540 2647 4605; x_wconf 85' lang='lat' dir='ltr'><strong>potest,</strong></span> <span class='ocrx_word' id='word_1_732' title='bbox 2711 4538 2964 4606; x_wconf 89' lang='lat' dir='ltr'><strong>quamvis</strong></span> <span class='ocrx_word' id='word_1_733' title='bbox 3023 4545 3251 4595; x_wconf 88' lang='lat' dir='ltr'><strong>tentans</strong></span> <span class='ocrx_word' id='word_1_734' title='bbox 3299 4535 3569 4594; x_wconf 88' lang='lat' dir='ltr'><strong>accesserit</strong></span> <span class='ocrx_word' id='word_1_735' title='bbox 3609 4534 3684 4583; x_wconf 68' lang='lat' dir='ltr'><strong>aut</strong></span> 
     </span>
    </p>
   </div>
   <div class='ocr_carea' id='block_1_57' title="bbox 459 4612 3682 4696">
    <p class='ocr_par' dir='ltr' id='par_1_57' title="bbox 459 4612 3682 4696">
     <span class='ocr_line' id='line_1_57' title="bbox 459 4612 3682 4696; baseline 0.002 -27"><span class='ocrx_word' id='word_1_736' title='bbox 459 4612 612 4669; x_wconf 83' lang='lat' dir='ltr'><strong>illius</strong></span> <span class='ocrx_word' id='word_1_737' title='bbox 632 4615 1195 4670; x_wconf 87' lang='lat' dir='ltr'><strong>est.demonstramus</strong></span> <span class='ocrx_word' id='word_1_738' title='bbox 1218 4616 1349 4688; x_wconf 88' lang='lat' dir='ltr'><strong>quia</strong></span> <span class='ocrx_word' id='word_1_739' title='bbox 1379 4621 1560 4672; x_wconf 88' lang='lat' dir='ltr'><strong>totum</strong></span> <span class='ocrx_word' id='word_1_740' title='bbox 1592 4619 1684 4673; x_wconf 91' lang='lat' dir='ltr'><strong>ille</strong></span> <span class='ocrx_word' id='word_1_741' title='bbox 1729 4635 1857 4673; x_wconf 88' lang='lat' dir='ltr'><strong>eum</strong></span> <span class='ocrx_word' id='word_1_742' title='bbox 1893 4620 2065 4691; x_wconf 85' lang='lat' dir='ltr'><strong>possi-</strong></span> <span class='ocrx_word' id='word_1_743' title='bbox 2147 4621 2315 4675; x_wconf 88' lang='lat' dir='ltr'><strong>etiam</strong></span> <span class='ocrx_word' id='word_1_744' title='bbox 2349 4622 2576 4688; x_wconf 84' lang='lat' dir='ltr'><strong>invitus,</strong></span> <span class='ocrx_word' id='word_1_745' title='bbox 2608 4630 2665 4678; x_wconf 89' lang='lat' dir='ltr'><strong>et</strong></span> <span class='ocrx_word' id='word_1_746' title='bbox 2694 4631 2965 4696; x_wconf 88' lang='lat' dir='ltr'><strong>quantum</strong></span> <span class='ocrx_word' id='word_1_747' title='bbox 2998 4644 3061 4681; x_wconf 89' lang='lat' dir='ltr'><strong>ex</strong></span> <span class='ocrx_word' id='word_1_748' title='bbox 3086 4644 3145 4681; x_wconf 90' lang='lat' dir='ltr'><strong>se</strong></span> <span class='ocrx_word' id='word_1_749' title='bbox 3173 4634 3313 4685; x_wconf 84' lang='lat' dir='ltr'><strong>erat.</strong></span> <span class='ocrx_word' id='word_1_750' title='bbox 3343 4627 3521 4681; x_wconf 85' lang='lat' dir='ltr'><strong>devote</strong></span> <span class='ocrx_word' id='word_1_751' title='bbox 3546 4622 3682 4677; x_wconf 75' lang='lat' dir='ltr'><strong>inter-</strong></span> 
     </span>
    </p>
   </div>
   <div class='ocr_carea' id='block_1_58' title="bbox 468 4701 3682 4787">
    <p class='ocr_par' dir='ltr' id='par_1_58' title="bbox 468 4701 3682 4787">
     <span class='ocr_line' id='line_1_58' title="bbox 468 4701 3682 4787; baseline 0.002 -31"><span class='ocrx_word' id='word_1_752' title='bbox 468 4701 566 4756; x_wconf 86' lang='lat' dir='ltr'><strong>det</strong></span> <span class='ocrx_word' id='word_1_753' title='bbox 591 4718 602 4751; x_wconf 91' lang='lat'>:</span> <span class='ocrx_word' id='word_1_754' title='bbox 633 4703 711 4759; x_wconf 89' lang='lat' dir='ltr'><strong>sic</strong></span> <span class='ocrx_word' id='word_1_755' title='bbox 735 4710 793 4757; x_wconf 83' lang='lat' dir='ltr'><strong>et</strong></span> <span class='ocrx_word' id='word_1_756' title='bbox 817 4720 940 4761; x_wconf 88' lang='lat' dir='ltr'><strong>cum</strong></span> <span class='ocrx_word' id='word_1_757' title='bbox 973 4704 1112 4761; x_wconf 82' lang='lat' dir='ltr'><strong>dixit</strong></span> <span class='ocrx_word' id='word_1_758' title='bbox 1138 4724 1149 4757; x_wconf 90' lang='lat'><strong><em>:</em></strong></span> <span class='ocrx_word' id='word_1_759' title='bbox 1172 4706 1284 4776; x_wconf 84' lang='lat' dir='ltr'><strong>Ego</strong></span> <span class='ocrx_word' id='word_1_760' title='bbox 1311 4723 1435 4760; x_wconf 89' lang='lat' dir='ltr'><strong>sum</strong></span> <span class='ocrx_word' id='word_1_761' title='bbox 1464 4707 1612 4763; x_wconf 83' lang='lat' dir='ltr'><strong>Deus</strong></span> <span class='ocrx_word' id='word_1_762' title='bbox 1641 4707 1945 4776; x_wconf 87' lang='lat' dir='ltr'><strong>Abraham,</strong></span> <span class='ocrx_word' id='word_1_763' title='bbox 1980 4728 2063 4764; x_wconf 89' lang='lat' dir='ltr'><strong>Os-</strong></span> <span class='ocrx_word' id='word_1_764' title='bbox 2145 4726 2368 4779; x_wconf 83' lang='lat' dir='ltr'><strong>rogans,</strong></span> <span class='ocrx_word' id='word_1_765' title='bbox 2406 4717 2467 4766; x_wconf 91' lang='lat' dir='ltr'><strong>ut</strong></span> <span class='ocrx_word' id='word_1_766' title='bbox 2491 4713 2714 4768; x_wconf 89' lang='lat' dir='ltr'><strong>Domini</strong></span> <span class='ocrx_word' id='word_1_767' title='bbox 2748 4716 3106 4787; x_wconf 87' lang='lat' dir='ltr'><strong>responsione</strong></span> <span class='ocrx_word' id='word_1_768' title='bbox 3148 4734 3274 4771; x_wconf 88' lang='lat' dir='ltr'><strong>vere</strong></span> <span class='ocrx_word' id='word_1_769' title='bbox 3302 4716 3369 4769; x_wconf 90' lang='lat' dir='ltr'><strong>ad</strong></span> <span class='ocrx_word' id='word_1_770' title='bbox 3406 4714 3561 4768; x_wconf 83' lang='lat' dir='ltr'><strong>fidem</strong></span> <span class='ocrx_word' id='word_1_771' title='bbox 3589 4721 3682 4761; x_wconf 86' lang='lat' dir='ltr'><strong>cor-</strong></span> 
     </span>
    </p>
   </div>
   <div class='ocr_carea' id='block_1_59' title="bbox 463 4791 3685 4874">
    <p class='ocr_par' dir='ltr' id='par_1_59' title="bbox 463 4791 3685 4874">
     <span class='ocr_line' id='line_1_59' title="bbox 463 4791 3685 4874; baseline 0.003 -28"><span class='ocrx_word' id='word_1_772' title='bbox 463 4791 649 4846; x_wconf 81' lang='lat' dir='ltr'><strong>tendit</strong></span> <span class='ocrx_word' id='word_1_773' title='bbox 676 4792 810 4863; x_wconf 84' lang='lat' dir='ltr'><strong>quia</strong></span> <span class='ocrx_word' id='word_1_774' title='bbox 837 4798 1019 4848; x_wconf 87' lang='lat' dir='ltr'><strong>totum</strong></span> <span class='ocrx_word' id='word_1_775' title='bbox 1072 4793 1242 4849; x_wconf 86' lang='lat' dir='ltr'><strong>habet</strong></span> <span class='ocrx_word' id='word_1_776' title='bbox 1288 4811 1416 4849; x_wconf 82' lang='lat' dir='ltr'><strong>eum</strong></span> <span class='ocrx_word' id='word_1_777' title='bbox 1468 4795 1751 4851; x_wconf 84' lang='lat' dir='ltr'><strong>Abraham</strong></span> <span class='ocrx_word' id='word_1_778' title='bbox 1782 4804 1847 4852; x_wconf 92' lang='lat' dir='ltr'><strong>ut</strong></span> <span class='ocrx_word' id='word_1_779' title='bbox 1890 4800 2067 4869; x_wconf 83' lang='lat' dir='ltr'><strong>perfe-</strong></span> <span class='ocrx_word' id='word_1_780' title='bbox 2149 4806 2333 4853; x_wconf 89' lang='lat' dir='ltr'><strong>rectus</strong></span> <span class='ocrx_word' id='word_1_781' title='bbox 2364 4800 2455 4854; x_wconf 92' lang='lat' dir='ltr'><strong>sit.</strong></span> <span class='ocrx_word' id='word_1_782' title='bbox 2483 4802 2583 4855; x_wconf 76' lang='lat' dir='ltr'><strong>Vel</strong></span> <span class='ocrx_word' id='word_1_783' title='bbox 2611 4810 2759 4857; x_wconf 88' lang='lat' dir='ltr'><strong>certe</strong></span> <span class='ocrx_word' id='word_1_784' title='bbox 2788 4805 2966 4874; x_wconf 80' lang='lat' dir='ltr'><strong>ipsam</strong></span> <span class='ocrx_word' id='word_1_785' title='bbox 2992 4806 3381 4867; x_wconf 88' lang='lat' dir='ltr'><strong>tentationem,</strong></span> <span class='ocrx_word' id='word_1_786' title='bbox 3404 4816 3554 4874; x_wconf 85' lang='lat' dir='ltr'><strong>quam</strong></span> <span class='ocrx_word' id='word_1_787' title='bbox 3580 4796 3685 4851; x_wconf 61' lang='lat' dir='ltr'><strong>Mal-</strong></span> 
     </span>
    </p>
   </div>
   <div class='ocr_carea' id='block_1_60' title="bbox 466 4880 3683 4969">
    <p class='ocr_par' dir='ltr' id='par_1_60' title="bbox 466 4880 3683 4969">
     <span class='ocr_line' id='line_1_60' title="bbox 466 4880 3683 4969; baseline 0.004 -34"><span class='ocrx_word' id='word_1_788' title='bbox 466 4884 589 4937; x_wconf 87' lang='lat' dir='ltr'><strong>ctus</strong></span> <span class='ocrx_word' id='word_1_789' title='bbox 609 4880 930 4951; x_wconf 82' lang='lat' dir='ltr'><strong>patriarcha</strong></span> <span class='ocrx_word' id='word_1_790' title='bbox 953 4900 967 4947; x_wconf 87' lang='lat'><strong>;</strong></span> <span class='ocrx_word' id='word_1_791' title='bbox 993 4888 1051 4937; x_wconf 89' lang='lat' dir='ltr'><strong>et</strong></span> <span class='ocrx_word' id='word_1_792' title='bbox 1077 4888 1259 4936; x_wconf 90' lang='lat' dir='ltr'><strong>totum</strong></span> <span class='ocrx_word' id='word_1_793' title='bbox 1283 4882 1455 4938; x_wconf 86' lang='lat' dir='ltr'><strong>habet</strong></span> <span class='ocrx_word' id='word_1_794' title='bbox 1473 4901 1600 4939; x_wconf 90' lang='lat' dir='ltr'><strong>eum</strong></span> <span class='ocrx_word' id='word_1_795' title='bbox 1618 4887 1790 4952; x_wconf 87' lang='lat' dir='ltr'><strong>Isaac,</strong></span> <span class='ocrx_word' id='word_1_796' title='bbox 1808 4897 1864 4941; x_wconf 88' lang='lat' dir='ltr'><strong>et</strong></span> <span class='ocrx_word' id='word_1_797' title='bbox 1882 4893 2064 4942; x_wconf 84' lang='lat' dir='ltr'><strong>totum</strong></span> <span class='ocrx_word' id='word_1_798' title='bbox 2149 4888 2328 4942; x_wconf 84' lang='lat' dir='ltr'><strong>tbaeus</strong></span> <span class='ocrx_word' id='word_1_799' title='bbox 2358 4890 2566 4959; x_wconf 88' lang='lat' dir='ltr'><strong>posuit,</strong></span> <span class='ocrx_word' id='word_1_800' title='bbox 2600 4907 2711 4946; x_wconf 93' lang='lat' dir='ltr'><strong>non</strong></span> <span class='ocrx_word' id='word_1_801' title='bbox 2741 4892 2798 4946; x_wconf 92' lang='lat' dir='ltr'><strong>in</strong></span> <span class='ocrx_word' id='word_1_802' title='bbox 2846 4893 3057 4948; x_wconf 87' lang='lat' dir='ltr'><strong>malum</strong></span> <span class='ocrx_word' id='word_1_803' title='bbox 3089 4895 3439 4969; x_wconf 88' lang='lat' dir='ltr'><strong>proposuisse</strong></span> <span class='ocrx_word' id='word_1_804' title='bbox 3465 4898 3683 4957; x_wconf 74' lang='lat' dir='ltr'><strong>tanquam</strong></span> 
     </span>
    </p>
   </div>
   <div class='ocr_carea' id='block_1_61' title="bbox 465 4968 3683 5050">
    <p class='ocr_par' dir='ltr' id='par_1_61' title="bbox 465 4968 3683 5050">
     <span class='ocr_line' id='line_1_61' title="bbox 465 4968 3683 5050; baseline 0.003 -26"><span class='ocrx_word' id='word_1_805' title='bbox 465 4968 657 5027; x_wconf 76' lang='lat' dir='ltr'><strong>Iacob.</strong></span> <span class='ocrx_word' id='word_1_806' title='bbox 700 4970 771 5024; x_wconf 87' lang='lat' dir='ltr'><strong>Et</strong></span> <span class='ocrx_word' id='word_1_807' title='bbox 811 4970 936 5027; x_wconf 77' lang='lat' dir='ltr'><strong>ideo</strong></span> <span class='ocrx_word' id='word_1_808' title='bbox 981 4987 1094 5033; x_wconf 91' lang='lat' dir='ltr'><strong>non</strong></span> <span class='ocrx_word' id='word_1_809' title='bbox 1147 4971 1354 5026; x_wconf 89' lang='lat' dir='ltr'><strong>dicitur</strong></span> <span class='ocrx_word' id='word_1_810' title='bbox 1380 4972 1438 5026; x_wconf 91' lang='lat' dir='ltr'><strong>in</strong></span> <span class='ocrx_word' id='word_1_811' title='bbox 1465 4991 1762 5028; x_wconf 88' lang='lat' dir='ltr'><strong>commune</strong></span> <span class='ocrx_word' id='word_1_812' title='bbox 1796 4976 1943 5030; x_wconf 91' lang='lat' dir='ltr'><strong>Deus</strong></span> <span class='ocrx_word' id='word_1_813' title='bbox 1976 4994 2065 5031; x_wconf 89' lang='lat' dir='ltr'><strong>eo-</strong></span> <span class='ocrx_word' id='word_1_814' title='bbox 2147 4977 2400 5048; x_wconf 89' lang='lat' dir='ltr'><strong>decipere</strong></span> <span class='ocrx_word' id='word_1_815' title='bbox 2435 4980 2599 5034; x_wconf 84' lang='lat' dir='ltr'><strong>vellet</strong></span> <span class='ocrx_word' id='word_1_816' title='bbox 2617 4999 2746 5036; x_wconf 91' lang='lat' dir='ltr'><strong>eum</strong></span> <span class='ocrx_word' id='word_1_817' title='bbox 2771 4982 3155 5049; x_wconf 89' lang='lat' dir='ltr'><strong>utinimicum,</strong></span> <span class='ocrx_word' id='word_1_818' title='bbox 3181 4984 3278 5037; x_wconf 91' lang='lat' dir='ltr'><strong>sed</strong></span> <span class='ocrx_word' id='word_1_819' title='bbox 3301 4982 3503 5037; x_wconf 90' lang='lat' dir='ltr'><strong>curiose</strong></span> <span class='ocrx_word' id='word_1_820' title='bbox 3519 4974 3683 5050; x_wconf 58' lang='lat' dir='ltr'><strong>potius»</strong></span> 
     </span>
    </p>
   </div>
   <div class='ocr_carea' id='block_1_62' title="bbox 463 5058 3684 5144">
    <p class='ocr_par' dir='ltr' id='par_1_62' title="bbox 463 5058 3684 5144">
     <span class='ocr_line' id='line_1_62' title="bbox 463 5058 3684 5144; baseline 0.001 -30"><span class='ocrx_word' id='word_1_821' title='bbox 463 5074 611 5125; x_wconf 80' lang='lat' dir='ltr'><strong>rum,</strong></span> <span class='ocrx_word' id='word_1_822' title='bbox 658 5059 756 5114; x_wconf 89' lang='lat' dir='ltr'><strong>sed</strong></span> <span class='ocrx_word' id='word_1_823' title='bbox 787 5060 936 5114; x_wconf 91' lang='lat' dir='ltr'><strong>Deus</strong></span> <span class='ocrx_word' id='word_1_824' title='bbox 983 5060 1287 5127; x_wconf 84' lang='lat' dir='ltr'><strong>Abraham,</strong></span> <span class='ocrx_word' id='word_1_825' title='bbox 1327 5062 1475 5117; x_wconf 90' lang='lat' dir='ltr'><strong>Deus</strong></span> <span class='ocrx_word' id='word_1_826' title='bbox 1504 5065 1677 5129; x_wconf 89' lang='lat' dir='ltr'><strong>Isaac,</strong></span> <span class='ocrx_word' id='word_1_827' title='bbox 1706 5070 1764 5118; x_wconf 89' lang='lat' dir='ltr'><strong>et</strong></span> <span class='ocrx_word' id='word_1_828' title='bbox 1793 5065 1942 5119; x_wconf 83' lang='lat' dir='ltr'><strong>Deus</strong></span> <span class='ocrx_word' id='word_1_829' title='bbox 1970 5067 2060 5123; x_wconf 87' lang='lat' dir='ltr'><strong>Ja—</strong></span> <span class='ocrx_word' id='word_1_830' title='bbox 2142 5066 2275 5136; x_wconf 84' lang='lat' dir='ltr'><strong>quia</strong></span> <span class='ocrx_word' id='word_1_831' title='bbox 2305 5068 2374 5120; x_wconf 92' lang='lat' dir='ltr'><strong>de</strong></span> <span class='ocrx_word' id='word_1_832' title='bbox 2401 5068 2504 5122; x_wconf 88' lang='lat' dir='ltr'><strong>hoc</strong></span> <span class='ocrx_word' id='word_1_833' title='bbox 2532 5070 2630 5125; x_wconf 90' lang='lat' dir='ltr'><strong>diu</strong></span> <span class='ocrx_word' id='word_1_834' title='bbox 2655 5072 2953 5142; x_wconf 65' lang='lat' dir='ltr'><strong>quaesitum</strong></span> <span class='ocrx_word' id='word_1_835' title='bbox 2999 5078 3121 5127; x_wconf 86' lang='lat' dir='ltr'><strong>erat</strong></span> <span class='ocrx_word' id='word_1_836' title='bbox 3144 5078 3263 5139; x_wconf 65' lang='lat' dir='ltr'><strong>;~ut</strong></span> <span class='ocrx_word' id='word_1_837' title='bbox 3299 5070 3465 5144; x_wconf 89' lang='lat' dir='ltr'><strong>possit</strong></span> <span class='ocrx_word' id='word_1_838' title='bbox 3490 5058 3684 5136; x_wconf 82' lang='lat' dir='ltr'><strong>experiri</strong></span> 
     </span>
    </p>
   </div>
   <div class='ocr_carea' id='block_1_63' title="bbox 462 5146 3683 5231">
    <p class='ocr_par' dir='ltr' id='par_1_63' title="bbox 462 5146 3683 5231">
     <span class='ocr_line' id='line_1_63' title="bbox 462 5146 3683 5231; baseline 0.005 -31"><span class='ocrx_word' id='word_1_839' title='bbox 462 5147 586 5214; x_wconf 82' lang='lat' dir='ltr'><strong>cob,</strong></span> <span class='ocrx_word' id='word_1_840' title='bbox 607 5148 741 5219; x_wconf 87' lang='lat' dir='ltr'><strong>quia</strong></span> <span class='ocrx_word' id='word_1_841' title='bbox 769 5148 975 5218; x_wconf 79' lang='lat' dir='ltr'><strong>singuli</strong></span> <span class='ocrx_word' id='word_1_842' title='bbox 995 5165 1192 5219; x_wconf 77' lang='lat' dir='ltr'><strong>eorum</strong></span> <span class='ocrx_word' id='word_1_843' title='bbox 1217 5154 1400 5204; x_wconf 88' lang='lat' dir='ltr'><strong>totum</strong></span> <span class='ocrx_word' id='word_1_844' title='bbox 1430 5151 1714 5207; x_wconf 87' lang='lat' dir='ltr'><strong>habebant</strong></span> <span class='ocrx_word' id='word_1_845' title='bbox 1746 5154 1942 5209; x_wconf 91' lang='lat' dir='ltr'><strong>Deum.</strong></span> <span class='ocrx_word' id='word_1_846' title='bbox 1968 5156 2060 5209; x_wconf 91' lang='lat' dir='ltr'><strong>Sic</strong></span> <span class='ocrx_word' id='word_1_847' title='bbox 2140 5162 2333 5210; x_wconf 88' lang='lat' dir='ltr'><strong>utrum</strong></span> <span class='ocrx_word' id='word_1_848' title='bbox 2360 5157 2529 5211; x_wconf 89' lang='lat' dir='ltr'><strong>sciret</strong></span> <span class='ocrx_word' id='word_1_849' title='bbox 2550 5159 2841 5225; x_wconf 86' lang='lat' dir='ltr'><strong>Dominus,</strong></span> <span class='ocrx_word' id='word_1_850' title='bbox 2860 5167 2917 5217; x_wconf 88' lang='lat' dir='ltr'><strong>et</strong></span> <span class='ocrx_word' id='word_1_851' title='bbox 2933 5162 3146 5221; x_wconf 85' lang='lat' dir='ltr'><strong>discere</strong></span> <span class='ocrx_word' id='word_1_852' title='bbox 3177 5178 3248 5217; x_wconf 89' lang='lat' dir='ltr'><strong>an</strong></span> <span class='ocrx_word' id='word_1_853' title='bbox 3280 5146 3683 5231; x_wconf 52' lang='lat' dir='ltr'><strong>ignorarem!“0d</strong></span> 
     </span>
    </p>
   </div>
   <div class='ocr_carea' id='block_1_64' title="bbox 444 5236 3681 5319">
    <p class='ocr_par' dir='ltr' id='par_1_64' title="bbox 444 5236 3681 5319">
     <span class='ocr_line' id='line_1_64' title="bbox 444 5236 3681 5319; baseline 0.001 -30"><span class='ocrx_word' id='word_1_854' title='bbox 444 5236 903 5295; x_wconf 76' lang='lat' dir='ltr'><strong>,etalibidicitur:</strong></span> <span class='ocrx_word' id='word_1_855' title='bbox 927 5239 1214 5292; x_wconf 71' lang='lat' dir='ltr'><strong>DeusElize</strong></span> <span class='ocrx_word' id='word_1_856' title='bbox 1238 5241 1286 5309; x_wconf 75' lang='grc' dir='ltr'><strong>(Ι</strong></span> <span class='ocrx_word' id='word_1_857' title='bbox 1298 5239 1344 5289; x_wconf 89' lang='lat' dir='ltr'><em>V</em></span> <span class='ocrx_word' id='word_1_858' title='bbox 1360 5241 1641 5309; x_wconf 67' lang='lat' dir='ltr'><strong>Reg.u,1i)</strong></span> <span class='ocrx_word' id='word_1_859' title='bbox 1679 5243 1924 5308; x_wconf 69' lang='lat' dir='ltr'><strong>gllhristi</strong></span> <span class='ocrx_word' id='word_1_860' title='bbox 1957 5261 2058 5299; x_wconf 91' lang='lat' dir='ltr'><strong>au—</strong></span> <span class='ocrx_word' id='word_1_861' title='bbox 2141 5245 2322 5299; x_wconf 87' lang='lat' dir='ltr'><strong>adhuc</strong></span> <span class='ocrx_word' id='word_1_862' title='bbox 2370 5245 2439 5298; x_wconf 89' lang='lat' dir='ltr'><strong>ab</strong></span> <span class='ocrx_word' id='word_1_863' title='bbox 2484 5248 2766 5313; x_wconf 89' lang='lat' dir='ltr'><strong>omnibus,</strong></span> <span class='ocrx_word' id='word_1_864' title='bbox 2816 5266 2882 5307; x_wconf 88' lang='lat' dir='ltr'><strong>ac</strong></span> <span class='ocrx_word' id='word_1_865' title='bbox 2930 5251 2975 5304; x_wconf 91' lang='lat' dir='ltr'><strong>si</strong></span> <span class='ocrx_word' id='word_1_866' title='bbox 3014 5252 3305 5313; x_wconf 88' lang='lat' dir='ltr'><strong>incertum,</strong></span> <span class='ocrx_word' id='word_1_867' title='bbox 3361 5243 3681 5319; x_wconf 77' lang='lat' dir='ltr'><strong>quaerebatur.</strong></span> 
     </span>
    </p>
   </div>
   <div class='ocr_carea' id='block_1_65' title="bbox 458 5323 3685 5408">
    <p class='ocr_par' dir='ltr' id='par_1_65' title="bbox 458 5323 3685 5408">
     <span class='ocr_line' id='line_1_65' title="bbox 458 5323 3685 5408; baseline 0.006 -31"><span class='ocrx_word' id='word_1_868' title='bbox 458 5328 578 5378; x_wconf 87' lang='lat' dir='ltr'><strong>tem</strong></span> <span class='ocrx_word' id='word_1_869' title='bbox 604 5324 769 5395; x_wconf 76' lang='lat' dir='ltr'><strong>longe</strong></span> <span class='ocrx_word' id='word_1_870' title='bbox 797 5325 962 5385; x_wconf 79' lang='lat' dir='ltr'><strong>aliter</strong></span> <span class='ocrx_word' id='word_1_871' title='bbox 1005 5331 1063 5381; x_wconf 88' lang='lat' dir='ltr'><strong>et</strong></span> <span class='ocrx_word' id='word_1_872' title='bbox 1107 5326 1257 5383; x_wconf 72' lang='lat' dir='ltr'><strong>Deus</strong></span> <span class='ocrx_word' id='word_1_873' title='bbox 1287 5332 1344 5382; x_wconf 91' lang='lat' dir='ltr'><strong>et</strong></span> <span class='ocrx_word' id='word_1_874' title='bbox 1372 5334 1532 5398; x_wconf 86' lang='lat' dir='ltr'><strong>pater</strong></span> <span class='ocrx_word' id='word_1_875' title='bbox 1564 5336 1666 5384; x_wconf 91' lang='lat' dir='ltr'><strong>est.</strong></span> <span class='ocrx_word' id='word_1_876' title='bbox 1705 5332 1877 5387; x_wconf 91' lang='lat' dir='ltr'><strong>Porro</strong></span> <span class='ocrx_word' id='word_1_877' title='bbox 1910 5335 2059 5388; x_wconf 90' lang='lat' dir='ltr'><strong>Deus</strong></span> <span class='ocrx_word' id='word_1_878' title='bbox 2142 5334 2319 5387; x_wconf 87' lang='lat' dir='ltr'><strong>Lucas</strong></span> <span class='ocrx_word' id='word_1_879' title='bbox 2351 5351 2477 5389; x_wconf 89' lang='lat' dir='ltr'><strong>vero</strong></span> <span class='ocrx_word' id='word_1_880' title='bbox 2505 5336 2616 5389; x_wconf 88' lang='lat' dir='ltr'><strong>tale</strong></span> <span class='ocrx_word' id='word_1_881' title='bbox 2647 5337 2861 5408; x_wconf 89' lang='lat' dir='ltr'><strong>aliquid</strong></span> <span class='ocrx_word' id='word_1_882' title='bbox 2891 5356 2956 5392; x_wconf 87' lang='lat' dir='ltr'><strong>ex</strong></span> <span class='ocrx_word' id='word_1_883' title='bbox 2987 5339 3164 5395; x_wconf 89' lang='lat' dir='ltr'><strong>vicino</strong></span> <span class='ocrx_word' id='word_1_884' title='bbox 3193 5338 3407 5391; x_wconf 85' lang='lat' dir='ltr'><strong>videtur</strong></span> <span class='ocrx_word' id='word_1_885' title='bbox 3425 5323 3685 5393; x_wconf 70' lang='grc' dir='ltr'><strong>άίοθΐθιεεά</strong></span> 
     </span>
    </p>
   </div>
   <div class='ocr_carea' id='block_1_66' title="bbox 458 5411 3685 5501">
    <p class='ocr_par' dir='ltr' id='par_1_66' title="bbox 458 5411 3685 5501">
     <span class='ocr_line' id='line_1_66' title="bbox 458 5411 3685 5501; baseline 0.003 -35"><span class='ocrx_word' id='word_1_886' title='bbox 458 5411 820 5479; x_wconf 54' lang='lat' dir='ltr'><strong>Hebrgorum</strong></span> <span class='ocrx_word' id='word_1_887' title='bbox 849 5414 997 5485; x_wconf 72' lang='lat' dir='ltr'><strong>Quod</strong></span> <span class='ocrx_word' id='word_1_888' title='bbox 1017 5414 1606 5486; x_wconf 84' lang='lat' dir='ltr'><strong>dicitur,imperfectio</strong></span> <span class='ocrx_word' id='word_1_889' title='bbox 1641 5420 2060 5477; x_wconf 85' lang='lat' dir='ltr'><strong>demonstratur</strong></span> <span class='ocrx_word' id='word_1_890' title='bbox 2141 5422 2304 5493; x_wconf 80' lang='lat' dir='ltr'><strong>longe</strong></span> <span class='ocrx_word' id='word_1_891' title='bbox 2342 5423 2473 5477; x_wconf 90' lang='lat' dir='ltr'><strong>alibi</strong></span> <span class='ocrx_word' id='word_1_892' title='bbox 2525 5425 2664 5480; x_wconf 87' lang='lat' dir='ltr'><strong>illud</strong></span> <span class='ocrx_word' id='word_1_893' title='bbox 2711 5426 3038 5501; x_wconf 85' lang='lat' dir='ltr'><strong>interponit.</strong></span> <span class='ocrx_word' id='word_1_894' title='bbox 3072 5427 3228 5483; x_wconf 91' lang='lat' dir='ltr'><strong>Unde</strong></span> <span class='ocrx_word' id='word_1_895' title='bbox 3272 5424 3466 5481; x_wconf 88' lang='lat' dir='ltr'><strong>rectius</strong></span> <span class='ocrx_word' id='word_1_896' title='bbox 3505 5418 3685 5473; x_wconf 76' lang='lat' dir='ltr'><strong>videtur</strong></span> 
     </span>
    </p>
   </div>
   <div class='ocr_carea' id='block_1_67' title="bbox 455 5504 3682 5588">
    <p class='ocr_par' dir='ltr' id='par_1_67' title="bbox 455 5504 3682 5588">
     <span class='ocr_line' id='line_1_67' title="bbox 455 5504 3682 5588; baseline 0.002 -33"><span class='ocrx_word' id='word_1_897' title='bbox 455 5517 675 5569; x_wconf 65' lang='lat' dir='ltr'><strong>eorum,</strong></span> <span class='ocrx_word' id='word_1_898' title='bbox 699 5504 964 5574; x_wconf 87' lang='lat' dir='ltr'><strong>quoniam</strong></span> <span class='ocrx_word' id='word_1_899' title='bbox 984 5505 1372 5577; x_wconf 88' lang='lat' dir='ltr'><strong>unusquisque</strong></span> <span class='ocrx_word' id='word_1_900' title='bbox 1397 5522 1590 5560; x_wconf 89' lang='lat' dir='ltr'><strong>eorum</strong></span> <span class='ocrx_word' id='word_1_901' title='bbox 1607 5509 1818 5580; x_wconf 88' lang='lat' dir='ltr'><strong>aliquid</strong></span> <span class='ocrx_word' id='word_1_902' title='bbox 1844 5510 1923 5564; x_wconf 89' lang='lat' dir='ltr'><strong>vel</strong></span> <span class='ocrx_word' id='word_1_903' title='bbox 1943 5527 2058 5565; x_wconf 89' lang='lat' dir='ltr'><strong>mo—</strong></span> <span class='ocrx_word' id='word_1_904' title='bbox 2138 5513 2310 5567; x_wconf 89' lang='lat' dir='ltr'><strong>alium</strong></span> <span class='ocrx_word' id='word_1_905' title='bbox 2337 5530 2477 5577; x_wconf 89' lang='lat' dir='ltr'><strong>esse,</strong></span> <span class='ocrx_word' id='word_1_906' title='bbox 2507 5513 2576 5569; x_wconf 92' lang='lat' dir='ltr'><strong>de</strong></span> <span class='ocrx_word' id='word_1_907' title='bbox 2614 5532 2725 5585; x_wconf 92' lang='lat' dir='ltr'><strong>quo</strong></span> <span class='ocrx_word' id='word_1_908' title='bbox 2771 5517 2947 5579; x_wconf 84' lang='lat' dir='ltr'><strong>Lucas</strong></span> <span class='ocrx_word' id='word_1_909' title='bbox 2977 5519 3089 5579; x_wconf 85' lang='lat' dir='ltr'><strong>tale</strong></span> <span class='ocrx_word' id='word_1_910' title='bbox 3113 5515 3321 5588; x_wconf 83' lang='lat' dir='ltr'><strong>aliquid</strong></span> <span class='ocrx_word' id='word_1_911' title='bbox 3352 5516 3558 5575; x_wconf 77' lang='lat' dir='ltr'><strong>narrat;</strong></span> <span class='ocrx_word' id='word_1_912' title='bbox 3593 5517 3682 5561; x_wconf 87' lang='lat' dir='ltr'><strong>non</strong></span> 
     </span>
    </p>
   </div>
   <div class='ocr_carea' id='block_1_68' title="bbox 454 5589 3682 5673">
    <p class='ocr_par' dir='ltr' id='par_1_68' title="bbox 454 5589 3682 5673">
     <span class='ocr_line' id='line_1_68' title="bbox 454 5589 3682 5673; baseline 0.002 -28"><span class='ocrx_word' id='word_1_913' title='bbox 454 5590 645 5647; x_wconf 89' lang='lat' dir='ltr'><strong>dicum</strong></span> <span class='ocrx_word' id='word_1_914' title='bbox 671 5590 914 5647; x_wconf 87' lang='lat' dir='ltr'><strong>habebat</strong></span> <span class='ocrx_word' id='word_1_915' title='bbox 935 5592 1005 5647; x_wconf 90' lang='lat' dir='ltr'><strong>de</strong></span> <span class='ocrx_word' id='word_1_916' title='bbox 1024 5594 1160 5648; x_wconf 92' lang='lat' dir='ltr'><strong>Deo.</strong></span> <span class='ocrx_word' id='word_1_917' title='bbox 1192 5594 1352 5658; x_wconf 88' lang='lat' dir='ltr'><strong>Quod</strong></span> <span class='ocrx_word' id='word_1_918' title='bbox 1362 5594 1696 5652; x_wconf 88' lang='lat' dir='ltr'><strong>beneﬁcium</strong></span> <span class='ocrx_word' id='word_1_919' title='bbox 1726 5599 1934 5653; x_wconf 84' lang='lat' dir='ltr'><strong>Christi</strong></span> <span class='ocrx_word' id='word_1_920' title='bbox 1953 5615 2055 5671; x_wconf 90' lang='lat' dir='ltr'><strong>pro</strong></span> <span class='ocrx_word' id='word_1_921' title='bbox 2137 5599 2320 5654; x_wconf 89' lang='lat' dir='ltr'><strong>solum</strong></span> <span class='ocrx_word' id='word_1_922' title='bbox 2347 5606 2579 5673; x_wconf 86' lang='lat' dir='ltr'><strong>propter</strong></span> <span class='ocrx_word' id='word_1_923' title='bbox 2592 5603 2803 5657; x_wconf 88' lang='lat' dir='ltr'><strong>ordinis</strong></span> <span class='ocrx_word' id='word_1_924' title='bbox 2831 5604 3174 5672; x_wconf 88' lang='lat' dir='ltr'><strong>distantiam,</strong></span> <span class='ocrx_word' id='word_1_925' title='bbox 3194 5617 3387 5658; x_wconf 87' lang='lat' dir='ltr'><strong>verum</strong></span> <span class='ocrx_word' id='word_1_926' title='bbox 3405 5600 3558 5654; x_wconf 84' lang='lat' dir='ltr'><strong>etiam</strong></span> <span class='ocrx_word' id='word_1_927' title='bbox 3576 5589 3682 5662; x_wconf 71' lang='lat' dir='ltr'><strong>quia</strong></span> 
     </span>
    </p>
   </div>
   <div class='ocr_carea' id='block_1_69' title="bbox 1053 5837 1095 5859">
    <p class='ocr_par' dir='ltr' id='par_1_69' title="bbox 1053 5837 1095 5859">
     <span class='ocr_line' id='line_1_69' title="bbox 1053 5837 1095 5859; baseline 0 -2"><span class='ocrx_word' id='word_1_928' title='bbox 1053 5837 1095 5859; x_wconf 62' lang='grc'><strong>“</strong></span> 
     </span>
    </p>
   </div>
  </div>
