3872 6158
206 305 309 363 757

885 287 889 291 ’
973 303 1360 359 anesum
1395 304 1475 360 IN
1511 303 1799 361 m'rrm

1886 303 1959 361 II.
2002 333 2067 344 —
2107 301 2246 362 LIB.
2284 303 2356 368 Χ,
2397 300 2557 365 CAP.
2595 300 2770 367 XXII.

3390 300 3499 374 75.8

207 443 337 486 cum
375 428 695 500 interrogat
748 426 1048 483 Dominum
1093 445 1107 481 :
1155 426 1301 491 Quid
1346 427 1600 483 faciendo
1645 429 1818 485 vitam
1835 433 1883 492 Α
1899 427 2118 488 duobus
2147 426 2370 500 pendet,
2390 431 2574 492 totum
2594 427 2653 490 in
2668 427 2774 492 hac
3301 426 3390 500 s91

207 525 483 574 ωιθωεω
516 517 847 590 possidebo?
876 517 1042 587 longe
1069 515 1234 571 aliter
1261 518 1558 573 Dominum
1589 536 1816 590 respon-

207 608 360 661 disse
390 612 607 672 narrat,
636 613 695 660 et
724 606 902 660 multa
933 605 1284 677 proposuisse
1309 623 1432 677 qua
1457 608 1588 661 huic
1607 624 1718 662 non
1739 608 1816 661 vi-

1898 519 2237 589 capitulatur
2293 517 2506 574 Idcirco
2523 516 2888 586 quaerendum.
2907 517 2956 582 Si
2975 516 3128 584 aliud.
3158 516 3232 586 Si?
3250 517 3498 590 ιλφῼᾴςιιι

1898 607 1955 662 in
1985 607 2071 662 his
2099 607 2316 663 duobus
2342 606 2620 662 mandatis
2647 605 2827 684 legem
2850 611 2908 672 et
2924 607 3246 676 prophetas.
3265 611 3321 675 et
3340 606 3496 678 aliud

205 697 421 750 dentur
445 711 755 766 congruere
775 695 916 749 loco.
945 695 1058 749 Iste
1082 711 1229 757 vero,
1253 712 1418 766 quem
1446 697 1740 750 Mattheus
1760 700 1819 751 et
1899 696 2255 767 recapitulari
2276 695 2466 753 omnia
2488 695 2544 750 in
2566 695 2670 754 hoc.
2689 695 2972 775 mandato.
2994 695 3153 764 Unde
3173 695 3306 766 quia
3319 710 3497 770 ρῃῃςη

204 785 428 840 Marcus
455 791 770 848 assumunt,
821 790 1047 854 accepto
1099 800 1384 853 responso,
1427 785 1646 840 siluisse
1678 785 1816 838 bene

205 874 441 946 quidem
472 873 901 928 commendatur
925 889 960 926 a
983 873 1238 934 Domino,
1263 889 1391 926 cum
1413 875 1494 927 ait
1509 874 1560 928 ei
1587 876 1744 928 :Non
1764 890 1815 928 es

207 966 369 1030 longe
397 979 434 1017 α
461 978 629 1030 regno
656 964 768 1017 Dei.
793 961 865 1016 Et
891 960 1021 1032 quia
1050 961 1192 1016 torte
1221 962 1533 1032 interrogat
1554 963 1813 1029 ﬁdeliter,

205 1043 364 1121 quod
399 1051 728 1105 mandatum
761 1067 1028 1120 magnum
1059 1051 1115 1104 in
1146 1051 1267 1121 lege
1295 1051 1388 1116 sit,
1413 1052 1685 1106 Dominus
1700 1069 1814 1107 non

204 1140 396 1194 solum
428 1141 577 1211 quod
601 1140 674 1194 sit
704 1155 992 1210 magnum,
1025 1155 1217 1194 verum
1250 1141 1418 1193 etiam
1446 1148 1504 1195 et
1534 1141 1681 1211 quod
1706 1142 1814 1211 pri-

202 1244 364 1282 mum
398 1229 698 1299 respondit
740 1229 899 1282 Unde
920 1228 1281 1298 quaerendum
1308 1229 1552 1283 arbitror
1585 1231 1814 1284 manda.

201 1323 396 1371 torum
427 1317 833 1383 diﬁ‘erentiam;
868 1318 1000 1387 quia
1039 1317 1133 1371 ubi
1181 1323 1267 1372 est
1309 1334 1578 1388 magnum
1609 1325 1666 1372 et
1695 1319 1810 1390 pri-

204 1422 386 1470 mum,
419 1406 494 1460 ibi
525 1413 582 1461 et
626 1407 937 1477 sequentia,
988 1406 1180 1478 sicque
1218 1423 1320 1477 per
1364 1407 1616 1462 ordinem
1656 1424 1810 1478 qum-

207 1495 447 1549 rendum
480 1495 642 1560 forte,
676 1496 854 1549 donec
883 1495 1175 1566 pervenias
1218 1496 1288 1549 ad
1338 1496 1475 1550 illud
1511 1497 1808 1552 minimum

202 1584 560 1648 mandatum,
593 1584 740 1654 quod
770 1600 864 1654 qui
895 1584 1140 1646 solverit,
1174 1591 1232 1637 et
1277 1585 1529 1639 docuerit
1568 1587 1666 1643 sic.
1702 1586 1810 1640 mi-

202 1673 395 1727 nimus
424 1673 716 1727 vocabitur
741 1672 798 1726 in
829 1689 1004 1742 regno
1041 1673 1331 1728 oculorum.
1382 1675 1542 1728 Unde
1566 1681 1804 1739 constat,

1893 785 2010 854 jam
2044 783 2326 857 prioribus
2353 783 2613 842 Patribus
2643 781 2823 846 visum
2854 789 2942 847 est
2981 799 3121 851 esse,
3155 799 3384 853 necesse
3412 787 3500 854 est

1897 872 2230 942 intelligere,
2249 873 2394 942 quod
2425 871 2616 934 omnia
2645 871 3047 950 mandatumst;
3068 871 3154 940 le;
3175 877 3234 927 et
3262 872 3500 946 promte:

1899 968 1989 1025 tae,
2019 962 2076 1017 in
2092 966 2277 1027 ωιθ
2307 966 2547 1030 utroque
2577 961 2824 1031 pendent
2851 965 2908 1026 et
2935 959 3499 1036 recapitulantur,vol

1899 1051 2289 1107 instaurantur
2310 1049 2576 1120 mandato
2597 1068 2610 1115 ;
2635 1049 2768 1119 quia
2786 1065 2886 1114 nec
2900 1049 3050 1116 Deus
3069 1048 3190 1120 sine
3221 1048 3495 1122 proximo,

1895 1156 1996 1194 nec
2025 1139 2310 1210 proximus
2330 1138 2453 1196 sine
2477 1139 2590 1198 Deo.
2609 1144 2758 1203 recte
2777 1138 3050 1207 diligitur.
3071 1139 3152 1208 Ac
3171 1154 3272 1210 per
3292 1138 3397 1210 hoc
3417 1138 3497 1208 die

1895 1229 2060 1283 lectio
2092 1228 2189 1282 Dei
2214 1244 2280 1282 ac
2310 1226 2567 1298 proximi,
2597 1243 2770 1286 unum
2795 1227 3122 1296 mandatum
3145 1231 3249 1296 est.
3272 1242 3500 1302 unaque

1894 1317 2140 1386 charitas
2155 1317 2394 1386 integra,
2415 1322 2470 1372 et
2487 1332 2616 1370 vera
2639 1314 2883 1378 dilectio-
2917 1315 3095 1383 Undﬂi
3118 1322 3184 1385 ut
3199 1315 3280 1386 iiii
3294 1313 3498 1392 fauit.

1892 1406 1951 1460 in
1968 1422 2034 1461 eo
2056 1406 2203 1477 quod
2217 1405 2298 1462 ait
2312 1405 2634 1476 Apostolus:
2663 1405 2778 1466 Etsi
2797 1408 2870 1460 est
2886 1405 3050 1472 aliud
3070 1406 3400 1484 mandatum
3424 1397 3490 1475 in

1893 1497 1990 1549 hoc
2019 1498 2176 1550 verba
2204 1498 2599 1558 instauratur;
2632 1493 2804 1564 etiam
2833 1498 2893 1559 et
2919 1493 3068 1560 istud
3101 1511 3113 1552 ;
3148 1495 3352 1564 Diliges
3383 1495 3488 1566 ῼοτ

1893 1586 2118 1639 minum
2132 1585 2302 1638 Deum
2327 1589 2487 1638 tuum
2505 1599 2570 1638 ea;
2591 1588 2695 1636 toto
2715 1583 2872 1638 corde
2894 1587 3060 1647 tuo,_et
3080 1599 3144 1650 ea;
3165 1586 3276 1640 tota
3295 1584 3493 1653 animi;

1894 1676 2010 1736 tua,
2043 1677 2092 1726 et
2119 1689 2183 1726 ea:
2211 1677 2321 1727 tota
2351 1676 2528 1728 menta
2557 1676 2672 1730 tua.
2692 1671 2750 1732 in
2777 1671 2880 1725 hoc
2907 1670 3152 1738 secundo
3184 1672 3270 1738 (lli
3297 1686 3492 1740 verum

201 1761 334 1831 quia
364 1761 414 1815 si
444 1767 532 1818 est
557 1778 840 1832 magnum.
867 1768 925 1815 et
951 1762 1246 1816 minimum
1277 1769 1364 1816 est
1377 1763 1596 1834 utique,
1618 1771 1676 1818 et
1696 1781 1808 1818 me-
1824 1749 1867 1810 Β
1886 1761 1962 1814 sit
1988 1761 2134 1831 quod
2163 1760 2598 1835 Apostolustait)
2621 1759 2847 1823 omnino
2879 1759 3284 1830 resapitulatur
3303 1758 3488 1826 velin-

202 1850 382 1915 dium,
417 1856 588 1921 atque
619 1849 747 1904 hinc
776 1851 906 1904 inde
935 1850 1267 1921 multiplicia
1287 1867 1386 1921 per
1414 1852 1688 1908 ordinem.
1716 1853 1805 1906 In~

198 1944 359 1993 terea
390 1938 664 2000 Dominus
684 1940 1027 2010 respondens
1046 1939 1098 1993 ei
1128 1941 1289 1995 docet
1316 1948 1373 1995 et
1400 1957 1503 1994 nos
1537 1942 1669 2012 quia
1694 1957 1805 1995 non

199 2028 386 2082 solum
405 2034 495 2082 est
516 2045 779 2099 magnum
801 2028 1127 2085 mandatum
1142 2035 1336 2094 ωιο
1349 2030 1583 2100 diligere
1606 2031 1804 2096 Deum,

197 2133 395 2170 verum
407 2118 580 2172 etiam
595 2125 651 2176 et
666 2117 1188 2188 primum.Primum
1207 2125 1536 2178 autemmon
1553 2119 1806 2174 ordinem

199 2206 507 2277 Scriptum
535 2203 779 2277 respicit,
808 2206 904 2260 sed
931 2206 1002 2268 ad
1036 2206 1370 2274 dignitatem
1390 2207 1608 2262 virtutis
1639 2208 1806 2262 intel-

201 2293 488 2364 ligendam
514 2314 528 2361 ;
561 2301 620 2348 et
648 2295 752 2348 hoc
777 2295 936 2366 quasi
969 2296 1302 2352 conveniens
1327 2295 1456 2349 huic
1487 2297 1607 2359 loco
1623 2303 1806 2354 atten-

197 2382 447 2437 dendum
505 2383 649 2448 Quia
677 2385 835 2454 quasi
867 2384 1057 2438 multis
1086 2391 1494 2456 praeceptorum
1526 2386 1804 2439 mandatis

197 2472 544 2538 constitutis,
574 2473 654 2526 sic
681 2489 830 2527 nunc
862 2473 967 2528 hoc
991 2489 1256 2543 magnum
1298 2489 1363 2527 ac
1394 2474 1635 2544 primum
1667 2474 1809 2528 dixit

198 2559 557 2615 mandatum.
611 2562 931 2616 Secundum
978 2567 1168 2615 autem
1215 2568 1273 2626 et
1314 2562 1494 2618 simile
1525 2563 1716 2632 priori,
1751 2569 1808 2618 et

196 2657 437 2722 propter
466 2650 894 2704 similitudinem
925 2667 1190 2720 magnum
1215 2669 1228 2716 ;
1256 2651 1402 2721 quod
1433 2657 1520 2704 est
1546 2669 1557 2705 :
1593 2652 1804 2718 Diliges

195 2742 525 2808 proximum
541 2745 700 2793 tuum
715 2743 860 2793 sicut
884 2742 1140 2808 teipsum.
1158 2739 1323 2804 Forte
1347 2740 1652 2794 secundum
1679 2740 1799 2806 hoc,

200 2827 521 2898 intelligere
545 2844 865 2898 possumus,
890 2834 948 2882 et
976 2828 1128 2883 aliud
1159 2845 1298 2887 esse.
1324 2829 1471 2899 quod
1491 2829 1568 2884 sit
1596 2829 1806 2899 magni-

195 2915 392 2970 tudine
415 2924 472 2971 et
493 2917 689 2971 ordine
703 2917 950 2981 tertium,
965 2917 1154 2987 sicque
1174 2917 1326 2971 aliud
1347 2918 1495 2987 quod
1515 2928 1800 2988 quartum,

195 3010 250 3058 et
276 3005 549 3076 deinceps
567 3022 666 3076 per
686 3006 937 3064 ordinem
957 3006 1096 3075 legis
1127 3005 1391 3060 mandata
1419 3006 1799 3064 dinumerare.

196 3093 303 3148 Sed
364 3068 692 3150 hoc-sdlius
747 3095 847 3149 Del
905 3068 1311 3156 est'ordinare,
1361 3112 1424 3149 ac
1473 3068 1858 3167 percenserei3

196 3199 376 3253 usque
395 3183 468 3236 ad
492 3183 808 3240 minimum.
842 3184 986 3248 Quia
1016 3184 1120 3238 nisi
1152 3184 1405 3238 Christus
1427 3185 1532 3238 hcc
1559 3185 1796 3256 expleat.

197 3271 288 3342 qui
319 3279 410 3326 est
441 3272 543 3330 Dei
572 3272 749 3326 virtus
775 3279 833 3326 et
858 3273 955 3327 Dei
978 3273 1278 3344 sapientia,
1300 3291 1464 3328 nemo
1495 3275 1638 3328 alius
1667 3291 1801 3328 san-

196 3366 420 3414 ctorum
451 3366 556 3425 est,
591 3361 688 3430 qui
721 3362 823 3418 hoc
855 3362 1080 3416 audeat.
1122 3363 1397 3416 Fortassis
1427 3379 1561 3433 ergo
1591 3379 1626 3418 ει
1655 3369 1800 3416 tem-

197 3449 431 3520 poribus
464 3449 638 3521 Moysi
670 3467 846 3520 usque
875 3451 946 3504 ad
976 3451 1260 3505 Christum
1313 3452 1685 3522 quaerebatur,
1744 3453 1803 3506 in

199 3537 320 3607 lege
335 3538 488 3608 quod
503 3545 651 3592 esset
674 3555 942 3609 magnum
966 3539 1292 3593 mandatum
1315 3541 1372 3593 in
1393 3558 1477 3596 ea:
1494 3557 1595 3594 nec
1606 3547 1800 3594 tamen

194 3627 366 3681 fuisse
399 3627 496 3698 qui
533 3628 636 3680 hoc
650 3627 719 3680 ad
747 3627 1024 3697 liquidum
1051 3629 1633 3700 delinissot.Alioquin
1663 3630 1804 3694 Pha~

195 3717 392 3770 risaeus
439 3716 544 3776 hoc
576 3733 688 3770 non
716 3717 1136 3787 interrogasset,
1172 3717 1279 3770 nisi
1308 3719 1405 3771 diu
1446 3719 1799 3788 multumque

196 3806 340 3876 apud
373 3804 503 3860 illos
527 3805 823 3874 quaesitum
847 3812 1012 3869 esset,
1043 3812 1099 3860 et
1129 3823 1237 3860 non
1273 3806 1582 3868 inventum,
1619 3823 1802 3878 neque

197 3893 541 3962 pmﬁnitum
568 3912 581 3960 ;
613 3893 790 3948 donec
818 3894 1046 3951 veniens
1067 3895 1322 3949 Christus
1341 3895 1549 3958 docuit,
1583 3913 1691 3950 non
1714 3913 1802 3949 so-

195 3984 307 4035 lum
342 3982 494 4052 quod
528 3988 675 4036 esset
705 3999 990 4053 magnum,
1025 4000 1217 4038 verum
1249 3985 1416 4038 etiam
1455 3985 1603 4055 quod
1652 3991 1800 4049 esset

195 4072 466 4141 primum,
508 4070 711 4124 deinde
755 4077 812 4125 et
858 4071 1006 4141 quod
1051 4080 1200 4127 esset
1251 4073 1558 4128 secundum
1615 4075 1798 4128 simile

197 4159 389 4230 priori.
419 4160 596 4229 Cujus
617 4165 671 4218 et
694 4176 834 4230 opus
855 4168 958 4225 est,
991 4161 1038 4214 si
1063 4162 1229 4216 vellet
1249 4163 1490 4232 explere,
1526 4163 1610 4216 vel
1642 4163 1797 4217 inve-

194 4249 316 4302 nire
348 4248 584 4302 tertium
612 4255 668 4302 et
697 4255 981 4319 quartum,
1015 4267 1115 4305 seu
1147 4268 1247 4321 per
1273 4251 1526 4305 ordinem
1558 4252 1792 4323 reliqua.

197 4337 290 4391 Est
315 4345 510 4401 tamen
533 4345 591 4391 et
612 4338 714 4392 hoc
744 4338 1070 4393 mandatum
1093 4340 1243 4402 alibi,
1265 4340 1410 4410 quod
1445 4340 1687 4410 primum
1717 4342 1799 4395 di-

1888 1857 2196 1905 stauretur.
2215 1850 2284 1906 Et
2310 1850 2358 1906 si
2385 1849 2629 1920 primum
2654 1848 2984 1912 mandatum
3007 1848 3415 1918 recapitulatur
3432 1847 3492 1917 in

1891 1938 2152 2002 secundo,
2189 1953 2415 1996 necesse
2457 1937 2644 2006 majus
2673 1943 2759 1996 est
2786 1942 2844 1998 et
2873 1936 3180 2004 secundum
3219 1936 3277 2005 in
3307 1936 3490 2008 primo

1890 2026 2217 2082 instaurari.
2232 2027 2301 2083 Et
2321 2026 2447 2084 ideo
2467 2026 2512 2082 si
2535 2041 2699 2085 einne
2723 2024 3054 2089 mandatum
3085 2024 3490 2098 recapitulatur

1889 2116 1948 2170 in
1966 2115 2230 2180 secundo,
2255 2115 2660 2185 recapitulstur
2680 2113 2848 2178 etiam
2873 2113 2976 2179 hoc
2997 2129 3262 2184 mesan
3294 2118 3355 2183 ει
3380 2112 3490 2185 Ρξτὶτ

1890 2221 2045 2260 mum
2073 2224 2086 2271 ;
2123 2205 2174 2260 ei
2200 2205 2259 2262 in
2291 2205 2377 2270 his
2405 2203 2642 2264 duobus.
2661 2204 2789 2272 jure
2811 2202 3028 2268 totalex
3060 2201 3264 2273 pendet
3291 2208 3348 2272 et
3363 2218 3490 2274 pro-

1887 2294 2069 2365 ριιθιεε
2124 2295 2239 2351 Nec
2282 2293 2564 2352 immerito
2613 2292 2787 2362 igitur
2825 2308 3092 2361 magnum.
3143 2297 3200 2359 et
3240 2291 3490 2363 primum

1888 2383 2216 2439 mandatum
2246 2381 2306 2437 in
2336 2381 2460 2451 lege
2487 2397 2522 2434 a
2549 2380 2787 2452 Domino
2817 2380 3112 2449 deﬁnitum
3142 2386 3229 2449 est
3249 2395 3262 2430 :
3284 2381 3488 2452 Dilige;

1888 2472 2366 2540 DominumDeum
2381 2477 2541 2544 tuum
2556 2487 2620 2530 ea;
2635 2475 2738 2526 tota
2751 2472 2908 2549 corde
2922 2475 3160 2536 tegetes!
3172 2474 3282 2538 tota
3291 2471 3490 2541 animi;

1891 2565 2008 2622 tua,
2034 2565 2082 2614 et
2113 2576 2176 2616 ea:
2207 2565 2316 2617 tota
2338 2565 2517 2616 mente
2547 2565 2663 2614 tua.
2688 2559 2791 2619 Cui
2821 2559 2868 2628 si
2899 2559 3113 2629 aliquid
3145 2557 3490 2630 summiseris

1887 2648 1958 2702 de
1986 2648 2376 2717 magnitudine
2404 2649 2528 2718 ejus
2556 2654 2613 2707 et
2641 2648 2710 2711 de
2751 2648 2997 2718 primatu
3036 2647 3233 2718 ίρξὶυεο
3268 2646 3338 2716 d9
3367 2651 3487 2719 is???)

1887 2737 1942 2792 id
1963 2737 2269 2794 subtrahis.
2286 2737 2355 2794 Et
2369 2737 2464 2807 qui
2480 2737 2549 2798 de,
2568 2743 2690 2798 toto
2707 2737 2802 2797 illo
2823 2737 3087 2803 mandato
3117 2735 3330 2807 aliquid
3351 2733 3485 2806 sub:

1887 2827 2080 2890 trahit,
2110 2826 2166 2881 id
2195 2833 2298 2890 est,
2321 2833 2421 2884 aut
2450 2826 2519 2884 de
2541 2843 2606 2884 eo
2627 2826 2774 2896 quod
2797 2832 2898 2889 est.
2927 2842 2990 2890 ex
3018 2830 3138 2892 toto
3167 2823 3354 2894 sorde.
3387 2829 3488 2896 est

1887 2932 1953 2969 ex
1983 2921 2102 2970 tota
2122 2916 2330 2984 anima,
2351 2920 2450 2973 aut
2473 2931 2537 2972 ex
2566 2921 2687 2974 tota
2719 2919 2926 2976 mente.
2951 2913 3099 2986 quod
3125 2928 3398 2984 maguum.
3426 2917 3486 2986 ἐξ

1886 3003 2131 3080 primum
2164 3009 2268 3069 est,
2301 3003 2358 3061 ni
2389 3019 2454 3060 ex
2483 3009 2600 3063 toto
2637 3009 2891 3064 servetur
2918 3003 3317 3075 corrumpitur.
3351 3001 3484 3072 Eme

1883 3088 2076 3163 interea
2103 3092 2197 3163 qui
2228 3093 2348 3151 vult
2372 3092 2672 3152 Dominum
2717 3092 2892 3162 Deum
2939 3108 3106 3159 suum
3154 3091 3390 3177 diligere
3417 3106 3485 3163 βξ

1881 3188 2019 3246 toto,
2049 3187 2386 3252 exsequatur
2409 3192 2598 3256 partes
2621 3181 2796 3252 plenas
2812 3181 3144 3254 dilectionis,
3168 3187 3227 3249 et
3253 3179 3487 3252 impleat

1882 3286 1948 3324 ex
1976 3276 2114 3332 toto.
2139 3277 2203 3327 ut
2228 3287 2340 3329 non
2363 3271 2542 3331 solum
2562 3271 2862 3346 Dominum
2886 3271 3062 3335 Deum
3081 3275 3262 3336 totum
3285 3275 3483 3341 estate

1885 3360 2100 3428 diligat,
2133 3376 2323 3418 verum
2357 3359 2528 3421 etiam
2561 3359 2672 3420 tria
2711 3359 2827 3423 illa.
2873 3375 2938 3423 ex
2981 3358 3184 3430 quibus.
3228 3358 3485 3430 diligitui:

1885 3449 2034 3504 Deus
2067 3465 2132 3505 ex
2168 3454 2287 3506 toto
2329 3447 2610 3511 exhibeat.
2658 3448 2714 3510 id
2765 3453 2852 3512 est
2878 3464 2945 3512 ex
2991 3453 3112 3514 tota
3147 3448 3314 3516 corda
3354 3464 3478 3519 ἐμοι

1884 3538 2029 3608 apud
2061 3552 2123 3591 se
2151 3538 2328 3595 Deum
2360 3543 2545 3596 totum
2573 3537 2629 3593 in
2653 3537 2818 3594 corde
2849 3553 2913 3598 ac
2957 3538 3003 3598 si
3031 3538 3362 3606 thesaurum
3388 3553 3481 3606 re:

1884 3627 2106 3690 condat,
2140 3626 2198 3683 in
2221 3625 2713 3695 omnioperatioue
2733 3631 2790 3686 et
2809 3625 3145 3694 cogitatione
3171 3641 3303 3693 sua;
3335 3630 3394 3694 et
3415 3641 3482 3695 ex,

1882 3721 2002 3770 tota
2029 3715 2218 3772 anima
2247 3730 2367 3780 sua,
2416 3714 2496 3774 ita
2543 3719 2606 3773 ut
2636 3721 2865 3784 paratus
2893 3713 2968 3776 sit
3005 3730 3214 3784 ponere
3250 3730 3374 3784 eam
3421 3713 3482 3781 in

1882 3810 2083 3869 morte,
2116 3821 2216 3874 pro
2257 3819 2322 3860 eo
2367 3803 2465 3872 qui
2513 3802 2772 3864 universa
2817 3803 3043 3867 creavit.
3083 3818 3153 3868 ηρ
3194 3802 3310 3869 ulla
3350 3817 3480 3872 P8???

1881 3893 2083 3949 anima:
2111 3892 2408 3951 divellatur
2434 3891 2504 3950 ab
2535 3907 2622 3970 eo,
2655 3892 2750 3962 qui
2783 3891 2936 3956 illam
2968 3891 3158 3958 dedit;
3189 3895 3247 3957 et
3275 3906 3341 3957 ex
3358 3895 3480 3958 tota

1883 3990 2087 4043 mente,
2109 3989 2173 4035 ut
2189 3981 2329 4040 nihil
2350 3981 2502 4039 aliud
2515 3980 2802 4042 intellectu
2818 3985 3010 4057 nostro
3029 3985 3480 4050 meammeam

1881 4070 2196 4141 intelligere
2227 4077 2283 4128 et
2311 4069 2557 4139 cogitare
2577 4069 2646 4128 de
2671 4070 2807 4129 Deo.
2836 4069 2936 4130 His
2954 4068 3336 4140 tribusiteque.
3355 4084 3482 4146 Par:

1880 4161 2049 4221 tibus,
2077 4167 2230 4216 totus
2258 4165 2315 4216 et
2344 4159 2566 4232 integer
2591 4164 2849 4218 constare
2878 4158 3084 4220 dicitur
3112 4158 3314 4226 homo;
3363 4174 3477 4224 non

1881 4249 2027 4321 quod
2059 4249 2258 4315 tribus,
2278 4253 2343 4306 ut
2372 4248 2599 4318 quidam
2632 4248 2845 4318 volunt.
2863 4246 3190 4311 substantiis
3221 4246 3295 4311 sit
3322 4263 3478 4327 coni-

1879 4345 2077 4416 pactus
2105 4339 2290 4401 homo,
2325 4338 2423 4394 sed
2453 4336 2689 4400 duabus,
2724 4337 2780 4397 id
2804 4343 2888 4397 est
2919 4337 3109 4417 anima
3135 4343 3193 4400 et
3219 4353 3476 4408 corpore.

195 4426 356 4486 citur,
378 4427 479 4480 sed
507 4443 620 4486 non
649 4427 853 4491 simile,
874 4433 938 4481 ut
966 4434 1024 4481 et
1045 4445 1313 4498 magnum
1329 4429 1549 4482 dicatur
1586 4435 1641 4490 et
1673 4432 1794 4500 priu-
1816 4428 1855 4481 D
1877 4425 2032 4482 Licet
2065 4427 2367 4499 Apostolus
2397 4427 2582 4485 dicat:
2620 4427 2682 4485 Ut
2710 4429 2922 4492 integer
2944 4429 3178 4494 spiritu:
3201 4429 3372 4488 υεξδσν
3403 4426 3478 4494 (ll

193 4532 364 4569 mum.
387 4515 470 4570 De
487 4532 598 4586 quo
619 4516 920 4585 Apostolus
940 4515 1022 4570 ait
1046 4535 1055 4569 :
1084 4518 1305 4571 Honora
1323 4529 1536 4585 patrem
1558 4522 1798 4584 tuum,ct

196 4610 430 4660 matrum
467 4605 676 4672 (Ephes.
705 4621 772 4667 v1,
797 4606 869 4670 2),
894 4606 1042 4676 quod
1073 4615 1158 4659 est
1185 4607 1510 4660 mandatum
1544 4607 1794 4678 primum

193 4693 246 4746 in
276 4693 672 4764 promissione,
705 4710 802 4757 seu
835 4694 890 4748 in
922 4695 1063 4764 lege,
1099 4695 1229 4764 quia
1259 4695 1314 4748 in
1344 4695 1586 4750 secunda
1606 4696 1799 4750 tabula

193 4780 330 4851 legis
363 4782 611 4852 primum
647 4782 887 4852 positum
921 4783 1226 4852 legebatur.
1267 4784 1338 4837 Et
1373 4784 1497 4837 ideo
1526 4784 1655 4838 licet
1680 4786 1788 4855 pri-

193 4886 346 4924 mum
373 4870 554 4941 queat
573 4870 700 4935 dici,
737 4887 847 4932 non
877 4871 1068 4925 statim
1093 4878 1150 4926 et
1179 4888 1466 4942 magnum,
1489 4873 1635 4927 sicut
1653 4875 1797 4929 forte

199 4965 253 5012 et
282 4959 439 5024 aliud
460 4975 726 5030 magnum
751 4960 900 5030 quod
920 4976 1031 5014 non
1052 4961 1243 5014 statim
1267 4961 1512 5032 primum
1554 4963 1794 5016 Verum-

194 5053 385 5102 tamen
405 5049 877 5103 considerandum
895 5050 1043 5119 quod
1063 5050 1146 5104 ait
1161 5051 1416 5104 Salvator
1466 5053 1534 5104 In
1554 5052 1641 5104 his
1659 5053 1792 5105 duo-

195 5138 289 5190 bus
309 5140 592 5192 mandatis
605 5144 713 5191 tota
735 5141 820 5191 lca-
831 5141 1024 5206 pendet
1049 5144 1098 5192 et
1117 5139 1623 5207 praplwtasﬂqinde
1643 5141 1791 5210 quod

194 5225 271 5279 ait
290 5226 593 5296 Apostolus
614 5225 684 5279 ad
715 5226 995 5280 Romanos
1018 5229 1184 5295 (Rom.
1222 5241 1340 5292 xm,
1374 5227 1426 5296 9)
1461 5248 1471 5281 :
1513 5230 1635 5282 Non
1664 5245 1793 5292 mir-

195 5315 457 5380 chabqris,
491 5330 604 5368 non
631 5317 850 5379 occides,
882 5331 994 5369 non
1021 5322 1243 5383 furtum
1268 5319 1456 5384 facies,
1479 5323 1536 5370 et
1562 5316 1610 5372 si
1646 5316 1794 5387 quod

195 5409 279 5457 est
307 5402 660 5466 mandatum,
694 5403 751 5457 in
781 5403 889 5458 hoc
933 5404 1099 5459 verbo
1137 5404 1505 5475 instauratur,
1542 5405 1625 5460 vel
1654 5406 1800 5461 sicut

199 5491 292 5546 alii
315 5491 535 5557 codices
549 5491 782 5560 habent,
807 5495 1234 5565 recapitulatur:
1254 5497 1457 5566 [litiges
1472 5499 1798 5565 proximum

1887 4518 2059 4572 Thess.
2116 4531 2197 4581 ιιι,
2249 4515 2423 4580 3-23),
2473 4515 2663 4574 anima
2717 4521 2776 4574 et
2822 4531 3058 4585 corpus:
3109 4513 3240 4584 quia
3284 4513 3478 4580 animo

1879 4612 2181 4674 utrumque
2196 4611 2282 4662 est
2299 4610 2356 4662 et
2377 4605 2568 4662 anima
2586 4603 2900 4677 etspiritus.
2922 4603 3324 4668 Verumtamen
3342 4618 3476 4673 pars

1879 4696 2001 4764 ejus
2031 4711 2143 4764 qua
2170 4693 2482 4751 vivilicatur
2511 4709 2714 4763 corpus.
2743 4693 2934 4753 anima
2963 4692 3309 4763 appellatur;
3341 4691 3476 4755 emi-

1879 4783 2071 4839 nentia
2100 4799 2232 4838 vero
2261 4798 2391 4853 pars
2429 4782 2551 4851 ejus
2593 4798 2702 4852 qua
2733 4780 3100 4859 intelligimus
3145 4787 3203 4844 9t
3248 4779 3475 4848 miiQGi-r

1879 4888 2102 4938 namur,
2133 4887 2292 4929 mons
2321 4870 2550 4946 dicitur.
2590 4870 2765 4931 Porro
2805 4886 2902 4930 cor
2945 4885 3045 4940 pro
3087 4877 3246 4941 parte
3291 4869 3476 4935 carnis

1877 4962 2148 5032 accipitur
2172 4978 2186 5027 ;
2217 4967 2282 5018 ut
2303 4969 2359 5016 et.
2378 4975 2506 5019 caro
2525 4959 2701 5019 Deum
2725 4958 2902 5020 sitire.
2927 4958 3219 5030 Deumque
3239 4958 3475 5028 diligere

1873 5051 2069 5122 possit,
2102 5067 2168 5107 ex
2195 5055 2315 5107 toto
2346 5047 2719 5108 elaboremus.
2753 5052 2944 5125 ίηῳ
2987 5048 3096 5122 Pro
3143 5063 3255 5118 quo
3297 5046 3474 5112 Dﬁ‘dil

1876 5141 1991 5194 Deo
2009 5137 2394 5210 pollicebatur.
2410 5137 2599 5196 Sitio“
2615 5139 2676 5197 in
2704 5140 2956 5198 teanima
2980 5152 3120 5200 mea.
3137 5151 3307 5204 quam
3327 5138 3475 5202 πηνιτ

1879 5231 2141 5297 tipliciter
2174 5229 2275 5284 tibi
2315 5243 2443 5285 caro
2471 5241 2592 5286 mea
2625 5227 2790 5302 ςρεαι.
2826 5238 2956 5291 LXII.
2993 5226 3070 5294 2).
3101 5223 3314 5305 Quibus
3340 5240 3474 5301 pro:

1875 5316 2019 5370 fecto
2049 5315 2322 5386 partibus,
2356 5331 2482 5369 cum
2508 5313 2578 5368 ad
2608 5313 2708 5367 Dei
2736 5313 3091 5380 dilectionem
3120 5319 3274 5382 ιριμε
3305 5313 3474 5384 ὴςφρ

1879 5408 2098 5476 integer
2116 5421 2178 5463 ex
2190 5410 2309 5462 toto
2322 5403 2676 5478 transfertur.
2700 5404 3005 5472 niaximum
3022 5402 3123 5468 Dei
3142 5403 3472 5482 mandatum

1880 5495 2302 5566 complerejure
2320 5493 2568 5568 creditur
2605 5492 2727 5556 Etsi
2754 5492 2988 5574 diligere
3007 5492 3322 5570 proximum

205 5584 369 5634 tuum
388 5584 534 5635 sicut
563 5584 821 5650 teipsum.
850 5581 1134 5653 Quidquid
1161 5583 1336 5654 igitur
1352 5588 1440 5653 est
1470 5584 1620 5656 quqd
1637 5583 1804 5642 inhi:
1879 5599 2057 5654 gnum
2084 5587 2190 5648 est,
2221 5597 2334 5656 non
2361 5586 2554 5645 totum
2579 5581 2828 5658 nussum
2863 5585 3112 5647 misr.
3137 5580 3239 5659 sed
3263 5579 3471 5645 simile.
