3872 6158
420 300 521 359 759
1195 296 1257 359 δέ
1294 302 1671 360 PASCHASII
1709 303 2069 360 RADBERTI
2109 302 2412 359 ABBATIS
2450 303 2943 359 CORBEIENSIS.
3236 374 3243 379 θ
3532 315 3614 370 760

420 424 566 495 Quia
591 434 646 485 et
660 432 948 503 proximus
984 430 1042 485 in
1070 431 1251 485 Deum
1272 428 1542 499 diligitur,
1572 434 1631 482 et
1656 428 1806 483 Deus
1826 429 1883 483 in
1912 428 2076 489 ho-A
2088 430 2293 498 spiritu
2322 434 2472 482 vocat
2497 445 2621 483 eum
2651 429 2973 490 Dominum,
3001 429 3211 482 dicens:
3239 431 3617 493 DiritDominus

336 554 347 565 ι
417 519 594 588 mine,
623 506 783 592 cujus
814 527 899 576 est
917 520 1122 591 imago.
1141 524 1381 573 amatur.
1402 520 1515 572 Nec
1536 517 1818 571 immerito
1838 518 2012 588 igitur
2091 518 2325 571 Domino
2354 535 2488 583 meo,
2516 518 2646 573 Sede
2667 535 2703 572 a
2723 520 2930 572 dextris
2957 520 3103 582 meis,
3135 519 3296 573 donec
3320 537 3501 589 ponam
3524 528 3619 581 ini-

418 608 623 673 simile,
656 611 897 664 maxime
940 614 1171 680 propter
1197 606 1528 677 mysterium
1561 606 1771 660 Christi
1800 606 1896 677 qui
1924 612 2013 662 est
2092 609 2258 659 mices
2289 611 2427 660 tuos.
2466 608 2761 661 scabeltum
2805 607 3007 675 pedum
3042 612 3296 661 tuorum?
3319 609 3458 664 Hanc
3482 612 3623 682 igitur

419 699 708 769 proximus
754 703 962 763 noster,
1006 696 1313 767 suscipiens
1355 711 1580 748 carnem
1634 700 1906 761 nostram,
1956 701 2013 750 et
2092 694 2457 765 qumstionem
2488 696 2678 750 miseri
2716 696 2896 750 Judaei
2936 698 3066 765 quia
3109 696 3361 752 videbant
3386 706 3620 759 contrase

417 786 599 842 factus
631 792 734 851 est,
770 787 916 840 sicut
943 786 1062 855 ipse
1084 784 1141 837 in
1173 784 1285 837 alia
1312 784 1556 837 ostendit
1575 783 1862 854 parabole,
1889 801 2013 855 pro-
2090 784 2299 845 venire.
2323 785 2575 855 quamvis
2592 784 2797 838 scirent
2825 785 2966 838 forte
2996 801 3060 838 ex
3085 786 3362 856 prophetis
3387 791 3621 857 quomodo

419 874 1031 930 ximusnosterEtideo
1042 874 1285 945 primum
1297 872 1625 926 mandatum
1638 872 2011 927 etmaximum
2094 870 2381 937 Dominus,
2412 873 2499 927 vel
2530 873 2807 943 quomodo
2837 880 2894 928 et
2922 874 3070 928 ﬁlius
3099 880 3247 928 esset
3268 875 3448 943 David,
3471 879 3625 934 nolue-

418 970 506 1019 est
519 964 818 1018 Dominum
834 964 1011 1017 Deum
1025 963 1284 1033 diligere;
1308 961 1614 1016 secundum
1628 967 1816 1016 autem
1829 962 2010 1015 simile
2093 966 2226 1015 runt
2262 968 2454 1016 tamen
2482 962 2822 1033 respondere
2851 963 2924 1029 ei,
2971 962 3070 1017 sed
3115 967 3419 1020 tacuerunt.
3445 966 3623 1037 Negare

416 1069 521 1124 per
542 1053 751 1118 omnia,
776 1052 980 1106 Filium
998 1052 1097 1106 Dei
1118 1052 1348 1117 scilicet,
1382 1052 1514 1122 quia
1529 1051 1800 1105 Mediator
1824 1051 1923 1105 Dei
1953 1056 2011 1105 et
2091 1050 2265 1120 igitur
2292 1067 2402 1104 non
2431 1056 2692 1121 poterant
2719 1051 2866 1122 quod
2906 1051 3080 1105 David
3106 1052 3238 1106 olim
3268 1053 3321 1107 in
3344 1053 3553 1109 Psalmis
3571 1057 3626 1112 de

415 1140 709 1195 hominum
720 1142 899 1195 factus
915 1147 1018 1206 est,
1035 1140 1296 1194 similiter
1313 1156 1378 1193 ex
1390 1145 1508 1193 toto
1528 1145 1585 1192 et
1600 1139 1719 1192 sine
1744 1155 2010 1193 mensura
2092 1138 2211 1209 ipso
2232 1139 2680 1210 prophetaverat,
2713 1156 2895 1210 neque
2916 1139 3304 1212 subterfugere
3323 1143 3473 1198 aliter
3488 1161 3625 1214 quam

416 1228 669 1300 diligere,
697 1242 1051 1300 cogndscere,
1084 1234 1141 1282 et
1182 1228 1455 1282 venerari.
1490 1227 1701 1281 Deinde
1728 1227 2010 1298 proximos
2092 1227 2334 1294 silendo;
2368 1228 2571 1282 idcirco
2597 1229 2743 1283 male
2766 1229 2824 1283 in
2854 1246 2915 1283 se
2937 1230 3153 1295 confisi,
3173 1248 3237 1285 ac
3256 1232 3302 1285 si
3330 1232 3423 1297 rei,
3445 1238 3621 1291 tacent.

411 1318 470 1373 in
486 1318 608 1390 ipso
628 1319 851 1374 Christo
868 1320 1018 1381 Iesu,
1037 1335 1162 1371 cum
1187 1316 2011 1387 mensura,sicutnosmetipsos
2093 1317 2203 1371 Sed
2230 1323 2286 1371 et
2313 1318 2585 1372 Dominus
2621 1318 2803 1384 Jesus,
2844 1334 2957 1372 non
3001 1319 3260 1373 eamdem
3295 1320 3373 1374 eis
3398 1323 3627 1392 exposuit,

419 1422 611 1461 amare
628 1407 950 1476 etdiligere,
969 1411 1035 1459 ut
1053 1406 1298 1460 unumin
1320 1404 1579 1459 omnibus
1608 1422 1706 1476 per
1722 1404 2009 1458 Christum
2091 1422 2274 1475 neque
2311 1407 2537 1460 modum
2569 1407 2893 1477 quaestionis
2922 1406 3180 1468 absolvit,
3214 1408 3309 1461 sed
3334 1408 3479 1463 nobis
3506 1411 3632 1464 Chri-

412 1496 763 1566 compleatur
781 1496 1131 1549 mandatum.
1156 1494 1439 1566 Alioquin,
1462 1494 1608 1548 sicut
1634 1494 1714 1548 ait
1727 1495 2002 1548 Joannes:
2089 1494 2289 1548 stianis
2314 1512 2413 1566 per
2439 1495 2695 1562 Paulum,
2727 1495 2784 1549 in
2815 1512 2925 1566 quo
2957 1495 3293 1567 loquebatur
3319 1497 3450 1569 ipse.
3471 1498 3633 1567 plenis.

415 1586 525 1651 Qui
552 1585 689 1638 dicit
703 1601 756 1638 se
776 1585 948 1638 Deum
970 1586 1219 1651 diligere,
1239 1589 1287 1637 et
1304 1585 1541 1651 fratrem
1560 1600 1726 1636 suum
1748 1599 1859 1637 non
1879 1584 2008 1637 dili-
2088 1584 2229 1638 sime
2260 1584 2546 1638 reseravit.
2582 1584 2727 1639 Dicit
2754 1585 2907 1639 enim
2931 1586 3167 1656 loquens
3196 1586 3266 1640 ad
3284 1586 3628 1641 Timotheum:

413 1674 517 1740 git,
548 1673 789 1726 mendam
817 1677 892 1726 est
923 1674 971 1737 (I
990 1674 1156 1726 Joan.
1184 1686 1257 1736 1v,
1290 1670 1399 1741 20).
1432 1671 1535 1725 Et:
1570 1670 1759 1725 Omnis
1791 1674 1888 1740 qui
1916 1672 2006 1723 ἀί-
2088 1675 2295 1728 Memor
2325 1678 2430 1727 esto
2458 1674 2740 1730 Christum
2770 1676 2954 1728 Jesum
2982 1678 3347 1729 resurremisse
3368 1692 3401 1730 α
3435 1680 3630 1730 nim-tuis

415 1763 543 1828 ligit
567 1763 945 1828 iniquitatem,
977 1762 1090 1814 odit
1136 1762 1393 1814 animam
1427 1775 1589 1813 suam
1627 1760 1789 1827 (Psal.
1837 1776 1892 1824 x,
1928 1759 2001 1815 5).
2025 1745 2865 1817 BemsemineDavidsecundum
2881 1765 3632 1833 carnem.ju:ctaEvangelium

414 1849 574 1904 Unde
601 1848 1004 1903 elaborandum
1036 1865 1164 1902 cum
1194 1849 1295 1903 Dei
1317 1848 1521 1919 gratia,
1554 1848 1685 1919 quia
1715 1847 1897 1901 simile
1926 1848 2008 1902 di-
2088 1868 2273 1905 meum
2300 1853 2347 1922 (Ι
2376 1854 2514 1906 Tim.
2547 1866 2605 1916 ιι,
2639 1851 2717 1919 6).
2745 1852 2884 1906 Ecce
2914 1850 3196 1923 quomodo
3233 1853 3476 1908 Christus
3514 1854 3633 1908 ﬁlius

411 1938 559 1993 citur
596 1937 924 1992 mandatum
973 1937 1030 1991 in
1080 1937 1377 1991 dilectione
1421 1937 1679 2008 proximi,
1719 1942 1784 1991 ut
1811 1938 2002 1991 eodem
2089 1946 2175 1995 est
2212 1941 2407 2005 David,
2444 1940 2653 1995 scilicet
2682 1942 2988 1995 secundum
3019 1958 3268 2007 carnem,
3317 1942 3440 2013 quia
3479 1943 3537 1997 de
3569 1959 3634 1997 se-

411 2027 579 2101 modo
608 2027 895 2098 proximus
922 2032 1147 2081 ametur
1173 2042 1243 2079 ex
1271 2031 1391 2080 toto
1418 2025 1603 2091 corde,
1635 2026 1798 2081 sicuti
1827 2025 2005 2080 amari
2089 2029 2239 2083 mine
2265 2029 2449 2083 carnis
2474 2030 2597 2098 ejus
2624 2034 2792 2084 natus
2817 2035 2919 2084 est.
2944 2030 3240 2095 Quomodo
3265 2039 3444 2086 autem
3470 2031 3633 2086 sitDe

408 2114 750 2187 precipitur.
783 2115 919 2180 Quis
948 2115 1098 2169 enim
1144 2131 1255 2169 non
1290 2120 1411 2169 toto
1441 2114 1632 2182 corde,
1663 2121 1721 2169 et
1747 2132 1859 2169 non
1887 2120 2009 2169 tota
2088 2118 2274 2172 minus
2301 2118 2509 2172 David?
2536 2119 2719 2189 ipsum
2747 2120 3079 2190 Apostolum
3106 2119 3519 2191 interrogemus,
3547 2121 3635 2174 imo

410 2205 619 2273 anima,
660 2210 718 2259 et
755 2222 867 2260 non
895 2210 1014 2259 tota
1042 2210 1229 2259 mente
1271 2221 1332 2258 se
1369 2205 1547 2258 amari
1575 2209 1846 2275 optasset,
1878 2221 2007 2258 cum
2090 2206 2373 2261 Christum
2400 2207 2495 2276 qui
2522 2223 2624 2277 per
2649 2206 2833 2278 ipsum
2861 2206 3223 2278 loquebatur.
3247 2208 3387 2264 Dicit
3413 2209 3545 2263 enim
3575 2208 3637 2263 ita

408 2294 574 2348 dicit:
598 2294 755 2349 Sicut
788 2297 1056 2363 teipsum?
1083 2293 1179 2347 sed
1211 2294 1360 2348 inter
1387 2294 1566 2348 Deum
1598 2299 1655 2346 et
1692 2295 2006 2364 proximum
2088 2295 2158 2348 de
2184 2295 2302 2365 ipso
2333 2310 2345 2344 :
2374 2298 2481 2363 Qui
2508 2311 2635 2349 eum
2664 2299 2727 2349 in
2749 2296 2935 2362 forma
2959 2296 3058 2351 Dei
3084 2303 3240 2364 esset,
3273 2314 3382 2352 non
3419 2300 3638 2365 rapinam

409 2382 569 2454 quasi
600 2382 856 2453 quaedam
883 2383 1145 2437 discretio
1173 2383 1419 2453 ponitur.
1454 2399 1520 2436 eo
1564 2398 1634 2436 ne
1667 2382 1791 2453 quis
1818 2383 2004 2453 proxi-
2086 2386 2397 2437 arbitratus
2440 2389 2515 2438 est
2562 2401 2668 2438 esse
2707 2401 2760 2438 se
2806 2387 3071 2453 aqualem
3115 2388 3227 2442 Deo
3273 2386 3480 2456 (Philip.
3508 2384 3637 2450 11,6).

408 2487 568 2525 mum
589 2487 756 2541 quem
775 2471 1007 2541 diligere
1027 2476 1296 2541 tanquam
1319 2470 1564 2541 seipsum
1576 2470 1826 2539 jubetur,
1845 2471 2004 2541 quasi
2087 2472 2362 2536 Quoniam
2392 2489 2505 2526 non
2535 2490 2637 2543 per
2664 2473 2920 2544 rapinam
2963 2475 3201 2546 aequalis
3240 2487 3361 2531 erat
3386 2476 3490 2531 Deo
3517 2474 3639 2529 Patri

407 2560 588 2615 Deum
620 2560 856 2614 adorare
881 2560 1029 2625 velit,
1083 2576 1247 2630 quem
1287 2560 1410 2630 plus
1450 2576 1620 2630 quam
1650 2559 1913 2630 seipsum,
1949 2565 2007 2613 et
2086 2562 2146 2615 in
2173 2561 2354 2615 forma
2374 2561 2496 2628 Dei,
2547 2563 2642 2616 sed
2673 2579 2774 2633 per
2802 2569 3062 2618 naturam
3094 2565 3449 2636 sempiterna
3476 2562 3640 2618 nativi-

409 2665 580 2719 quam
606 2665 830 2703 omnem
862 2649 1147 2703 hominem
1173 2649 1406 2719 diligere
1435 2654 1675 2719 oportet.
1702 2649 2006 2719 Propterea
2086 2650 2238 2715 tatis,
2281 2650 2337 2703 in
2368 2667 2480 2720 qua
2507 2667 2740 2705 manens
2768 2652 2918 2707 Deus
2942 2654 3177 2724 genitus
3201 2672 3235 2709 a
3265 2655 3443 2709 Patre.
3475 2656 3643 2709 Secun-

410 2755 536 2792 cum
569 2738 648 2792 ait
675 2756 687 2791 :
714 2739 1029 2793 Secundum
1058 2741 1244 2792 simile
1268 2743 1342 2792 est
1370 2739 1521 2792 huic.
1554 2754 1619 2791 ac
1646 2738 2004 2791 dilectionem
2087 2739 2220 2792 dum
2246 2755 2413 2808 quam
2426 2738 2665 2793 formam
2686 2756 2822 2811 rogo
2843 2741 2975 2811 quia
3004 2743 3290 2798 nascendo
3319 2742 3643 2798 Deusexstitit

409 2827 618 2882 Christi
650 2826 946 2881 referenda
971 2833 1059 2881 est
1085 2826 1202 2880 hac
1228 2825 1562 2892 similitudo;
1594 2832 1659 2880 ut
1686 2826 1832 2879 sicut
1858 2827 2006 2879 Deus
2088 2844 2123 2880 a
2149 2828 2334 2892 Patre,
2360 2843 2629 2897 cognosce
2655 2828 2842 2899 ipsum
2855 2831 3233 2903 eumdemque
3264 2833 3542 2887 Dominum
3561 2832 3643 2885 Da-

405 2916 595 2980 Pater,
611 2914 1588 2980 itaetDeusChristusPatrisFilius,
1611 2914 2007 2984 quiestnoster
2088 2916 2209 2972 vid.
2253 2916 2321 2969 Et
2360 2915 2407 2969 si
2437 2917 2763 2986 cognoveris
2792 2934 2921 2972 eum
2972 2935 3101 2974 vere
3146 2920 3442 2975 Dominum
3477 2917 3637 2981 David,

406 3004 715 3076 proximus,
746 3002 1041 3073 diligatur.
1084 3003 1152 3056 Et
1194 3001 1330 3072 quia
1357 3002 1601 3073 reliquos
1640 3019 1753 3056 non
1784 3008 2006 3073 oportet
2032 3020 2383 3076 "cognosces
2428 3005 2623 3075 utique
2663 3006 2845 3060 Deum
2879 3012 3076 3072 930
3113 3018 3177 3062 et
3219 3009 3505 3064 Dominum
3546 3024 3642 3062 esse

405 3092 956 3162 diligereproximos,
979 3091 1037 3145 in
1058 3090 1180 3161 ipsa
1199 3090 1508 3161 eademque
1539 3091 2006 3147 dilectionemen-
2028 3063 2340 3148 Comnium
2380 3102 2788 3161 creaturarum,
2832 3096 3003 3150 etiam
3045 3102 3105 3151 et
3141 3099 3502 3165 angelorum;
3538 3096 3644 3168 quia

409 3197 542 3235 sura
566 3179 817 3251 ponitur,
856 3182 999 3234 sicut
1037 3183 1288 3248 teipsum.
1341 3180 1647 3250 Propterea
1697 3180 2005 3235 secundum
2088 3183 2316 3254 aequalis
2336 3188 2423 3236 est
2444 3184 2558 3237 Deo
2574 3184 2728 3237 Patri
2744 3186 2893 3240 Deus
2906 3186 2963 3239 in
2980 3185 3165 3241 forma
3187 3188 3305 3243 Dei.
3315 3188 3444 3243 Ecce
3459 3186 3586 3241 unde
3598 3185 3646 3237 ﬁ-

412 3267 598 3323 simile
624 3272 711 3322 est
737 3267 930 3339 priori,
960 3273 1025 3322 ut
1052 3268 1323 3338 diligatur
1361 3269 1638 3334 Christus,
1662 3270 1821 3323 nulla
1849 3270 2007 3324 adhi-
2087 3273 2194 3326 lius
2208 3271 2404 3337 David,
2441 3280 2499 3326 et
2515 3289 2639 3327 ecce
2650 3290 2716 3327 ex
2737 3290 2848 3344 quo
2864 3274 3135 3330 Dominus
3149 3277 3346 3331 David.
3369 3277 3507 3346 Ergo
3525 3274 3647 3329 ﬁlius

407 3356 611 3411 beatur
638 3373 923 3422 mensura,
946 3358 1044 3411 sed
1065 3374 1130 3411 ex
1145 3362 1263 3411 toto
1287 3357 1470 3421 corde,
1494 3364 1553 3413 et
1571 3375 1636 3412 ex
1655 3364 1777 3413 tota
1791 3359 2000 3426 anima,
2087 3361 2262 3415 David
2286 3360 2419 3431 quia
2438 3366 2787 3431 semetipsum
2801 3367 3112 3419 exinanivit
3126 3367 3360 3432 forman
3377 3366 3510 3420 servi
3532 3365 3649 3418 acci-

412 3450 472 3500 et
498 3462 565 3499 ex
592 3450 713 3500 tota
741 3450 950 3499 mente.
981 3446 1049 3499 Et
1076 3451 1142 3500 ut
1164 3446 1281 3501 hzec
1301 3446 1525 3501 dilectio
1545 3447 1629 3501 vel
1659 3447 1902 3502 charitas
1920 3465 2006 3502 or—
2083 3453 2338 3518 piens,in
2349 3453 2784 3506 similitudinem
2805 3453 3096 3506 hominum
3107 3455 3312 3521 factus,
3337 3459 3385 3508 et
3399 3455 3571 3508 habitu
3582 3455 3649 3503 in-

410 3534 607 3589 dinata
633 3534 724 3601 sit,
762 3536 964 3602 Diliges
980 3537 1299 3603 proximum
1324 3541 1485 3589 tuum
1505 3539 1647 3590 sicut
1670 3541 1921 3604 teipsum.
1939 3537 2008 3591 Et
2088 3545 2278 3593 ventus
2289 3545 2349 3593 ut
2362 3541 3245 3611 homo.Humiliavitsemetipsum
3258 3545 3431 3612 factus
3442 3542 3650 3596 obediens

408 3623 536 3678 ideo
564 3623 697 3694 quia
723 3623 782 3678 in
813 3623 902 3677 his
929 3623 1146 3678 duobus
1167 3624 1467 3690 mandatis,
1497 3626 1643 3679 sicut
1670 3625 1882 3679 dictum
1899 3630 2003 3690 est,
2089 3630 2340 3696 usquead
2352 3635 2603 3696 mortem,
2627 3635 2858 3684 mortem
2874 3636 3060 3684 autem
3071 3636 3275 3687 erucis.
3300 3635 3514 3701 Propter
3526 3628 3647 3698 quod

410 3717 531 3767 tota
549 3714 636 3767 lex
657 3713 865 3784 pendet
881 3719 938 3767 et
960 3713 1265 3785 prophetae,
1280 3714 1480 3768 melius
1492 3714 1563 3768 ad
1574 3715 1858 3770 Christum
1878 3714 2009 3785 quia
2089 3722 2137 3770 et
2159 3719 2297 3770 Deus
2318 3720 2485 3772 illum
2497 3721 2790 3784 exultavit,
2807 3720 3093 3773 etdonavit
3112 3722 3213 3776 illi
3228 3737 3423 3776 nomen
3442 3719 3569 3789 quod
3591 3719 3650 3770 est

410 3818 540 3857 vere
591 3802 878 3874 proximus
930 3810 1123 3858 noster
1179 3809 1301 3869 est,
1360 3803 1602 3858 refertur
1656 3804 1761 3858 hoc
1816 3820 2011 3858 secun—
2091 3820 2263 3872 supra
2281 3822 2440 3861 omne
2462 3812 2765 3873 nomen,ut
2788 3811 2851 3861 in
2874 3812 3095 3862 nomine
3113 3809 3508 3864 Dominiomne
3531 3821 3649 3874 genu

410 3890 545 3945 dum
602 3890 785 3946 simile
842 3892 1220 3959 mandatum;
1264 3892 1424 3964 .quia
1477 3893 1564 3946 lex
1614 3898 1672 3947 et
1723 3893 2007 3964 propheta
2088 3896 2342 3963 ﬂectatur
2361 3899 3065 3962 ccelestium,terrestrium,
3098 3903 3149 3952 el
3169 3895 3652 3965 infernorumlPhi-

410 3992 607 4034 omnes
663 3979 870 4035 Christi
924 3980 1341 4052 praisignabant
1398 3982 1697 4036 adventum
1726 4022 1741 4046 ,
1815 3988 1872 4035 et
1935 3981 2008 4035 ad
2092 3985 2189 4050 lip.
2211 3998 2266 4049 ιι,
2284 3980 2422 4052 7,8).
2440 3983 2908 4055 Exinanivitergo
2930 3986 3165 4049 se,sicut
3183 3987 3395 4043 dictum
3411 3992 3504 4040 est.
3521 3981 3651 4048 Quod

408 4070 608 4132 9%9
629 4082 755 4120 eum
789 4068 1109 4138 pendebant
1133 4068 1325 4122 omnia
1353 4069 1493 4139 legis
1520 4069 1823 4140 enigmata
1854 4074 1911 4123 et
1938 4070 2006 4123 ﬁ-
2092 4070 2138 4123 si
2160 4071 2362 4141 quaeris
2401 4074 2682 4142 quomodo
2706 4091 2832 4129 vere
2853 4076 3125 4130 sumendo
3145 4093 3375 4131 carnem
3396 4093 3458 4130 ex
3471 4072 3651 4128 semine

412 4170 587 4224 guree.
626 4155 691 4208 Et
715 4156 987 4210 adventus
1016 4158 1140 4226 ejus
1186 4174 1287 4228 per
1330 4159 1780 4229 supplementum
1814 4176 2009 4213 eorum
2090 4160 2286 4223 David,
2310 4162 2392 4215 ita
2411 4167 2475 4216 ut
2505 4162 2751 4216 Verbum
2781 4179 2911 4217 caro
2940 4165 3118 4227 ﬁeret,
3154 4182 3222 4220 ac
3252 4182 3354 4237 per
3381 4166 3478 4219 hoc
3502 4163 3651 4216 factus

412 4243 972 4312 cognoscendiDeum
991 4244 1417 4315 intelligentiam
1442 4248 2010 4319 praestavitAlioquin
2093 4255 2179 4303 est
2206 4251 2353 4320 quod
2383 4268 2494 4305 non
2528 4258 2671 4305 erat.
2701 4252 2847 4322 Ergo
2878 4253 3150 4307 Dominus
3196 4256 3290 4325 qui
3336 4258 3451 4308 erat
3482 4248 3650 4311 David.

410 4329 460 4384 si
490 4345 648 4400 aeque
689 4331 1079 4400 accipiendum
1128 4338 1215 4386 est
1257 4334 1326 4386 de
1373 4334 1669 4389 dilectione
1718 4337 1924 4391 Christi
1955 4338 2269 4412 etnfactus
2308 4345 2394 4394 est
2443 4339 2591 4393 ﬁlius
2634 4340 2809 4411 ipsius
2849 4342 3043 4395 David.
3098 4343 3171 4398 Et
3210 4342 3337 4397 ideo
3383 4342 3439 4395 in
3473 4338 3652 4412 Spiritu

412 4417 671 4490 proximi,
712 4419 993 4489 quomodo
1024 4427 1242 4491 patrem
1273 4426 1330 4475 et
1364 4427 1625 4483 matrem.
1671 4431 2011 4497 caeterasque
2030 4417 2075 4445 υ
2094 4434 2284 4482 sancto
2309 4429 2438 4498 jure
2460 4437 2687 4484 vocatus
2717 4437 2804 4484 est
2822 4432 2944 4500 ejus
2966 4431 3375 4503 Dominus,qui
3402 4431 3565 4484 factus
3583 4429 3652 4480 est

412 4507 737 4563 affectiones
780 4508 964 4562 carnis
1003 4509 1104 4563 Dei
1146 4509 1407 4564 charitati
1446 4528 1769 4582 praeponere
1800 4514 2013 4570 inhibe-
2094 4516 2340 4583 etﬁlius;
2366 4535 2477 4571 non
2499 4519 2645 4573 alter
2664 4518 2861 4587 Filius,
2878 4520 3398 4588 etalterDominus;
3422 4519 3513 4574 sed
3531 4530 3651 4571 unus

415 4613 546 4651 mur
579 4597 639 4651 in
683 4598 791 4652 hoc
839 4598 961 4669 ipso
991 4598 1299 4669 eodemque
1322 4598 1669 4670 Evangelio?
1719 4602 2009 4666 Quomodo
2090 4605 2351 4675 idemque
2380 4606 2635 4661 Christus
2664 4607 2832 4661 simul
2860 4608 3130 4662 Dominus
3155 4615 3215 4663 et
3241 4609 3432 4663 Filius.
3456 4600 3649 4670 Quodsi

412 4685 635 4739 dilectio
684 4687 923 4757 proximi
966 4687 1151 4741 simile
1198 4689 1526 4744 mandatum
1575 4696 1661 4745 est
1695 4690 2009 4747 dilectionis
2092 4694 2220 4747 caeci
2248 4694 2426 4749 Judaei
2455 4695 2599 4749 forte
2624 4695 2734 4749 ista
2763 4696 3092 4761 nescientes,
3118 4698 3254 4769 quia
3280 4696 3520 4753 sciebant
3543 4707 3650 4747 eum

410 4774 534 4840 Dei,
565 4779 630 4828 ut
650 4774 722 4828 sit
751 4775 961 4847 aliquid
989 4777 1137 4848 quod
1181 4793 1370 4833 amore
1412 4779 1511 4834 Dei
1549 4780 1727 4851 possit
1753 4782 2006 4852 aequari?
2088 4783 2158 4837 de
2182 4784 2395 4838 semine
2420 4784 2596 4839 David
2627 4785 2857 4840 omnino
2884 4792 3205 4855 venturum,
3249 4787 3546 4843 debuerant
3580 4781 3651 4850 ip-

412 4862 624 4917 Idcirco
655 4863 835 4933 magis
877 4865 1184 4921 similitudo
1216 4868 1497 4947 praecepti,
1539 4885 1730 4940 parem
1760 4869 2005 4924 charita-
2089 4889 2213 4926 sum
2259 4873 2630 4944 interrogare,
2663 4891 2830 4945 quem
2860 4877 2987 4930 ﬁcte
3025 4877 3363 4947 magistrum
3392 4872 3650 4932 vocabant.

408 4956 526 5006 tem
555 4951 825 5022 diligendi
852 4960 1070 5025 patrem
1103 4962 1160 5011 et
1187 4957 1390 5025 filium,
1408 4943 1601 5030 'atque
1626 4959 2005 5029 cognitionem
2085 4962 2329 5015 maxime
2357 4943 2492 5032 quia
2529 4943 2705 5033 ipsius
2733 4964 2910 5018 David
2943 4943 3353 5029 testiinonium,
3387 4965 3445 5019 in
3468 4958 3653 5033 Spiritu

411 5041 655 5095 similem
684 5058 749 5096 ex
767 5043 891 5114 lege
919 5051 975 5098 et
998 5046 1285 5116 prophetis
1314 5047 1501 5117 exigit,
1527 5048 1586 5102 in
1606 5064 1717 5118 quo
1739 5049 2004 5103 mandato
2089 5055 2281 5104 sancto
2312 5052 2660 5121 praedictum,
2685 5052 3038 5109 adhibuerat.
3071 5054 3177 5108 Sed
3197 5054 3457 5109 nolebant
3480 5044 3648 5104 miseri

409 5130 660 5201 pendent
690 5132 906 5190 omnia.
944 5134 1104 5188 Unde
1130 5142 1195 5189 ut
1238 5136 1379 5206 legis
1410 5137 1587 5207 ipsius
1615 5143 1672 5191 et
1700 5138 2008 5209 prophetiae
2089 5139 2294 5193 rescire
2318 5146 2547 5211 propter
2564 5142 2879 5196 vecordiam
2899 5160 3202 5211 suam,nec
3227 5143 3504 5214 requirere
3523 5133 3651 5207 quod

413 5219 577 5289 argui
599 5221 816 5291 possint
843 5222 1047 5287 verbis,
1078 5228 1135 5277 et
1173 5224 1243 5277 de
1267 5225 1520 5295 proximo
1551 5227 1901 5282 manifestior
1928 5227 2010 5281 in-
2090 5245 2298 5299 negare
2327 5245 2438 5283 non
2460 5235 2739 5300 poterant,
2773 5236 2830 5285 et
2864 5239 3056 5287 tamen
3081 5232 3455 5287 contradicere
3477 5224 3652 5298 gestit?

404 5308 720 5378 telligentia
748 5312 1110 5381 panderetur,
2090 5316 2245 5371 bant.
2263 5318 2423 5382 Quod
2438 5318 2482 5371 si
2506 5319 2710 5373 vellent
2725 5321 2917 5390 procul
2930 5320 3099 5376 dubio
3113 5320 3339 5376 credere
3367 5320 3421 5372 in
3440 5313 3653 5388 prophe-

478 5398 832 5466 G'ongregatis
868 5401 1181 5471 Pharisaeis,
1211 5406 1516 5471 interrogat
1536 5406 1717 5459 dicens
1737 5408 1875 5475 quid
1893 5410 2008 5461 illis
2089 5406 2162 5460 tis
2192 5407 2287 5460 ubi
2310 5408 2581 5478 legerant,
2613 5409 2761 5479 quod
2792 5410 2940 5464 ﬁlius
2968 5410 3142 5465 David
3173 5409 3426 5464 Christus
3453 5405 3652 5459 futurus

408 5485 1272 5561 videretur,0hristuscuiusnam
1294 5495 1443 5560 ﬁlius
1463 5495 1693 5561 futurus
1713 5501 1878 5550 esset?
1900 5498 2006 5562 Qui
2089 5502 2210 5550 erat
2248 5496 2497 5551 invenire
2522 5503 2785 5569 poterant
2807 5500 2955 5570 quod
2978 5500 3096 5571 ipse
3122 5505 3268 5555 esset
3300 5498 3394 5569 qui
3417 5490 3651 5565 loqueba-

405 5574 604 5629 dicunt
626 5577 696 5643 ei,
709 5577 905 5633 David.
921 5579 990 5635 Et
1008 5583 1093 5636 ait
1112 5583 1231 5636 illis
1254 5600 1271 5635 :
1295 5582 1567 5650 Quomodo
1584 5599 1711 5650 ergo
1746 5585 1921 5638 David
1940 5587 2006 5638 in
2088 5589 2204 5652 tur,
2223 5591 2281 5640 et
2304 5585 2437 5656 quia
2471 5586 2593 5657 ipse
2620 5587 2893 5659 Dominus
2922 5589 3100 5653 David
3125 5593 3290 5644 esset.
3321 5587 3462 5641 Nam
3482 5580 3567 5637 ubi
3586 5579 3649 5632 le-
