3872 6158
436 325 545 416 70s

1212 360 1270 415 s.
1309 332 1689 414 assensu
1725 334 2090 410 mam
2124 351 2433 410 ABBATIB
2468 352 2960 411 oonsmssrs.

3556 360 3639 418 ’704

437 470 839 565 universorum
862 482 1209 557 subjectione
1258 481 1436 549 virtus
1482 478 1802 555 declaratur
1854 478 2099 541 mani-A
2123 482 2225 551 put
2254 479 2377 550 ejus
2402 477 2724 561 pertingere
2788 477 3033 535 necdum
3078 485 3203 537 erat
3247 480 3452 547 idonea,
3476 489 3533 540 ut
3562 498 3652 541 un-

438 573 602 630 festa.
625 576 702 631 At
736 592 866 630 vero
897 574 1043 657 quod
1100 573 1253 636 dicit,
1308 573 1475 637 donec
1507 584 1607 640 pro
1643 585 1853 640 semper
1908 569 2047 623 acci-

442 663 710 737 piendum
739 670 825 719 est
853 670 908 718 et
936 678 1037 737 pro
1057 661 1295 716 infinito.
1319 660 1443 713 Non
1473 660 1531 712 et
1558 664 1692 714 tunc
1718 658 1940 713 desinat
1963 675 2047 712 se-

404 753 578 817 ,dere
606 753 663 823 in
689 754 889 827 gloria,
924 767 1049 805 cum
1085 748 1251 820 positi
1310 747 1523 802 fuerint
1550 747 1760 803 inimici
1792 749 1913 816 ejus
1941 746 2043 802 sub

440 840 678 913 pedibus
707 843 845 910 ejus.
881 838 978 892 sed
1025 836 1369 907 sempiterna
1419 835 1593 889 sessio
1645 835 1695 889 ei
1726 835 1962 890 offertur
1988 842 2046 890 et

441 929 642 999 gloria,
676 943 843 999 quam
876 941 1098 996 semper
1124 925 1272 991 idem
1321 923 1519 979 habuit
1547 940 1675 979 cum
1702 925 1888 979 Patre.
1915 925 2045 979 Haec

442 1016 649 1088 quippe
677 1032 807 1091 pars
846 1012 952 1068 hoc
980 1013 1099 1068 loco
1129 1011 1209 1067 sic
1265 1029 1367 1084 pro
1410 1012 1633 1067 inﬁnito
1662 1018 1766 1079 est,
1808 1013 1951 1067 sicut
1986 1017 2045 1067 et

445 1102 581 1161 alibi
603 1103 715 1157 ait:
748 1102 935 1157 Donec
964 1101 1270 1156 senescatis
1299 1117 1422 1171 ego.
1450 1117 1515 1155 ac
1568 1100 1614 1155 si
1662 1100 1884 1155 dicatur
1913 1120 1925 1154 :
1959 1102 2042 1155 Tu

442 1208 665 1263 semper
688 1190 926 1257 sedebis,
951 1190 1084 1263 quia
1106 1190 1315 1257 inimici
1362 1189 1465 1244 tibi
1508 1189 1611 1244 sub
1639 1189 1872 1261 pedibus
1901 1206 2045 1245 sem-

445 1296 547 1351 per
565 1279 798 1351 subjecti
832 1286 1017 1337 erunt.
1040 1282 1286 1345 Noverat
1321 1281 1470 1335 enim
1503 1280 1777 1343 Christus,
1804 1281 1934 1352 quia
1982 1282 2045 1335 fl-

441 1362 580 1422 lium
612 1368 786 1433 David
807 1370 1062 1424 futurum
1095 1368 1421 1433 credebant,
1444 1373 1502 1423 et
1538 1369 1643 1423 hoc
1663 1385 1862 1441 capere
1881 1388 2044 1442 posse

445 1454 863 1535 scripturarum
919 1457 1272 1523 auctoritate,
1299 1456 1445 1527 quod
1497 1473 1565 1511 ex
1620 1458 1834 1513 semine
1864 1456 2045 1514 David

442 1541 563 1616 ipse
594 1550 778 1613 esset;
810 1545 1016 1600 idcirco
1071 1561 1267 1600 rursus
1293 1540 1388 1600 eos
1437 1545 1771 1617 interrogat,
1803 1554 1867 1601 ut
1913 1565 2040 1602 eum

443 1633 763 1705 intelligant
786 1634 902 1699 Deo
959 1633 1113 1687 Patri
1166 1634 1523 1705 coaequalem,
1556 1640 1613 1689 et
1641 1636 1737 1705 qui
1762 1650 1826 1689 ex
1871 1636 2044 1690 David

445 1727 602 1776 ortus
623 1728 747 1776 erat
775 1722 1007 1779 semine.
1039 1728 1259 1776 aeternae
1291 1723 1513 1777 virtutis
1564 1729 1621 1778 et
1646 1724 1959 1795 potestatis,
1990 1731 2047 1779 et

2124 568 2397 638 guentum
2428 568 2880 641 superfunderet.
2903 569 3116 634 Quibus
3157 570 3237 625 ita
3274 572 3342 625 de
3365 573 3559 627 Psalmo
3582 574 3654 628 ia-

2126 657 2428 727 terrogatis
2460 676 2472 711 :
2506 659 2674 713 Nemo
2708 663 2922 727 poterat
2945 661 2997 713 ei
3019 661 3331 730 respondere
3348 663 3562 727 verbum,
3585 679 3659 716 ne-

2127 764 2231 817 que
2258 763 2429 801 ausus
2456 748 2571 815 fuit
2597 749 2891 815 quisquam
2928 763 2995 801 ea:
3036 750 3140 801 illa
3169 750 3255 801 die
3285 751 3439 802 illum
3458 753 3657 817 amplius

2124 840 2487 903 interrogare.
2514 834 2657 899 Quid
2691 840 2855 911 putas
2903 835 2952 889 si
3003 819 3229 889 omnem
3270 843 3467 891 textum
3491 837 3657 891 Psahni

2124 929 2460 995 cogerentur
2488 939 2782 994 exponere,
2831 923 2925 993 qui
2981 923 3422 978 manifestissime
3458 926 3659 979 totusde

2125 1012 2347 1067 Christo
2376 1014 2579 1066 sonare
2604 1011 2826 1065 videtur
2845 1011 2871 1064 ’t
2920 1011 3099 1065 Credo
3150 1012 3296 1082 quod
3338 1011 3563 1066 omnium
3583 1027 3660 1065 ora

2124 1101 2444 1157 Judazorum
2470 1116 2539 1154 ex
2568 1100 2673 1154 hoc
2700 1116 2815 1155 uno
2842 1100 3184 1155 clauduntur
3210 1100 3440 1162 Psalmo,
3456 1100 3498 1153 si
3530 1099 3661 1154 fuerit

2126 1190 2367 1267 diligens
2392 1190 2752 1265 perquisitor,
2787 1189 2884 1260 qui
2903 1189 3079 1260 possit
3111 1206 3180 1243 ex
3200 1189 3289 1243 his
3307 1205 3485 1243 eorum
3500 1189 3663 1242 διώκ-

2123 1278 2218 1349 gia
2244 1283 2437 1350 aperte
2464 1277 2812 1332 concludere.
2916 1270 2921 1281 ’

2201 1366 2356 1432 (CAP.
2384 1366 2611 1434 XXIII).
2649 1368 2803 1420 Tunc
2828 1368 2985 1421 Iesus
3040 1369 3254 1421 locutus
3297 1371 3371 1419 est
3401 1366 3468 1419 ad
3492 1367 3661 1428 turbas.

2128 1446 2274 1509 etad
2298 1456 2595 1523 discipulos
2637 1471 2781 1509 suos.
2808 1455 2872 1509 Id
2927 1460 3030 1519 est,
3074 1456 3237 1509 finita
3262 1453 3660 1524 interrogatione,

2129 1560 2255 1598 cum
2266 1545 2385 1614 jam
2409 1559 2575 1597 nemo
2595 1559 2721 1597 eum
2744 1544 2978 1599 auderet
3008 1544 3374 1615 interrogare,
3389 1543 3578 1598 locutus
3600 1546 3666 1596 est

2128 1632 2299 1686 libere
2312 1633 2381 1687 ad
2408 1632 2605 1687 turbas
2625 1637 2683 1685 et
2699 1632 2770 1686 ad
2792 1632 3097 1703 discipulos
3146 1649 3296 1687 suos.
3321 1632 3465 1686 Hanc
3490 1645 3668 1702 quoque

2128 1721 2544 1777 distinctionem
2563 1722 2861 1776 Mattheus
2890 1722 3041 1781 facit.
3074 1728 3143 1776 ut
3173 1720 3506 1794 privilegium
3530 1722 3672 1773 senet

448 1810 680 1882 originis
709 1810 1105 1877 substantiam,
1141 1811 1199 1865 in
1231 1827 1291 1865 se
1309 1812 1678 1883 corporaliter
1704 1814 2043 1879 continebat,
2064 1799 2524 1881 Bapostolorum,
2541 1810 2625 1864 vel
2646 1826 2839 1864 eorum
2862 1809 2957 1880 qui
2979 1796 3200 1864 ﬁdelius
3213 1806 3669 1864 adbembantChﬁ-

447 1905 747 1971 propterea
767 1899 943 1965 Deum
972 1901 1029 1954 in
1050 1900 1276 1955 homine
1296 1899 1633 1955 declarabat.
1648 1901 2049 1957 Verumtamen

445 2000 517 2042 ne
547 1987 751 2059 aliquis
769 2004 896 2055 cum
941 1988 1148 2043 Iudaeis
1207 1989 1350 2042 hanc
1377 1990 1720 2063 corporalem
1772 1990 2053 2060 intelligat

447 2075 776 2144 sessionem,
808 2078 1120 2148 perpendat
1149 2076 1296 2149 quod
1345 2081 1402 2131 et
1444 2078 1616 2131 Pater
1661 2078 1733 2132 ad
1762 2078 2049 2133 dexteram

449 2161 578 2220 Filii
610 2182 731 2221 esse
757 2165 995 2231 dicatur,
1020 2168 1168 2237 quod
1198 2167 1255 2220 in
1278 2166 1643 2237 sequentibus
1676 2167 2000 2234 manifestat
2031 2186 2047 2220 :

446 2256 717 2309 Dominus
730 2270 765 2308 a
785 2256 1140 2319 dextri'stuis,
1154 2257 1424 2323 confregit
1442 2258 1501 2309 in
1526 2257 1613 2309 die
1626 2259 1727 2309 ira:
1743 2272 1855 2309 sua:
1880 2272 2047 2325 reges.

446 2342 516 2396 Et
545 2340 670 2407 ideo
701 2357 814 2396 non
869 2348 956 2397 est
1000 2359 1225 2397 necesse
1256 2344 1598 2415 corporalem
1628 2344 1931 2399 sessionem
1961 2344 2050 2399 in-

445 2430 744 2485 troducere
773 2432 831 2485 in
857 2431 944 2486 his
956 2448 1077 2503 quae
1107 2433 1477 2503 spiritualiter
1496 2438 1630 2487 sunt
1648 2433 2045 2504 intelligenda;

446 2518 579 2588 quia
607 2518 753 2574 sicut
780 2518 956 2574 Filius
986 2527 1071 2575 est
1106 2522 1166 2575 in
1196 2521 1426 2576 dextera
1454 2522 1656 2589 Patris,
1690 2522 1770 2577 ita
1799 2529 1856 2577 et
1884 2523 2054 2578 Pater

444 2608 503 2685 in
534 2606 765 2662 dextera
792 2606 941 2662 Filii.
975 2609 1265 2673 Quomodo
1294 2627 1426 2681 ergo
1461 2611 1673 2665 inimici
1700 2618 1983 2683 ponantur
2019 2629 2053 2665 a

442 2696 614 2750 Patre
638 2694 940 2750 scabellum
974 2697 1076 2752 sub
1104 2698 1337 2770 pedibus
1358 2699 1682 2764 Salvatoris,
1715 2717 1825 2754 non
1850 2700 1948 2754 abs
1994 2717 2053 2755 re

448 2785 743 2856 quaeritur,
767 2787 864 2842 ubi
924 2788 1103 2859 magis
1158 2788 1475 2859 benignitas
1527 2789 1629 2843 Dei
1698 2789 2050 2863 praedicatur,

447 2889 616 2944 quam
646 2875 838 2946 aliqua
886 2874 1200 2946 indignatio
1252 2877 1476 2930 furoris.
1510 2876 1671 2931 Pium
1718 2893 1963 2947 namque
1997 2884 2054 2932 et

446 2961 607 3016 valde
633 2963 878 3033 optabile
917 2963 1207 3031 subditum
1266 2980 1389 3017 esse
1437 2962 1570 3018 Deo.
1615 2963 1919 3033 Propterea
1942 2981 2055 3019 non

452 3050 846 3104 aestimandum
876 3066 1094 3107 censeo.
1134 3049 1396 3105 similiter
1424 3051 1603 3105 Deum
1634 3067 1841 3121 ponere
1870 3052 2056 3106 inimi-

2132 1904 2237 1962 sto,
2264 1899 2529 1969 quoniam
2555 1900 2815 1953 meliores
2843 1904 3007 1953 erant
3034 1916 3152 1970 prm
3175 1896 3386 1953 ceteris
3411 1894 3581 1955 turbis,
3605 1891 3670 1945 di-

2132 1987 2329 2059 scipuli
2356 1988 2677 2051 Salvatoris,
2702 1987 2797 2059 qui
2814 1989 2933 2058 jam
2950 2004 3080 2042 eum
3102 1988 3323 2059 plenius
3340 2001 3435 2058 per
3452 1984 3592 2038 ﬁdem
3609 1995 3670 2034 se-

2133 2076 2469 2148 quebantur.
2496 2077 2566 2131 Et
2590 2076 2718 2131 ideo
2747 2077 3002 2147 quamvis
3030 2076 3237 2148 sapius
3259 2064 3362 2130 soli
3379 2072 3667 2131 enudiantur,

2131 2174 2321 2223 tamen
2350 2167 2793 2237 quotiescunque
2840 2182 2967 2220 cum
3012 2166 3203 2221 turbis
3237 2164 3479 2228 audiunt,
3521 2157 3670 2215 distin-

2129 2248 2385 2327 guuntur
2408 2255 2479 2309 ab
2507 2255 2608 2320 eis,
2657 2261 2721 2309 ut
2774 2271 2968 2309 eorum
3016 2254 3267 2325 dignitas
3290 2248 3665 2307 commendetur.

2131 2347 2275 2400 Nam
2297 2352 2353 2399 et
2374 2362 2546 2416 supra
2566 2343 2862 2399 Mattheus
2881 2360 3007 2398 cum
3031 2343 3304 2397 dixisset:
3336 2337 3668 2408 Loquenqu

2131 2436 2206 2489 ad
2237 2435 2445 2499 turbas,
2480 2447 2537 2489 et
2585 2434 2817 2488 dixisset
2867 2431 3070 2502 aliquis
3098 2450 3118 2486 :
3145 2433 3277 2486 Ecce
3327 2434 3493 2482 mater
3539 2431 3614 2479 tua
3634 2427 3671 2475 et

2134 2526 2337 2592 fratres
2367 2525 2453 2576 tui
2470 2525 2609 2591 foris
2638 2528 2809 2583 stant,
2837 2526 3155 2592 qumrentes
3183 2526 3244 2574 te
3259 2518 3453 2597 videre,
3466 2530 3574 2569 mox
3587 2525 3668 2565 non

2135 2612 2205 2666 ad
2231 2610 2445 2675 turbas,
2469 2612 2567 2665 sed
2615 2611 2684 2664 ad
2740 2608 3041 2681 discipulos
3081 2625 3235 2675 suos,
3264 2605 3496 2662 extendit
3517 2616 3671 2656 manus

2136 2716 2267 2754 suas
2291 2700 2371 2753 ita
2400 2699 2593 2754 dicens
2619 2718 2632 2753 :
2664 2700 2793 2754 Ecce
2812 2684 2991 2752 mater
3010 2714 3134 2752 mea
3165 2702 3219 2753 et
3242 2695 3566 2766 fratresmei.
3596 2704 3671 2743 seu

2135 2794 2337 2842 caetera
2386 2793 2581 2855 935
2611 2788 2701 2842 Sic
2732 2786 2999 2849 invenies,
3050 2786 3253 2853 lector,
3313 2789 3369 2839 et
3402 2783 3456 2836 in
3492 2774 3672 2849 reliquis

2135 2877 2291 2941 locis,
2309 2883 2372 2931 ut
2392 2861 2615 2948 semper
2643 2881 2899 2930 servetur
2909 2875 3097 2929 honor
3113 2873 3519 2946 discipulorum.
3554 2862 3670 2921 Nihil

2136 2965 2281 3019 enim
2307 2965 2486 3020 Lucas
2515 2965 2814 3019 dissentire
2842 2965 3065 3018 videtur
3091 2964 3153 3019 in
3189 2964 3294 3018 hoc
3318 2963 3447 3019 loco,
3469 2972 3576 3012 cum
3598 2953 3672 3014 ait.

2137 3053 2283 3124 quod
2312 3054 2370 3107 in
2399 3053 2569 3107 domo
2592 3052 2881 3122 cujusdam
2929 3052 3208 3107 Pharisaei
3246 3052 3360 3106 hac
3384 3041 3677 3122 preposuerit

452 3152 546 3190 cos
576 3137 781 3207 Christi
811 3137 1116 3193 scabellum
1147 3138 1353 3210 pedum
1405 3140 1547 3209 ejus,
1578 3140 2052 3209 quemadmodum
2070 3153 2114 3215 ο
2135 3140 2425 3206 Dominus,
2440 3141 2573 3211 quia
2592 3141 2887 3195 Matthazus
2906 3140 3086 3195 locum
3100 3139 3433 3210 specialiter,
3459 3132 3677 3206 quodid!

443 3230 735 3295 ponuntur
782 3225 993 3281 inimici
1036 3225 1138 3282 sub
1169 3227 1406 3298 pedibus
1452 3245 1650 3299 regum
1696 3234 2050 3285 terrenorum

448 3313 943 3369 exterminantium
967 3332 1078 3370 eos.
1095 3315 1240 3381 Quia
1268 3315 1348 3370 illi
1370 3315 1490 3371 sine
1506 3316 1891 3373 misericordia
1919 3336 2049 3390 pro-

448 3400 601 3472 prios
631 3401 894 3473 afﬂigunt
918 3402 1671 3466 inimicos,Dominusautem
1703 3423 1815 3461 non
1835 3407 1902 3462 ad
1929 3426 2054 3480 per-

444 3484 736 3553 ditionem,
776 3490 874 3544 sed
908 3492 977 3545 ad
1007 3492 1244 3546 salutem
1269 3492 1623 3548 inimicorum
1653 3495 1859 3551 Christi
1892 3499 2052 3568 ponit

447 3578 542 3629 eus
572 3575 873 3632 scabellum
900 3578 1106 3649 pedum
1138 3580 1280 3651 ejus,
1315 3588 1379 3636 ut
1407 3582 1519 3636 sint
1539 3582 1748 3637 subditi
1776 3585 2049 3640 Salvatori

447 3680 549 3718 suo
573 3679 637 3719 ac
667 3665 956 3721 liberatori
994 3668 1448 3724 clementissimo.
1481 3671 1760 3749 Scriptum
1808 3690 2053 3745 namque

441 3753 502 3807 in
559 3752 1087 3811 Lamentationibus
1152 3758 1408 3813 Jeremiae
1456 3760 1711 3830 legimus,
1771 3763 2054 3832 quomodo

443 3844 631 3915 934
658 3844 1079 3900 contenebravit
1097 3846 1370 3901 Dominus
1398 3846 1453 3901 in
1473 3848 1554 3902 ira
1577 3865 1678 3903 sua
1698 3849 1870 3904 tiliam
1895 3850 2047 3917 Sion,

450 3926 657 4003 dejecit
684 3935 753 3988 de
782 3932 921 3988 ccelo
953 3933 1010 3988 in
1039 3940 1248 3989 terram
1275 3935 1513 4006 gloriam
1560 3937 1733 3991 Israel
1760 3956 1772 4004 ;
1804 3955 1917 3992 non
1947 3940 2054 3993 fuit

443 4038 662 4075 memor
680 4022 982 4078 scabellum
1009 4023 1209 4094 pedum
1244 4040 1492 4079 suorum.
1518 4025 1597 4080 De
1631 4042 1741 4097 quo
1768 4026 1825 4081 in
1853 4028 2049 4083 eodem

445 4124 613 4179 opere
643 4110 790 4180 quod
818 4110 876 4164 in
910 4112 1120 4166 eisdem
1174 4114 1697 4169 Lamentationibus
1748 4116 2048 4187 edidimus.

439 4199 557 4266 jam
590 4196 851 4275 diximus,
876 4200 1021 4269 quod
1051 4207 1185 4255 tunc
1207 4219 1498 4257 occurrere
1528 4204 1730 4274 potuit,
1783 4210 1838 4259 et
1867 4205 2054 4261 adhuc

447 4283 685 4337 dicimus
717 4287 847 4355 quia
877 4287 1178 4343 scabellum
1212 4290 1415 4360 pedum
1450 4290 1548 4345 Dei
1597 4309 1739 4350 esse.
1772 4293 2053 4348 immensa

443 4366 626 4442 gloria
643 4376 758 4425 est:
793 4371 925 4443 quia
954 4373 1070 4427 filia
1090 4374 1225 4429 Sion
1252 4375 1476 4446 quando
1508 4378 1814 4433 scabellum
1846 4382 2049 4453 pedum

2132 3235 2267 3283 sunt
2293 3229 2427 3291 hac,
2448 3246 2560 3283 non
2591 3229 2874 3300 exprimit,
2919 3229 3015 3284 sed
3046 3245 3111 3282 ex
3140 3245 3260 3300 quo
3278 3226 3423 3282 venit
3444 3241 3475 3278 a
3495 3219 3678 3277 Galil!!!

2131 3318 2189 3372 in
2228 3318 2559 3381 Jerusalem,
2591 3319 2761 3372 etiam
2823 3323 2879 3371 et
2933 3310 3251 3388 superiora,
3286 3330 3455 3386 usque
3488 3310 3548 3365 ad
3586 3322 3678 3361 ser-

2134 3421 2329 3460 mones
2350 3406 2486 3460 istos
2517 3407 2709 3461 omnia
2725 3413 2885 3477 gesta
2912 3422 3012 3460 seu
3045 3406 3221 3467 dicta,
3263 3405 3338 3459 ibi
3369 3406 3490 3474 jure
3511 3398 3590 3454 ubi
3613 3394 3677 3448 vel

2132 3492 2229 3547 ubi
2258 3494 2631 3565 accipiuntur.
2665 3495 2775 3549 Sed
2806 3495 2908 3547 hos
2922 3510 3217 3549 sermones
3237 3494 3353 3564 jam
3374 3506 3477 3546 non
3493 3486 3553 3542 ad
3569 3485 3678 3542 Plia-

2133 3581 2323 3635 ﬁsmos
2348 3576 2353 3581 ’
2375 3582 2643 3653 loquitur,
2671 3583 2765 3636 sed
2810 3588 2868 3636 et
2895 3583 2964 3636 ad
2998 3582 3199 3637 turbas
3252 3588 3311 3636 et
3335 3581 3402 3635 ad
3430 3572 3676 3645 discipulos

2136 3670 2269 3739 quia
2298 3670 2513 3740 indigni
2543 3676 2730 3737 erant;
2762 3686 2866 3725 nec
2895 3676 3084 3724 tamen
3114 3671 3343 3742 penitus
3362 3674 3564 3740 propter
3585 3675 3673 3723 eos,

2135 3773 2331 3811 sanam
2362 3774 2555 3813 eorum
2588 3759 2901 3813 doctrinam
2933 3760 3051 3814 vult
3073 3760 3444 3824 contemni,et
3467 3755 3574 3809 ideo
3588 3749 3674 3804 ait:

2133 3845 2319 3915 Super
2343 3848 2661 3901 cathedram
2692 3849 2867 3915 Moysi
2910 3853 3173 3901 suerunt
3227 3847 3424 3902 Scriba
3448 3849 3495 3896 et
3518 3838 3675 3895 Phari-

2133 3936 2229 3986 sm'
2257 3952 2274 3986 :
2305 3937 2499 3987 omnia
2523 3950 2857 4003 quaecunque
2884 3936 3136 3990 dixerint
3169 3938 3315 3990 vobis
3345 3935 3531 3989 servate
3551 3932 3592 3983 st
3614 3925 3678 3992 fo-

2134 4026 2255 4086 cite,
2277 4038 2396 4090 qua:
2415 4028 2602 4076 autem
2632 4025 2852 4090 faciunt
2870 4025 3052 4091 facere
3072 4028 3265 4079 notite.
3290 4024 3393 4077 Per
3409 4016 3676 4074 cathedram

2134 4124 2380 4181 namque
2403 4110 2525 4181 ipsa
2549 4111 2636 4164 lex
2655 4111 2831 4181 Moysi
2860 4118 2919 4165 et
2948 4112 3208 4166 doctrina
3236 4105 3571 4179 intelligenda
3591 4104 3671 4162 est,

2134 4215 2306 4269 super
2334 4215 2501 4269 quam
2534 4199 2614 4253 illi
2644 4199 2931 4266 sederunt,
2964 4200 3060 4270 qui
3092 4207 3195 4255 aut
3222 4217 3343 4255 eam
3381 4203 3517 4252 recte
3538 4193 3676 4246 intor-

2139 4288 2350 4358 pretari
2372 4304 2432 4341 se
2455 4287 2861 4358 gloriabantur,
2896 4296 2996 4342 aut
3049 4289 3146 4358 qui
3188 4305 3358 4361 supra
3406 4279 3671 4343 ascendere.

2128 4377 2290 4446 juxta
2316 4377 2651 4430 traditiones
2678 4393 2813 4430 suas
2840 4393 2900 4431 se
2931 4377 3376 4448 proﬁtebantur;
3414 4380 3467 4428 et
3494 4368 3605 4442 quia
3631 4364 3671 4416 in

444 4456 547 4515 Dei
574 4466 715 4528 erat,
768 4460 826 4515 in
866 4460 1004 4515 caelo
1050 4470 1174 4517 erat
1219 4463 1483 4537 gloriosa.
1523 4464 1825 4536 Postquam
1858 4476 2044 4524 autem
2064 4464 2112 4523 D
2132 4465 2386 4535 proximo
2407 4466 2741 4519 removenda
2757 4473 2897 4527 erat.
2912 4481 2983 4519 ne
3007 4466 3079 4519 ad
3110 4466 3355 4526 litteram
3376 4462 3668 4533 sequeretur,

444 4548 663 4618 dejecta
693 4550 798 4609 est.
823 4555 888 4604 ut
914 4565 1024 4603 non
1057 4550 1132 4604 sit
1162 4550 1462 4606 scabellum
1486 4554 1688 4625 pedum
1719 4557 1859 4626 ejus,
1883 4557 2051 4613 desiit

445 4652 570 4690 esse
591 4636 650 4690 in
675 4636 833 4691 ccelo.
897 4637 1253 4710 Quapropter
1304 4640 1531 4696 attende
1562 4642 1862 4714 diligenter
1899 4630 2048 4718 quod

444 4720 527 4776 ait
553 4737 565 4771 :
594 4721 810 4792 Dejecit
832 4724 901 4777 de
926 4725 1062 4778 coelo
1089 4725 1331 4795 gloriam
1384 4727 1576 4788 Israel.
1613 4736 1669 4783 et
1696 4731 1803 4785 fuit
1830 4731 2046 4787 scabel-

444 4810 562 4864 lum
584 4810 787 4881 pedum
821 4827 1070 4879 suorum,
1099 4815 1322 4885 quando
1352 4817 1576 4887 repulit,
1610 4823 1667 4872 et
1715 4817 1922 4891 dejecit
1950 4838 2045 4875 eos

447 4898 508 4952 in
539 4902 769 4966 terram,
799 4907 863 4954 ut
883 4916 995 4977 non
1024 4903 1081 4957 in
1104 4904 1371 4970 caelo,sed
1411 4905 1469 4960 in
1505 4915 1658 4983 terra
1685 4908 2041 4977 scribantur;

444 4987 576 5041 licet
603 4993 660 5041 et
681 4994 836 5043 terra
863 4989 1165 5061 aliquando
1197 4992 1254 5047 in
1296 4994 1518 5049 laudem
1561 5003 1819 5066 ponatur,
1862 5002 1925 5050 ut
1962 5004 2048 5052 est

447 5076 587 5131 illud
619 5093 632 5130 :
667 5077 870 5133 Gratum
891 5081 1038 5133 mihi
1063 5082 1207 5135 sedes
1236 5086 1328 5148 est,
1366 5088 1515 5138 terra
1542 5089 1727 5139 autem
1749 5086 2045 5139 scabellum

443 5166 646 5233 pedum
664 5180 913 5220 meorum
932 5169 1065 5236 (Isa.
1121 5182 1261 5234 vai,
1293 5168 1362 5236 l),
1394 5187 1505 5225 non
1526 5171 1916 5243 ignominiam,
1949 5174 2047 5227 sed

447 5250 684 5320 gloriam
707 5257 872 5310 terrae
890 5254 1078 5308 volens
1090 5256 1531 5329 ostendere,un
1548 5260 1619 5313 de
1641 5262 1755 5314 Deo
1778 5260 2045 5331 aliquam,

451 5340 539 5393 vel
576 5341 851 5397 modicam
882 5342 1146 5413 intelligit
1174 5350 1413 5415 partem.
1451 5348 1583 5402 Ideo
1640 5355 1697 5402 et
1724 5348 1926 5404 mulier
1951 5351 2047 5405 illa

450 5428 838 5500 penitentiam
867 5445 1039 5501 agens
1068 5431 1139 5489 ad
1174 5432 1345 5503 pedes
1385 5434 1628 5490 deﬂebat
1655 5435 2047 5508 benignissiini

448 5516 601 5584 Jesu,
636 5518 768 5588 quia
796 5520 1072 5591 peccatrix
1101 5526 1242 5575 erat.
1276 5521 1535 5594 Optabile
1574 5525 1801 5596 quidem
1831 5526 1880 5580 ei
1926 5532 2050 5581 erat

451 5618 613 5661 secus
641 5597 814 5680 pedes
852 5608 1079 5666 Domini
1118 5600 1406 5669 sedererac
1441 5611 1669 5681 deﬂere,
1702 5614 1837 5685 quia
1863 5615 1935 5670 ad
1962 5631 2050 5670 ca-

2132 4553 2353 4607 videtur
2376 4553 2601 4613 dixisse.
2635 4554 2905 4608 sederunt
2935 4572 2945 4606 :
2979 4570 3045 4608 ac
3097 4554 3144 4611 si
3199 4555 3420 4615 diceret,
3445 4560 3597 4617 usque
3617 4538 3670 4593 Od

2129 4658 2393 4713 praesens,
2428 4647 2485 4697 et
2495 4659 2606 4696 non
2635 4642 2910 4697 sedebunt
2927 4649 3028 4701 aut
3045 4643 3261 4698 sedent.
3289 4646 3505 4696 Servare
3521 4638 3671 4687 autem

2123 4729 2286 4800 jubet
2305 4736 2362 4787 et
2380 4729 2563 4784 facere
2580 4747 2706 4801 quae
2718 4731 2858 4801 legis
2876 4739 3024 4793 sunt,
3051 4733 3314 4802 quoniam
3346 4730 3427 4783 lex
3452 4716 3672 4815 ερὶΐίίξιξίε

2127 4825 2231 4872 est.
2260 4818 2330 4872 Et
2354 4818 2479 4873 ideo
2508 4820 2755 4890 praetulit
2773 4819 3012 4889 gloriam
3058 4819 3197 4889 legis
3246 4818 3315 4872 de
3354 4831 3411 4870 se
3435 4812 3666 4868 testam“.

2128 4923 2251 4977 quae
2267 4906 2572 4978 imaginem
2603 4908 2805 4963 futurae
2835 4908 3084 4962 veritatis
3113 4909 3451 4978 expresserat
3473 4900 3524 4965 in
3543 4895 3669 4959 8890‘

2128 4996 2597 5066 praemonstrabat
2624 4997 2683 5050 in
2712 4996 2827 5051 suis
2879 4997 3120 5050 decretis
3164 5004 3395 5065 utraque
3421 4986 3665 5061 ΡωυθΡιιν

2128 5083 2338 5138 scilicet
2368 5085 2596 5155 agendae
2634 5086 2758 5139 vitm
2805 5091 2863 5138 et
2915 5084 3326 5155 signiﬁcandis;
3374 5080 3428 5132 in
3455 5068 3667 5143 omniin“

2129 5176 2319 5225 tamen
2341 5171 2563 5225 Christo
2590 5171 2845 5243 parebat,
2873 5177 2927 5225 et
2967 5173 3098 5242 ejus‘
3118 5167 3478 5235 meditabatur
3500 5158 3665 5214 adven-

2129 5264 2275 5314 tum.
2294 5260 2578 5331 Quidquid
2598 5261 2749 5314 enim
2773 5261 2832 5314 in
2862 5277 2930 5315 ea
2951 5258 3285 5322 continetur,
3317 5255 3383 5324 ad
3401 5248 3664 5324 prolatum

2127 5348 2551 5408 manifestandaa
2580 5349 2935 5420 cogitationis
2956 5348 3160 5403 Christi
3189 5346 3416 5402 multum
3457 5336 3598 5397 valet,
3620 5331 3665 5382 εί

2127 5437 2254 5491 ideo
2270 5437 2435 5508 jubet
2457 5439 2752 5509 praeceptis
2782 5454 2977 5493 eorum
3007 5433 3394 5508 obtemperari.
3423 5426 3509 5500 qui
3525 5430 3661 5490 ‘11P“

2129 5526 2451 5582 cathedram
2475 5527 2652 5598 Moysi
2682 5528 2897 5592 sedent,
2924 5533 2990 5582 ut
3013 5528 3376 5596 doceantque
3399 5515 3523 5588 logia

2131 5615 2329 5687 Nequa
2355 5616 2405 5670 si
2433 5616 2506 5671 de
2523 5595 2627 5671 suo
2649 5616 2847 5680 vitiose
2872 5615 3087 5687 aliquid
3131 5595 3423 5673 docuerint,
3449 5603 3591 5670 i308“
3610 5595 3661 5649 πί
