3872 6158
230 360 347 419 765

985 361 1367 420 mosmo
1406 358 1487 421 IN
1522 362 1969 423 MA'I'I‘I'UEUM.
2002 396 2069 410 —
2106 362 2245 421 LIB.
2285 362 2353 433 x,
2397 364 2555 421 CAP.
2597 349 2803 423 XXIII.

3405 371 3515 428 766

226 480 534 549 obodiatur
570 488 670 563 eis,
722 487 821 547 sed
874 489 1006 565 quia
1051 482 1251 549 sedent
1296 506 1465 565 super
1515 492 1896 552 cathedramA
1923 496 1980 546 et
2008 491 2198 546 omnia
2227 502 2263 545 a
2309 489 2474 545 bonis
2514 492 2572 545 et
2619 488 2875 547 discretis
2908 489 3047 546 viris
3074 491 3516 549 misericorditer

223 576 434 648 Moysi,
461 576 627 649 jubet
655 578 887 650 mystice
924 580 982 633 in
1009 578 1271 633 omnibus
1302 578 1526 635 obedire
1557 583 1837 637 mandatis

226 665 400 737 legis,
435 672 492 723 et
515 684 547 721 a
579 665 736 722 factis
779 685 971 722 eorum
1003 674 1171 738 atque
1202 668 1463 739 operibus
1506 669 1786 725 abstinere
1819 690 1834 735 ς

224 761 296 811 ut
320 762 544 811 tantum
576 756 866 813 hominum
890 757 1135 830 pravitas
1161 764 1330 829 atque
1365 758 1667 813 inﬁdelitas
1695 760 1834 814 vite-

222 848 346 903 tur.
365 851 425 899 et
448 845 591 916 legis
610 845 865 899 doctrina
876 852 1148 899 servetur.
1165 845 1420 903 Tradunt
1438 847 1663 919 quidam
1687 848 1836 919 quod

224 932 441 987 Scribae
486 933 766 998 dicantur,
816 933 911 1004 qui
940 950 975 987 a
1003 932 1193 988 littera
1230 934 1369 1005 legis
1406 951 1517 989 non
1545 937 1830 997 recedunt,

223 1027 285 1074 et
317 1021 611 1083 Pharisaei,
636 1022 732 1095 qui
763 1023 947 1094 majus
969 1021 1178 1093 aliquid
1204 1022 1261 1076 in
1285 1022 1405 1094 lege
1435 1041 1494 1078 se
1525 1041 1686 1079 nosse
1710 1043 1835 1096 pro-

223 1111 500 1177 ﬁtentur;
526 1117 584 1165 et
612 1110 736 1164 ideo
758 1111 971 1183 seipsos
993 1111 1152 1182 quasi
1178 1110 1435 1166 meliores
1464 1130 1528 1169 ac
1556 1114 1833 1169 doctiores

223 1215 260 1252 a
279 1192 504 1254 caeteris
533 1200 806 1265 dividunt,
831 1200 979 1254 unde
1000 1208 1055 1253 et
1082 1200 1344 1255 Pharisaei
1373 1208 1659 1267 vocantur,
1685 1203 1832 1275 quod

224 1289 645 1360 interpretatur
666 1290 850 1351 divisi,
885 1289 967 1343 vel
1008 1293 1293 1357 segregati.
1318 1291 1459 1344 Nam
1491 1292 1695 1355 caeteri,
1738 1293 1834 1364 qui

226 1378 413 1448 Moysi
445 1378 629 1448 legem
658 1378 965 1432 secundum
997 1378 1304 1449 spiritalem
1333 1377 1595 1434 virtutem
1625 1380 1833 1436 intelli-

224 1472 375 1537 gunt
404 1474 464 1523 et
493 1474 797 1541 exponunt,
831 1467 1030 1521 sedent
1059 1468 1286 1538 quidem
1316 1485 1485 1541 super
1509 1470 1833 1525 cathedram

1917 586 2051 636 sunt
2073 579 2385 645 tractanda,
2411 597 2482 634 ne
2501 584 2616 647 θεῖ
2636 578 2689 646 α
2713 579 3197 653 reprehendantur
3224 596 3258 636 a
3279 582 3516 637 Domino

1917 688 2045 725 cum
2098 669 2485 740 hujuscemodi
2535 670 2986 741 praeceptoribus,
3022 674 3085 726 ut
3114 672 3359 749 primum
3405 672 3511 743 ipsi

1916 760 2132 827 majora
2158 760 2490 830 compleant,
2518 765 2573 813 et
2597 760 2814 814 minora
2836 776 2948 813 non
2970 759 3254 815 omittant.
3294 761 3510 816 Deinde

1916 849 2223 905 secundum
2242 848 2673 902 aestimationem
2706 847 2904 902 virium
2929 849 3371 920 uniuscujusque
3402 866 3506 904 au-

1916 936 2140 1001 dientis,
2167 937 2389 1007 singula
2402 938 2745 1008 dispensent,
2771 944 2828 991 et
2843 937 3093 1007 alligent,
3118 945 3175 991 et
3193 937 3504 1008 imponant,

1917 1027 2182 1097 quoniam
2208 1026 2377 1080 tritici
2410 1043 2671 1081 mensura
2684 1042 2796 1081 non
2824 1026 3130 1082 secundum
3162 1026 3506 1097 magnitudi-

1917 1132 2043 1169 nem
2076 1124 2481 1187 praaceptorum
2510 1115 2609 1170 Dei
2634 1116 2915 1170 metienda
2935 1120 3037 1181 est,
3070 1115 3165 1170 sed
3198 1117 3505 1170 secundum

1917 1205 2341 1274 possibilitatem
2359 1211 2415 1258 et
2429 1205 2795 1275 capacitatem
2806 1205 3356 1276 uniuscujusque.Ne
3372 1205 3509 1259 dum

1917 1293 2285 1346 immoderate
2298 1294 2642 1364 compellunt
2655 1293 2750 1364 qui
2765 1293 2985 1353 docent.
3001 1300 3058 1347 et
3069 1293 3327 1363 graviora
3343 1292 3511 1348 verba

1916 1399 2085 1453 super
2104 1382 2366 1437 humeros
2382 1381 2698 1453 imponunt,
2722 1398 2889 1452 quam
2904 1381 3050 1436 ferre
3068 1382 3243 1453 possit
3261 1382 3505 1447 auditor,

1916 1471 2114 1525 cadere
2144 1488 2271 1525 eum
2304 1470 2407 1525 sub
2445 1486 2614 1525 onere
2660 1477 2881 1540 cogant.
2931 1475 3127 1524 contra
3164 1471 3511 1525 voluntatem

223 1553 430 1626 Moysi.
488 1562 683 1612 tamen
739 1573 851 1611 non
891 1563 1024 1611 sunt
1067 1556 1271 1611 Scribzc
1314 1563 1370 1611 et
1407 1558 1695 1623 Pharisaei,
1738 1560 1833 1614 sed

222 1646 499 1700 meliores
546 1645 677 1711 illis,
729 1651 785 1700 et
820 1647 963 1700 tales
1012 1646 1204 1719 quales
1249 1647 1476 1700 fuerunt
1531 1648 1835 1719 apostolica
1920 1666 2103 1701 meum
2126 1652 2232 1703 leve
2257 1650 2477 1716 (Matth.
2518 1666 2588 1715 x1,
2618 1646 2727 1717 30).
2763 1648 3065 1719 Sequitur:
3386 1691 3413 1707 ς

221 1737 428 1801 936
445 1751 512 1793 ac
540 1734 743 1806 reliqui
769 1734 1026 1807 discipuli
1054 1735 1281 1793 Christi.
1316 1737 1440 1789 llaec
1472 1736 1644 1790 sessio
1687 1742 1835 1791 recte
1856 1800 1871 1807 Α
1992 1739 2192 1793 Omnia
2215 1754 2376 1807 opera
2402 1754 2502 1791 sua
2520 1740 2758 1805 fam’unt,
2781 1743 2841 1791 ut
2863 1738 3161 1791 videantur
3184 1737 3253 1790 ab
3272 1737 3513 1790 homini-

223 1839 414 1897 usque
438 1823 511 1879 ad
532 1800 846 1894 passionem
877 1800 1099 1878 Domini
1120 1824 1326 1878 dicitur
1354 1824 1653 1889 exstitisse,
1675 1824 1836 1881 dein-
1854 1800 1898 1865 Β
1918 1827 2033 1879 bus.
2068 1800 2303 1881 Constat
2328 1826 2501 1896 igitur
2520 1800 2856 1897 plerumque
2879 1824 3026 1896 quod
3049 1841 3243 1879 omnes
3262 1824 3344 1878 illi
3368 1821 3514 1879 tales

223 1928 357 1982 ceps
404 1929 538 1966 vero
577 1930 746 1983 super
772 1912 1098 1968 cathedram
1140 1912 1415 1979 Ecclesiae,
1449 1932 1574 1985 quae
1613 1922 1698 1969 est
1741 1933 1833 1971 ca—
1917 1922 2067 1981 sunt,
2101 1916 2194 1986 qui
2225 1922 2420 1968 amant
2457 1916 2666 1985 primos
2694 1914 3002 1969 discubitus
3033 1915 3091 1968 in
3137 1913 3419 1978 conviviis,
3455 1914 3511 1968 et

218 2001 435 2059 thedra
464 2002 673 2056 Christi
703 2008 761 2056 et
788 2002 1044 2065 thronus,
1079 2003 1336 2057 catholici
1379 2004 1633 2059 doctores
1662 2022 1833 2075 quam
1916 2006 2280 2058 salutationes
2318 2004 2371 2057 in
2412 2004 2551 2065 foro,
2581 2009 2638 2057 et
2683 2003 2866 2057 vocari
2907 2001 2976 2057 ab
3006 2001 3325 2057 hominibus
3355 2001 3512 2056 Rab-o

220 2090 535 2160 gloriosius
561 2092 776 2155 sedent,
811 2097 868 2145 et
895 2091 1097 2145 docent
1114 2091 1283 2145 verba
1303 2092 1444 2146 vitae.
1475 2093 1544 2146 Et
1570 2094 1664 2165 qui
1694 2093 1832 2148 bene
1914 2094 1991 2159 bi,
2019 2094 2103 2147 vel
2134 2093 2345 2165 aliquid
2376 2095 2486 2147 tale
2517 2093 2663 2165 quod
2685 2093 2815 2146 huic
2843 2091 3024 2146 simile
3055 2092 3328 2146 videatur.
3353 2091 3512 2146 Post-

220 2179 443 2234 sederit
466 2185 568 2237 aut
597 2180 867 2239 docuerit.
893 2185 949 2235 et
981 2197 1092 2234 non
1122 2181 1350 2236 solverit
1376 2198 1461 2246 ea,
1487 2182 1754 2236 honorem
1777 2187 1833 2237 et
1914 2199 2083 2254 quam
2126 2200 2292 2254 supra
2343 2183 2696 2237 sacerdotum
2740 2185 2797 2235 et
2838 2179 3249 2235 Pharisaeorum
3288 2179 3508 2235 insidiis

216 2269 472 2339 gratiam
494 2269 698 2341 accipit
720 2287 819 2343 per
843 2270 1030 2327 illam:
1059 2271 1155 2342 qui
1177 2276 1366 2327 autem
1386 2270 1527 2325 bene
1556 2271 1827 2343 docuerit,
1913 2278 2142 2325 vexatus
2169 2279 2273 2339 est,
2290 2278 2346 2325 et
2373 2272 2430 2325 in
2462 2272 2578 2325 suis
2608 2269 3064 2341 responsionibus
3092 2285 3205 2323 non
3236 2274 3322 2323 est
3351 2268 3510 2323 audi-

219 2364 276 2411 et
312 2358 468 2412 male
500 2359 717 2424 vixerit,
751 2359 821 2412 de
870 2360 1181 2413 sacerdotio
1212 2377 1312 2414 suo
1344 2361 1556 2417 crimen
1587 2360 1831 2433 acquirit
1911 2366 2022 2425 tus.
2050 2363 2179 2431 jure
2208 2360 2481 2414 convertit
2510 2378 2567 2413 se
2597 2359 2667 2413 ad
2699 2358 2938 2429 plebem.
2974 2364 3031 2413 et
3060 2359 3130 2411 ad
3179 2357 3503 2429 discipulos,

218 2446 417 2516 potius
447 2463 617 2519 quam
648 2448 1000 2518 dignitatem,
1037 2448 1169 2520 quia
1223 2447 1453 2519 indigne
1484 2450 1672 2517 sedet;
1731 2451 1828 2504 sed
1912 2466 1975 2502 ac
2004 2449 2193 2503 docuit
2221 2450 2363 2503 tales
2393 2449 2647 2502 doctores
2678 2448 2735 2500 in
2756 2448 2877 2517 lege
2904 2446 3002 2501 Dei
3026 2446 3336 2501 audiendos
3361 2462 3504 2513 esse,

214 2535 493 2606 indignus
513 2536 605 2590 ille
637 2537 733 2607 qui
766 2553 867 2591 nec
893 2535 1035 2591 bene
1055 2537 1234 2601 docet,
1254 2555 1357 2591 nec
1390 2537 1529 2593 bene
1559 2538 1707 2592 vivit.
1740 2539 1829 2593 Di-
1856 2525 1864 2531 ’
1910 2544 1967 2591 et
1994 2554 2103 2591 non
2152 2536 2473 2591 imitandos.
2516 2539 2595 2590 Ac
2622 2535 2823 2590 deinde
2850 2536 2937 2590 his
2964 2534 3146 2589 verbis
3173 2534 3293 2589 vult
3316 2540 3508 2589 osten-

214 2625 416 2697 gnitas
447 2623 723 2695 siquidem
775 2625 1066 2680 doctorum
1095 2625 1314 2681 diversa
1344 2632 1445 2687 est,
1480 2628 1575 2682 sed
1622 2634 1828 2681 natura
1908 2626 2042 2680 dere
2102 2643 2328 2681 causam
2359 2631 2589 2698 propter
2627 2642 2797 2695 quam
2843 2642 2953 2679 non
2985 2629 3249 2696 poterant
3275 2624 3505 2678 credere

220 2730 357 2767 una.
406 2712 679 2767 Sacerdos
707 2711 755 2766 si
800 2713 938 2768 bene
968 2713 1179 2779 vixerit,
1214 2715 1502 2787 proprium
1539 2715 1709 2775 habet
1737 2716 1823 2770 lu-
1910 2715 2010 2779 illi,
2054 2717 2265 2769 scilicet
2313 2716 2444 2785 quia
2489 2715 2678 2767 omnia
2719 2712 2998 2767 faciebant
3038 2713 3108 2767 ob
3149 2728 3351 2766 vanam
3387 2712 3506 2782 glo-

218 2819 422 2867 crum;
457 2801 504 2855 si
536 2801 677 2855 bene
717 2803 988 2859 docuerit.
1020 2802 1209 2875 populi
1246 2810 1332 2857 est
1364 2803 1821 2859 instrumentum.
1908 2804 2073 2867 riam,
2100 2810 2164 2857 ut
2183 2804 2252 2857 ab
2274 2803 2592 2857 hominibus
2612 2802 2951 2859 viderentur.
2970 2808 3026 2856 et
3048 2801 3417 2855 laudarentur
3434 2800 3505 2854 ab

219 2891 443 2946 Idcirco
483 2891 731 2963 accipere
756 2890 923 2947 debet
951 2892 1188 2963 populus
1217 2892 1528 2947 doctrinam
1562 2911 1684 2966 qum
1704 2896 1826 2965 ejus
1910 2892 2009 2945 eis.
2043 2883 2369 2963 Impossible
2399 2908 2643 2963 namque
2672 2897 2775 2957 est,
2808 2897 2872 2945 ut
2898 2890 3090 2945 credat
3120 2890 3342 2945 Christo
3390 2906 3504 2944 cm-

220 2986 325 3044 est,
368 2986 427 3043 et
455 2996 569 3034 non
599 2978 875 3035 discutere
924 2982 1071 3052 quod
1101 2980 1368 3047 alienum,
1418 2982 1548 3053 quia
1573 2981 1828 3037 doctrina
1909 2983 2071 3035 lestia
2100 2981 2443 3052 praedicanti,
2478 2976 2571 3051 qui
2599 2982 2837 3051 gloriam
2865 2997 3059 3035 vanam
3083 2978 3284 3050 quaerit
3310 2979 3380 3033 ab
3410 2979 3507 3034 ho.

217 3069 409 3141 Moysi
435 3067 742 3122 secundum
775 3068 953 3124 Deum
975 3074 1077 3123 est.
1107 3070 1231 3123 Alia
1261 3087 1504 3143 namque
1522 3077 1607 3125 est
1633 3073 1827 3126 cathe—
1849 3119 1889 3143 η
1912 3072 2173 3135 minibus,
2203 3078 2261 3125 et
2300 3075 2552 3124 terrenas
2584 3071 2762 3142 magis
2801 3068 3084 3124 desiderat
3112 3066 3326 3131 laudes,
3360 3066 3506 3120 sicut

217 3157 322 3211 dra
358 3157 713 3228 pestilentiae,
740 3164 797 3212 et
835 3159 944 3212 alia
974 3159 1239 3212 cathedra
1270 3159 1463 3231 Moysi.
1501 3178 1623 3232 quae
1651 3167 1708 3216 et
1740 3162 1827 3215 lex
1849 3157 2027 3230 uipse
2056 3160 2188 3212 alibi
2214 3159 2349 3214 dicit
2380 3175 2393 3212 :
2441 3160 2711 3227 Quomodo
2753 3163 2972 3229 potestis
2998 3158 3228 3222 credere,
3262 3157 3506 3224 gloriam

220 3244 454 3300 Domini
485 3246 833 3321 appellatur,
868 3245 927 3301 in
957 3264 1068 3319 qua
1104 3248 1361 3301 voluntas
1390 3247 1538 3302 beati
1572 3250 1674 3304 viri
1705 3267 1828 3303 me-
1908 3254 2203 3317 querentes
2232 3250 2301 3303 ab
2332 3252 2565 3303 invicem
2606 3267 2619 3310 ;
2653 3253 2701 3301 et
2735 3250 2976 3315 gloriam
3018 3261 3136 3314 qua
3168 3260 3204 3298 a
3250 3246 3361 3297 solo
3399 3243 3503 3297 Deo

217 3332 443 3387 ditatur
470 3331 560 3386 die
591 3350 655 3386 ac
686 3338 865 3387 nocte.
901 3332 1179 3397 Quoniam
1209 3334 1503 3391 cathedras
1541 3336 1826 3391 columbas
1907 3342 2001 3402 est,
2028 3353 2139 3390 non
2154 3338 2442 3404 requiritis
2465 3339 2735 3401 ?(Joan.v,
2756 3335 2871 3399 44.)
2894 3332 2973 3389 Ex
3000 3333 3095 3388 illa
3116 3332 3395 3403 siquidem
3418 3346 3503 3385 re-

222 3423 612 3488 vendentium,
651 3439 773 3501 quae
827 3421 1270 3493 pestilentiarum
1312 3429 1494 3483 erant,
1549 3424 1825 3481 Dominus
1907 3425 2174 3490 nascitur,
2203 3425 2351 3495 quod
2377 3425 2717 3478 exterminat
2758 3423 2937 3495 ipsam
2970 3438 3087 3476 rem
3121 3441 3134 3488 ;
3177 3428 3241 3475 ut
3270 3427 3408 3491 puta
3436 3429 3502 3473 ex

218 3509 445 3565 evertit.
484 3510 732 3574 Quorum
764 3511 1013 3565 omnium
1044 3511 1418 3564 etsidoctrina
1439 3518 1523 3565 est
1548 3512 1827 3567 audienda
1908 3513 2061 3583 ligno
2092 3513 2342 3566 nascitur
2382 3514 2585 3567 vermis
2632 3513 2726 3583 qui
2758 3512 3022 3566 emolitur
3058 3510 3293 3581 lignum.
3343 3508 3411 3563 Et
3438 3522 3505 3561 ex

216 3617 279 3654 ex
310 3600 442 3671 lege
474 3600 594 3661 Dei.
627 3616 738 3654 non
760 3606 946 3654 tamen
987 3599 1334 3655 conversatio
1358 3598 1652 3657 imitanda.
1694 3600 1828 3654 Alli-
1909 3602 2241 3654 vestimento
2271 3601 2524 3655 nascitur
2552 3601 2723 3662 tinea,
2761 3616 2883 3671 quae
2927 3599 3170 3654 comedit
3201 3598 3506 3652 vestimen-

214 3695 360 3760 gant
387 3690 541 3743 enim
566 3706 737 3743 onera
760 3689 953 3759 gravia
974 3694 1030 3741 et
1060 3687 1437 3759 importabilia
1468 3689 1525 3742 in
1558 3689 1823 3743 humeros
1903 3696 2044 3744 tum.
2078 3690 2347 3745 Similiter
2380 3697 2435 3743 et
2465 3707 2529 3744 ex
2550 3689 2795 3743 oleribus
2821 3706 3054 3749 vermes.
3076 3688 3171 3757 qui
3198 3688 3352 3741 olera
3378 3683 3501 3738 uni.

215 3776 539 3839 hominum,
564 3777 739 3848 digito
769 3783 958 3832 autem
990 3794 1091 3831 suo
1115 3778 1314 3831 nolunt
1348 3794 1416 3831 ea
1444 3794 1683 3831 movere.
1716 3777 1822 3843 Qui
1906 3795 2064 3832 versa
2092 3785 2478 3849 corrumpunt.
2514 3780 2603 3833 Sic
2651 3786 2708 3832 et
2737 3794 2803 3832 ex
2838 3776 3122 3863 proposito
3151 3775 3501 3844 singulorum

1918 1559 2145 1623 Christi,
2180 1559 2274 1631 qui
2305 1561 2385 1629 ait
2425 1576 2438 1612 :
2496 1563 2704 1628 Jugum
2748 1575 2932 1613 meum
2962 1575 3127 1612 suave
3164 1564 3258 1625 est,
3293 1563 3341 1612 et
3370 1572 3512 1614 anu:

217 3867 549 3938 alligantea
573 3873 630 3921 et
650 3866 947 3937 imponunt
978 3865 1033 3919 in
1065 3866 1327 3919 humeros
1366 3865 1679 3931 hominum,
1712 3864 1818 3920 nisi

218 3956 354 4027 quia
382 3972 499 4009 non
530 3955 599 4008 ad
643 3954 887 4009 litteram
936 3953 1044 4007 ista
1070 3953 1351 4018 dicuntur,
1385 3954 1480 4007 sed
1513 3954 1821 4008 secundum

216 4044 496 4117 tropicain
528 4043 981 4113 intelligentiam.
1005 4046 1068 4095 ut
1108 4058 1206 4113 per
1236 4059 1409 4096 onera
1434 4043 1626 4112 gravia
1656 4042 1823 4096 intel-

223 4134 483 4206 ligantur
518 4132 658 4203 legis
690 4138 984 4204 prazcepta,
1018 4138 1076 4184 et
1112 4129 1508 4201 importabilia,
1566 4148 1688 4203 quae
1722 4131 1824 4202 ipsi

224 4222 516 4287 nolebant,
551 4237 663 4275 non
693 4220 815 4275 dico
844 4219 1101 4274 manibus
1136 4221 1375 4291 operari,
1409 4227 1466 4274 et
1496 4220 1824 4295 adimplere,

224 4328 422 4366 verum
466 4327 569 4364 nec
597 4309 652 4363 in
694 4310 913 4365 modico
942 4309 1239 4379 attingere.
1275 4309 1353 4363 De
1384 4308 1587 4379 quibus
1618 4327 1826 4381 praece-

1906 3874 2213 3921 nascuntur
2233 3868 2365 3921 vitia
2383 3860 2911 3939 impraesentiarum,
2931 3865 3133 3936 quibus
3147 3860 3501 3918 consumitur

1905 3957 2093 4010 anima
2121 3974 2191 4010 ne
2221 3957 2365 4010 vivat
2394 3957 2507 4010 Deo
2551 3954 2705 4009 Tolle
2732 3972 2864 4025 ergo
2889 3955 2991 4007 hoc
3012 3950 3209 4007 vitium
3232 3950 3301 4005 de
3323 3950 3500 4014 clero.

1907 4060 1978 4099 ne
2008 4046 2179 4099 velint
2200 4046 2270 4099 ab
2300 4042 2620 4099 hominibus
2646 4044 2839 4108 videri,
2875 4059 3000 4096 mox
3030 4048 3087 4096 et
3114 4045 3317 4095 caetera
3341 4055 3496 4093 resse

1908 4142 2109 4187 cantur
2130 4133 2277 4188 vitia.
2308 4134 2414 4197 Qui
2444 4148 2569 4187 cum
2600 4149 2659 4187 se
2706 4130 3086 4202 dedignantur
3126 4129 3197 4184 ad
3236 4128 3496 4192 invicem,

1910 4239 2075 4293 quam
2116 4238 2262 4294 saepe
2284 4224 2482 4276 nolunt
2506 4238 2676 4293 super
2698 4238 2757 4276 se
2783 4221 3072 4275 meliorem
3094 4218 3317 4281 habere,
3352 4216 3500 4271 sicut

1912 4329 2013 4365 nec
2032 4310 2210 4365 Judaei
2232 4310 2537 4366 Christum.
2562 4312 2817 4365 Dilatant
2834 4312 2983 4363 enim
3011 4307 3356 4377 phytacterz'a
3376 4321 3498 4368 sua,

223 4408 456 4471 ptorurn
486 4398 749 4453 oneribus
779 4399 914 4453 dicit
943 4398 1262 4470 Apostolus.
1310 4415 1432 4469 quae
1464 4415 1565 4453 nec
1607 4416 1707 4453 nos
1737 4406 1957 4489 po-Det
1991 4404 2348 4469 magniﬁcam
2379 4402 2646 4469 ﬁmbrias.
2675 4401 2751 4455 Ex
2793 4417 2901 4471 quo
2929 4400 3048 4453 loco
3080 4397 3277 4452 beatus
3311 4396 3503 4450 Hiero~

221 4490 440 4544 tuimus
468 4493 713 4559 portare,
740 4504 841 4541 nec
874 4494 1061 4559 patres
1096 4487 1291 4540 nostri.
1326 4487 1459 4551 Quae
1485 4487 1612 4542 licet
1633 4489 1827 4558 gravia
1849 4484 1885 4489 ⁷
1911 4506 2115 4561 nymus
2134 4490 2458 4545 clericorum
2487 4490 2633 4544 mala
2651 4486 2978 4560 deplorans:
3001 4486 3115 4552 Vae,
3134 4484 3503 4556 inquit,nobis

223 4585 411 4632 essent
444 4584 497 4631 et
545 4576 941 4650 importabilia.
976 4576 1158 4631 adhuc
1187 4593 1253 4630 ea
1285 4577 1693 4631 Phariszeorum
1745 4593 1826 4631 se-

219 4668 429 4721 veritas
460 4666 723 4737 graviora
751 4664 991 4721 faciebat
1037 4665 1143 4719 Sed
1176 4669 1362 4719 tamen
1393 4673 1621 4738 propter
1648 4683 1828 4720 sacer-

220 4754 413 4810 dotum
446 4762 505 4809 et
533 4755 777 4811 nominis
806 4755 1166 4824 dignitatem,
1199 4754 1345 4825 quod
1379 4755 1434 4809 in
1472 4763 1821 4811 sacramento

217 4845 467 4913 profecto
512 4848 621 4907 est,
650 4843 912 4897 hortatur
963 4841 1398 4913 benignissimus
1439 4843 1709 4908 Salvator,
1759 4851 1822 4898 ut

218 4932 298 4987 eis
327 4931 666 5004 subjiciatur
694 4932 951 5003 populus.
989 4932 1190 4986 Omnia
1216 4948 1342 4999 ergo
1373 4949 1705 5001 quacunque
1731 4934 1819 4986 di-

216 5023 405 5074 xerint
439 5022 827 5088 vobis,servate
856 5025 903 5073 et
933 5021 1119 5087 facite,
1142 5020 1273 5074 licet
1312 5037 1425 5074 non
1457 5020 1666 5074 faciant
1697 5037 1820 5091 quae

216 5108 415 5164 dicunt
438 5129 452 5176 ;
478 5106 746 5182 quoniam
772 5109 1059 5185 sequenda
1075 5114 1161 5161 est
1188 5108 1412 5173 veritas,
1435 5110 1819 5180 cujuscunque

216 5213 314 5251 ore
342 5198 514 5252 fuerit
555 5197 789 5273 prolata.
834 5197 919 5254 Ad
949 5213 1145 5251 omnes
1172 5196 1413 5268 denique
1447 5198 1819 5252 Ecclesiarum

218 5287 540 5341 sacerdotes
582 5287 865 5356 pertinent
910 5285 1028 5340 haec
1080 5292 1374 5358 praecepta,
1430 5287 1683 5357 quamvis
1713 5286 1819 5358 ipsi

218 5391 323 5428 nec
344 5375 580 5432 minima
596 5375 915 5447 compleant
932 5372 1197 5431 mandata
1217 5375 1350 5429 dum
1366 5377 1579 5445 majora
1595 5375 1815 5445 jubent.

218 5462 338 5517 Hoc
360 5463 569 5535 quippe
599 5480 697 5537 per
718 5463 959 5534 digitum
981 5462 1340 5534 designatur;
1364 5470 1419 5517 et
1447 5463 1731 5529 cathedra,
1755 5470 1818 5518 ut

217 5550 352 5613 dixi,
384 5558 442 5605 et
462 5568 653 5617 onera,
679 5559 736 5606 et
757 5552 1000 5621 humeri,
1034 5558 1090 5607 et
1110 5550 1342 5622 digitus,
1369 5558 1425 5607 et
1456 5553 1674 5607 vincula
1699 5552 1819 5631 qui-

216 5639 326 5696 bus
352 5642 661 5715 alligantur
684 5660 878 5713 onera,
910 5643 1240 5717 spiritaliter
1266 5642 1635 5715 intelligenda
1660 5648 1811 5710 sunt,

1902 4578 2148 4661 niis-eris,
2173 4580 2242 4632 ad
2262 4597 2400 4649 quos
2416 4579 2818 4633 Pharisaeorum
2842 4577 2975 4630 vitia
3002 4574 3370 4631 transierunt.
3394 4573 3502 4637 Qui

1910 4667 2104 4738 utique
2126 4668 2301 4737 magis
2322 4669 2484 4721 ﬂeret
2516 4674 2709 4720 nostra
2737 4682 2885 4721 nunc
2918 4664 3149 4735 ﬂagitia.
3184 4663 3229 4717 si
3252 4663 3414 4717 hodie
3442 4663 3503 4717 in

1904 4772 2071 4809 carne
2110 4763 2275 4819 esset,
2309 4762 2365 4809 et
2395 4755 2563 4808 sciret
2608 4761 2819 4825 quanta
2860 4754 3008 4807 inter
3066 4769 3186 4818 nos,
3220 4759 3278 4807 et
3313 4750 3504 4822 qualia

1902 4847 1968 4908 ο
1982 4854 2019 4907 ζέ
2034 4850 2091 4909 δ
2099 4845 2216 4915 jam
2234 4845 2353 4898 sine
2371 4844 2580 4912 pudore
2602 4840 2918 4897 ﬁunt.Nata
2929 4858 3171 4913 namque
3186 4842 3372 4896 fuerat
3386 4842 3503 4895 haec

1902 4933 2309 4987 Pharisaeorum
2323 4951 2385 4986 su
2394 4931 2810 5003 perstitio,quia
2827 4931 3096 4985 Dominus
3110 4947 3237 4985 cum
3254 4930 3502 4985 dedisset

1902 5023 2169 5076 mandata
2212 5023 2347 5093 legis
2380 5039 2479 5093 per
2507 5020 2757 5093 Moysen.
2806 5020 2999 5075 intulit
3029 5036 3095 5075 ac
3124 5019 3395 5074 conclusit
3421 5019 3505 5073 ita

1903 5111 2093 5164 dicens
2125 5127 2138 5163 :
2162 5111 2227 5165 Et
2253 5113 2450 5177 lz'gabz's
2476 5128 2535 5164 ea
2564 5114 2626 5164 in
2657 5126 2831 5163 manu
2856 5114 2971 5173 tua,
2997 5115 3045 5163 et
3074 5114 3240 5162 erunt
3270 5112 3501 5161 immota

1901 5205 2029 5252 ante
2057 5203 2236 5253 oculos
2268 5206 2384 5253 tuos
2429 5214 2636 5267 semper
2684 5199 2861 5265 (Deut.
2909 5208 2981 5261 vt,
3014 5196 3089 5269 8).
3120 5197 3255 5261 Quae
3284 5196 3410 5250 ideo
3438 5196 3499 5250 in

1902 5304 2070 5341 manu
2096 5288 2266 5358 jussit
2289 5288 2423 5343 ferri
2453 5294 2515 5341 ut
2540 5304 2764 5359 semper
2786 5303 2953 5357 opere
2973 5284 3418 5356 complerentur;
3442 5290 3501 5340 et
3559 5316 3565 5323 ι

1902 5382 2032 5430 ante
2062 5378 2250 5430 oculos
2287 5377 2511 5440 habere,
2531 5383 2593 5431 ut
2619 5376 2707 5429 die
2728 5392 2792 5429 ac
2821 5382 2982 5429 nocte
3012 5374 3416 5429 meditaremur
3437 5373 3497 5428 in

1901 5466 1999 5519 eis.
2034 5467 2256 5519 Interea
2283 5466 2573 5530 Pharisaei,
2592 5466 2700 5519 ista
2720 5464 2864 5519 male
2884 5465 3337 5535 interpretantes,
3359 5463 3497 5518 serie

1899 5552 2111 5608 bebant
2132 5554 2189 5607 in
2216 5554 2559 5608 membranis
2587 5553 2924 5622 Decalogum
2958 5550 3154 5623 Moysi,
3187 5552 3246 5606 id
3266 5553 3368 5617 est,
3395 5551 3496 5604 de-

1899 5658 2020 5696 cem
2039 5642 2208 5697 verba
2225 5642 2384 5713 legis,
2401 5641 2799 5713 complicantes
2821 5654 2908 5706 ea,
2922 5645 2980 5695 et
3000 5640 3243 5711 ligentes
3261 5639 3321 5693 in
3345 5637 3493 5692 fron-
3542 5688 3551 5693 -
