3872 6158
477 312 577 371 767

1240 313 1296 366 S.
1342 311 1720 368 PASCHASII
1762 310 2123 367 RADBERTI
2160 308 2465 366 ABBATIS
2501 310 2995 367 CORBEIENSIS.

3582 312 3663 369 768

474 446 550 505 te,
579 444 637 494 et
655 438 817 510 quasi
835 452 1100 492 coronam
1118 436 1288 508 capiti
1307 435 1594 499 facientes,
1618 439 1683 489 ut
1697 451 1923 507 semper
1937 440 2068 489 ante
2084 435 2135 494 Α
2151 433 2381 488 bitatem
2396 433 2749 499 humilitatis,
2775 435 2906 490 talis
2928 434 3326 491 Pharisaeorum
3343 444 3420 490 est
3440 437 3661 493 imitator.

474 529 663 588 oculos
690 528 776 582 lex
803 525 1134 598 conscripta,
1159 530 1217 579 et
1234 525 1626 580 mandatorum
1650 525 1922 579 memoria
1950 541 2067 579 ver-

473 621 716 681 teretur;
742 632 851 670 non
882 631 1018 669 vera
1039 615 1165 677 ﬁde,
1199 619 1263 668 ut
1286 613 1548 685 operibus
1578 614 1944 685 complerent.
1968 613 2065 669 sed

474 710 540 761 ut
552 704 623 758 ab
647 704 965 758 hominibus
985 703 1324 764 viderentur,
1349 702 1653 758 scribentes
1674 720 1741 759 ea
1769 704 1827 759 in
1851 703 2067 758 duabus

472 793 787 865 prmcisuris
805 792 1284 859 membranarum;
1305 792 1540 846 alteram
1562 793 1789 862 quidem
1812 792 1868 845 in
1890 793 2067 846 domi-

469 882 576 939 bus
601 882 919 954 portabant,
942 881 1101 950 quasi
1130 897 1393 934 coronam
1425 887 1695 952 ponentes
1714 881 1771 935 in
1791 880 2065 952 capitibus

472 972 609 1037 suis,
648 977 705 1026 et
731 972 1066 1042 scripturam
1095 976 1382 1041 gestantes
1419 970 1476 1025 in
1506 971 1707 1035 fronte,
1742 988 1807 1025 ac
1858 971 1906 1025 si
1934 977 2064 1025 ante

470 1062 661 1117 oculos
684 1077 815 1115 suos
845 1079 858 1125 ;
890 1061 1129 1115 alteram
1168 1077 1339 1132 super
1366 1059 1658 1114 brachium
1690 1077 1890 1115 manus
1927 1078 2060 1123 sua),

471 1168 611 1223 quas
658 1150 937 1221 siquidem
983 1155 1172 1220 partes
1208 1149 1557 1220 phylacteria
1584 1149 1871 1203 vocabant.
1905 1149 2064 1214 Quod

470 1241 653 1295 adhuc
680 1239 846 1293 hodie
882 1239 1027 1292 sicut
1045 1238 1508 1308 legimusﬂndiet
1529 1236 1817 1309 Babylonii
1835 1238 2061 1293 faciunt.

469 1330 541 1386 Et
555 1329 650 1401 qui
670 1329 775 1383 hoc
787 1327 1044 1391 tulerint,
1062 1326 1224 1397 quasi
1242 1325 1488 1396 religiosi
1513 1326 1571 1379 in
1592 1327 1797 1398 populo
1812 1327 2068 1398 judican-

469 1425 583 1475 tur.
625 1417 896 1473 Similiter
919 1421 977 1470 et
1004 1414 1255 1469 fimbrias
1291 1414 1350 1469 in
1391 1415 1572 1487 palliis
1607 1417 2061 1485 magnificabant,

471 1523 613 1580 quas
631 1523 696 1560 ex
708 1503 1142 1560 Deuteronomio
1154 1509 1580 1574 assumpserunt
1602 1503 1659 1558 in
1679 1512 1977 1576 praecepto,
2002 1511 2066 1560 ut

471 1609 538 1648 ex
568 1593 703 1665 ipsis
740 1609 801 1647 se
829 1592 1189 1646 ostenderent
1218 1591 1396 1662 magis
1425 1609 1645 1646 servare
1676 1593 1877 1663 legem.
1912 1594 2063 1659 Quas

2148 524 2341 577 Potest
2362 524 2482 578 fieri
2514 530 2578 579 ut
2604 525 2922 579 discumbat
2950 524 3150 594 aliquis
3176 524 3233 579 in
3260 526 3528 580 novissimo
3551 528 3665 586 loco.

2149 613 2244 684 qui
2265 629 2376 666 non
2406 614 2586 667 solum
2612 614 2944 684 jactantiam
2962 614 3142 667 cordis
3166 630 3269 667 non
3290 614 3495 679 amittit,
3516 632 3667 670 verum

2148 701 2318 755 etiam
2338 702 2535 756 exinde
2565 703 2743 773 magis
2764 720 2887 757 eam
2910 703 3060 757 intus
3089 703 3280 763 nutrit,
3303 710 3355 757 et
3374 704 3512 774 quasi
3528 705 3670 758 humi.

2147 789 2254 844 lior
2299 791 2514 845 cunctis
2550 808 2749 845 vanam
2778 792 3017 862 gloriam
3069 792 3283 863 quaerit,
3315 799 3369 845 et
3392 792 3497 845 vult
3532 793 3670 846 videri

2141 879 2329 949 justus
2348 885 2404 932 et
2419 880 2669 945 humilis,
2695 887 2757 935 ut
2774 879 2843 933 ab
2863 880 3122 934 omnibus
3147 881 3379 952 amplius
3399 881 3668 935 bonoretur.

2147 968 2352 1033 Quanti
2383 975 2548 1040 putas
2576 975 2709 1024 sunt
2734 970 2829 1041 qui
2855 976 2952 1024 aut
2981 970 3148 1041 primi
3177 970 3407 1025 humiles
3434 970 3670 1024 inveniun-

2145 1062 2258 1119 tur,
2290 1062 2389 1110 aut
2418 1057 2726 1119 novissimi,
2752 1058 2904 1112 intus
2934 1075 2967 1111 a
2996 1058 3232 1112 Domino
3263 1058 3375 1129 (qui
3398 1059 3543 1112 corda
3566 1076 3669 1112 con-

2145 1147 2309 1217 spicit
2323 1148 2692 1218 singulorum)
2714 1148 2976 1219 superbia
2991 1148 3457 1202 condemnentur?
3476 1149 3669 1218 Spiritus

2148 1241 2234 1289 est
2261 1237 2411 1290 enim
2438 1237 2602 1302 Deus,
2628 1243 2686 1291 et
2711 1237 2834 1290 ideo
2863 1236 3194 1308 spiritaliter
3222 1236 3489 1291 universos
3515 1237 3675 1290 exami-

2150 1338 2266 1389 nat,
2293 1331 2472 1379 etnon
2491 1325 2808 1390 carnaliter,
2830 1341 3012 1396 neque
3030 1325 3414 1379 tantummodo
3432 1325 3674 1396 perpendit

2149 1413 2297 1484 quod
2327 1414 2561 1486 quisque
2590 1414 2805 1479 sedeat,
2840 1415 2923 1468 vel
2964 1431 3076 1485 qua
3127 1431 3254 1468 voce
3299 1414 3447 1469 illum
3490 1414 3672 1477 salutet,

2149 1508 2416 1558 utrumne
2440 1503 2834 1557 venerabiliter
2862 1502 3143 1558 submisso
3174 1503 3352 1575 capite
3372 1504 3452 1557 vel
3475 1519 3674 1573 corpore,

2148 1591 2279 1645 licet
2300 1592 2416 1645 haec
2433 1591 2620 1645 omnia
2632 1592 2864 1646 honeste
2885 1597 3142 1663 oporteat
3160 1593 3300 1656 ﬁeri,
3314 1598 3369 1645 et
3390 1607 3598 1661 congrue
3613 1607 3678 1643 sa-

469 1681 599 1737 ideo
639 1698 874 1752 magnas
902 1681 960 1736 in
1001 1680 1328 1736 summitate
1358 1687 1600 1752 quatuor
1628 1683 1961 1752 angulorum
2006 1684 2100 1752 in_
2146 1680 2219 1733 tis
2250 1681 2573 1751 unicuique,
2606 1681 2704 1734 sed
2746 1698 2857 1752 qua
2899 1687 3087 1735 mente
3119 1682 3201 1735 vel
3250 1698 3357 1752 qua
3400 1680 3678 1734 conscientia

469 1769 655 1843 palliis
670 1750 1007 1840 ligabant.ut
1021 1750 1492 1824 sanctimseorum
1506 1750 1747 1841 amplior
1761 1750 2128 1842 videretur,B
2148 1769 2386 1840 quisque
2415 1750 2583 1823 faciat
2617 1750 2987 1841 quodcunque
3025 1769 3177 1824 facit.
3211 1750 3383 1833 Unde,
3415 1774 3541 1822 sicut
3573 1768 3674 1831 dixi,

470 1859 606 1929 quia
627 1859 876 1929 jusserat
900 1858 1002 1911 hoc
1020 1858 1291 1915 Dominus
1319 1858 1458 1923 ﬁeri,
1488 1866 1551 1912 ut
1579 1875 1644 1912 ex
1666 1860 1801 1930 ipsis
1831 1862 2064 1918 fimbriis

469 1946 845 2018 hyacinthinis
857 1946 1093 2018 populus
1114 1947 1286 2000 Israel
1304 1946 1579 2001 discretus
1607 1955 1754 2003 esset
1774 1966 1808 2002 a
1833 1952 2064 2022 reliquis

465 2034 761 2106 gentibus;
785 2035 931 2090 sicut
957 2035 1015 2089 in
1043 2052 1210 2090 carne
1236 2052 1336 2106 per
1363 2036 1867 2103 circumcisionem,
1900 2040 1981 2094 ita
2008 2048 2065 2096 et

462 2126 525 2179 in
559 2124 805 2179 vestibus
838 2124 1085 2196 aliquam
1115 2124 1390 2179 haberent
1416 2124 1810 2180 differentiam.
1847 2129 1956 2183 Sed
1981 2130 2063 2184 illi

464 2212 837 2284 superstitiosi
857 2212 1108 2283 magistri
1121 2218 1410 2283 captantes
1430 2229 1625 2267 auram
1646 2215 2062 2285 popularem,ut

465 2302 845 2373 Hieronymus
879 2301 1070 2361 refert,
1103 2307 1272 2372 atque
1314 2319 1378 2355 ex
1411 2302 1755 2356 mulierculis
1783 2311 2063 2361 sectantes

464 2392 642 2458 lucra,
659 2390 940 2445 faciebant
960 2390 1208 2446 ﬁmbrias
1228 2392 1491 2461 grandes,
1517 2400 1574 2447 et
1602 2394 1942 2449 acutissimis
1970 2413 2065 2450 eas

466 2480 645 2552 spinis
665 2479 931 2550 ligabant,
954 2480 1210 2535 videlicet
1231 2487 1293 2534 ut
1312 2480 1687 2548 ambulantes,
1703 2483 1787 2537 vel
1807 2485 2065 2539 sedentes

467 2571 750 2626 interdum
777 2576 1184 2643 pungerentur,
1220 2576 1281 2624 ut
1311 2570 1469 2641 quasi
1498 2571 1603 2624 sub
1632 2572 1736 2626 hac
1763 2574 2065 2628 commoni-

466 2660 620 2715 tione
650 2661 1076 2715 retraherentur
1100 2660 1170 2713 ad
1197 2660 1380 2713 officia
1410 2660 1528 2727 Dei,
1564 2668 1621 2715 et
1648 2663 1717 2715 ad
1753 2663 2065 2718 ministeria

467 2749 750 2817 servitutis
761 2751 902 2820 ejus.
918 2751 987 2804 Et
1002 2749 1128 2802 ideo
1146 2749 1416 2803 Dominus
1429 2750 1509 2803 ait
1529 2768 1539 2801 :
1564 2750 1763 2805 Omnia
1779 2769 1941 2820 opera
1960 2770 2062 2807 sua

465 2840 686 2907 faciunt
706 2844 765 2892 ut
786 2840 1085 2891 videantur
1106 2839 1175 2890 ab
1204 2839 1539 2890 hominibus.
1575 2838 1735 2901 Quod
1762 2839 1976 2892 utinam
2006 2845 2065 2894 et

2151 1858 2221 1911 ad
2240 1874 2487 1911 amorem
2510 1858 2919 1913 Pharisaeorum
2939 1859 3165 1930 culpam
3194 1858 3430 1925 retorsit,
3452 1864 3502 1911 et
3519 1857 3674 1911 nonad

2146 1946 2330 2001 ofﬁcia
2359 1963 2481 2017 quae
2511 1948 2749 2001 honeste
2769 1953 3004 2018 possunt
3031 1947 3178 2001 ﬁeri.

2228 2037 2317 2089 Vos
2348 2040 2553 2099 autem,
2573 2036 2775 2106 inquit,
2797 2039 2964 2090 nolite
2986 2039 3177 2091 vocari
3196 2036 3375 2100 Rabbi,
3398 2040 3450 2089 et
3467 2035 3675 2089 continuo

2144 2123 2331 2177 reddit
2359 2140 2607 2179 causam.
2639 2128 2773 2193 quia
2802 2141 2952 2178 unus
2996 2131 3071 2178 est
3115 2128 3378 2193 magister
3402 2131 3551 2177 vester
3576 2144 3588 2177 :
3613 2139 3677 2175 eo:

2146 2214 2295 2267 enim
2312 2214 2522 2281 fratres
2544 2216 2688 2267 estis.
2705 2214 2847 2269 Nam
2868 2213 3028 2267 rabbi
3044 2213 3340 2268 Hebramm
3357 2219 3451 2279 est,
3469 2212 3590 2284 quod
3604 2212 3679 2266 La-

2146 2303 2264 2357 tine
2290 2301 2561 2371 magister
2591 2301 2813 2355 dicitur.
2846 2304 2911 2357 Et
2935 2308 3157 2372 patrem
3190 2306 3353 2357 nolite
3378 2304 3510 2377 nobis
3534 2316 3678 2355 vocare

2146 2396 2410 2456 940in
2412 2407 2514 2459 per
2528 2397 2677 2445 terra
2685 2408 2733 2444 m
2744 2432 2758 2458 ,
2775 2408 2922 2445 unus
2936 2396 3009 2445 est
3025 2396 3183 2445 enim
3196 2395 3353 2446 Pater
3367 2396 3533 2453 vester.
3547 2392 3675 2459 quiin

2149 2483 2291 2535 cazlis
2306 2485 2398 2533 est.
2418 2480 2525 2534 Nec
2542 2484 2813 2534 vocemim'
2833 2484 3112 2548 magistri,
3134 2484 3269 2551 quia
3289 2483 3526 2549 Magister
3548 2484 3676 2533 vester

2148 2588 2294 2624 unus
2332 2575 2405 2624 est
2437 2571 2705 2625 Christus.
2745 2572 2882 2626 Ecce
2926 2572 3074 2626 unde
3103 2572 3308 2626 fratres
3337 2588 3450 2626 esse
3473 2569 3673 2629 dicimur,

2146 2660 2276 2731 quia
2301 2660 2487 2714 nullus
2502 2666 2588 2714 est
2604 2661 2747 2715 alius
2765 2670 2925 2732 pater
2941 2667 3137 2715 noster
3154 2679 3319 2733 quam
3338 2663 3490 2725 Deus,
3506 2659 3585 2729 qui
3602 2674 3676 2711 nos

2144 2748 2391 2803 condidit
2419 2755 2475 2803 et
2503 2750 2727 2804 creavit.
2772 2751 3039 2814 Quamvis
3069 2751 3223 2804 enim
3262 2751 3422 2804 homo
3448 2748 3677 2804 hominem

2141 2844 2394 2908 generet,
2411 2844 2601 2892 tamen
2628 2856 2774 2893 unus
2799 2846 2885 2893 est
2905 2846 3065 2911 pater
3085 2840 3357 2896 omnium.
3379 2838 3466 2908 qui
3485 2833 3681 2891 condidit

464 2943 616 2982 nunc
634 2927 812 2982 nostri
834 2943 944 2980 non
964 2926 1231 2989 facerent,
1247 2925 1342 2995 qui
1362 2925 1639 2979 doctiores
1668 2942 1789 2980 esse
1804 2927 2065 2981 videntur
2144 2933 2201 2980 et
2226 2928 2433 2981 creavit
2469 2944 2663 2982 omnes
2694 2947 2707 2995 ;
2756 2929 2907 2983 unde
2937 2935 2995 2983 et
3028 2945 3131 2983 nos
3192 2929 3291 2981 lilii
3328 2928 3512 2982 fratres
3533 2938 3683 2979 sumus

464 3016 525 3069 in
548 3016 773 3086 populo.
802 3016 928 3069 Non
957 3014 1105 3068 enim
1132 3012 1522 3124 intelligebant
1547 3014 1760 3078 miseri,
1779 3016 1923 3085 quod
1946 3017 2063 3072 haec
2079 3064 2122 3124 Ο
2144 3023 2366 3089 patrum
2395 3023 2736 3083 nostrorum,
2769 3018 2921 3089 quia,
2941 3024 3005 3072 ut
3031 3018 3112 3071 ita
3138 3017 3347 3081 dicam,
3368 3033 3471 3071 non
3497 3014 3559 3069 ab
3579 3011 3683 3111 ipsis

464 3103 526 3157 in
556 3103 721 3157 corde
751 3103 930 3172 magis
976 3101 1252 3172 portanda
1289 3108 1477 3155 essent
1505 3119 1673 3173 quam
1704 3103 1761 3157 in
1808 3122 2058 3176 corpore.
2079 3101 2122 3124 υ
2152 3105 2567 3176 quodammodo
2590 3107 2708 3160 nati
2737 3123 2951 3169 sumus,
2975 3108 3073 3161 sed
3096 3107 3386 3178 peripsos;
3405 3106 3489 3176 qui
3504 3101 3683 3158 omnino

468 3191 871 3245 Verumtamen
891 3190 1208 3244 istiusmodi
1225 3190 1692 3246 eratﬁmbriailla
1708 3193 2065 3260 Domini,sed
2149 3210 2260 3247 non
2298 3193 2521 3248 initium
2549 3194 2673 3248 vitae
2704 3212 2767 3248 ex
2798 3194 2878 3249 eis
2920 3195 3219 3260 habemus,
3247 3197 3343 3251 sed
3372 3194 3514 3265 quasi
3539 3199 3684 3245 trans-

463 3296 639 3352 parva
666 3285 724 3333 et
751 3278 931 3333 brevis
960 3295 1028 3332 ex
1057 3280 1181 3349 lege
1210 3285 1507 3350 praecepta,
1543 3297 1710 3351 quam
1762 3288 1821 3337 et
1862 3285 2066 3341 mulier
2147 3282 2289 3336 itum
2321 3283 2392 3337 ad
2428 3282 2600 3337 vitam
2630 3301 2731 3356 per
2775 3302 2870 3339 eos
2898 3284 3238 3356 accepimus.
3272 3287 3408 3340 Nam
3439 3282 3530 3337 etsi
3557 3278 3685 3333 arbor

465 3368 583 3434 illa,
613 3384 736 3438 quae
758 3367 1032 3437 sanguine
1063 3367 1290 3431 ﬂuebat,
1320 3368 1507 3438 tetigit
1538 3369 1595 3423 in
1617 3371 1784 3441 pallio
1814 3372 2057 3440 Domini,
2149 3370 2403 3426 videatur
2418 3388 2604 3426 ramos
2626 3373 2696 3427 de
2720 3390 2780 3427 se
2806 3391 3100 3445 generare,
3126 3375 3241 3428 vita
3264 3388 3527 3429 ramorum
3550 3373 3597 3423 et
3620 3382 3683 3419 ar-

466 3472 571 3511 nec
587 3461 877 3510 tamenest
893 3462 1226 3528 compuncta
1242 3457 2063 3527 superstitiosissentibusPha-
2143 3459 2314 3526 boris,
2348 3466 2411 3515 ut
2454 3461 2531 3514 ita
2569 3461 2765 3529 fatear,
2801 3463 2961 3517 radix
3010 3469 3096 3517 est
3129 3484 3140 3516 :
3185 3466 3360 3519 multo
3388 3461 3548 3531 magis
3573 3459 3687 3512 Deus

465 3544 777 3609 risaaorum,
810 3545 907 3599 sed
931 3544 1110 3615 magis
1136 3550 1333 3599 sanata
1360 3550 1556 3611 939
1584 3546 1654 3600 ad
1676 3553 1885 3601 tactum
1915 3550 2057 3619 ejus.
2145 3556 2306 3621 pater
2333 3550 2584 3604 omnium
2602 3551 2891 3605 hominum
2916 3558 3112 3606 auctor
3128 3559 3189 3606 ct
3217 3558 3429 3606 creator
3446 3555 3536 3604 est.
3559 3543 3688 3601 Simi-

462 3633 622 3689 Unde
652 3650 763 3689 non
788 3633 914 3688 ideo
944 3634 1435 3705 reprehenduntur
1455 3651 1489 3688 a
1521 3635 1777 3700 Domino,
1802 3638 1934 3707 quia
1964 3655 2059 3693 eas
2143 3640 2272 3693 liter
2309 3644 2365 3692 et
2392 3639 2667 3706 Christus,
2700 3641 2830 3693 licet
2862 3641 3021 3694 multi
3047 3641 3307 3702 doceant,
3331 3657 3466 3694 unus
3492 3644 3565 3691 est
3591 3648 3682 3687 ma-

462 3722 816 3777 habebantin
832 3722 1157 3777 summitate
1176 3723 1496 3793 palliorum,
1513 3725 1606 3777 sed
1626 3725 1758 3795 quia
1776 3729 2059 3797 superﬂue
2146 3726 2322 3797 gister
2349 3728 2622 3794 omnium,
2665 3729 2761 3800 qui
2792 3746 2987 3783 omnes
3016 3730 3280 3783 homines
3310 3730 3469 3791 intus,
3500 3741 3594 3781 non
3616 3737 3686 3775 ar-

458 3812 704 3885 grandes
741 3816 919 3875 erant,
956 3816 1014 3865 et
1041 3810 1309 3877 dilatatae,
1343 3811 1414 3864 ab
1469 3812 1789 3867 hominibus
1816 3815 2055 3884 gloriam
2145 3815 2397 3881 tiﬁciose,
2420 3816 2517 3870 sed
2542 3818 2875 3872 naturaliter
2902 3818 3081 3872 docet.
3108 3817 3168 3871 Si
3200 3818 3350 3872 enim
3378 3818 3530 3871 homo
3548 3810 3686 3866 homi-

462 3907 795 3973 quaerentes,
825 3899 1053 3954 omnino
1085 3905 1422 3969 arguuntur.
1455 3900 1725 3955 Similiter
1753 3908 1810 3955 et
1837 3902 1896 3957 in
1928 3904 2060 3958 reli-
2142 3920 2271 3957 nem
2311 3920 2376 3958 ex
2409 3904 2630 3976 integro
2684 3907 2910 3961 doceret
2938 3912 2996 3960 et
3028 3906 3299 3972 erudiret,
3321 3922 3502 3960 omnes
3542 3897 3684 3956 homi-

464 3989 590 4061 quis
614 3989 874 4044 omnibus
904 3989 1217 4052 sententiis,
1238 4006 1378 4061 quas
1406 4006 1507 4060 per
1529 3997 1717 4062 partes
1739 3991 2055 4063 distinguit,
2141 4010 2241 4047 nes
2288 3992 2358 4047 ab
2406 4010 2519 4047 uno
2573 3995 2844 4066 magistro
2885 4014 3042 4069 aeque
3085 3998 3384 4056 discerent.
3433 3997 3576 4050 Nunc
3613 4002 3687 4041 au-

463 4094 565 4133 cur
598 4084 856 4149 quaerant
883 4078 1094 4148 primos
1131 4077 1419 4132 accubitus
1449 4078 1505 4133 in
1540 4080 1734 4142 amnis,
1762 4086 1819 4135 et
1848 4082 2058 4152 primas
2140 4086 2277 4148 tem,
2301 4082 2435 4153 quia
2454 4099 2567 4137 non
2590 4083 2757 4138 homo
2787 4085 2966 4148 docet,
2984 4086 3080 4140 sed
3108 4088 3278 4155 Deus,
3306 4086 3397 4159 qui
3425 4095 3620 4139 sensum
3644 4080 3685 4128 et

464 4165 762 4220 cathedras
794 4165 852 4218 in
874 4166 1195 4235 synagogis,
1224 4166 1416 4236 gulam
1438 4173 1736 4233 sectantes,
1764 4173 1821 4221 et
1846 4169 2060 4224 saluta-
2144 4172 2491 4226 intellectum
2517 4172 2633 4239 dat,
2658 4172 2783 4227 ideo
2808 4173 3015 4228 Paulus
3036 4175 3265 4243 clamat,
3287 4175 3428 4248 quod
3448 4186 3593 4239 neque
3612 4165 3686 4235 qui

461 4253 647 4307 tiones
670 4253 728 4306 in
750 4252 886 4306 foro.
916 4254 1041 4307 Non
1062 4253 1187 4307 ideo
1208 4253 1485 4324 vituperat
1499 4272 1611 4319 eos,
1643 4257 1775 4326 quia
1795 4256 1853 4311 in
1877 4259 2061 4329 primo
2139 4264 2381 4329 plantat,
2417 4278 2586 4329 neque
2618 4265 2717 4329 qui
2747 4264 2913 4328 rigat,
2949 4268 3023 4316 est
3053 4268 3295 4334 aliquid,
3323 4265 3411 4318 sed
3433 4263 3523 4330 qui
3548 4261 3685 4310 inm"

465 4341 586 4395 loco
610 4340 1028 4404 recumbebant,
1051 4347 1151 4395 aut
1169 4341 1535 4396 salutationes
1554 4344 1609 4397 in
1634 4345 1754 4397 foro
1774 4347 2127 4423 sectaban-n
2147 4355 2395 4403 mentum
2428 4352 2543 4415 dat,
2577 4351 2714 4403 Deus
2747 4353 2800 4406 tl
2824 4351 2945 4405 Cor.
2972 4366 3058 4418 IlI,
3089 4353 3168 4423 7),
3202 4371 3314 4409 non
3342 4352 3482 4406 enim
3509 4342 3680 4402 homini

462 4434 594 4499 tur;
624 4429 719 4484 sed
751 4429 1084 4500 quia’tsicut
1109 4428 1423 4498 expressius
1456 4431 1554 4495 ait)
1577 4431 1845 4487 amabant
1867 4435 1936 4488 ob
1965 4453 2062 4490 va-
2083 4428 2127 4457 υ
2146 4437 2493 4491 intellectum
2525 4445 2757 4509 praestat
2784 4439 3054 4506 docendo,
3084 4443 3182 4497 sed
3213 4461 3247 4497 a
3276 4444 3387 4497 Deo
3415 4440 3682 4512 praestatur.

461 4534 597 4574 nam
624 4519 865 4590 gloriam
895 4518 1105 4589 primos
1124 4517 1451 4583 discubitus,
1485 4524 1542 4573 et
1569 4520 1640 4573 ob
1666 4520 1909 4576 favorem
1945 4525 2063 4579 lau-
2147 4527 2242 4597 qui
2290 4529 2636 4581 Intellectum
2680 4530 2775 4581 dat
2814 4534 3067 4597 parvulis
3101 4534 3266 4589 (Psat.
3298 4544 3473 4593 cxmi,
3499 4524 3615 4589 130),
3641 4525 3684 4571 et

460 4607 548 4662 dis
573 4625 689 4662 sua)
717 4607 1084 4662 salutationes
1109 4607 1167 4660 in
1196 4607 1335 4671 foro,
1358 4623 1423 4661 ac
1445 4608 1653 4677 primas
1680 4610 1979 4666 cathedras
2001 4612 2061 4667 in
2146 4615 2227 4670 ait
2252 4638 2261 4669 :
2290 4617 2631 4670 Intellectum
2654 4618 2757 4670 tibi
2783 4618 2940 4680 dabo,
2962 4625 3011 4672 et
3042 4625 3323 4674 mstruam
3356 4625 3400 4672 te
3421 4621 3478 4671 in
3504 4616 3581 4667 eia
3602 4610 3680 4661 hac

458 4697 778 4767 synagogis.
804 4697 1055 4760 Quorum
1086 4696 1218 4766 quia
1238 4712 1398 4750 mens
1419 4696 1722 4768 depravata
1743 4706 1866 4753 erat
1892 4700 1950 4754 in
1972 4718 2063 4755 νο·
2144 4721 2255 4773 qua
2284 4706 2561 4771 gradieris
2585 4706 2749 4771 (Psat.
2774 4720 2959 4774 Lxxm,
2996 4706 3134 4777 I30).
3159 4710 3319 4763 Unde
3339 4713 3393 4761 et
3412 4702 3566 4761 David
3583 4698 3677 4752 ait:

457 4784 770 4840 luntatibus
798 4790 856 4838 et
874 4786 933 4838 in
953 4786 1153 4840 studiis
1169 4786 1306 4852 suis,
1333 4785 1388 4839 in
1409 4785 1669 4840 omnibus
1691 4788 1984 4843 avaritiam
2004 4795 2063 4843 et
2144 4795 2339 4845 Beatus
2371 4794 2529 4846 homo
2557 4810 2714 4862 quem
2747 4799 2806 4847 tu
2833 4797 3130 4861 crudieris,
3173 4799 3414 4859 Domine,
3452 4798 3495 4847 et
3522 4792 3575 4843 de
3599 4789 3683 4851 Ιεθσ

458 4889 662 4928 vanam
686 4872 925 4944 gloriam
956 4879 1255 4937 sectantes,
1286 4874 1492 4928 idcirco
1536 4891 1731 4929 eorum
1757 4877 2060 4947 culpantur
2146 4886 2242 4935 tua
2271 4883 2520 4935 docueris
2548 4899 2673 4936 eum
2718 4884 2890 4955 (Psat.
2926 4898 3078 4948 xxxr,
3110 4882 3145 4940 8
3178 4926 3190 4938 .
3224 4886 3330 4940 Sed
3360 4885 3491 4939 forte
3516 4872 3679 4945 aliquis

457 4979 663 5027 mores,
696 4968 754 5017 et
774 4963 846 5016 ad
862 4979 1056 5018 eorum
1083 4964 1217 5017 vitia
1228 4963 1565 5034 vituperatio
1590 4964 1849 5029 refertur,
1869 4971 1926 5020 et
1945 4983 2057 5022 non

454 5053 527 5108 ad
553 5053 701 5108 facta
727 5052 952 5123 quando
978 5052 1210 5107 honeste
1235 5054 1393 5107 ﬁunt.
1425 5054 1703 5118 Quoniam
1733 5062 1791 5109 et
1832 5057 2055 5111 ordines

457 5159 679 5198 servare
716 5158 848 5196 suos
876 5141 933 5195 in
991 5141 1291 5209 discubitu,
1322 5148 1381 5197 et
1415 5145 1783 5199 salutationes
1813 5146 2051 5202 invicem

454 5231 714 5287 exhibere
756 5230 1176 5285 officiossimum
1224 5238 1355 5300 est;
1404 5240 1573 5304 atque
1617 5235 1829 5289 honore
1872 5236 2052 5290 alter—

453 5326 642 5376 utrum
663 5319 1311 5391 praevenire,honestum.
1340 5322 1619 5376 Praeterea
1647 5324 1766 5378 haec
1791 5324 2048 5395 religiose

453 5409 746 5464 observata
764 5409 1041 5464 aediﬁcant
1064 5416 1278 5463 mentes
1295 5410 1649 5481 singulorum
1676 5413 1731 5466 in
1751 5413 2047 5468 charitate.

456 5497 516 5553 Si
543 5501 735 5551 autem
766 5496 1068 5552 carnaliter
1095 5514 1311 5565 eamus,
1342 5500 1561 5571 appetit
1599 5509 1655 5555 et
1686 5507 1841 5555 amat
1868 5503 2050 5574 magis

2137 4969 2209 5023 ad
2236 4970 2352 5023 haec
2379 4970 2632 5024 dicturus
2661 4978 2765 5037 est,
2799 4972 2947 5042 quod
2994 4973 3242 5027 efﬁcacia
3262 4990 3362 5028 sua
3386 4977 3439 5027 et
3460 4960 3680 5031 intelligi-

2136 5058 2325 5112 bilitas
2369 5062 2572 5115 mentis
2612 5060 2780 5115 faciat
2818 5061 3103 5117 hominem
3134 5063 3429 5126 eruditum,
3464 5072 3574 5112 cum
3598 5064 3679 5104 nec

2134 5149 2258 5219 ipsa
2287 5150 2413 5219 quis
2443 5151 2608 5216 dona,
2648 5150 2756 5204 nisi
2797 5167 2863 5205 ex
2891 5151 3038 5206 dono
3069 5153 3169 5207 Dei
3199 5152 3398 5207 habeat
3423 5154 3481 5203 ut
3505 5135 3677 5199 erudiri

2133 5238 2325 5307 possit.
2354 5239 2421 5293 Et
2446 5238 2571 5293 ideo
2590 5239 2909 5311 quicunque
2930 5257 2989 5294 se
3014 5242 3222 5296 Christi
3244 5238 3552 5311 discipulum
3573 5243 3676 5301 pro-

2134 5328 2344 5393 titetur,
2377 5334 2601 5398 Oportet
2631 5346 2759 5383 eum
2793 5337 2951 5384 vocet
2981 5331 3331 5400 magistrum,
3353 5328 3442 5399 qui
3469 5338 3566 5379 non
3584 5331 3677 5370 car-

2134 5416 2319 5470 nalem
2342 5416 2400 5470 in
2430 5417 2608 5483 nobis,
2634 5418 2729 5472 sed
2759 5419 3070 5490 spiritalem
3089 5426 3319 5490 generat
3336 5412 3671 5485 disciplinam;

2133 5510 2189 5559 et
2216 5510 2433 5576 patrem
2461 5523 2591 5561 eum
2606 5508 2869 5578 appellet,
2887 5508 2982 5579 qui
3006 5525 3073 5565 ex
3098 5506 3411 5579 magisterio
3432 5494 3611 5558 Christi
3630 5498 3673 5545 et

450 5601 615 5643 suam
638 5585 968 5657 iactantiam
998 5604 1169 5657 quam
1189 5588 1542 5644 honestatem
1566 5607 1808 5659 morum,
1836 5596 1895 5645 et
1922 5608 2049 5661 pro-
2130 5594 2411 5649 consortio
2443 5596 2550 5651 hoc
2594 5613 2801 5651 nomen
2854 5596 3013 5652 nobis
3046 5602 3104 5652 et
3138 5596 3373 5668 gratiam
3410 5587 3673 5645 clementer
