3872 6158
216 262 320 319 769
938 267 1320 326 EXPOSITIO
1359 271 1439 327 IN
1476 271 1922 329 MA'ITHEUM.
1966 304 2032 315 —
2072 276 2209 331 LIB.
2252 277 2319 345 X,
2362 279 2520 335 CAP.
2561 281 2763 337 XXIII.
3382 286 3488 346 770

214 386 466 442 indulsit.
494 389 570 444 Ut
615 389 716 444 ﬁlii
743 376 845 446 Dei
898 393 1073 448 simus
1098 410 1201 465 per
1237 395 1597 467 adoptionem
1626 397 2151 468 potiusADomino.
2182 400 2251 455 Et
2286 402 2598 458 notandum
2642 405 2776 475 quia
2811 420 2925 459 non
2955 405 3056 472 ait,
3089 423 3257 479 quem
3293 413 3488 479 94’

215 494 379 548 quam
407 478 619 532 terreni
640 480 916 550 parentis;
949 500 1013 536 ex
1035 500 1100 536 eo
1122 482 1270 537 enim
1292 485 1545 539 caelestes
1566 500 1666 539 nos
1688 503 1810 541 esse
1892 488 2183 555 Dominus,
2212 491 2310 545 sed
2341 493 2437 562 qui
2466 509 2526 547 se
2557 494 2899 560 exaltaverit,
2924 478 3347 566 humiliabitur;
3376 478 3487 554 uti-

213 567 561 636 protitemur,
587 584 653 621 ex
682 586 791 639 quo
818 586 945 624 cum
970 572 1100 639 title,
1128 572 1223 642 qui
1248 574 1431 627 renati
1461 591 1675 641 sumus,
1705 593 1810 629 (εω-
1893 593 2003 646 que
2028 594 2061 631 a
2104 579 2363 645 Domino,
2396 581 2543 635 sicut
2588 598 2691 636 nec
2728 599 2895 653 quem
2942 584 3233 652 Dominus,
3263 587 3361 641 sed
3390 588 3487 658 qui

212 655 395 726 pimus
415 656 601 710 dicere
619 659 783 712 corde
804 666 972 730 atque
991 677 1086 716 ore
1109 680 1121 715 :
1144 664 1307 716 Pater
1329 669 1529 729 noster,
1553 667 1655 732 qui
1675 682 1725 718 es
1746 668 1809 720 in
1890 666 2255 737 semetipsum
2313 685 2415 723 sua
2470 675 2668 740 sponte
2720 671 3117 739 humiliaverit,
3133 655 3489 730 .exaltabitur

211 745 350 799 catis
385 747 600 816 (Matth.
622 763 691 810 v1,
714 744 789 814 9).
812 748 1112 819 Indignum
1134 750 1325 822 itaque
1351 757 1439 806 est
1460 759 1676 823 patrem
1706 770 1807 810 nos
1888 770 2048 808 versa
2070 755 2186 809 vice
2216 773 2249 809 a
2280 758 2537 812 Domino.
2569 759 2702 823 Quae
2732 760 3001 816 nimirum
3022 764 3279 818 doctrina
3301 763 3487 819 omni-

212 850 405 888 vocare
425 850 597 907 super
622 840 855 902 terram,
886 838 980 908 qui
1008 844 1067 893 et
1092 840 1345 895 coelestes
1374 858 1571 896 sumus
1601 843 1798 909 effecti,
1886 841 1990 896 bus
2041 842 2201 897 bonis
2255 846 2513 916 congruit
2560 847 2912 915 Christianis,
2946 851 3089 905 sicut
3133 868 3164 906 e
3203 853 3485 912 contrario

210 928 262 976 ct
291 930 516 993 patrem
537 940 640 978 nos
660 924 866 980 habere
895 926 953 980 in
974 928 1129 981 caelis
1150 944 1259 982 non
1287 929 1627 985 dubitamus.
1648 932 1806 996 Quae—
1886 930 1997 984 ista
2022 933 2382 987 comminatio
2413 934 2653 1002 diabolo,
2682 937 2887 992 Judmis
2915 944 2970 993 et
2997 940 3288 1007 Gentibus,
3313 948 3485 1015 atque

208 1010 355 1065 ritur
381 1016 596 1077 autem,
631 1029 806 1082 quare
833 1019 1031 1069 contra
1056 1016 1173 1070 haec
1202 1025 1482 1089 praecepta
1510 1025 1568 1073 et
1596 1021 1808 1077 Paulus
1887 1018 2147 1073 omnibus
2175 1022 2515 1091 apostaticis,
2548 1023 2644 1094 qui
2676 1041 2735 1079 se
2765 1026 2869 1080 sub
2883 1028 3021 1098 jugo
3052 1029 3258 1084 Christi
3280 1010 3483 1089 nolunt

208 1099 497 1155 doctorem
519 1101 785 1156 Gentium
814 1120 875 1157 se
894 1110 1054 1159 vocat
1078 1124 1089 1159 :
1121 1112 1220 1159 aut
1245 1122 1356 1176 quo
1376 1108 1559 1174 modo,
1583 1110 1804 1179 vulgato
1886 1106 2210 1175 humiliare;
2249 1115 2305 1163 et
2324 1110 2450 1164 ideo
2473 1111 2530 1164 hi
2551 1128 2745 1167 omnes
2755 1115 2909 1183 justo
2938 1117 3036 1170 Dei
3062 1118 3274 1187 judicio
3293 1119 3483 1176 humi-

209 1206 490 1251 sermone,
512 1190 569 1244 in
600 1193 978 1259 monasteriis,
1003 1210 1068 1249 ex
1098 1214 1204 1252 usu
1219 1199 1472 1254 omnium
1500 1200 1805 1254 monacho-
1886 1193 2192 1250 liabuntur-
2226 1197 2387 1261 QHOd
2440 1205 2699 1254 caventes
2736 1204 2971 1273 aPOStOIi
3019 1211 3077 1260 et
3110 1223 3305 1262 omnes
3350 1208 3483 1266 boni

207 1284 415 1344 rum,et
430 1296 497 1333 ex
516 1291 794 1352 praecepto
814 1285 1041 1352 regulte,
1062 1303 1122 1340 se
1138 1286 1375 1343 invicem
1394 1289 1672 1355 monachi,
1692 1306 1805 1343 non
1887 1284 2011 1351 viri,
2046 1286 2369 1340 maluerunt
2399 1304 2457 1341 se
2500 1287 2737 1343 invicem
2791 1297 2988 1345 mutuo
3035 1296 3340 1363 praevenire
3384 1297 3484 1352 ho-

207 1385 300 1422 nos
328 1368 627 1423 voccnt.in
651 1387 761 1441 quo
779 1376 1014 1442 paterna
1032 1381 1289 1430 servatur
1308 1378 1621 1432 reverentia
1647 1378 1802 1442 Quod
1889 1389 2044 1438 nore,
2077 1380 2135 1429 et
2181 1391 2375 1429 omnes
2417 1393 2540 1430 esse
2568 1376 2788 1445 fratres,
2817 1378 2873 1432 id
2905 1386 3008 1444 est,
3037 1383 3204 1437 unius
3233 1385 3483 1455 parentis

206 1462 380 1523 94]
425 1459 504 1513 sic
528 1464 681 1515 recte
705 1462 956 1525 solvitur,
988 1481 1115 1519 cum
1147 1466 1383 1521 dicimus
1421 1467 1574 1522 aliud
1604 1473 1808 1523 natura
1888 1461 2052 1527 ﬁlios.
2083 1463 2396 1533 gaudentes
2440 1481 2542 1536 P8P
2570 1482 2725 1520 nova?
2758 1468 3065 1523 natiVitatis
3107 1473 3484 1540 regeneratio-

206 1556 423 1619 patrem
456 1568 598 1614 esse,
633 1552 718 1606 vel
749 1554 1101 1622 magistrum,
1129 1560 1188 1609 et
1223 1556 1375 1611 aliud
1416 1557 1794 1627 indulgentia,
1888 1568 2036 1617 nem,
2069 1553 2279 1607 terreni
2311 1560 2470 1608 ortus
2501 1557 2799 1611 excessisse
2838 1558 3168 1627 primordia,
3201 1567 3259 1615 et
3306 1578 3485 1616 unum

207 1638 362 1693 Unde
381 1640 430 1693 si
452 1646 671 1710 patrem
695 1659 976 1709 vocamus,
1005 1643 1276 1699 honorem
1299 1646 1452 1699 aetati
1476 1646 1798 1713 deferimus,
1886 1638 1989 1692 Sibi
2012 1657 2250 1710 ρι’ίθθεεθ
2274 1642 2534 1697 omnibus
2562 1644 2802 1699 caelestis
2829 1646 3096 1701 doctrinae
3126 1648 3483 1719 magistrum.

203 1729 278 1780 vel
333 1730 711 1784 reverentiam
762 1732 1092 1786 meritorum
1116 1751 1129 1799 ;
1164 1749 1273 1787 non
1320 1740 1603 1788 auctorem
1646 1751 1793 1799 eum,
1822 1729 1865 1788 Β
1886 1728 2046 1782 Unde
2076 1729 2207 1799 quia
2224 1730 2332 1784 hoc
2351 1731 2456 1785 sibi
2478 1733 2733 1788 Christus
2750 1735 3139 1804 magisterium
3169 1738 3488 1809 specialiter

205 1833 369 1888 quem
422 1823 646 1889 patrem
690 1836 969 1884 vocamus,
1024 1826 1232 1876 nostrae
1277 1821 1514 1877 dicimus
1543 1824 1685 1887 vitm,
1729 1825 1807 1878 sic
1887 1817 1946 1870 in
1974 1833 2036 1871 se
2063 1818 2315 1884 retinuit,
2352 1837 2479 1873 mox
2524 1822 2761 1876 formam
2804 1823 3070 1878 doctrinae
3113 1826 3390 1895 adhibuit,
3423 1833 3488 1885 ut

205 1907 537 1976 magistrum
562 1909 692 1978 jure
714 1924 827 1963 non
857 1909 1103 1973 aliunde,
1148 1926 1314 1981 quam
1357 1927 1423 1964 ex
1452 1928 1558 1964 usu
1585 1917 1643 1965 et
1669 1929 1803 1967 οοη-
1888 1904 1983 1975 qui
2012 1907 2131 1960 vult
2159 1908 2343 1977 major
2362 1925 2504 1974 esse,
2527 1910 2603 1964 sit
2626 1912 2875 1965 omnium
2898 1911 3260 1968 minister.Ac
3280 1915 3484 1970 deinde

204 1996 373 2050 sortio
407 1996 526 2050 veri
552 1997 826 2068 magistri.
856 1997 923 2050 Et
952 2015 1023 2051 ne
1049 1999 1121 2053 ad
1153 1998 1453 2053 inlinitunr
1469 2002 1800 2071 pertendam
1885 1995 2151 2049 continuo
2189 2012 2417 2051 causam
2449 2004 2619 2053 tanta:
2669 2000 3006 2055 humilitatis
3035 2002 3315 2073 duplicem
3348 2004 3483 2059 sub-

203 2086 833 2156 sermonem,quomodo
859 2102 1005 2140 unus
1024 2103 1123 2157 per
1143 2093 1405 2141 naturam
1423 2088 1640 2143 Deuset
1653 2106 1801 2144 unus
1880 2079 2035 2152 ,ἰθείῐν
2065 2099 2234 2137 "nam
2261 2084 2473 2139 SCiliCBt
2499 2086 2567 2139 ad
2597 2087 2837 2157 glm‘iam
2864 2088 2986 2143 Vita:
3014 2096 3301 2161 perpetua:
3315 2109 3483 2164 cape-

202 2173 397 2239 Filius,
430 2190 546 2228 non
592 2175 924 2245 praejudicat
947 2176 1181 2240 caeteris,
1212 2192 1281 2230 ne
1322 2178 1696 2249 nuncupative
1722 2179 1799 2233 dii
1883 2170 2145 2225 scendam
2185 2172 2245 2226 in
2290 2174 2532 2240 Christo,
2585 2175 2820 2230 alteram
2869 2184 3090 2233 {eternal
3148 2179 3484 2235 humilitatis

204 2268 471 2316 vocentur
498 2262 698 2321 sancti.
731 2267 788 2316 et
816 2263 914 2317 filii
965 2280 1067 2333 per
1102 2264 1421 2333 adoptionis
1447 2266 1695 2336 gratiam
1724 2267 1804 2322 di-

203 2358 396 2406 cantur
431 2350 510 2405 dii
543 2370 554 2404 2
590 2351 673 2406 ita
701 2368 847 2406 unus
877 2358 1038 2430 pater
1067 2358 1124 2407 et
1152 2354 1427 2423 magister
1456 2372 1568 2409 non
1594 2357 1803 2427 prazju-

202 2441 347 2494 dicat
357 2440 507 2506 aliis,
522 2455 591 2494 ne
613 2439 840 2494 abusive
855 2441 1213 2512 appellentur
1232 2450 1420 2513 patres
1439 2448 1497 2496 et
1516 2444 1795 2512 magistri.

206 2528 480 2592 Quoniam
504 2529 657 2582 aliud
686 2536 772 2583 est
793 2536 916 2583 arte
935 2530 1266 2599 magistrum
1297 2547 1439 2596 esse,
1455 2538 1511 2585 et
1530 2532 1684 2585 aliud
1704 2548 1800 2603 po-

204 2622 403 2672 testate
433 2622 492 2672 et
513 2623 736 2672 natura.
761 2618 1116 2690 Quapropter
1134 2620 1193 2674 in
1224 2620 1484 2674 omnibus
1514 2620 1647 2687 illis,
1667 2621 1801 2674 tolle

204 2723 399 2761 vanam
421 2723 487 2760 ac
511 2707 796 2778 propriam
815 2708 1281 2778 assumptionem,
1306 2725 1377 2762 ne
1406 2714 1630 2762 ametur
1642 2707 1799 2762 favor

203 2812 350 2850 vanae
378 2796 597 2866 gloriae,
628 2797 725 2851 sed
752 2802 1006 2850 servetur
1034 2784 1214 2850 honor
1250 2796 1351 2851 Dei
1385 2802 1442 2851 et
1466 2797 1666 2866 religio
1696 2797 1798 2851 ho-

206 2886 439 2939 nestatis
463 2904 474 2938 :
509 2885 759 2939 invenies
786 2885 934 2956 quod
960 2902 1072 2939 non
1097 2884 1375 2956 prohibet,
1409 2891 1474 2939 ut
1505 2901 1797 2956 nunquam

207 2972 270 3026 ab
305 2973 440 3027 aliis
476 2974 558 3027 ita
601 2980 867 3028 vocentur
913 2973 1107 3043 aliqui,
1149 2973 1246 3028 sed
1293 2973 1401 3026 hoc
1444 2973 1802 3029 introducere

1884 2258 2267 2314 confusionem
2332 2263 2783 2333 superbientibus
2835 2267 3350 2323 demonstrandam.
3412 2271 3484 2325 Et

1887 2347 2022 2417 quia
2054 2348 2159 2402 sibi
2212 2351 2590 2406 essentialiter
2618 2370 2821 2408 nomen
2874 2355 3129 2426 magistri
3164 2357 3480 2426 vindicavit,

1884 2433 2017 2489 licet
2063 2437 2188 2491 aliis
2225 2437 2427 2505 verbis,
2461 2441 2831 2512 eamdemque
2879 2443 3118 2499 formam
3166 2447 3479 2517 proposuit,

1882 2524 2098 2589 Discite,
2131 2525 2333 2597 inquit,
2366 2546 2402 2582 a
2422 2546 2506 2582 me
2526 2532 2660 2598 quia
2682 2534 2835 2585 mitis
2861 2548 2987 2586 sum
3004 2539 3051 2587 et
3073 2535 3306 2589 Immitis
3327 2537 3485 2590 corde

1885 2609 2107 2681 {Matth
2142 2629 2215 2679 x1,
2240 2615 2350 2682 29).
2377 2617 2536 2671 Unde
2559 2618 2876 2690 quicunque
2897 2622 3019 2691 ejus
3039 2622 3346 2694 discipulus
3363 2623 3484 2679 vult

1884 2717 2024 2765 esse,
2058 2703 2373 2758 doctrinam
2405 2722 2571 2776 quam
2596 2723 2657 2761 se
2701 2709 2999 2778 proﬁtetur
3025 2710 3226 2765 docere
3256 2728 3483 2767 necesse

1885 2794 1972 2842 est
2001 2789 2277 2845 instanter
2318 2792 2528 2861 discat;
2564 2795 2697 2864 quia
2735 2802 2870 2850 tunc
2926 2798 3204 2868 perfectus
3245 2801 3485 2872 quisque

1886 2879 2011 2944 erit,
2035 2878 2081 2932 si
2101 2879 2175 2933 sit
2193 2881 2339 2935 sicut
2366 2883 2638 2953 magister
2657 2885 2957 2954 ejus.AJias
2980 2892 3192 2953 autem,
3217 2905 3329 2944 non
3354 2891 3477 2945 dico

1884 2967 2175 3039 magister,
2205 2986 2398 3024 verum
2452 2988 2556 3025 nec
2603 2972 2906 3045 discipulus
2937 2976 3064 3040 erit,
3096 2977 3192 3048 qui
3238 2978 3484 3034 noluerit

209 3061 446 3127 videtur,
478 3080 551 3116 ne
598 3063 920 3117 desiderent
947 3062 1204 3132 discipuli
1248 3063 1456 3118 Christi
1495 3062 1565 3117 ob
1601 3078 1805 3117 vanam
1823 3061 1867 3121 C
1889 3055 2104 3112 discere
2129 3058 2438 3113 doctrinam
2472 3076 2641 3131 quam
2668 3062 2936 3133 magister
2962 3064 3141 3119 docet.

208 3151 466 3221 gloriam,
495 3151 584 3205 his
625 3151 808 3205 vocari
855 3151 1200 3214 nominibus,
1256 3153 1340 3206 vel
1367 3151 1810 3223 superstitiosius

211 3241 265 3294 in
293 3241 488 3311 aliquo
522 3240 785 3294 honorari
823 3257 992 3311 quam
1033 3240 1309 3311 expediat.
1356 3243 1465 3309 Qui
1510 3245 1692 3310 major
1735 3245 1809 3294 est

212 3335 470 3393 vestrum,
505 3331 613 3382 erit
640 3334 808 3383 vester
836 3332 1112 3383 minister.
1143 3331 1250 3396 Qui
1268 3335 1453 3384 autem
1478 3347 1533 3383 se
1544 3333 1811 3383 exaltare-

212 3422 304 3483 rit,
333 3418 742 3472 humiliabitur
762 3436 778 3481 ;
801 3422 850 3471 et
868 3420 1032 3486 quise
1044 3420 1447 3485 humiliarerit,
1471 3420 1810 3472 exattabitur

213 3507 347 3571 Quia
359 3507 601 3561 dixerat:
621 3507 703 3560 Ne
717 3506 989 3561 vocemini
1002 3507 1339 3576 magistri,et
1347 3523 1416 3560 ne
1429 3512 1687 3561 amarent
1698 3507 1810 3578 pri-

212 3614 326 3651 mos
356 3596 669 3657 accubitus,
710 3613 811 3650 seu
841 3602 1061 3659 caetera,
1094 3596 1221 3650 ideo
1248 3596 1495 3667 seipsum
1544 3596 1810 3667 proponit

212 3687 445 3742 formam
463 3693 521 3741 et
532 3687 846 3758 exemplum
860 3686 936 3740 hu
945 3685 1212 3746 militatis,
1224 3686 1319 3756 qui
1332 3702 1418 3738 ma
1427 3685 1513 3755 gis
1526 3702 1591 3739 ex
1605 3691 1811 3739 natura

212 3776 482 3843 magister
507 3782 758 3837 vocatur,
783 3792 950 3846 quam
975 3792 1041 3829 ex
1062 3774 1431 3845 indulgentia,
1449 3791 1514 3828 eo
1537 3775 1683 3845 quod
1713 3792 1815 3846 per

213 3865 391 3935 ipsum
441 3868 702 3918 constant
742 3863 950 3926 omnia,
985 3868 1043 3916 et
1070 3879 1135 3916 ex
1181 3861 1598 3934 dispensatione
1628 3862 1814 3917 carnis

214 3955 330 4023 ejus
359 3970 558 4007 omnes
597 3952 888 4007 erudimur
945 3952 1017 4005 ad
1046 3951 1240 4017 vitam,
1285 3956 1343 4006 et
1382 3950 1815 4009 recanciliamur

216 4041 344 4104 Deo,
368 4058 473 4114 per
490 4040 596 4095 hoc
618 4040 765 4112 quod
796 4041 976 4109 major
996 4045 1081 4094 est
1100 4041 1471 4094 nostrum.Ac
1499 4039 1544 4094 si
1564 4039 1805 4094 diceret:

214 4128 397 4183 Nolite
415 4145 613 4183 amare
632 4126 907 4198 primatus
926 4127 1172 4192 honoris,
1193 4127 1501 4202 nec’vocari
1532 4126 1806 4198 magistri,

214 4218 359 4272 sicut
389 4235 483 4272 nec
509 4234 602 4286 ego
621 4219 861 4286 gloriam
894 4233 1071 4270 meam
1101 4233 1301 4285 quaero,
1335 4206 1429 4270 sed
1455 4221 1530 4270 est
1558 4218 1811 4285 quique:-

213 4312 299 4361 rat
339 4309 518 4374 (Joan.
547 4321 646 4360 vm
677 4303 786 4376 50).
820 4306 908 4361 Ita
924 4311 981 4360 et
998 4322 1094 4360 vos
1138 4304 1414 4360 intendite
1442 4305 1503 4359 in
1533 4321 1643 4371 me,
1678 4304 1811 4375 quia

214 4397 392 4451 Filius
408 4398 652 4451 hominis
680 4412 790 4449 non
810 4398 957 4450 venit
978 4398 1322 4461 ministrari,
1351 4397 1442 4449 sed
1460 4397 1805 4459 ministrare,

213 4490 258 4538 et
286 4488 531 4539 aminam
560 4501 723 4538 suam
753 4485 886 4539 dare
908 4500 1014 4553 pro
1042 4487 1238 4538 multis
1263 4484 1479 4552 (Matth,
1506 4500 1594 4547 xx,
1626 4481 1695 4538 28
1725 4483 1810 4537 .In

215 4573 315 4628 hoc
357 4574 554 4646 quippe
583 4574 704 4628 loco
734 4590 846 4627 non
875 4573 1057 4627 solum
1078 4572 1378 4645 discipulos
1403 4589 1534 4626 suos
1562 4571 1808 4637 instruit,

214 4678 412 4717 verum
440 4670 497 4717 et
524 4662 827 4734 magistros
849 4662 1246 4726 Ecclesiarum,
1263 4678 1334 4716 ne
1355 4660 1557 4732 aliquis
1573 4661 1813 4714 honores
1834 4658 1841 4661 ’

215 4768 313 4822 per
334 4749 703 4807 ambitionem
726 4757 959 4822 quaerat,
978 4751 1075 4806 sed
1092 4751 1187 4822 qui
1209 4751 1448 4805 voluerit
1469 4751 1651 4821 major
1671 4765 1809 4815 esse,

220 4840 292 4894 sit
320 4840 583 4912 primum,
607 4839 755 4911 quod
783 4840 902 4911 ipse
930 4840 1109 4894 factus
1133 4844 1235 4905 est,
1263 4839 1515 4893 omnium
1539 4838 1811 4893 minister.

221 4929 380 4994 Quod
411 4929 457 4984 si
485 4928 699 5001 aliquid
728 4929 797 4983 de
829 4929 915 4983 his
940 4928 1260 4983 desiderare
1282 4928 1528 4995 libuerit,
1559 4944 1700 4999 opus
1728 4927 1820 4981 de-

222 5019 448 5085 sideret,
472 5025 530 5074 et
548 5036 662 5073 non
684 5018 971 5089 fastigium
1000 5017 1249 5085 honoris;
1281 5017 1605 5071 ministrare
1629 5015 1817 5088 potius

223 5113 281 5161 et
311 5108 513 5164 servire
542 5108 824 5175 omnibus,
855 5125 1025 5179 quam
1053 5106 1160 5161 sibi
1200 5105 1397 5160 serviri
1424 5111 1482 5160 et
1505 5105 1815 5159 ministrari

223 5195 293 5249 ab
321 5197 597 5252 omnibus.
632 5196 776 5260 Quia
802 5213 980 5251 unum
1008 5212 1202 5250 eorum
1235 5194 1305 5249 de
1333 5193 1632 5266 supercilio
1665 5194 1816 5248 venit

222 5284 651 5351 Pharisaeorum,
670 5285 909 5339 alterum
927 5300 1055 5337 vero
1068 5284 1136 5338 de
1147 5281 1401 5337 doctrina
1418 5290 1474 5337 et
1493 5280 1816 5351 magisterio

224 5373 449 5429 Christi.
465 5374 609 5431 Nam
632 5372 727 5445 qui
746 5372 1006 5428 ambiunt
1024 5377 1082 5427 et
1100 5372 1397 5443 requirunt
1424 5369 1529 5426 sibi
1552 5370 1817 5435 honores,

224 5461 338 5532 ipsi
366 5469 490 5518 sunt
519 5460 615 5534 qui
645 5463 895 5516 exaltant
919 5486 931 5525 ς
962 5467 1020 5515 et
1047 5460 1144 5532 qui
1172 5459 1494 5514 ministrare
1524 5463 1581 5513 et
1609 5458 1820 5513 servire

223 5548 489 5619 gaudent,
520 5552 628 5623 ipsi
657 5557 789 5609 sunt
809 5550 906 5622 qui
933 5566 992 5607 se
1012 5548 1331 5617 humiliant,
1354 5554 1420 5604 ut
1447 5548 1770 5605 exaltentur
1788 5564 1823 5603 a

1977 3147 2052 3199 Vae
2093 3149 2258 3213 vobis,
2288 3148 2489 3219 inquit,
2538 3150 2740 3205 Scriba;
2776 3156 2825 3203 et
2870 3153 3137 3207 Pharisaei
3165 3154 3476 3223 hypocrita,

1891 3238 1991 3303 qui
2000 3239 2084 3289 cla
2093 3238 2190 3289 udi
2193 3240 2262 3291 tis
2274 3253 2509 3305 regnum
2526 3242 2722 3293 catam
2731 3256 2783 3292 m
2794 3246 2921 3294 ante
2933 3241 3178 3296 homines
3199 3260 3211 3308 ;
3231 3260 3320 3296 vos
3331 3246 3482 3299 enim

1893 3340 2005 3379 non
2022 3327 2269 3391 intratis,
2304 3343 2399 3380 nec
2418 3331 2756 3383 introeuntes
2770 3334 2957 3384 sinitis
2983 3334 3221 3386 intrare.
3235 3333 3485 3388 Audiant

1892 3412 1939 3466 si
1968 3412 2111 3466 forte
2154 3414 2337 3468 adhuc
2365 3415 2464 3469 ulli
2520 3423 2650 3471 sunt
2701 3418 3137 3473 Manichzeorum
3168 3421 3486 3492 complices,

1893 3501 1988 3572 qui
2018 3502 2214 3555 dicunt
2258 3503 2437 3556 Deum
2466 3505 2685 3559 Veteris
2713 3507 3077 3575 Testamenti,
3110 3525 3221 3563 non
3250 3508 3480 3576 bonum,

1892 3596 2121 3661 propter
2142 3590 2563 3647 maledictiones
2591 3610 2729 3664 quas
2757 3595 2942 3665 posuit
2968 3596 3025 3649 in
3066 3597 3190 3668 lege
3217 3599 3486 3653 adversus

1894 3684 2213 3750 peccatores
2242 3696 2307 3733 ac
2334 3680 2739 3751 delinquentes.
2774 3683 2931 3746 Quod
2964 3684 3011 3738 si
3039 3701 3170 3739 eum
3200 3687 3482 3740 crudelem

1894 3775 2095 3823 vocant
2135 3773 2193 3822 et
2242 3769 2686 3839 sanguinarium,
2714 3771 2849 3840 quid
2901 3771 3100 3827 dicturi
3133 3779 3265 3828 sunt
3293 3775 3351 3828 in
3380 3774 3486 3828 hoc

1894 3857 2016 3911 loco
2045 3857 2113 3911 de
2139 3858 2362 3912 Christo
2392 3874 2556 3929 quem
2584 3858 2887 3929 benignum
2921 3861 3168 3915 vocant?
3198 3863 3267 3916 Et
3294 3868 3484 3917 tamen

1896 3962 2142 4000 consona
2169 3962 2300 3999 voce
2328 3946 2572 4001 ostendit
2600 3964 2660 4001 sc
2698 3964 2891 4001 verum
2924 3948 3025 4003 Dei
3074 3949 3298 4015 Filium,
3332 3950 3486 4005 illius

1897 4035 1991 4105 qui
2016 4035 2199 4104 legem
2230 4034 2400 4088 dedit.
2429 4034 2691 4099 Quinimo
2712 4036 2879 4090 etiam
2908 4042 2965 4091 et
2992 4037 3239 4109 seipsum
3268 4039 3465 4111 legisla

1891 4128 2070 4177 torem
2088 4122 2356 4183 insinuat,
2376 4124 2508 4177 dum
2537 4124 2843 4179 secundum
2866 4125 3292 4181 similitudinem
3313 4127 3485 4183 bene-

1891 4212 2197 4266 dictionum
2228 4230 2367 4284 quas
2420 4213 2607 4285 posuit
2642 4214 2702 4268 in
2749 4214 2895 4285 lege,
2926 4215 3218 4287 prOposuit
3264 4228 3320 4272 et
3365 4217 3487 4290 ipse

1890 4300 1950 4354 in
1977 4301 2273 4371 Evangelio
2292 4301 2665 4358 beatitudines
2684 4320 2878 4358 eorum
2901 4305 2996 4375 qui
3016 4306 3330 4373 salvantur;
3364 4322 3491 4362 nec-

1827 4373 2005 4445 Dnon
2035 4396 2093 4444 et
2135 4389 2533 4447 similitudines
2585 4373 3040 4448 maledictionum
3079 4410 3219 4466 quas
3265 4395 3323 4451 in
3361 4396 3487 4467 lege

1896 4488 2281 4551 proposuerat,
2305 4481 2569 4551 proponit
2587 4481 2645 4535 in
2671 4482 2775 4536 hoc
2798 4482 2937 4549 loco;
2957 4483 3103 4538 sicut
3119 4489 3177 4537 et
3195 4484 3253 4538 in
3273 4486 3488 4540 caeteris

1897 4575 2093 4622 contra
2121 4579 2441 4640 peccatores
2476 4577 2782 4641 contraque
2812 4571 3221 4642 delinquentes,
3252 4579 3317 4628 ut
3346 4574 3487 4628 resi-

1896 4655 2118 4726 piscant
2145 4672 2178 4709 a
2206 4657 2370 4711 malis
2417 4663 2605 4722 9.53
2638 4658 2773 4722 suis,
2808 4658 2889 4712 ita
2917 4659 3106 4714 dicens
3133 4678 3143 4713 :
3182 4660 3274 4715 Vae
3303 4660 3483 4730 nobis,

1896 4750 1953 4798 et
1988 4744 2159 4798 vobis.
2191 4745 2404 4808 Quibus
2450 4762 2550 4800 cur
2595 4746 2700 4801 hoc
2749 4747 2919 4811 dicat,
2951 4748 3097 4803 sicut
3142 4754 3201 4804 et
3236 4749 3296 4805 in
3340 4751 3483 4822 lege,

1897 4849 2025 4887 mox
2053 4833 2239 4909 reddit
2266 4851 2483 4889 causas.
2518 4835 2675 4890 Unde
2721 4841 2836 4890 tam
2891 4837 2982 4891 hic
3029 4854 3196 4910 quam
3255 4838 3313 4893 in
3342 4839 3485 4912 lege,

1896 4921 1967 4975 ab
1988 4938 2100 4977 uno
2129 4922 2337 4980 Deo.id
2361 4930 2464 4989 est,
2485 4923 2883 4995 benignissimo
2911 4927 3043 4981 Jesu
3072 4926 3317 4995 Christo,
3351 4928 3489 4983 satis

1899 5010 2137 5082 benigne
2157 5017 2291 5066 sunt
2330 5012 2495 5078 dicta,
2520 5013 2635 5067 sive
2673 5014 3094 5070 maledictiones
3114 5016 3172 5070 in
3202 5017 3342 5087 lege,
3371 5017 3488 5072 sive

1897 5101 2044 5155 istud
2076 5118 2174 5163 vae,
2208 5102 2356 5172 quod
2393 5102 2809 5173 promintiantis
2838 5104 3040 5159 allectu
3087 5110 3238 5159 recte
3275 5104 3486 5160 dictum

1897 5189 2263 5261 intelligitur;
2297 5207 2406 5244 non
2437 5192 2586 5262 quod
2628 5208 2693 5245 ex
2726 5192 3183 5263 pronuntiatione
3220 5192 3328 5248 ista
3357 5210 3488 5266 pro-

1898 5279 2212 5334 nuntiantis
2244 5278 2544 5352 unicuique
2571 5281 2901 5353 contingant
2929 5288 3169 5354 peccata,
3197 5283 3292 5338 sed
3321 5285 3489 5355 justas

1897 5366 2378 5422 condemnationis
2401 5369 2615 5439 judicio
2659 5370 2983 5442 unicuique,
3014 5370 3146 5442 quia
3178 5378 3371 5443 peccat
3421 5374 3491 5430 Et

1899 5466 2013 5511 non
2041 5454 2162 5511 dico
2190 5461 2411 5512 tantum
2443 5458 2576 5529 quia
2612 5465 2822 5531 peccat,
2857 5475 3048 5514 verum
3079 5460 3251 5516 etiam
3281 5468 3339 5516 et
3365 5466 3494 5533 post

1899 5542 2038 5600 talia
2064 5543 2442 5614 interminata,
2476 5547 2608 5618 quia
2651 5547 2958 5603 secundum
3004 5548 3489 5620 impaenitudinem
