3872 6158
476 172 574 241 771

1240 183 1305 239 S.
1341 181 1723 241 PASGHASII
1760 170 2123 241 RADBERTI
2158 181 2464 240 ABBATIS
2500 178 2997 241 CORBEIENSIS.

3559 187 3635 250 πει

684 310 895 379 peccat,
927 309 987 361 et
1010 320 1068 362 se
1095 302 1308 378 praebet
1335 303 1405 359 ad
1432 319 1497 361 ea
1527 302 1899 374 promerenda
1940 319 2064 375 que
2081 306 2129 365 Α
2147 303 2332 358 redire
2353 303 2424 358 ad
2454 302 2631 359 Deum
2673 303 2866 366 velint.
2899 320 3004 363 nec
3048 304 3182 361 alios
3206 308 3497 387 permittant
3516 328 3643 371 suum

468 395 621 453 Deus
640 390 948 468 disciplinze
972 411 1139 448 causa
1158 393 1391 465 protulit
1418 393 1682 448 adversus
1712 409 1825 453 eos,
1847 398 1910 446 ut
1930 409 2063 446 con-

471 491 826 542 verterentur
844 484 916 538 ad
962 484 1169 538 bonum
1200 489 1257 537 et
1284 499 1344 536 se
1369 481 1733 550 corrigerent.
1765 482 1909 536 Nam
1956 482 2063 536 im-

472 574 922 645 praesentiarum,
954 572 1099 627 sicut
1122 571 1263 625 nulli
1292 586 1423 624 vera
1457 569 1742 624 beatitudo
1793 570 2064 623 hactenus

474 663 585 721 nisi
609 663 669 717 in
720 679 817 733 spe
856 667 1190 733 praestatur:
1226 660 1306 715 ita
1353 675 1455 715 nec
1504 658 1840 723 maledictio,
1871 659 1955 712 vel
1986 676 2063 712 vae

472 751 625 807 istud
655 752 924 809 futurum.
953 751 1073 820 jam
1128 749 1484 803 terminatur.
1534 748 1641 801 Sed
1679 747 1823 802 sicut
1860 764 2067 817 magna

470 840 708 895 felicitas
751 840 809 893 in
835 839 992 903 cmlo,
1019 837 1306 895 beatitudo
1336 837 1679 903 nominatur,
1707 841 1763 893 et
1791 836 1910 907 ipsa
1938 853 2069 890 vera

469 927 775 990 beatitudo,
807 927 865 980 in
898 943 1072 996 regno
1126 927 1217 980 Dei
1248 927 1560 997 completur
1592 943 1602 977 :
1639 925 1719 979 ita
1760 925 2069 980 lamentum

469 1021 527 1070 et
554 1016 719 1070 ﬂetus
748 1016 948 1071 barum
1004 1015 1463 1069 maledictionum
1512 1014 1571 1068 in
1597 1014 1814 1068 interno
1844 1015 2064 1069 conclu-

468 1104 639 1163 ditur.
671 1104 860 1175 ibique
888 1104 1111 1159 inﬁnita
1141 1104 1366 1157 miseria
1394 1109 1451 1158 et
1470 1103 1749 1157 cruciatus
1776 1120 1854 1157 vae
1875 1120 2068 1158 secun-

468 1193 622 1259 dum,
654 1193 710 1248 in
739 1193 1071 1264 Apocalypsi
1106 1193 1339 1247 Joannis
1388 1193 1519 1265 quia
1550 1192 1789 1262 primum
1812 1192 1953 1246 abiit
1978 1192 2065 1246 di-

469 1281 711 1339 citur.Et
738 1281 841 1336 hoc
860 1288 946 1334 est
966 1280 1100 1334 illud
1129 1298 1226 1340 vae,
1246 1280 1394 1351 quod
1425 1297 1534 1333 non
1557 1281 1738 1334 solum
1773 1279 1981 1333 Scribis
2010 1286 2066 1333 et

470 1371 787 1433 Pharisaeis,
807 1387 995 1425 verum
1016 1370 1182 1424 etiam
1203 1369 1463 1423 omnibus
1479 1369 1732 1440 reprobis
1749 1369 1821 1422 im
1830 1386 2067 1441 prasen-

473 1460 682 1515 tiarum
705 1459 1091 1522 denuntiatur,
1110 1464 1175 1512 ut
1201 1458 1257 1512 in
1292 1458 1479 1511 futuro
1507 1457 1907 1511 inexcusabiles
1929 1459 2063 1511 sint.

473 1553 532 1603 et
552 1549 708 1618 justo
741 1549 840 1603 Dei
860 1548 1071 1618 judicio
1120 1547 1445 1617 puniantur.
1476 1549 1589 1600 Nec
1617 1547 1897 1601 immerito
1932 1564 2065 1617 ergo

2146 392 2303 462 sequi
2325 392 2612 455 factorem,
2647 409 2829 463 neque
2857 393 2926 447 de
2955 400 3129 448 morte
3166 395 3232 449 ad
3268 396 3418 452 vitam
3440 401 3642 456 transire.

2147 481 2291 545 Quid
2318 498 2450 552 ergo
2479 481 2547 535 de
2596 481 2802 535 talibus
2831 488 3008 537 restat
3056 483 3179 544 nisi,
3206 501 3417 554 quorum
3454 503 3547 542 una
3586 495 3651 543 est

2146 571 2417 625 scelerata
2448 570 2727 640 impietas,
2759 587 2871 624 una
2901 571 2974 626 sit
3002 577 3057 626 et
3084 588 3242 643 poena
3279 579 3651 630 tormentorum?

2149 659 2353 712 Reddit
2394 665 2583 712 autem
2614 659 2849 728 singulis
2881 659 3044 721 vitiis,
3069 660 3307 730 singulas
3342 663 3574 718 clausulas
3594 666 3655 718 vi-

2148 747 2373 801 tiorum.
2400 747 2544 811 Quia
2573 747 2886 802 dilatabant
2909 749 3247 819 phylacteria
3260 767 3370 815 sua,
3394 751 3655 807 simulantes

2150 852 2208 889 se
2231 844 2470 900 sanctos,
2492 843 2548 889 et
2567 835 3003 907 magniﬁcabant
3022 837 3282 902 ﬁmbrias,
3309 840 3502 909 justum
3518 840 3660 896 fuitut

2152 925 2456 996 hypocritae
2484 932 2833 979 vocarentur.
2857 925 3202 980 Claudebant
3224 942 3345 980 vero
3359 944 3558 997 regnum
3581 945 3657 982 cm-

2152 1013 2331 1068 lorum
2356 1021 2487 1069 ante
2516 1031 2593 1077 se,
2614 1019 2672 1068 et
2700 1020 2830 1068 ante
2858 1014 3017 1079 alios,
3042 1030 3179 1085 quos
3202 1014 3417 1069 introire
3435 1032 3528 1070 non
3547 1016 3658 1071 sine-

2151 1101 2319 1167 bant;
2352 1103 2482 1174 quia
2513 1103 2824 1174 alligabant
2864 1120 3037 1158 onera
3064 1103 3254 1173 gravia
3277 1109 3330 1157 et
3354 1102 3660 1173 importabilia

2149 1208 2317 1263 super
2345 1192 2634 1246 hominum
2671 1193 2955 1255 humeros,
2989 1208 3113 1262 quae
3162 1191 3264 1262 ipsi
3293 1208 3386 1245 nec
3412 1191 3558 1261 digito
3581 1208 3663 1245 mo-

2147 1297 2275 1333 vere
2296 1279 2611 1351 cupiebant.
2636 1282 2875 1351 praedam
2898 1286 3207 1351 captantes,
3225 1286 3279 1333 et
3298 1280 3505 1349 gloriam
3525 1280 3662 1350 requi-

2147 1375 2336 1423 rentes
2357 1386 2390 1423 a
2416 1370 2638 1441 populo.
2673 1370 2898 1424 Certum
2944 1382 3186 1439 namque
3217 1368 3485 1428 habebant,
3513 1385 3541 1421 θ,
3573 1367 3662 1438 lege

2149 1465 2207 1511 et
2225 1458 2532 1528 prophetis.
2558 1458 2704 1529 quod
2741 1458 2861 1529 ipse
2887 1465 3037 1512 esset
3061 1458 3333 1511 Christus.
3349 1456 3487 1511 Unde
3512 1456 3661 1525 magis,

2149 1563 2261 1600 non
2292 1547 2594 1610 immerito,
2614 1546 2918 1618 hypocrita;
2947 1554 3082 1600 sunt
3102 1546 3275 1599 vocati
3315 1545 3435 1617 quia
3458 1544 3663 1598 dissimu-

473 1636 742 1708 quteritur
777 1653 877 1692 cur
905 1643 1028 1691 octo
1084 1635 1213 1690 sint.
1251 1635 1654 1695 beatitudines;
1707 1652 1737 1689 e
1783 1636 2063 1689 contrario
2085 1619 2130 1680 Β
2152 1634 2342 1688 labant
2369 1652 2427 1689 se
2457 1635 2670 1689 nescire
2698 1652 2886 1688 verum
2919 1634 3204 1689 Christum
3237 1651 3393 1705 quem
3414 1633 3666 1705 plenissime

472 1725 734 1783 Salvator
756 1725 964 1796 septies
991 1725 1097 1778 hoc
1126 1725 1243 1778 loco
1291 1741 1371 1777 vae
1409 1724 1704 1778 intulerit?
1755 1725 1879 1778 Non
1910 1724 2061 1778 enim

470 1814 680 1870 factum
711 1813 810 1869 abs
841 1830 903 1868 re
934 1812 1289 1867 crediderim.
1319 1812 1605 1883 Siquidem
1638 1813 1708 1866 de
1738 1813 1829 1866 die
1872 1820 2067 1866 octava

473 1903 606 1974 quia
625 1903 883 1974 legimus,
912 1904 1032 1957 Hac
1051 1906 1125 1955 est
1155 1903 1267 1955 dies
1283 1917 1451 1970 quam
1471 1902 1599 1967 fecit
1620 1904 1887 1956 Dominus
1904 1904 2064 1967 (Psal.

470 1992 753 2062 συππλ-1),
786 1992 1037 2047 fortassis
1064 1996 1122 2045 et
1147 1996 1363 2062 septem
1392 1990 1769 2047 beatitudines
1802 1991 2068 2061 quodam-

471 2082 639 2136 modo
669 2098 734 2136 ex
758 2081 946 2152 gratia
971 2081 1093 2143 Dei,
1127 2079 1451 2134 hominibus
1482 2096 1547 2134 ac
1602 2080 1649 2133 si
1689 2080 1746 2133 in
1776 2097 1873 2150 spe
1927 2079 2062 2144 suis,

463 2169 747 2241 justisque
769 2169 1029 2241 operibus
1062 2175 1413 2240 praestantur.
1449 2168 1557 2223 Sed
1604 2168 1702 2222 illa
1750 2174 1945 2222 octava
1980 2174 2066 2223 est

470 2274 641 2328 quam
669 2258 824 2312 solus
867 2257 1140 2312 Dominus
1169 2256 1316 2320 fecit,
1345 2263 1401 2311 et
1432 2257 1697 2327 praestitit
1720 2257 1900 2327 gratis
1947 2255 2064 2310 suis

468 2345 852 2411 dilectoribus,
879 2351 937 2400 et
961 2346 1092 2416 quia
1111 2346 1168 2399 in
1191 2362 1288 2417 spe
1321 2362 1421 2416 per
1437 2352 1650 2416 septem
1674 2352 2064 2410 cucurrerunt,

468 2434 751 2490 curricula
801 2435 1040 2500 dierum,
1093 2441 1307 2505 septem
1360 2434 1557 2506 repleti
1606 2435 1768 2488 donis
1826 2434 2068 2506 Spiritus

468 2523 670 2590 sancti,
687 2524 904 2597 operati
931 2529 1063 2578 sunt
1081 2525 1182 2578 has
1205 2530 1417 2594 septem
1451 2523 2068 2587 beatitudines.Quibus

472 2631 505 2668 e
531 2613 813 2669 contrario
859 2618 1090 2684 propter
1116 2619 1328 2684 septem
1370 2613 1507 2667 vitia
1562 2612 1910 2684 principalia,
1963 2612 2067 2666 hoc

474 2719 553 2757 va;
580 2703 787 2775 septies
832 2703 1145 2758 revolutum
1175 2718 1430 2765 numero,
1454 2709 1846 2772 comparatur;
1870 2706 1927 2754 et
1954 2717 2066 2754 non

472 2793 625 2847 ultra
643 2791 930 2863 processit,
949 2791 1080 2861 quia
1105 2790 1244 2844 illud
1269 2790 1415 2843 male
1442 2790 1781 2860 completum
1834 2788 1981 2842 infra
2007 2806 2067 2844 se

472 2897 604 2935 suos
655 2879 901 2934 involvit.
961 2880 1037 2932 At
1095 2894 1227 2931 vero
1297 2878 1459 2931 electi
1534 2877 2063 2947 impraesentiarum,

472 2973 685 3038 septem
711 2966 873 3020 donis
895 2964 1137 3036 Spiritus
1155 2964 1330 3018 sancti
1353 2965 1585 3019 enutriti
1608 2965 1675 3018 ad
1699 2964 1851 3018 illam
1873 2982 2067 3037 perve—

474 3060 749 3109 venerunt
765 3060 1015 3108 octavam
1046 3052 1474 3114 beatitudinem,
1509 3069 1677 3124 quam
1716 3050 1849 3106 fecit
1877 3054 2068 3108 Domi-

473 3160 601 3198 nus.
619 3142 718 3199 Isti
742 3148 928 3196 autem
960 3147 1173 3212 septem
1200 3142 1344 3195 male
1364 3140 1545 3195 vexati
1565 3141 1893 3195 criminibus
1913 3158 2069 3213 aeque

472 3248 576 3302 per
602 3236 815 3302 septem
838 3230 1116 3284 curricula
1135 3229 1354 3283 dierum
1387 3230 1529 3283 male
1550 3230 1619 3284 ad
1647 3231 1918 3302 supplicia
1948 3248 2071 3285 cur-

472 3325 681 3384 rentes,
708 3320 814 3375 hoc
842 3335 1016 3373 unum
1041 3335 1229 3373 secum
1271 3318 1526 3372 tulerunt
1547 3336 1644 3385 vae,
1675 3319 1883 3391 septies
1914 3337 2068 3373 revo-

472 3410 676 3471 lutum,
695 3408 841 3479 quod
855 3408 963 3480 ipsi
982 3407 1089 3462 sibi
1106 3407 1533 3461 fabricaverunt.
1556 3409 1713 3462 Unde
1728 3414 1784 3462 et
1797 3409 2067 3462 Dominus

469 3497 636 3567 longe
654 3512 843 3567 supra,
885 3511 1010 3550 cum
1049 3495 1119 3549 ad
1147 3495 1368 3549 Judaeos
1408 3495 1764 3566 loqueretur:
1797 3496 1930 3550 Cum
1966 3499 2069 3549 im-

469 3586 714 3639 mundus
751 3588 940 3651 944
970 3586 1202 3653 spiritus
1242 3583 1444 3654 inquit,
1486 3586 1681 3637 exierit
1710 3585 1778 3637 ab
1824 3584 2063 3650 homine,

466 3674 719 3728 ambulat
738 3689 839 3741 per
856 3675 972 3726 loca
1003 3673 1168 3725 arida
1198 3676 1246 3725 et
1267 3675 1535 3740 inaquosa
1555 3688 1800 3739 querens
1821 3675 2066 3741 requiem

466 3767 517 3816 et
555 3777 668 3816 non
703 3764 1007 3816 inveniens.
1050 3763 1200 3815 Tunc
1228 3763 1393 3815 dicit:
1436 3763 1695 3816 Revertar
1723 3763 1786 3814 in
1836 3763 2065 3814 domum

468 3867 648 3906 meum
677 3852 823 3905 unde
851 3852 1012 3905 exivi.
1044 3851 1108 3903 Et
1137 3866 1263 3904 cum
1282 3852 1515 3918 venerit,
1536 3853 1697 3903 inren
1709 3852 1883 3909 tuam
1898 3852 2067 3917 scopis

468 3940 801 3995 mandatam
810 3943 859 3993 et
872 3943 1149 3992 ornatam.
1167 3939 1230 3992 Et
1252 3944 1384 3992 tunc
1395 3941 1544 3992 vadit
1560 3944 1607 3991 et
1622 3940 1857 3992 assumit
1867 3944 2066 4008 septem

466 4029 606 4081 alios
627 4030 861 4097 spiritus
884 4029 1165 4094 nequiores
1194 4042 1267 4088 se,
1298 4032 1349 4079 et
1366 4028 1602 4095 ingressi
1626 4027 1883 4080 habitant
1913 4028 2066 4092 ibi,et

467 4121 600 4169 sunt
620 4116 826 4168 nocissi
829 4130 920 4167 ma
934 4116 1178 4167 hominis
1190 4117 1347 4169 illius
1358 4118 1547 4182 pejora
1556 4117 1867 4183 prioribus(
1868 4115 2062 4169 Matth.

468 4215 565 4267 xu,
600 4199 811 4270 43-45).
846 4198 993 4266 Hec,
1028 4201 1161 4273 quia
1194 4201 1398 4256 Scribis
1443 4207 1502 4254 et
1545 4202 1842 4258 Pharisaeis
1883 4203 2066 4259 conti—

2146 1722 2415 1790 sciebant;
2449 1723 2699 1795 quamvis
2725 1740 2891 1777 causa
2915 1723 3162 1777 avaritiae
3192 1740 3301 1777 suae,
3322 1728 3374 1776 et
3394 1720 3583 1775 honoris
3605 1718 3666 1773 sui

2144 1812 2347 1881 gratia,
2374 1812 2589 1866 nollent
2614 1811 2888 1865 conﬁteri.
2921 1814 2988 1865 Et
3027 1812 3155 1865 ideo
3186 1828 3434 1883 perversa
3460 1810 3670 1880 interpre-

2148 1900 2362 1954 tatione
2391 1900 2729 1954 claudebant
2758 1907 2888 1955 ante
2918 1906 3276 1973 conspectum
3300 1898 3470 1971 pepuli
3491 1892 3667 1968 januam

2148 1986 2289 2058 legis
2313 1994 2369 2043 et
2392 1989 2813 2060 prophetarum,
2841 1990 2935 2061 qui
2957 1990 3027 2043 de
3057 1989 3299 2043 adventu
3338 1987 3520 2041 Christi
3540 1986 3669 2039 mani-

2148 2077 2447 2132 festissime
2467 2086 2599 2132 sunt
2620 2076 2812 2151 locutg’
2839 2084 2901 2132 ut
2930 2095 2965 2131 a
2987 2077 3099 2133 ﬁde
3121 2076 3326 2132 Christi
3351 2076 3594 2131 universos
3606 2072 3670 2126 de-

2147 2172 2445 2229 terrerent,
2464 2184 2574 2221 non
2604 2167 2789 2221 minus
2818 2167 2984 2221 minis
3006 2173 3065 2221 et
3084 2165 3455 2228 seditionibus,
3478 2179 3611 2234 quam
3625 2178 3669 2214 ex

2146 2254 2543 2310 traditionibus
2568 2256 2705 2310 suis.
2722 2257 2865 2322 Quia
2884 2254 3181 2316 timebant,
3201 2254 3247 2309 si
3278 2254 3495 2326 populus
3511 2253 3558 2305 in
3581 2266 3672 2304 eum

2149 2344 2419 2407 crederet,
2447 2344 2593 2416 quod
2620 2344 2810 2399 omnia
2837 2344 3240 2399 sacriﬁciorum
3276 2358 3507 2403 munera,
3525 2338 3671 2410 gloria,

2151 2434 2424 2501 honor,et
2443 2434 2711 2489 cultus.et
2730 2439 2984 2487 votorum
3008 2432 3160 2486 dona
3179 2433 3249 2486 ad
3272 2431 3529 2486 Christum
3544 2432 3675 2481 trans-

2151 2522 2385 2587 irent,in
2397 2521 2599 2593 quibus
2610 2539 2723 2576 non
2736 2522 3004 2588 Deus,sed
3020 2521 3132 2592 ipsi
3147 2516 3678 2588 ditabanturetglon'a-

2149 2611 2356 2666 bantur
2371 2617 2564 2678 9.15
2578 2610 3170 2681 honoribus.Regnum
3192 2628 3324 2680 ergo
3338 2609 3570 2662 ccelorum
3583 2607 3676 2675 ipse

2149 2700 2414 2754 dicuntur
2449 2699 2770 2770 Scriptum,
2803 2700 2863 2752 in
2910 2698 3115 2771 quibus
3147 2698 3397 2755 Christus
3440 2695 3527 2751 Dei
3551 2692 3679 2748 Filius

2150 2786 2579 2859 prmdicabatur,
2608 2805 2747 2858 quas
2788 2787 2895 2859 ipsi
2915 2793 3047 2841 ante
3081 2805 3143 2842 se
3173 2793 3231 2842 et
3257 2793 3385 2841 ante
3419 2785 3540 2839 alios
3570 2781 3679 2836 clau-

2150 2882 2359 2940 serant,
2383 2894 2509 2930 cum
2557 2876 2842 2931 Christum
2890 2877 2948 2930 in
2982 2876 3083 2940 eis,
3118 2882 3176 2931 et
3214 2893 3279 2929 ex
3323 2875 3417 2939 eis,
3446 2871 3574 2927 credi
3597 2884 3678 2924 non

2152 2964 2428 3019 sinebant.
2473 2966 2542 3020 Et
2576 2965 2707 3036 quia
2737 2965 2857 3036 ipse
2906 2962 3166 3019 Christus
3204 2964 3369 3020 clavis
3413 2967 3489 3017 est
3531 2958 3676 3020 David,

2151 3053 2247 3123 qui
2277 3054 2501 3125 aperuit
2521 3060 2578 3107 et
2598 3070 2764 3107 nemo
2785 3052 3015 3119 claudit,
3047 3053 3263 3108 claudit
3281 3060 3337 3107 et
3365 3066 3511 3106 nemo
3525 3046 3679 3120 aperit,

2151 3158 2276 3195 cum
2305 3159 2430 3196 eum
2455 3142 2606 3196 credi
2626 3143 2709 3196 vel
2738 3141 2975 3211 intelligi
3002 3159 3116 3196 non
3140 3142 3415 3201 sinebant,
3432 3155 3529 3193 non
3546 3137 3683 3191 solum

2153 3231 2399 3285 scientiae
2434 3232 2641 3284 clavem
2692 3230 3061 3295 abstulerant,
3100 3248 3293 3286 verum
3346 3230 3502 3284 etiam
3541 3226 3681 3297 ipsum

2149 3319 2377 3379 ostium,
2409 3319 2498 3373 vel
2521 3320 2779 3389 januam,
2812 3320 2892 3373 ita
2941 3318 3357 3379 obstruxerunt,
3386 3324 3445 3373 ut
3487 3332 3575 3370 nec
3606 3310 3683 3383 ipsi

2148 3408 2447 3470 intrarent,
2464 3416 2527 3461 ut
2549 3407 2775 3462 easdem
2798 3407 3116 3481 Scripturas
3137 3409 3210 3462 de
3236 3409 3330 3462 illo
3348 3405 3684 3474 intelligerent.

2148 3513 2251 3551 nec
2281 3496 2420 3550 alios
2474 3496 2707 3549 introire
2765 3497 3187 3566 permitterent.
3216 3497 3345 3550 Haec
3394 3495 3565 3565 itaque
3607 3488 3689 3543 duo

2150 3586 2310 3656 quasi
2334 3585 2669 3638 naturaliter
2689 3584 2952 3638 videntur
2971 3583 3040 3638 ab
3059 3585 3301 3639 invicem
3328 3583 3689 3649 esseinsepara-

2148 3672 2313 3739 bilia;
2349 3673 2613 3743 quoniam
2647 3673 2742 3744 qui
2794 3674 2850 3727 in
2881 3673 3120 3727 alterum
3172 3690 3239 3728 ex
3290 3673 3409 3727 istis
3436 3673 3617 3744 peccat.
3641 3663 3693 3717 ab

2148 3762 2326 3816 altero
2356 3779 2415 3815 se
2469 3779 2581 3816 non
2633 3768 2818 3833 potest
2865 3761 3147 3837 cohibere,
3179 3763 3325 3817 sicut
3378 3767 3597 3820 econtra,
3624 3751 3695 3824 qui

2150 3850 2219 3905 ab
2251 3867 2361 3905 uno
2392 3867 2587 3905 eorum
2632 3868 2691 3905 se
2722 3851 3019 3916 abstineat,
3051 3851 3402 3922 impossibile
3420 3848 3627 3908 videtur,
3650 3846 3698 3895 ut

2150 3955 2261 3992 non
2283 3931 2453 3993 etia'm
2465 3939 2534 3993 ab
2551 3939 2729 3993 altero
2740 3957 2798 3993 se
2818 3938 3114 3995 abstineat.
3138 3941 3218 3994 Ut
3247 3945 3379 4012 puta
3398 3938 3477 3992 fac
3495 3937 3693 4004 aliquem

2148 4028 2385 4081 feliciter
2434 4028 2504 4082 ad
2538 4028 2734 4090 Deum,
2767 4034 2825 4082 et
2866 4029 2937 4082 ad
2994 4028 3321 4099 Scripturas
3348 4042 3523 4082 sacras
3546 4024 3696 4092 ἰοδνε-

2148 4115 2417 4183 dientem,
2450 4123 2550 4171 aut
2568 4133 2741 4185 regna
2764 4117 3033 4171 oculorum
3064 4123 3475 4188 penetrantem,
3498 4129 3607 4167 mox
3636 4110 3697 4162 in-

2148 4205 2358 4264 venies,
2396 4223 2510 4260 non
2540 4204 2719 4260 solum
2777 4205 2917 4259 alios
2959 4222 3071 4259 non
3110 4206 3519 4277 prohibentem,
3542 4211 3698 4255 verum

465 4295 647 4361 gerat,
681 4289 750 4343 de
783 4288 986 4359 quibus
1010 4272 1132 4360 jam
1181 4306 1353 4359 supra
1398 4289 1632 4354 dixerat,
1666 4307 1777 4345 non
1826 4272 2535 4348 excessitDexhortantem
2562 4300 2618 4348 et
2636 4293 3058 4349 contrahentem
3085 4272 3450 4366 quoscunque
3475 4286 3692 4364 potuerit

465 4395 766 4435 numerum
821 4377 1101 4443 vitiorum,
1136 4393 1239 4432 nec
1293 4393 1593 4432 numerum
1643 4379 1916 4443 vindictae,
1966 4380 2066 4435 sed

465 4468 634 4523 toties
660 4484 739 4523 vae
793 4466 1090 4520 imminere
1147 4464 1255 4520 illis
1287 4466 1687 4535 pronuntiavit,
1722 4474 1859 4539 quot
1904 4474 2067 4523 erant

462 4555 812 4610 daemonibus
841 4554 1115 4627 oppressi,
1152 4559 1209 4609 et
1229 4554 1377 4623 vitiis
1406 4554 1696 4625 implicati.
1728 4557 1883 4611 Solet
1910 4575 2066 4613 nam-

466 4660 576 4715 que
595 4643 946 4714 septenarius
970 4659 1240 4698 numerus
1252 4661 1352 4714 pro
1376 4644 1742 4700 universitate
1762 4663 2062 4701 connume-

464 4733 581 4787 rari
599 4732 764 4787 sicuti
800 4732 906 4787 hoc
927 4733 1067 4799 loco,
1098 4733 1364 4804 quoniam
1391 4733 1758 4789 colluvionem
1789 4736 2060 4790 scelerum

464 4820 525 4876 in
544 4838 605 4874 se
630 4826 1043 4888 contraxerant,
1077 4826 1134 4876 et
1160 4822 1432 4877 universae
1476 4823 1739 4878 vitiorum
1768 4824 1961 4879 sordes
1988 4826 2057 4879 ad

465 4926 562 4965 eos
621 4909 990 4965 delluxerant.
1063 4909 1275 4964 Idcirco
1340 4910 1677 4965 universitas
1740 4911 2057 4967 daemonum

462 5014 577 5054 non
604 4997 887 5055 immerito
916 4997 975 5052 in
1001 5014 1098 5052 eos
1127 4998 1422 5068 regnabat.
1461 5001 1602 5067 Quia
1644 5002 1925 5065 claudius,
1969 5000 2057 5054 in-

464 5086 603 5161 quit,
635 5102 871 5155 regnum
899 5089 1157 5140 cwlorum
1186 5092 1316 5141 ante
1337 5087 1604 5142 homines.
1628 5086 1697 5145 Et
1726 5088 1905 5142 Lucas
1927 5088 2008 5142 ait
2036 5108 2052 5143 :

462 5176 608 5241 Quia
638 5177 847 5229 tulistis
885 5178 1091 5230 clavem
1125 5177 1364 5229 scientia:
1413 5191 1509 5229 nec
1542 5192 1631 5230 vos
1671 5178 1917 5241 intvzatis,
1961 5194 2057 5232 nec

460 5266 802 5320 introeuntes
821 5264 1011 5317 sinitis
1054 5265 1293 5321 introire
1338 5266 1491 5329 (Luc.
1542 5282 1613 5333 in,
1664 5264 1759 5334 52)
1825 5266 2054 5331 Quzerat

406 5402 413 5407 .
464 5351 562 5423 qui
582 5351 718 5414 vult.
738 5350 875 5424 quid
896 5352 1057 5427 pejus
1075 5368 1198 5409 esse
1215 5352 1393 5424 poszsit
1411 5352 1557 5409 inter
1574 5353 1848 5421 homines,
1879 5362 1938 5412 et
1963 5357 2053 5411 in-

461 5443 552 5497 ter
576 5438 729 5515 meos
756 5438 1058 5506 daemones,
1085 5444 1153 5496 ut
1176 5454 1281 5496 nec
1307 5439 1417 5512 ipsi
1446 5456 1665 5498 cessare
1691 5458 1726 5499 a
1748 5444 1920 5514 malo,
1950 5460 2057 5501 nec

2149 4382 2425 4446 Quoniam
2461 4382 2557 4455 qui
2606 4382 2746 4437 alios
2778 4388 2929 4436 vetat
2958 4383 3196 4437 introire
3227 4383 3285 4437 in
3316 4396 3538 4453 regnum
3562 4374 3695 4430 σειο-

2147 4488 2296 4539 rum,
2322 4472 2529 4526 sufficit
2553 4470 2603 4525 ei
2628 4470 2694 4524 ad
2722 4471 3102 4542 expulsionem
3126 4488 3312 4535 suam,
3331 4488 3399 4524 ne
3428 4475 3481 4523 et
3505 4468 3606 4538 ipse
3630 4462 3697 4514 in-

2146 4566 2297 4619 trare
2330 4560 2505 4632 possit
2526 4560 2631 4613 hoc
2659 4559 2845 4631 ipsum
2870 4560 3014 4631 quod
3046 4560 3187 4615 alios
3218 4577 3333 4614 non
3370 4550 3696 4630 permittitin—

2142 4656 2313 4705 trare.
2335 4650 2611 4713 Quoniam
2631 4649 2727 4721 qui
2746 4649 3211 4703 scandalizaverit
3231 4665 3409 4703 unum
3428 4647 3493 4700 de
3517 4637 3694 4715 pusillis

2144 4738 2420 4798 Ecclesia},
2444 4738 2747 4810 prohibens
2772 4755 2899 4792 eum
2937 4739 3151 4792 intrare
3177 4738 3326 4791 male
3358 4733 3590 4797 vivendo,
3616 4742 3695 4799 pa-

2140 4828 2316 4882 tietur
2337 4824 2471 4880 illud
2506 4827 2651 4898 quod
2675 4825 2946 4881 Dominus
2975 4826 3375 4881 comminatur.
3407 4824 3473 4880 Et
3489 4838 3553 4877 ne
3576 4818 3696 4873 dicat

2142 4912 2494 4984 aliquis,Non
2515 4912 2783 4985 prohibeo
2814 4913 2935 4978 ulli,
2952 4913 3086 4984 quia
3108 4914 3241 4967 licet
3266 4930 3372 4983 ego
3402 4911 3570 4965 malus
3589 4906 3691 4963 sim.

2141 5018 2335 5057 omnes
2360 5009 2551 5057 tamen
2578 5001 2754 5057 bonos
2780 5020 2902 5057 esse
2925 5004 3090 5074 cupio
3119 5007 3176 5056 et
3201 4998 3425 5072 ingredi
3446 5008 3694 5069 regnem?-

2142 5091 2354 5159 lorum;
2392 5090 2540 5162 quod
2571 5092 2620 5144 si
2650 5091 2941 5145 humilitas
2982 5098 3085 5158 est,
3118 5096 3175 5147 et
3219 5106 3412 5145 verum
3441 5094 3535 5151 est,
3572 5079 3694 5155 quod

2142 5179 2297 5245 dicit,
2335 5179 2598 5235 assentio.
2621 5180 2780 5245 Quod
2806 5180 2853 5234 si
2880 5181 2937 5234 in
2968 5187 3160 5252 aperto
3204 5179 3389 5234 malus
3415 5181 3513 5242 est,
3538 5170 3693 5229 nescio

2137 5269 2228 5324 cui
2274 5267 2455 5325 bonus
2485 5286 2607 5324 esse
2635 5274 2824 5343 queat,
2861 5269 2957 5341 qui
2996 5269 3103 5324 sibi
3140 5284 3381 5341 nequam
3441 5264 3688 5337 probatur.

2137 5373 2241 5412 nec
2269 5357 2548 5429 quomodo
2575 5356 2717 5413 bona
2737 5358 2914 5431 possit
2940 5357 3100 5424 velle,
3116 5357 3245 5412 dum
3264 5355 3447 5427 diligit
3467 5348 3693 5431 iniquita-

2135 5449 2274 5515 tem,
2305 5451 2365 5508 et
2391 5447 2709 5519 exemplum
2755 5451 2842 5503 est
2860 5446 2989 5503 aliis
3015 5445 3301 5525 peccandi.
3328 5440 3485 5510 Quod
3510 5440 3555 5496 si
3580 5436 3689 5492 dia-
