3872 6158
210 225 310 286 773

936 222 1321 285 meum
1359 224 1440 286 IN
1475 225 1934 289 namss:
1965 250 2029 277 δε-
2066 224 2209 293 ua.
2246 233 2316 302 χε
2354 231 2516 291 esp.
2557 228 2760 288 XXIII.

3372 224 3479 295 774

211 352 369 409 ritate
394 350 655 423 quisquis
672 351 846 410 fuerit
865 350 1135 422 repletus,
1159 354 1225 407 ut
1245 355 1305 406 et
1316 350 1457 407 alios
1475 368 1579 409 suo
1601 351 1795 411 labore
1810 358 1860 418 A
1875 359 2177 424 audient,“
2198 362 2397 426 lingua
2412 363 2701 412 mutorum
2713 358 2923 415 dixem
2936 361 3045 414 erit
3057 359 3191 433 (Im.
3214 374 3375 429 xxxv,
3397 362 3471 431 5),

208 440 434 497 introire
456 440 642 505 faciat,
668 441 783 496 Deo
798 446 1018 511 agente,
1044 455 1158 493 non
1196 439 1355 494 video
1378 442 1656 511 quomodo
1679 443 1801 515 ipse

206 529 444 601 primum
474 546 586 583 non
606 529 869 583 introeat.
889 528 1033 592 Quia
1062 527 1169 582 etsi
1196 530 1441 583 Charitas
1472 548 1584 585 non
1603 536 1802 600 quam?

206 634 314 689 quae
334 635 440 673 sua
467 624 603 673 sunt
624 619 673 686 (l
701 619 806 674 Cor
854 632 970 672 XIII.
1003 617 1084 683 5),
1123 621 1315 673 tamen
1335 619 1498 689 cujus
1519 625 1604 673 est
1617 621 1801 675 chari-

204 714 303 774 tas,
337 723 453 762 non
482 708 666 762 solum
688 706 921 764 introire
958 705 1111 772 facit,
1145 723 1340 762 verum
1365 708 1536 761 etiam
1558 709 1681 778 jam
1710 726 1801 763 re-

206 812 377 868 gnare
400 812 530 851 cum
560 797 695 860 Deo,
727 796 1062 867 inquantum
1093 794 1366 850 charitate
1388 796 1638 866 juvatur,
1676 814 1800 851 om-

208 884 334 939 nino
358 883 610 952 videtur;
660 885 795 955 quia
825 884 1070 940 charitas
1094 900 1160 938 ex
1192 884 1308 938 Deo
1355 890 1461 949 est,
1492 890 1551 940 et
1575 885 1801 941 caeleste

204 978 284 1027 est
307 973 524 1029 donum
553 992 565 1026 :
593 973 742 1028 sicut
770 972 1042 1043 iniquitas
1062 988 1128 1027 ex
1163 971 1387 1027 diabolo
1415 973 1606 1038 etiam,
1631 974 1803 1029 inter-

202 1063 332 1119 dum
366 1068 427 1119 et
452 1078 623 1134 pcena
648 1061 878 1133 peccati,
914 1078 1024 1132 qua
1054 1060 1258 1117 Scribae
1282 1067 1342 1117 et
1370 1062 1638 1117 Pharisaei
1663 1079 1802 1134 prae-

198 1151 435 1223 gravati,
467 1168 571 1207 nec
595 1150 702 1222 ipsi
731 1150 1091 1209 introierunt.
1116 1166 1218 1207 nec
1249 1150 1411 1217 alios,
1431 1157 1708 1221 quantum
1731 1168 1799 1206 ex

202 1238 331 1311 ipsis
359 1239 490 1305 fuit,
508 1239 889 1314 permiserunt
916 1239 1149 1295 intrare.
1186 1239 1303 1292 Hoc
1328 1238 1536 1310 quippe
1559 1246 1799 1310 egerunt

202 1327 399 1389 verbis.
447 1328 674 1399 quando
720 1327 911 1383 omnia
955 1344 1129 1398 opera
1175 1327 1404 1390 Christi,
1438 1344 1560 1398 qua
1590 1329 1800 1385 Deiﬁca

203 1422 377 1479 erant,
404 1417 464 1472 in
489 1415 797 1471 Beelzebub
826 1416 973 1471 facta
994 1415 1516 1487 interpretabantur
1538 1435 1553 1484 ;
1572 1417 1678 1472 hoc
1698 1418 1799 1475 mi-

201 1505 297 1563 nis.
330 1505 441 1560 hoc
474 1504 736 1559 omnibus
762 1505 926 1563 dolis.
960 1511 1015 1559 et
1052 1504 1359 1569 fraudibus,
1390 1506 1472 1561 ita
1515 1511 1579 1561 ut
1608 1505 1800 1561 Domi-

1882 462 1984 500 seu
2004 449 2357 504 caeteraleac
2374 446 2597 518 quidem
2613 446 2775 517 signa
2792 444 3018 503 fuerant
3030 447 3301 504 adventus
3321 449 3481 505 Chri-

1882 534 1979 613 sti,
1995 551 2119 605 quae
2150 534 2343 590 omnia
2357 534 2527 588 etiam
2550 539 2608 588 et
2633 535 2851 604 majora
2879 533 2973 589 isti
3006 534 3152 590 facta
3176 534 3437 592 viderunt
3460 555 3474 604 ;

1883 624 1981 678 sed
2010 624 2201 679 omnia
2226 623 2285 679 in
2315 622 2623 679 Beelzebub
2642 623 2949 696 principem
2968 624 3397 692 daemoniorum,
3416 638 3481 681 ut

1882 709 2015 776 dixi,
2047 728 2133 773 ea,
2166 719 2229 770 ut
2256 718 2576 768 averterent
2601 712 2869 785 papulum
2901 729 2936 766 ι
2962 713 3073 767 ﬁde
3097 713 3482 780 Christi,facta

1880 798 2158 856 dicebant.
2196 799 2262 858 Et
2290 817 2403 856 non
2424 801 2611 856 solum
2640 801 2764 867 hoc,
2790 817 2984 856 verum
3004 803 3176 859 etiam
3204 800 3391 869 94’
3425 807 3485 857 et

1881 890 2168 945 decretum
2196 895 2526 960 posuerunt,
2559 895 2624 945 ut
2654 891 2703 945 si
2731 891 2856 962 quis
2873 892 3086 947 diceret
3115 909 3244 949 eum
3272 893 3480 949 Filium

1882 977 2002 1037 Dei.
2037 980 2198 1035 ﬁeret
2227 984 2384 1034 extra
2416 979 3070 1052 synagogam.Sequitur
3090 999 3115 1033 :-

1966 1068 2040 1121 Vas
2068 1068 2232 1132 vobis,
2262 1065 2465 1123 Scriba
2505 1072 2555 1121 et
2579 1068 2849 1123 Phariwi
2887 1069 3201 1137 hypocrita,
3234 1071 3333 1139 qui
3369 1073 3483 1125 cir-

1880 1157 2045 1209 cuitis
2070 1171 2223 1211 mare
2245 1160 2295 1209 et
2324 1157 2568 1221 aridam,
2590 1161 2653 1209 ut
2682 1158 2905 1223 faciatis
2926 1173 3106 1212 unum
3118 1162 3480 1229 prosolytum,

1878 1249 1927 1297 et
1948 1260 2073 1298 cum
2088 1245 2265 1311 fuerit
2284 1246 2482 1311 factus.
2496 1245 2685 1312 facitis
2703 1260 2828 1299 cum
2838 1247 3023 1314 {ilium
3040 1247 3484 1319 gehennaﬂuplo

1878 1348 2047 1400 quam
2071 1349 2158 1389 vos
2184 1330 2665 1387 estis.Circuibant
2682 1337 2870 1387 autem
2906 1328 3083 1389 Judaei
3106 1350 3260 1389 mare
3287 1341 3345 1389 et
3375 1335 3486 1389 ari-

1877 1420 2027 1483 dam,
2058 1426 2224 1477 causa
2240 1419 2658 1491 negotiationis,
2683 1425 2740 1473 et
2756 1414 3176 1491 perlustrabant
3196 1418 3487 1476 universas

1880 1515 2070 1576 partes
2103 1509 2320 1566 mundi.
2343 1509 2425 1565 ita
2454 1514 2517 1564 ut
2544 1514 2600 1562 et
2630 1524 2729 1579 per
2755 1508 2933 1562 maria
2963 1516 3019 1563 et
3048 1525 3148 1579 per
3175 1515 3487 1580 terras,per

200 1610 351 1659 num,
378 1594 483 1649 Dei
504 1594 731 1661 Filium,
756 1593 887 1648 licet
905 1593 979 1647 sit
995 1593 1374 1664 impassibilis,
1396 1594 1700 1649 crudeliter
1717 1594 1800 1648 in-
1818 1587 1859 1647 Β
1876 1596 2111 1663 insulas,
2145 1615 2369 1668 quoque
2394 1604 2451 1652 et
2475 1597 2733 1667 regiones
2760 1596 2928 1661 irent,
2951 1596 3098 1653 sicut
3110 1597 3294 1653 adhuc
3321 1597 3487 1671 hodie

200 1688 494 1739 nocentem
517 1682 851 1748 occiderent,
870 1698 942 1736 ne
970 1682 1121 1738 ullus
1140 1687 1335 1748 946
1354 1699 1481 1737 eum
1497 1683 1796 1739 Dominum

198 1772 345 1825 ultra
361 1770 653 1827 crederet.
687 1772 768 1826 Ac
796 1786 896 1841 per
926 1772 1027 1825 hoc
1059 1770 1195 1841 ipsis
1221 1770 1545 1825 clauserunt
1563 1787 1799 1840 regnum

201 1877 262 1917 ne
286 1860 697 1925 introirent,et
714 1859 876 1920 alios,
904 1859 1240 1930 inquantum
1279 1859 1359 1914 eis
1387 1859 1647 1930 possibile
1672 1860 1796 1924 fuit,

199 1966 262 2008 ne
283 1949 615 2013 introirent,
652 1948 884 2005 omnino
932 1948 1358 2019 prohibuerunt.
1393 1948 1463 2003 Et
1490 1949 1800 2005 notandum

197 2039 326 2111 quia
357 2055 478 2097 non
505 2038 669 2105 dixit,
698 2052 773 2093 vze
802 2037 965 2094 nobis
990 2037 1124 2107 quia
1165 2054 1277 2092 non
1306 2037 1537 2108 aperitis
1565 2054 1803 2108 regnum

194 2128 595 2193 calorumssed
612 2126 747 2197 quia
762 2126 1043 2190 clauditis,
1075 2125 1229 2181 aliud
1257 2143 1358 2196 pro
1381 2126 1491 2181 alio
1523 2127 1803 2183 mentien-

198 2223 273 2273 tes
288 2223 355 2271 et
385 2221 643 2287 agentes,
667 2231 737 2270 ne
762 2215 1063 2284 Scriptura;
1089 2214 1159 2268 de
1181 2214 1404 2269 Christo
1427 2223 1579 2270 recte
1599 2215 1806 2271 intelli-

203 2311 500 2376 gerentur.
531 2304 692 2369 Quod
724 2308 783 2360 et
804 2303 989 2361 adhuc
1028 2303 1194 2358 hodie
1225 2302 1317 2359 isti
1348 2304 1561 2358 faciunt
1590 2304 1687 2377 qui
1710 2321 1804 2358 re-

1880 1684 2114 1749 faciunt.
2147 1692 2204 1740 et
2232 1703 2334 1757 per
2362 1686 2525 1757 plura
2550 1686 2687 1740 loca.
2726 1683 2885 1739 Inter
2913 1700 3037 1755 quae
3068 1684 3188 1740 vitae
3234 1680 3481 1755 negotia,

1880 1790 1991 1828 non
2026 1783 2255 1845 prapter
2278 1775 2519 1845 gloriam
2544 1773 2670 1833 Dei.
2706 1778 2771 1828 ut
2798 1770 2946 1826 Deus
2970 1789 3005 1826 a
3024 1772 3332 1828 cultoribus
3361 1772 3489 1829 reli-

1880 1867 2094 1936 giosius
2115 1873 2496 1932 veneraretur,
2510 1882 2696 1938 neque
2720 1871 2950 1937 propter
2972 1864 3411 1921 misericordiam
3431 1870 3489 1920 et

1882 1955 2214 2012 charitatem
2252 1955 2354 2011 Dei
2382 1961 2442 2010 et
2480 1954 2736 2025 proximi,
2784 1954 3034 2008 volentes
3080 1969 3207 2007 eum
3246 1954 3485 2017 salvare,

1884 2060 2050 2115 quem
2068 2044 2344 2099 docebant
2355 2042 2667 2114 judaizare,
2689 2042 2783 2097 sed
2808 2049 2908 2096 aut
2923 2045 3153 2115 propter
3166 2040 3482 2107 avaritiam,

1887 2139 1952 2191 ut
1978 2133 2281 2187 adderetur
2309 2132 2390 2187 eis
2436 2130 2838 2187 sacriﬁciorum
2873 2127 3101 2190 oblatio,
3133 2134 3233 2183 aut
3260 2131 3491 2204 propter

1887 2236 2088 2279 vanam
2109 2220 2369 2290 gloriam,
2390 2226 2453 2275 ut
2466 2219 2789 2275 viderentur
2805 2216 3045 2291 gentiles
3063 2217 3135 2271 ad
3156 2217 3369 2274 cultum
3389 2218 3491 2274 Dei

1885 2315 2226 2367 convertere.
2277 2308 2385 2376 Qui
2430 2324 2675 2379 namque
2703 2304 2955 2363 conversi
2984 2306 3053 2361 de
3093 2321 3283 2360 errore
3301 2306 3489 2377 genti-

200 2398 539 2450 manserunt
564 2408 630 2449 ac
656 2392 706 2447 si
733 2392 960 2448 titiones
991 2408 1058 2446 ex
1088 2392 1364 2457 incendio,
1397 2393 1581 2464 parati
1613 2393 1680 2447 ad
1714 2393 1803 2451 in-
1886 2399 2023 2454 lium
2052 2398 2123 2451 ad
2155 2400 2322 2455 unius
2352 2396 2455 2451 Dei
2481 2378 2716 2460 cultum,
2769 2393 2978 2449 relictis
3008 2393 3192 2457 idolis,
3222 2378 3489 2469 proseiyti

196 2483 453 2539 teritum.
508 2480 724 2548 Quibus
766 2481 907 2536 illud
934 2481 1140 2551 duplex
1171 2480 1434 2537 imminet
1460 2498 1562 2541 va.
1593 2482 1664 2537 de
1690 2499 1802 2553 quo
1882 2486 2247 2552 vocabantur,
2275 2501 2403 2539 cum
2428 2485 2549 2554 jam
2569 2483 2900 2548 circumcisi,
2926 2483 3131 2556 populo
3150 2482 3251 2537 Dei
3280 2483 3337 2539 in
3366 2484 3490 2554 lege

199 2571 446 2625 Joannes
467 2570 552 2624 ait
577 2570 637 2625 in
664 2569 1000 2640 Apocalypsi
1026 2586 1149 2635 sua.
1178 2569 1326 2640 quod
1338 2569 1542 2624 viderit
1557 2570 1804 2640 aquilam
1885 2576 2151 2645 suscepti,
2184 2573 2582 2629 miscebantur.
2606 2573 2713 2629 Sed
2737 2589 2863 2627 cum
2889 2572 3067 2627 factus
3088 2570 3287 2627 fuisset
3300 2588 3490 2644 prose-

202 2660 544 2714 damantem
591 2674 656 2714 ac
700 2658 1013 2717 dicentem:
1074 2660 1167 2725 νδ.
1200 2674 1275 2712 υκ
1318 2659 1702 2715 habitantibus
1743 2662 1807 2713 in
1887 2665 2057 2735 lytus,
2074 2662 2329 2719 videlicet
2354 2661 2737 2724 circumcisus,
2758 2665 2818 2715 et
2838 2659 3077 2715 Domino
3105 2666 3486 2723 consecratus,

204 2749 566 2817 ten-a(Apoc.
598 2761 710 2810 vm,
741 2744 861 2814 l3);
912 2747 1178 2817 quoniam
1225 2746 1333 2817 ipsi
1370 2747 1809 2817 expulsiaterra
1884 2751 2052 2805 malis
2111 2749 2228 2805 suis
2269 2748 2540 2821 exemplis
2594 2764 2791 2803 rursus
2836 2746 3106 2821 perditus,
3144 2745 3313 2801 ﬁebat
3341 2746 3489 2803 ﬁlius

198 2853 298 2893 sua
327 2843 397 2891 et
421 2852 459 2891 a
487 2835 717 2890 civitate
741 2836 1076 2904 Ierusalem,
1117 2835 1259 2889 nihil
1299 2834 1453 2891 aliud
1477 2835 1720 2901 inhiant,
1753 2840 1809 2889 et
1887 2838 2181 2909 gehennae,
2212 2839 2347 2893 dum
2377 2835 2683 2907 cogebatur
2721 2835 2846 2889 illos
2876 2832 3107 2899 imitari,
3135 2839 3193 2888 et
3224 2834 3491 2889 allectum

198 2930 469 2995 quaerunt
487 2939 659 2994 quam
684 2930 917 2980 terram.
940 2923 993 2978 A
1016 2922 1218 2995 quibus
1237 2923 1497 2994 longeest
1513 2923 1610 2979 illa
1628 2924 1869 2997 prima,“
1891 2943 2089 2983 eorum
2107 2925 2400 2997 sequLQui
2421 2940 2486 2981 eo
2508 2925 2567 2977 in
2586 2930 2842 2994 tempore
2862 2922 3126 2977 dixerunt
3140 2921 3210 2976 de
3223 2920 3442 2977 Christo
3477 2943 3491 2978 :

197 2982 523 3079 beatitudo,-
541 3011 610 3067 de
641 3027 755 3082 qua
778 3010 985 3066 dicitur
1011 2982 1049 3057 ε.
1075 3013 1227 3068 Beati
1267 2982 1532 3081 pauperes
1579 2982 1870 3081 spiritu,C
1890 2982 2204 3083 (ἵν-τιοίβθιι,⁸
2227 2982 2484 3082 cruci/iga
2529 3030 2655 3069 eum
2698 2982 2882 3077 (Joan.
2913 3025 3023 3076 xxx,
3059 3000 3132 3076 6).
3163 3009 3342 3074 Quem
3378 3026 3492 3065 non

198 3105 475 3172 qwniam
504 3103 613 3169 ipsi
636 3101 985 3169 possidebunt
1017 3105 1228 3154 terram
1252 3100 1465 3158 (Matth.
1496 3117 1547 3161 v,
1578 3099 1650 3169 3);
1674 3117 1810 3171 quo-
1890 3106 2073 3161 solum
2097 3120 2380 3171 accusare,
2404 3103 2502 3158 sed
2533 3107 2592 3157 et
2617 3101 3008 3172 blasphemare
3023 3093 3272 3171 quotidie
3292 3099 3347 3154 in
3362 3116 3497 3171 syn-

200 3206 317 3246 rum
337 3187 697 3246 conversatio
718 3188 777 3243 in
805 3187 961 3242 caelis
981 3194 1088 3251 est,
1121 3193 1178 3241 et
1203 3187 1330 3243 ideo
1360 3204 1473 3242 non
1496 3193 1695 3261 tanget
1716 3205 1812 3243 eos
1895 3193 2090 3263 δεθείς
2119 3192 2238 3248 suis
2263 3190 2552 3256 dicebant;
2584 3206 2657 3245 ne
2681 3187 2829 3245 ullus
2860 3189 3027 3244 ﬁdem
3050 3186 3259 3243 Christi
3277 3188 3495 3259 recipe-

196 3279 331 3335 illud
360 3295 445 3333 vae
474 3277 804 3343 secundum,
837 3276 966 3347 quia
991 3292 1104 3331 non
1131 3280 1266 3330 sunt
1285 3276 1355 3331 de
1379 3283 1549 3330 terra.
1609 3275 1815 3347 Tangit
1896 3284 2002 3343 ret,
2037 3278 2183 3333 sicut
2215 3282 2275 3333 et
2308 3277 2491 3333 adhuc
2526 3275 2689 3330 hodie
2728 3275 2956 3331 faciunt.
2978 3272 3087 3331 Sed
3126 3271 3493 3344 quaerendum

200 3370 371 3424 etiam
395 3375 457 3424 et
475 3383 572 3423 eos
590 3383 838 3438 praesens
855 3365 1132 3437 locus.qui
1150 3370 1397 3421 rectores
1415 3365 1678 3421 videntur
1688 3382 1812 3420 esse
1895 3366 2027 3437 quid
2046 3365 2121 3421 sit
2139 3365 2289 3436 quod
2300 3364 2384 3419 ait
2406 3384 2419 3420 :
2452 3360 2517 3419 Et
2541 3365 2726 3430 facitis
2755 3379 2882 3418 eum
2903 3365 3087 3430 ﬁlium
3112 3360 3497 3432 gehennaﬂuﬁ

203 3456 605 3519 Ecclesiarum,
651 3454 701 3507 si
740 3458 843 3508 aut
869 3454 1017 3509 male
1044 3453 1254 3519 vivunt,
1284 3459 1386 3509 aut
1412 3458 1563 3509 certe
1591 3459 1807 3507 utrum-
1887 3459 1979 3524 plo
2009 3470 2179 3525 quam
2219 3470 2307 3509 vos
2335 3454 2479 3507 estis.
2530 3450 2795 3521 Nunquid
2834 3448 3140 3521 discipulus
3179 3448 3498 3521 proselytus

204 3560 327 3615 que,
365 3550 430 3599 et
457 3544 607 3598 male
642 3542 854 3605 vivunt,
888 3547 945 3596 et
983 3540 1129 3595 male
1146 3541 1367 3605 docent,
1381 3541 1467 3594 vel
1490 3546 1642 3597 certe
1668 3541 1811 3595 nihil
1892 3543 2072 3598 factus
2100 3542 2399 3614 dupliciter
2426 3540 2632 3595 Scribis
2659 3545 2715 3595 et
2744 3538 3059 3604 Pharisaeis,
3084 3544 3314 3610 poterat
3365 3538 3487 3593 ﬁeri

205 3631 826 3701 doretbonilocumque
843 3630 1318 3685 mercenariorum
1335 3645 1445 3685 non
1463 3629 1808 3700 relinquunt.
1894 3632 2287 3693 miserabilior,
2339 3630 2421 3685 ita
2462 3635 2527 3685 ut
2572 3644 2683 3683 non
2723 3627 3013 3697 aequaliter
3042 3632 3190 3681 esset
3217 3627 3298 3680 eis
3344 3624 3496 3682 filius

204 3721 354 3789 Quos
376 3727 439 3776 et
466 3720 615 3776 Osee
644 3719 917 3791 propheta
951 3718 1142 3788 arguit
1171 3724 1228 3774 et
1258 3718 1541 3790 increpat.
1569 3716 1813 3773 Abscon-
1893 3721 2185 3791 gehennae.
2212 3719 2314 3777 sed
2344 3716 2684 3791 dupliciter?
2717 3713 2982 3785 Nunquid
3017 3724 3128 3767 non
3157 3713 3217 3768 in
3248 3718 3488 3786 utroque

202 3809 432 3875 derunt,
466 3808 674 3880 inquit,
704 3807 1025 3863 sacerdotes
1056 3807 1202 3861 viam
1230 3807 1474 3872 Domini,
1507 3812 1566 3861 et
1593 3807 1817 3863 interfe-
1899 3809 2082 3865 omnis
2110 3807 2388 3880 perfectus
2416 3811 2502 3861 est
2532 3803 2857 3875 discipulus,
2882 3802 3023 3856 sisit
3051 3802 3197 3856 sicut
3226 3801 3499 3874 magister

206 3905 409 3954 cernat
434 3898 748 3953 sicennam.
778 3895 1047 3967 Alioquin
1068 3896 1177 3950 nisi
1211 3896 1344 3950 mali
1372 3896 1694 3951 sacerdotes
1720 3897 1817 3950 do-
1899 3900 2043 3969 ajus,
2074 3898 2123 3952 si
2150 3897 2293 3952 forte
2337 3897 2397 3951 in
2425 3896 2572 3951 malo
2605 3893 2884 3965 perfectus
2920 3890 3029 3946 dici
3068 3892 3297 3963 potest?
3335 3892 3499 3957 Quod

198 3990 446 4044 cuinam
479 3985 705 4043 Domini
738 3984 991 4057 quolibet
1020 3991 1182 4056 pacto
1205 3984 1607 4057 depravassent
1627 4001 1729 4057 per
1758 4001 1818 4039 se
1901 3988 2038 4044 satis
2089 3987 2272 4042 elucet
2297 3984 2431 4057 quid
2478 3984 2614 4038 velit
2641 3981 2980 4053 signiﬁcare,
3014 3980 3063 4036 si
3092 3980 3247 4054 prior
3268 3980 3496 4051 gentilis

208 4076 265 4130 in
308 4074 629 4148 Scripturis
681 4074 888 4129 divinis
934 4074 1058 4145 ipsa
1082 4074 1285 4129 veritas
1316 4074 1386 4128 de
1415 4073 1657 4140 Christo,
1689 4074 1821 4128 licet
1898 4076 2208 4141 damnatio,
2248 4075 2344 4146 qui
2377 4075 2556 4129 tactus
2584 4081 2672 4126 est
2699 4070 3037 4144 proselytus,
3071 4075 3354 4143 pensetur.
3385 4070 3495 4124 Ar-

206 4147 451 4221 obscura
478 4164 577 4230 sit,
618 4169 812 4219 tamen
856 4161 1185 4217 abscondita
1211 4178 1326 4217 non
1366 4165 1531 4219 esset.
1568 4161 1820 4218 Obscura
1899 4166 2081 4223 bitror
2106 4147 2258 4221 enim
2285 4179 2506 4220 omnem
2537 4159 2958 4231 hominem,qui
2987 4176 3053 4217 ex
3081 4158 3502 4214 conversatione

208 4272 339 4315 vero
384 4258 518 4313 ideo
560 4262 667 4322 est,
700 4270 812 4313 non
842 4262 907 4311 ut
934 4272 1046 4311 non
1080 4255 1369 4312 inveniant
1394 4272 1521 4311 eam
1545 4255 1642 4326 qui
1670 4271 1820 4326 quaa-
1840 4257 2236 4347 Dgentilitatis
2266 4257 2446 4311 factus
2465 4259 2552 4308 est
2572 4252 2891 4326 proselytus
2929 4251 2986 4307 in
3008 4252 3159 4347 lege,
3195 4238 3382 4347 ﬁlium
3399 4268 3502 4347 ge-

210 4354 368 4409 runt.
400 4346 508 4403 sed
539 4351 604 4403 ut
632 4362 747 4401 non
773 4345 1001 4400 videant
1035 4361 1162 4401 eam
1192 4344 1291 4415 qui
1316 4361 1570 4416 quaerere
1598 4346 1816 4405 nolunt.
1841 4340 1881 4347 ’
1905 4348 2104 4404 hennse
2133 4347 2287 4417 prius
2313 4345 2504 4411 fuisse,
2526 4343 2677 4415 quod
2698 4346 2987 4413 peccatum
3008 4340 3316 4412 baptismus
3340 4340 3501 4396 Chri-

220 4438 290 4493 ad
318 4438 553 4491 illorum
590 4433 834 4504 gloriam
864 4433 1163 4505 pertineat,
1209 4434 1305 4504 qui
1360 4434 1829 4491 desideraverunt
1904 4437 1978 4494 sti
2028 4436 2285 4493 absolvit.
2318 4434 2427 4491 Sed
2466 4430 2814 4489 circumcisio
2842 4429 3184 4496 Judaeorum,
3215 4429 3347 4501 quia
3378 4430 3502 4499 jam

221 4531 280 4579 et
296 4523 692 4596 quasiverunt
710 4537 858 4587 eam,
894 4527 954 4576 et
984 4521 1321 4577 invenerunt
1368 4521 1526 4577 Sicut
1550 4537 1584 4577 e
1605 4526 1800 4577 contra

1906 4527 2164 4583 Christus
2176 4524 2344 4583 venit.
2370 4522 2508 4579 nihil
2527 4521 2789 4593 prodest;
2815 4527 2870 4574 et
2898 4519 3020 4575 ideo
3035 4518 3155 4588 jam
3176 4517 3446 4596 gentilem
3467 4535 3504 4573 a

222 4595 415 4669 rioiad
434 4625 634 4666 eorum
663 4608 1048 4664 confusionem
1075 4614 1135 4663 et
1157 4608 1702 4673 condemnationem,
1727 4609 1827 4679 qui
1908 4612 2069 4661 reatu
2126 4620 2239 4660 non
2287 4603 2468 4663 solvit,
2518 4601 2616 4656 sed
2654 4600 2839 4657 adhuc
2867 4615 2967 4671 per
2993 4595 3503 4681 transgressionem

214 4717 323 4759 nec
376 4697 725 4761 desiderant,
757 4712 860 4751 nec
886 4702 1166 4767 quaerunt,
1216 4713 1320 4752 nec
1357 4696 1651 4751 inveniunt
1674 4713 1820 4753 eam.
1906 4695 2046 4766 legis
2075 4693 2233 4749 addit
2260 4692 2342 4747 illi
2370 4690 2747 4745 damnationis
2777 4704 3095 4745 numerum.
3130 4684 3217 4742 Ita
3239 4690 3304 4741 ut
3332 4686 3505 4742 etiam

208 4789 359 4853 Quia
411 4802 523 4842 non
556 4791 743 4856 potest
765 4784 1050 4839 excusatio
1079 4800 1202 4840 esse
1223 4784 1393 4857 justas
1416 4784 1818 4850 damnationis,
1903 4783 2210 4842 secundum
2238 4779 2608 4843 Judaismum,
2644 4776 2743 4833 ﬁat
2769 4778 2918 4835 ﬁlius
2945 4774 3235 4847 gehennae.
3264 4774 3339 4831 Et
3370 4777 3505 4849 quia

206 4875 541 4947 ignorantia
568 4873 843 4937 veritatis,
877 4871 1081 4945 quibus
1109 4872 1218 4929 fuit
1245 4871 1561 4927 inveniendi
1587 4872 1822 4927 facultas
1903 4878 2093 4931 manet
2122 4871 2276 4943 prior
2295 4868 2582 4925 damnatio
2610 4866 2949 4929 inabsoluta,
2975 4882 3104 4920 cum
3116 4866 3294 4923 factus
3328 4866 3499 4921 fuerit

206 4964 260 5019 si
282 4963 494 5019 fuisset
519 4961 808 5033 quaerendi
838 4962 1115 5017 voluntas.
1159 4962 1321 5027 Quod
1346 4962 1397 5017 si
1427 4966 1635 5019 veritas
1666 4960 1824 5015 Cbri-
1902 4956 2740 5034 proselytus,94ﬂdupliciter
2754 4954 2902 5010 ﬁlius
2914 4952 3187 5026 88110111158
3196 4956 3508 5029 perdocui-

1908 5068 2040 5106 nam
2058 5048 2305 5104 doctoris
2319 5046 2451 5101 mali
2464 5045 2855 5109 efﬁcitur,cum
2871 5050 2929 5099 et
2947 5040 3232 5099 Christum
3250 5038 3509 5119 blasphe-

1907 5156 2064 5197 mare
2103 5136 2319 5211 incipit,
2363 5140 2419 5189 et
2451 5150 2487 5190 a
2521 5130 2647 5205 lege
2695 5131 2837 5189 nihil
2881 5128 3169 5203 proﬁcere.
3213 5131 3413 5204 Sicque
3442 5134 3509 5189 ﬁt

206 5058 338 5108 stus
366 5052 526 5107 salus
557 5056 662 5116 est,
683 5050 875 5107 etvita
902 5050 1145 5121 perfecte
1172 5050 1653 5121 cognoscentium,
1684 5050 1822 5122 quid

204 5148 390 5212 putas
417 5144 692 5212 quantum
716 5156 792 5195 va
816 5139 928 5195 illis
955 5139 1264 5203 immineat,
1296 5139 1391 5210 qui
1419 5140 1644 5195 easdem
1675 5138 1826 5195 Scri-

207 5236 437 5300 ptores,
473 5227 630 5284 aliud
667 5244 766 5299 pro
794 5228 905 5285 alio
951 5228 1308 5294 mentientes,
1339 5228 1648 5283 claudunt?
1681 5227 1825 5293 Quid
1907 5226 1999 5281 ille
2026 5225 2120 5299 qui
2164 5223 2355 5279 docuit
2388 5228 2454 5278 ut
2483 5238 2652 5279 causa
2690 5218 2918 5276 secundi
2947 5219 3153 5274 erroris
3193 5218 3273 5284 ﬁt,
3313 5225 3371 5276 et
3406 5222 3510 5279 ﬁat

202 5321 379 5379 enim
397 5319 647 5391 apertius
664 5318 773 5373 dici
788 5318 974 5391 potuit
998 5318 1070 5374 de
1094 5318 1339 5385 Christo,
1361 5335 1532 5391 quam
1556 5317 1732 5374 Isaias
1748 5317 1830 5371 di-
1910 5315 2206 5388 dupliciter
2234 5313 2381 5366 ﬁlius
2407 5312 2679 5382 gehennae
2719 5326 2891 5380 supra
2920 5307 3074 5362 illum
3107 5306 3202 5378 qui
3233 5309 3378 5366 male
3406 5312 3513 5366 do-

137 5455 147 5460 -
204 5408 349 5467 cit?
387 5410 502 5477 Ipse
546 5409 837 5475 Dentium,
868 5406 1072 5478 inquit,
1103 5410 1281 5465 veniet
1319 5413 1373 5462 et
1410 5407 1646 5463 saluabil
1682 5422 1779 5461 nos
1810 5424 1827 5470 ;
1909 5404 2028 5460 cuit
2051 5419 2203 5459 eum.
2233 5400 2627 5477 Unusquisque
2646 5398 2795 5454 enim
2820 5396 3183 5454 usitatissime
3213 5394 3360 5471 ﬁlius
3386 5401 3513 5475 ejus

138 5548 141 5549 ν
206 5507 363 5556 ωηο
406 5500 735 5567 War
776 5499 924 5553 oculi
946 5482 1233 5566 acorum,
1264 5501 1316 5554 et
1339 5511 1504 5553 auras
1531 5497 1836 5555 turdorum
1913 5494 2140 5561 dieitur,
2168 5492 2331 5564 cujus
2358 5505 2531 5568 opera
2555 5488 2707 5557 facit;
2734 5488 2929 5563 sicque
2952 5483 3223 5544 dicuntur
3254 5486 3356 5544 filii
3381 5494 3514 5567 per-
