3872 6158
513 214 618 275 775
1266 212 1322 267 s.
1366 205 1750 266 pascuasn
1786 204 2147 265 RADBERTI
2183 196 2487 267 ABBATIS
2523 208 3015 268 CORBEIENSIS.
3582 192 3657 283 7‘76

510 338 760 406 ditionis,
820 343 879 392 et
914 336 1016 392 ﬁlii
1050 336 1222 406 hujus
1256 334 1461 389 saeculi.
1504 333 1595 388 Fit
1628 337 1820 387 autem
1859 337 1917 388 et
1945 333 2508 403 aliterAsenserunt,
2545 336 2667 407 jam
2700 337 2848 392 male
2883 337 3119 408 possessi
3145 339 3212 393 ad
3236 338 3358 394 illud
3378 359 3446 397 vae
3466 345 3664 404 ultimum

511 429 747 502 quisque
776 427 1091 499 proselytus
1117 424 1417 495 dupliciter
1442 439 1572 477 reus
1600 440 1614 476 :
1647 422 1778 491 quia
1807 421 1961 492 prius
1990 429 2112 478 erat
2193 424 2341 493 quod
2371 429 2565 492 restat,
2597 425 2644 479 si
2685 442 2798 480 non
2826 427 3191 496 corrigantur,
3229 430 3425 484 omnino
3446 432 3664 491 festinant.

511 524 897 588 transgressor
922 516 981 569 in
1000 515 1122 584 lege
1153 519 1389 576 naturae,
1423 512 1605 565 factus
1635 516 1824 564 autem
1863 512 2109 583 prosely-
2190 513 2271 567 De
2299 530 2408 584 quo
2437 514 2720 585 sequitur:

511 612 623 672 tus,
656 623 783 661 cum
823 609 971 659 esset
1001 602 1276 665 ethnicus,
1302 600 1494 654 videns
1522 599 1918 669 magistrorum
1951 600 2102 666 vitia,
2268 603 2346 655 Vae
2373 604 2538 666 vobis,
2573 605 2731 657 duces
2755 608 3005 674 σπείρω
3027 606 3240 659 dicitis;
3265 606 3535 677 Quicunque
3541 615 3670 679 jura.

508 694 971 766 transgrediendo
996 691 1201 760 legem,
1220 689 1561 760 juremajori
1583 705 1768 759 poena,
1801 687 1857 741 id
1887 693 1973 742 est
1999 689 2106 742 du-
2186 692 2326 743 verit
2354 693 2415 744 in
2447 695 2659 759 templo,
2697 693 2845 746 nihil
2861 698 2935 746 est
2953 696 3084 762 ;qui
3101 699 3273 748 autem
3279 699 3521 763 juraverit
3544 702 3591 753 in
3604 716 3674 754 au-

507 785 655 857 plici,
681 783 1002 845 mulctatur,
1035 779 1179 833 sicut
1200 784 1258 832 et
1272 794 1366 831 vos
1386 778 1483 848 qui
1508 777 1674 851 ﬁdem
1696 782 1754 831 et
1786 794 1959 848 opera
1986 793 2099 831 non
2180 794 2311 832 rum
2350 782 2558 847 templi,
2588 782 2754 835 debet.
2786 781 2960 835 Stulti
2989 787 3035 835 et
3063 784 3183 837 caeci
3198 800 3212 838 :
3240 785 3361 851 quid
3385 788 3510 839 enim
3540 792 3672 855 majus

505 872 741 928 habetis.
760 870 870 925 Alii
900 868 1127 940 quidem
1155 868 1369 932 volunt,
1392 872 1456 920 ut
1470 882 1657 935 quam,
1683 865 2095 931 adverbialiter,
2179 872 2273 931 est,
2296 883 2526 933 aurum,
2545 884 2623 921 an
2651 872 2915 936 templum
2944 871 3088 938 quod
3105 874 3392 938 sanctiﬁcat
3414 889 3580 927 aurum
3598 877 3673 929 ρει

502 978 606 1033 pro
636 963 798 1024 sicut,
831 957 1157 1028 accipiatur,
1190 962 1247 1010 et
1275 956 1350 1009 sit
1377 971 1610 1009 sensus:
1663 954 1869 1009 Facitis
1891 971 2020 1009 eum
2037 956 2099 1008 ﬁ-
2178 959 2491 1025 quicunque
2501 959 2787 1025 juraverit
2807 960 2872 1011 in
2890 960 3233 1024 attari,m'hit
3252 965 3336 1013 est:
3353 965 3675 1030 quicunqung

501 1050 641 1106 lium
686 1048 957 1120 gehennae
1002 1044 1320 1117 dupliciter,
1363 1044 1507 1098 sicut
1546 1049 1604 1097 et
1630 1060 1726 1097 vos
1756 1043 1919 1110 estis;
1968 1043 2102 1114 quia
2186 1047 2395 1098 raverit
2430 1047 2494 1098 in
2539 1047 2701 1111 dono,
2742 1048 2887 1115 quod
2913 1051 2989 1100 est
3016 1062 3177 1115 super
3204 1050 3357 1114 illud,
3385 1051 3524 1103 debet.
3556 1050 3673 1105 Caci:

502 1144 559 1193 et
584 1138 751 1193 ﬁdem
782 1135 991 1191 Christi
1019 1133 1301 1205 respuitis,
1330 1149 1396 1186 ex
1423 1132 1546 1201 lege
1568 1138 1625 1185 et
1645 1132 1931 1203 prophetis
1960 1148 2104 1202 Ραθ-
2184 1133 2322 1201 quid
2340 1135 2491 1187 enim
2510 1137 2695 1202 majus
2711 1141 2805 1198 est,
2834 1136 3065 1199 donum,
3092 1151 3170 1189 an
3199 1140 3365 1190 altare
3393 1140 3514 1206 quod
3529 1142 3678 1192 sancti-

504 1227 844 1292 nuntiatam,
878 1232 937 1279 et
963 1240 1133 1295 opera
1160 1222 1433 1276 virtutum
1472 1221 1629 1275 nulla
1656 1220 1999 1285 habetis,sed
2026 1219 2103 1272 vi-
2187 1224 2312 1289 fleat
2341 1222 2590 1275 donum?
2617 1223 2725 1290 Qui
2750 1238 2877 1289 ergo
2896 1226 3064 1292 jurat
3090 1225 3154 1276 in
3171 1227 3353 1282 altari.
3380 1228 3509 1289 iurat
3524 1229 3628 1280 ineo
3646 1233 3678 1280 et

504 1317 601 1372 tiis
627 1315 779 1387 pleni
824 1313 982 1379 estis,
1027 1311 1229 1383 quibus
1273 1309 1487 1364 etl‘erati
1517 1325 1740 1363 omnem
1784 1314 2107 1364 mansuetu-
2186 1312 2251 1363 in
2271 1312 2526 1364 omnibus
2548 1327 2666 1380 quae
2687 1327 2852 1380 super
2888 1312 3197 1366 illudsunt.
3216 1314 3278 1367 Et
3298 1316 3389 1382 qui
3399 1317 3625 1382 juraem't
3640 1319 3681 1369 in

505 1406 696 1460 dinem
725 1403 908 1457 cordis
933 1399 1220 1465 amisistis,
1254 1404 1311 1453 et
1347 1398 1473 1452 ideo
1496 1399 1616 1468 jam
1647 1398 1798 1452 ultra
1821 1397 1973 1451 beati
2002 1397 2103 1450 mi-
2188 1403 2583 1468 tempto,jurat
2602 1403 2663 1454 in
2681 1402 2800 1465 illo,
2841 1406 2890 1454 et
2919 1404 2982 1454 in
3002 1417 3060 1454 eo
3088 1403 3187 1469 qui
3204 1402 3399 1456 habitat
3426 1405 3478 1455 in
3504 1406 3607 1471 ipso.
3638 1405 3679 1457 Et

500 1493 654 1548 nime
695 1509 818 1546 esse
864 1489 1136 1562 potestis;
1182 1487 1315 1559 quia
1339 1486 1489 1541 beati
1519 1486 1686 1541 mites
1728 1490 1787 1540 et
1826 1486 2106 1540 mansueti
2187 1489 2286 1555 qui
2303 1490 2469 1555 jurat
2489 1491 2554 1541 in
2578 1489 2722 1553 calo,
2744 1492 2909 1556 jurat
2940 1491 3003 1543 in
3026 1490 3286 1543 thronum
3301 1491 3405 1555 Dei,
3430 1495 3472 1543 et
3494 1493 3683 1559 insequi

502 1579 871 1653 possidebunt
898 1585 1128 1633 terram.
1145 1578 1377 1631 Terram
1404 1575 1557 1629 illam
1579 1574 1773 1646 utique
1802 1573 2105 1629 viventium
2125 1649 2162 1653 _
2186 1576 2328 1628 sedet
2341 1591 2507 1644 super
2524 1578 3008 1646 eumArguuntur
3022 1593 3263 1648 namque
3279 1577 3465 1632 Scriba:
3484 1584 3531 1632 et
3548 1578 3684 1637 Phari-

502 1649 574 1725 ad
602 1685 770 1741 quam
797 1667 972 1723 David
991 1665 1236 1737 suspirat
1267 1665 1457 1719 dicens
1487 1678 1499 1712 :
1543 1664 1709 1719 Credo
1756 1665 1937 1718 uidere
1966 1664 2105 1716 bona
2125 1649 2171 1707 Β
2191 1663 2305 1727 saei,
2362 1669 2564 1718 cuncta
2600 1680 2701 1735 pro
2732 1665 2889 1719 lucro
2942 1665 3147 1733 facere,
3188 1672 3245 1720 et
3283 1682 3388 1720 non
3414 1682 3500 1736 pro
3539 1667 3681 1721 timore

504 1760 735 1815 Domini
760 1761 823 1812 in
854 1763 1004 1811 terra
1032 1757 1335 1809 viventium
1370 1756 1533 1823 (Psat.
1570 1766 1722 1819 χχχι,
1764 1751 1843 1813 l3)
1867 1770 1881 1819 ;
1932 1768 2101 1822 quam
2187 1752 2316 1820 Dei;
2347 1752 2492 1807 sicut
2514 1759 2571 1807 et
2598 1770 2769 1824 supra
2788 1753 2846 1808 in
2876 1754 3236 1825 phylacteriis
3255 1760 3309 1809 et
3327 1754 3530 1808 ﬁmbriis
3548 1755 3684 1809 dilata-

501 1864 617 1910 vos,
644 1847 776 1919 quia
801 1851 1027 1900 terrena
1045 1843 1358 1909 Sectamini,
1397 1840 1692 1896 infeliciter
1716 1840 2003 1894 amisistis.
2036 1841 2106 1895 Et
2184 1840 2275 1906 tis,
2308 1857 2417 1894 non
2439 1841 2591 1895 aliud
2613 1858 2783 1912 quam
2803 1858 3005 1896 vanam
3046 1844 3282 1913 gloriam
3312 1842 3626 1915 requirebant,
3648 1850 3685 1897 et

502 1937 814 1994 notandum
858 1935 993 2007 quia
1038 1950 1165 1988 cum
1197 1932 1366 2003 duplo
1390 1931 1618 2001 gravius
1638 1928 2096 2000 delinquentibus
2179 1946 2279 2000 per
2302 1930 2649 1984 occasionem
2679 1930 2893 2001 gloriae,
2934 1932 3107 1985 etiam
3132 1938 3191 1986 et
3216 1931 3274 1986 in
3294 1932 3375 1986 his
3403 1932 3535 1986 lucra
3555 1936 3680 1986 secta-

498 2027 757 2098 gehenna
815 2021 1243 2095 repromittitur,
1306 2020 1623 2074 differentia
1685 2025 2096 2073 tormentorum
2178 2017 2388 2073 bantur
2414 2020 2890 2090 pecuniarum.Et
2916 2020 3043 2075 ideo
3052 2022 3183 2091 jure
3205 2021 3487 2093 hypocrita;
3504 2026 3551 2075 et
3569 2022 3685 2074 duces

501 2119 868 2177 monstratur.
893 2111 1170 2177 Quoniam
1199 2109 1364 2163 aliter
1391 2114 1687 2180 torquetur
1713 2108 1808 2178 qui
1834 2106 2099 2177 simplici-
2182 2107 2312 2161 caeci
2343 2113 2634 2169 vocantur,
2680 2108 2813 2164 licet
2840 2125 3010 2180 super
3042 2110 3363 2164 cathedram
3389 2109 3543 2181 Moysi
3579 2109 3683 2162 sede-

497 2204 770 2260 terfuerit
797 2202 943 2256 ﬁlius
966 2200 1256 2271 gehennae,
1281 2204 1338 2252 et
1355 2197 1518 2251 aliter
1538 2196 1634 2268 qui
1652 2196 1971 2267 dupliciter.
1988 2196 2102 2251 Sic-
2184 2201 2335 2252 runt.
2367 2197 2643 2261 Quoniam
2680 2196 2787 2252 sub
2823 2199 3011 2269 specie
3053 2199 3381 2267 sanctitatis,
3406 2214 3505 2253 non
3540 2197 3687 2252 cultum

503 2310 612 2365 que
643 2296 700 2347 et
735 2290 997 2361 deinceps
1023 2287 1510 2348 considerandum,
1534 2286 1581 2339 si
1597 2286 1780 2339 adhuc
1809 2284 2101 2338 abundan-
2182 2285 2304 2351 Dei,
2335 2302 2448 2340 non
2490 2286 2749 2357 gloriam,
2801 2303 2914 2341 non
2957 2288 3230 2342 honorem
3259 2287 3595 2359 requirebant,
3615 2300 3688 2338 non

500 2382 615 2437 tius
643 2381 821 2452 possit
843 2377 1046 2449 aliquis
1072 2375 1323 2447 torqueri
1350 2374 1666 2446 tripliciter,
1694 2390 1796 2428 seu
1835 2373 2104 2444 multipli-
2186 2374 2598 2429 observantiam
2642 2375 3039 2430 mandatorum
3072 2377 3343 2443 Dei,sicut
3365 2377 3472 2447 jam
3496 2389 3628 2446 supra
3644 2372 3688 2426 de

502 2469 643 2526 citer
671 2467 974 2523 secundum
1009 2464 1426 2519 multitudinem
1457 2468 1833 2534 peccatorum.
1868 2462 1984 2515 Nec
2015 2467 2102 2516 ta-
2186 2462 2333 2517 dono
2360 2462 2854 2533 diximus,quando
2882 2464 3149 2520 dicebant
3176 2465 3320 2536 patri
3358 2463 3582 2518 matrive:
3608 2462 3688 2515 Mu-

501 2574 630 2613 men
658 2555 923 2612 audiendi
950 2560 1083 2610 sunt
1110 2553 1205 2624 qui
1234 2553 1428 2607 dicunt
1449 2551 1605 2605 nulla
1623 2552 1745 2605 loca
1760 2567 1880 2605 esse
1911 2565 2103 2621 pmna-
2188 2567 2295 2604 nus
2335 2553 2697 2620 quodcunque
2711 2557 2784 2606 est
2805 2569 2989 2618 exme,
3009 2555 3117 2607 tibi
3124 2555 3337 2622 prodest
3363 2552 3546 2618 (Matth.
3577 2548 3688 2613 ιώ),

498 2666 644 2715 rum,
677 2662 859 2718 neque
892 2644 1071 2718 pmnis
1096 2641 1346 2713 torqueri
1374 2640 1501 2695 aliis
1529 2656 1669 2711 quos
1691 2640 1950 2709 gehenna
1969 2655 2097 2709 per-
2180 2645 2246 2692 ut
2272 2638 2330 2691 in
2361 2654 2556 2693 eorum
2584 2639 2803 2694 lucrum
2833 2646 3035 2695 cuncta
3062 2642 3349 2696 venirent:
3379 2641 3452 2694 sic
3476 2646 3524 2694 et
3545 2639 3589 2691 hi
3610 2653 3694 2707 par-

498 2738 728 2802 vaserit,
769 2735 877 2790 nisi
919 2732 1147 2805 propria
1173 2730 1515 2786 conscientia
1541 2728 1898 2782 delictorum.
1933 2727 2094 2791 Quod
2180 2726 2559 2798 vipendebant
2598 2729 2875 2800 templum
2913 2734 2972 2784 et
3015 2731 3218 2797 altare,
3251 2746 3314 2784 ac
3344 2727 3565 2784 venerari
3584 2723 3693 2796 jube-

500 2827 693 2883 multis
715 2825 1132 2896 Scripturarum
1164 2820 1224 2874 in
1258 2818 1396 2872 locis
1421 2816 1755 2880 ostenditur,
1788 2822 1846 2869 et
1863 2816 1982 2869 loca
2016 2832 2100 2870 es-
2182 2816 2319 2870 bant
2347 2833 2569 2882 aurum,
2606 2824 2664 2870 et
2712 2819 2902 2872 omnia
2944 2818 3085 2889 legis
3139 2819 3385 2885 donaria,
3433 2833 3541 2888 qua:
3570 2815 3612 2868 in
3638 2813 3694 2866 his

498 2932 558 2970 se
584 2929 898 2986 poenarum,
931 2916 988 2965 et
1016 2906 1291 2979 supplicia
1317 2911 1725 2960 tormentorum
1745 2905 1862 2973 jam
1880 2910 2096 2975 parata.
2121 2961 2162 2986 μ
2179 2905 2845 2973 9500ﬁ'erebantur,ut
2862 2907 3051 2961 omnia
3073 2908 3145 2962 ad
3170 2908 3458 2963 utilitatem
3477 2912 3525 2959 et
3539 2904 3694 2958 lucrum

500 2962 719 3057 necnon
765 3008 824 3055 et
876 2962 1213 3053 auctoritate
1261 2999 1584 3048 sanctorum
1612 2962 1843 3046 Patrum
1871 2962 1952 3045 ita
1978 3008 2100 3045 esse
2120 2962 2164 3018 θ
2183 2962 2375 3047 eorum
2398 2962 2851 3064 proﬁcerent.'Et
2885 3002 3187 3067 propterea
3216 2997 3358 3069 quod
3381 2995 3502 3068 ipsis
3524 2993 3698 3048 delecta

499 3092 776 3153 ﬁrmatur,
806 3088 937 3141 licet
962 3101 1063 3156 per
1089 3083 1339 3151 singulas
1380 3080 1591 3151 species
1628 3079 1929 3134 criminum
1955 3079 2104 3133 dica-
2183 3081 2411 3145 bantur,
2440 3099 2639 3137 aurum
2664 3089 2722 3138 et
2749 3084 2915 3150 dona,
2942 3085 3152 3155 quibus
3179 3052 3295 3141 suis
3326 3052 3592 3140 utebantur
3616 3078 3692 3133 usi-
3798 3064 3799 3123 ἕ

498 3185 596 3233 tur
635 3175 869 3248 quilibet
895 3173 1018 3228 ﬁeri
1049 3171 1196 3225 ﬁlius
1221 3170 1510 3241 gehennae.
1542 3170 1617 3223 Ut
1645 3174 1782 3239 puta
1807 3168 1903 3239 qui
1931 3168 2101 3224 forni—
2182 3168 2305 3237 bus,
2327 3171 2609 3226 sanctiora
2639 3189 2762 3227 esse
2791 3172 3073 3240 dicebant,
3099 3191 3270 3245 quam
3303 3174 3472 3245 ipsum
3493 3170 3698 3241 templum
3798 3234 3799 3245 χ

498 3273 656 3323 cator
683 3270 787 3332 est,
820 3264 885 3318 ﬁt
908 3262 1179 3333 gehennae
1208 3259 1392 3325 ﬁlius;
1416 3258 1511 3329 qui
1540 3263 1729 3312 autem
1761 3258 1984 3311 adulter
2002 3257 2102 3312 du-
2182 3264 2241 3312 et
2275 3260 2473 3325 altare,
2522 3268 2588 3315 ut
2615 3262 2912 3316 offerentes
2942 3263 3322 3335 promptiores
3346 3264 3541 3325 ﬁerent,
3567 3255 3700 3312 multi-

499 3355 720 3429 pliciter
745 3356 1061 3423 torquetur,
1095 3347 1355 3403 similiter
1383 3353 1441 3402 et
1468 3363 1569 3418 per
1593 3352 1794 3401 caetera
1816 3346 2100 3401 vitia.Nec
2180 3348 2346 3419 plicia
2373 3355 2572 3420 sponte
2601 3350 2672 3404 ad
2698 3350 3045 3405 oﬁerendum
3072 3368 3268 3406 rerum
3298 3351 3455 3415 dona,
3483 3363 3621 3421 quam
3653 3341 3701 3397 ad

497 3446 771 3515 injustam
809 3441 1049 3506 videtur,
1100 3437 1147 3492 si
1180 3436 1487 3492 secundum
1530 3436 1759 3489 modum
1807 3435 2097 3507 culparum
2181 3453 2373 3507 preces
2406 3436 2719 3493 fundendas
2764 3455 2950 3493 coram
2994 3447 3193 3495 sancto
3243 3440 3403 3494 altari
3443 3439 3493 3492 in
3518 3433 3694 3505 templo.

498 3533 833 3589 adhibeatur
860 3527 1163 3598 unicuique
1210 3524 1543 3597 supplicium
1588 3529 2000 3579 tormentorum
2039 3524 2098 3579 in
2181 3524 2359 3590 Unde,
2391 3531 2681 3580 ut-eorum
2708 3528 2873 3581 dona.
2908 3533 2967 3582 et
2984 3534 3113 3582 vota
3137 3529 3318 3600 magis
3336 3529 3444 3583 Deo
3479 3524 3704 3581 ﬁrmarent

493 3640 612 3680 una
639 3621 951 3690 eademque
998 3632 1182 3689 poena.
1223 3614 1398 3668 Porro
1445 3613 1515 3667 de
1558 3612 1786 3667 nomine
1827 3613 2098 3683 gehennae
2181 3620 2426 3685 accepta.
2468 3619 2793 3669 statuerunt
2815 3616 3104 3687 stropham
3146 3617 3490 3672 callidissime
3516 3613 3640 3667 satis.
3664 3608 3703 3662 Si

490 3715 611 3785 jam
640 3726 811 3783 supra
838 3707 976 3764 satis
1017 3705 1276 3760 diximus.
1327 3704 1445 3757 Hoc
1471 3706 1663 3755 tamen
1689 3702 1954 3756 lectorem
1983 3719 2099 3756 mo-
2181 3703 2306 3772 quis
2352 3703 2410 3756 in
2440 3704 2853 3758 contentionem
2884 3705 3153 3764 venisset,
3185 3706 3271 3761 vel
3299 3705 3353 3760 in
3381 3705 3596 3775 aliquam
3616 3714 3705 3753 oon-

493 3819 620 3867 neo,
662 3806 727 3855 ut
762 3813 984 3870 semper
1011 3796 1143 3849 hinc
1171 3792 1301 3847 inde
1342 3791 1735 3845 haereticorum
1783 3796 1975 3845 caveat
2016 3791 2095 3845 la-

493 3905 762 3964 queos,ne
777 3870 1790 3949 falsorum949obvolvaturlaqueis
1803 3877 2094 3933 doctorum
2176 3896 2303 3933 rare
2319 3880 2687 3945 deberet,non
2710 3887 2999 3936 teneretur
3016 3899 3151 3937 reus
3182 3883 3240 3936 in
3269 3882 3468 3954 templo
3494 3880 3532 3933 si
3552 3877 3704 3931 falsum

494 3962 590 4050 qui
642 3993 754 4031 non
782 3975 1057 4036 doctores,
1111 3969 1208 4023 sed
1237 3968 1561 4039 deceptores
1593 3971 1725 4021 sunt
1751 3965 2089 4020 animarum.
2170 3968 2421 4038 jurasset
2444 3988 2457 4035 ;
2482 3969 2579 4023 sed
2601 3969 2648 4023 si
2678 3970 2736 4024 in
2751 3987 2889 4025 auro
2911 3987 2977 4024 ex
3008 3987 3120 4042 quo
3146 3977 3342 4043 postea
3368 3969 3615 4050 convictus
3635 3962 3704 4016 fal-

493 4066 639 4131 Quia
685 4064 829 4119 sicut
863 4061 945 4116 illi
987 4057 1290 4128 vaniloqui,
1323 4058 1393 4110 de
1421 4055 1623 4127 quibus
1652 4071 1800 4109 nunc
1828 4054 2088 4121 diximus,
2175 4072 2298 4111 sum
2323 4058 2566 4128 jurasse,
2606 4059 2859 4113 criminis
2879 4076 3008 4114 reus
3026 4040 3351 4115 tenebatur
3372 4040 3543 4113 {unde
3561 4052 3702 4109 statim

491 4153 573 4206 ita
604 4157 736 4205 sunt
761 4156 819 4204 et
844 4149 941 4203 alii
978 4147 1073 4218 qui
1099 4146 1294 4199 volunt
1321 4143 1731 4215 allegorizando
1770 4142 2091 4197 introduce-
2175 4161 2397 4213 aurum,
2434 4146 2493 4201 in
2514 4163 2624 4218 quo
2640 4149 2948 4218 juraverat,
2977 4165 3108 4203 reus
3137 4147 3438 4220 cogebatur
3463 4144 3700 4201 exsolvere,

492 4257 575 4308 re,
617 4238 764 4310 quod
793 4237 1070 4308 gehenna,
1103 4249 1226 4305 quae
1254 4232 1411 4286 vallis
1436 4232 1676 4286 ﬁliorum
1712 4233 1909 4286 Ennon
1939 4248 2094 4286 voca-
2174 4237 2240 4287 ut
2266 4234 2529 4289 universa
2571 4251 2766 4290 eorum
2800 4235 2995 4291 usibus
3024 4237 3310 4292 cederent.
3338 4234 3580 4291 Similiter
3599 4226 3704 4282 etin

492 4334 586 4385 tur
614 4329 672 4382 in
698 4324 1021 4397 Scripturis,
1045 4329 1104 4376 et
1118 4320 1427 4375 Jerusalem
1443 4335 1553 4372 non
1573 4319 1739 4389 longe
1770 4320 1882 4374 sint
1910 4319 1980 4374 ab
2010 4320 2089 4374 in-
2105 4311 2154 4370 D
2173 4322 2339 4377 altari
2363 4323 2411 4377 si
2433 4323 2557 4395 quis
2573 4325 3084 4397 jurasset,perjurii
3104 4341 3458 4398 nequaquam
3478 4318 3702 4391 adiudica-

490 4419 686 4475 vicem.
719 4416 875 4472 Licet
892 4410 1203 4468 Jerusalem
1226 4407 1337 4461 sita
1354 4407 1429 4460 sit
1457 4407 1514 4461 in
1535 4413 1806 4471 monte,et
1830 4409 2088 4479 gehenna
2171 4410 2336 4466 batur
2356 4429 2505 4477 reus,
2529 4413 2699 4467 etiam
2728 4414 3012 4469 convictus
3033 4415 3184 4486 quod
3217 4411 3536 4486 jurasset.Si
3559 4411 3701 4462 autem

490 4508 649 4562 vallis
676 4506 897 4561 dicatur
927 4521 939 4555 :
970 4507 1163 4556 tamen
1188 4513 1383 4551 eorum
1410 4497 1662 4550 locorum
1693 4512 1808 4550 una
1829 4514 1950 4552 sors
1980 4504 2082 4560 est,
2170 4502 2514 4571 perjurasset
2542 4502 2601 4556 in
2629 4502 2883 4568 donis,et
2910 4502 3290 4558 oblationibus
3321 4519 3439 4574 quae
3461 4495 3703 4555 offereban-

490 4602 549 4652 et
586 4596 645 4651 in
680 4612 796 4650 una
822 4594 1195 4647 numerantur
1220 4585 1390 4651 tribu,
1425 4585 1571 4640 sicut
1596 4590 1654 4639 et
1681 4585 1909 4656 reliquae
1939 4587 2087 4641 elec—
2168 4595 2265 4643 tur
2293 4590 2427 4655 Deo,
2455 4591 2526 4644 ad
2556 4591 2753 4652 altare,
2781 4591 2837 4645 in
2869 4591 3068 4646 hostiis
3086 4599 3145 4645 et
3168 4592 3520 4651 victimis,seu
3548 4586 3595 4639 in
3615 4579 3702 4652 qui-

488 4685 718 4741 tissimaa
746 4681 1017 4737 civitates.
1050 4679 1404 4748 Quapmpter
1431 4674 1833 4745 dogmatizant,
1866 4692 1962 4729 eos
1991 4676 2087 4746 qui
2168 4676 2384 4748 busque
2434 4679 2782 4746 muneribus,
2814 4680 2931 4734 haec
2978 4680 3388 4735 studiosissime
3425 4676 3698 4748 repetentes.

487 4778 739 4848 peccant,
776 4770 907 4825 licet
956 4768 1014 4822 in
1051 4766 1311 4837 gehenna
1338 4765 1655 4825 mittantur,
1689 4768 1747 4817 et
1774 4764 1945 4818 valles
1974 4764 2089 4819 sint
2167 4766 2305 4822 illud
2335 4766 2406 4821 ab
2432 4784 2500 4822 eo
2529 4768 2827 4838 exigebant
2855 4768 2911 4823 in
2940 4785 3050 4840 quo
3087 4768 3293 4824 falsum
3310 4770 3555 4839 jurasset.

485 4842 771 4936 appellati,
821 4858 955 4929 quia
1003 4859 1390 4928 peccaverunt,
1430 4853 1764 4924 quandoque
1816 4853 1964 4923 quod
2014 4853 2085 4907 ad
2169 4871 2391 4927 quoque
2436 4873 2550 4911 non
2596 4856 2879 4912 immerito
2933 4858 3123 4928 arguit
3159 4874 3257 4912 eos
3297 4856 3566 4915 Dominus,
3590 4842 3702 4920 quod

486 4968 661 5008 unam
703 4953 912 5004 801'th
950 4951 1083 5001 sunt
1128 4942 1423 5007 reversuri,
1451 4947 1509 4996 et
1538 4941 1597 4995 in
1637 4956 1752 4995 una
1777 4940 2086 5011 eademque
2166 4961 2368 4998 aurum
2396 4946 2593 5017 templi
2622 4951 2680 5001 et
2694 4946 2843 5000 dona
2857 4946 3054 5000 altaris
3084 4947 3141 5000 in
3171 4949 3700 5001 sacramentorumm'

484 5042 638 5098 tribu
665 5033 1237 5099 connumerabuntur,
1270 5032 1328 5086 in
1355 5047 1468 5102 qua
1494 5029 1807 5084 Jerusalem
1839 5029 1937 5083 illa
1972 5046 2082 5084 αε-
2165 5032 2433 5104 ligionem
2478 5041 2899 5101 venerarentur,
2952 5051 3080 5089 cum
3137 5035 3319 5089 honor
3370 5033 3578 5088 deberet
3610 5037 3701 5078 esse

482 5131 640 5187 lestis
667 5127 921 5183 sortitur.
952 5121 1111 5188 Quod
1140 5137 1305 5192 quam
1336 5119 1641 5174 absurdum
1666 5118 1741 5172 sit
1767 5117 1845 5172 ita
1873 5119 2083 5173 sentire
2164 5122 2351 5192 potior
2377 5123 2571 5178 altaris
2595 5132 2651 5178 et
2667 5125 2864 5196 templi
2888 5142 2900 5192 ;
2959 5124 3089 5195 quia
3120 5124 3433 5178 futurorum
3458 5121 3511 5174 in
3540 5118 3697 5186 ﬁgura,

482 5219 641 5276 nobis
671 5213 1001 5277 tacentibus,
1057 5210 1240 5266 omnis
1283 5207 1587 5264 auctoritas
1639 5207 2074 5278 Scripturarum,
2160 5215 2218 5266 et
2244 5227 2445 5266 aurum
2462 5213 2695 5285 templo,
2727 5219 2784 5268 et
2811 5213 3018 5267 donum
3044 5212 3338 5267 dedicatur
3373 5207 3541 5265 altari.
3576 5198 3701 5258 Unde

481 5314 536 5364 et
586 5306 862 5362 catholica
903 5302 1040 5357 ﬁdes
1110 5299 1334 5354 clamat.
1385 5296 1514 5352 Haec
1563 5301 1753 5351 tamen
1800 5296 1950 5369 quia,
2008 5297 2078 5353 de
2159 5299 2419 5356 veniente
2441 5302 2681 5365 Christo,
2706 5301 2823 5359 hac
2842 5302 3034 5357 omnia
3053 5301 3193 5371 legis
3202 5303 3320 5372 jam
3339 5297 3548 5354 inutilia
3572 5291 3702 5346 erant

481 5396 803 5451 Graecorum
830 5389 1056 5446 turbine
1086 5386 1157 5441 ad
1182 5402 1285 5442 nos
1309 5384 1459 5440 mala
1477 5385 1753 5440 translata
1780 5390 2072 5452 venerunt,
2158 5388 2540 5457 offerentibus,
2578 5391 2710 5463 quia
2756 5408 2867 5445 non
2891 5407 2926 5444 a
2954 5391 3077 5461 lege
3094 5390 3370 5456 Christus,
3396 5385 3487 5442 sed
3508 5383 3584 5439 lex
3603 5391 3700 5432 san-

481 5483 743 5543 omittere
770 5496 881 5536 non
919 5476 1106 5534 debui.
1158 5474 1302 5540 Quia
1349 5472 1443 5545 qui
1488 5472 1624 5528 talia
1676 5474 1943 5542 sentiunt,
1977 5479 2078 5531 aut
2156 5475 2508 5536 ctiﬁcabatur
2527 5480 2587 5535 in
2625 5480 2883 5548 Christo;
2915 5479 2974 5535 in
3005 5496 3131 5552 qua,
3154 5478 3327 5536 veluti
3346 5477 3563 5533 sedesac
3578 5470 3697 5523 thro-

2180 3792 2532 3857 troversiam,
2566 3791 2717 3847 unde
2750 3797 2979 3864 propter
3005 3793 3433 3865 ambiguitatem
3457 3789 3621 3863 jurgii,
3637 3788 3706 3856 ju-
3798 3836 3799 3839 η
