3872 6158
171 175 275 235 777

901 181 1283 239 EXPOSI'I‘IO
1323 182 1401 238 IN
1438 181 1891 240 MAT'I‘HEUM.
1923 214 1990 227 -
2015 184 2152 240 LIB.
2193 184 2262 251 X,
2306 183 2465 240 CAP.
2506 184 2710 241 XXIII.

3328 185 3435 246 778

167 320 273 358 nus
302 303 423 371 Dei,
440 305 597 376 prius
621 307 839 378 positus
867 313 1009 376 erat,
1043 309 1140 381 qui
1169 324 1234 364 ex
1261 326 1329 364 ea
1355 309 1764 380 praedicabatur
1777 311 1829 370 A
1845 309 1978 365 bere
1999 309 2397 377 differentiam,
2421 314 2479 364 et
2495 324 2611 363 una
2630 307 2858 380 quidem
2872 308 3239 381 pertineatad
3262 327 3437 384 popu-

168 393 412 448 futurus.
434 396 514 448 Ac
539 412 641 467 per
662 397 773 451 hoc
792 397 962 452 duces
990 398 1119 453 caeci
1133 400 1262 469 jure
1292 402 1560 452 vocantur
1588 403 1645 453 et
1668 399 1769 470 hy-

168 483 418 552 pocriten,
449 484 583 555 quia
618 501 679 538 se
728 486 909 557 legem
943 486 1197 541 venerari
1246 486 1682 551 mentiebantur,
1709 492 1767 541 et

163 572 358 641 jurare
388 589 491 642 per
519 573 784 629 thronum
814 574 917 629 Dei
945 584 1045 630 aut
1094 592 1195 647 per
1232 576 1430 630 caelum
1469 592 1766 642 consueve-

167 666 315 726 rant,
349 661 668 731 religiosius
700 662 1057 718 observantes
1112 680 1180 718 ea
1211 680 1377 735 quam
1427 680 1556 717 eum
1587 661 1683 732 qui
1705 660 1765 714 in

168 747 252 801 his
281 749 483 803 sedere
502 750 885 819 judicabatur.
927 752 1380 807 Sanctiﬁcantem
1419 768 1641 822 quoque
1672 765 1766 819 ne.-

166 836 477 906 gligebant,
516 844 573 891 et
598 839 960 904 sanctiﬁcata,
994 840 1218 894 Christo
1259 838 1649 911 praetermisso,
1681 855 1770 891 ve-

169 924 553 994 nerabantur;
588 933 646 981 et
671 927 797 982 ideo
828 929 989 999 quasi
1015 928 1139 983 coeli
1168 916 1423 999 quaedam
1461 926 1768 981 similitudo

170 1014 475 1079 inducitur,
501 1021 567 1071 ut
592 1016 688 1070 ille
715 1016 813 1087 qui
853 1017 1011 1071 sedet
1038 1017 1097 1071 in
1126 1034 1211 1084 eo,
1244 1022 1344 1071 aut
1366 1017 1425 1071 in
1446 1017 1587 1086 lege,
1621 1031 1772 1069 reco-

168 1109 492 1172 gnoscatur.
519 1104 795 1168 Quoniam
825 1110 1055 1177 propter
1080 1106 1411 1160 traditiones
1434 1121 1565 1159 suas
1593 1102 1771 1158 Judaii

171 1191 364 1245 omnia
382 1192 527 1262 legis
560 1193 826 1248 mandata
848 1200 1236 1265 corruperant,
1268 1203 1326 1249 et
1353 1210 1579 1248 omnem
1608 1192 1771 1246 intel-

170 1279 381 1335 lectum
412 1281 482 1335 de
508 1282 730 1337 Christo
759 1289 1187 1339 evacuaverant.
1218 1282 1524 1353 Propterea
1546 1281 1665 1335 vult
1679 1297 1774 1335 eos

171 1369 463 1436 reducere,
494 1375 613 1425 tam
636 1372 707 1426 ad
734 1373 1003 1427 mandata
1049 1372 1278 1443 agendae
1328 1372 1469 1436 vitae,
1503 1387 1672 1441 quam
1702 1369 1773 1423 ad

171 1473 236 1510 ea
263 1475 394 1529 quae
448 1464 583 1514 sunt
628 1460 1007 1530 signiﬁcandae
1048 1460 1194 1522 vitae,
1226 1466 1291 1514 ut
1311 1476 1379 1514 ex
1410 1476 1522 1514 uno
1576 1474 1772 1512 eorum

1848 398 2013 463 lares,
2037 399 2134 470 qui
2158 398 2405 454 decimas
2419 397 2649 463 dabant,
2674 398 2928 469 quamvis
2960 399 3108 463 ﬁcte,
3131 400 3309 454 altera
3334 417 3437 456 au-

1845 492 1961 541 tem
1992 488 2063 541 ad
2092 488 2428 553 sacerdotes,
2454 503 2551 558 qui
2569 486 2815 541 decimas
2834 487 3199 559 accipiebant.
3219 488 3441 545 Etenim

1847 592 2031 630 sermo
2059 576 2179 647 ipse
2207 577 2266 630 in
2294 576 2526 630 dubium
2557 592 2757 631 sonare
2786 577 3023 643 videtur,
3055 594 3185 632 cum
3221 577 3321 640 ait,
3364 578 3441 633 Va:

1846 667 1990 719 vobis
2019 667 2119 733 qui
2145 667 2462 729 decimatis;
2490 682 2618 719 nam
2652 670 2709 719 et
2738 665 2835 735 qui
2859 665 3066 736 accipit
3091 665 3356 731 decimas,
3384 670 3445 720 et

1848 753 1944 824 qui
1965 753 2081 817 dat,
2115 759 2264 807 recte
2289 758 2479 819 952
2501 753 2779 807 decimare
2806 753 2915 807 dici
2937 759 3141 824 potest.
3164 753 3442 809 Fortassis

1851 840 2057 896 Scriba;
2086 848 2144 895 et
2170 840 2461 908 Pharisaei,
2494 858 2560 895 ex
2586 841 2833 896 minimis
2860 842 2976 896 suis
3005 842 3252 897 oleribus
3288 843 3441 897 deci-

1852 946 1973 983 mas
2000 929 2229 994 dabant,
2260 929 2393 984 licet
2420 930 2738 984 sacerdotes
2765 935 2971 996 essent,
3006 936 3072 986 ut
3096 948 3199 1003 per
3219 930 3326 986 hoc
3345 933 3443 1002 ju-

1852 1018 2055 1072 stiores
2078 1017 2423 1072 haberentur
2450 1018 2510 1072 in
2538 1019 2767 1090 populo.
2793 1023 2852 1074 et
2873 1019 3122 1074 videntes
3146 1037 3261 1087 eos,
3298 1020 3445 1075 dice-

1852 1110 2005 1159 rent:
2039 1105 2212 1159 Putas
2234 1105 2513 1175 quomodo
2545 1105 2796 1159 omnium
2816 1122 3004 1161 rerum
3029 1123 3261 1164 suarum
3289 1107 3443 1163 deci-

1851 1209 1972 1246 mas
2003 1192 2097 1247 isti
2131 1193 2333 1247 offerre
2360 1193 2477 1246 Deo
2496 1209 2607 1246 non
2634 1193 2944 1264 negligunt,
2964 1195 3059 1266 qui
3087 1196 3258 1250 etiam
3288 1213 3444 1251 com-

1853 1280 2257 1352 temptibilium
2281 1282 2497 1335 olerum
2526 1281 2773 1335 decimas
2802 1282 2936 1337 dare
2964 1300 3077 1338 non
3109 1285 3447 1355 praetermit-

1854 1374 1985 1423 tunt
2004 1388 2016 1434 ;
2050 1375 2214 1440 putas
2231 1370 2511 1440 quomodo
2531 1370 2839 1425 secundum
2855 1372 3046 1426 omnia
3056 1372 3156 1427 Dei
3172 1379 3450 1445 praecepta

1855 1456 1971 1511 vita
1998 1474 2193 1512 eorum
2244 1463 2518 1523 servatur,
2561 1458 2643 1511 ita
2670 1466 2736 1512 ut
2776 1475 2879 1513 nec
2907 1459 2968 1514 in
3019 1460 3251 1516 modicis
3283 1461 3451 1516 rebus

173 1546 465 1602 Christum
488 1550 612 1618 jam
640 1548 854 1604 venisse
881 1550 1221 1620 intelligant,
1254 1565 1318 1603 ex
1336 1549 1534 1612 altero,
1551 1563 1776 1601 servan-
1857 1547 2147 1617 negligere
2166 1546 2482 1600 videantur.
2516 1547 2586 1600 Et
2614 1547 2740 1601 ideo
2791 1548 2935 1602 forte
2963 1565 3029 1603 ac
3072 1549 3120 1604 si
3162 1549 3451 1620 religionis

171 1632 237 1686 do
270 1648 401 1703 quae
458 1638 738 1704 praecepta
780 1639 933 1699 sunt,
963 1634 1022 1688 in
1051 1633 1272 1688 Christo
1322 1632 1634 1704 proﬁciant.
1660 1622 1833 1686 SedB
1851 1635 2198 1706 gratia,talia
2212 1635 2534 1705 hujusmodi
2546 1635 2730 1706 potius
2742 1635 3139 1703 oﬁ'erebant,ut
3157 1643 3215 1692 et
3227 1638 3454 1709 dispen-

173 1720 304 1792 quia
325 1721 409 1774 illi
441 1720 657 1776 obsessi
687 1739 721 1776 a
738 1726 919 1789 95]
952 1722 1318 1788 daemonibus,
1362 1722 1473 1775 ista
1525 1721 1774 1793 recipere
1857 1725 1949 1779 dio
1968 1729 2243 1790 carerent,
2265 1730 2321 1779 et
2334 1725 2516 1794 gloria
2544 1725 2657 1779 illis
2677 1726 2734 1780 in
2758 1727 2963 1797 populo
2988 1726 3347 1782 favorabilior
3370 1744 3456 1783 θεν

173 1811 484 1867 noluerunt
507 1831 521 1878 ;
544 1830 647 1867 nos
667 1813 799 1884 quia
819 1816 881 1867 in
898 1818 1018 1868 mut
1024 1816 1092 1867 tis
1107 1815 1433 1881 o/fendimus
1448 1814 1771 1879 omnesUac.
1859 1819 1963 1867 set.
1976 1813 2137 1868 Unde
2149 1818 2207 1867 et
2226 1813 2497 1868 Dominus
2509 1830 2574 1866 ex
2592 1813 2851 1868 omnibus
2862 1815 2973 1868 tria
2983 1815 3315 1884 elegitolera
3329 1833 3455 1886 qua;

174 1912 253 1966 n1,
276 1897 365 1967 2),
396 1917 725 1972 sequamur,
748 1908 1038 1973 gementes
1058 1918 1160 1974 pro
1181 1901 1286 1967 his,
1309 1901 1616 1955 Christum.
1635 1899 1779 1964 Quia
1860 1901 2089 1967 dabant,
2118 1907 2396 1973 quatenus
2439 1918 2503 1956 ex
2532 1902 2670 1972 ipsis
2700 1902 3025 1957 ostenderet
3060 1903 3194 1974 quid
3245 1920 3456 1976 quaere-

176 1988 322 2043 beati
351 1992 453 2059 qui
477 1995 684 2057 lugent,
701 1994 970 2060 quoniam
993 1994 1101 2060 ipsi
1113 1991 1548 2044 consolabuntur
1562 1989 1773 2047 (Matth.

176 2093 227 2143 ν,
255 2075 337 2145 5).
371 2078 445 2132 Et
472 2080 715 2150 primum
745 2080 1083 2134 mundcmus
1110 2070 1479 2133 conscientias
1535 2082 1775 2143 nostras,

177 2172 237 2221 ut
259 2167 586 2239 Scripturas
613 2185 818 2235 sacras,
851 2185 1023 2239 quam
1079 2173 1286 2223 sanctae
1337 2167 1468 2231 sint,
1502 2182 1783 2238 quamque

179 2255 298 2311 Deo
327 2256 528 2327 plenae,
562 2257 623 2312 in
648 2258 851 2329 quibus
879 2258 1029 2312 Deus
1056 2256 1355 2322 inhabitat,
1398 2261 1453 2310 et
1480 2273 1546 2310 ex
1576 2254 1782 2326 quibus

178 2345 344 2399 nobis
372 2345 644 2416 loquitur,
671 2345 1071 2417 intelligamus.
1101 2345 1314 2400 Deinde
1335 2344 1550 2399 nullum
1582 2361 1785 2399 aurum

180 2434 486 2488 credamus
512 2439 789 2499 sanctum,
821 2434 929 2489 nisi
960 2433 1109 2505 quod
1145 2434 1293 2488 infra
1320 2433 1529 2504 templo
1558 2432 1661 2487 Dei
1691 2433 1784 2487 de-

179 2521 434 2577 dicatum
462 2528 566 2588 est,
603 2523 661 2577 id
690 2529 776 2577 est
804 2523 946 2577 nihil
992 2528 1151 2577 extra
1191 2521 1408 2575 divinas
1464 2520 1782 2592 Scripturas

178 2610 416 2682 aliquid.
447 2612 702 2683 quamvis
756 2612 988 2683 fulgeat,
1016 2611 1374 2683 recipiamus.
1409 2610 1554 2675 Quia
1600 2610 1783 2664 omnis

180 2715 385 2754 sensus
406 2700 505 2771 qui
531 2705 690 2755 extra
712 2700 1071 2772 resplendere
1097 2701 1337 2765 videtur,
1386 2700 1493 2754 etsi
1542 2699 1786 2754 admira-

180 2786 308 2842 bilis
341 2789 436 2855 sit,
492 2805 606 2844 non
645 2789 912 2844 continuo
944 2789 1215 2861 probatur
1244 2794 1489 2843 sanctus.
1522 2788 1668 2853 Quia
1692 2805 1785 2842 so-

180 2876 267 2932 lus
321 2877 572 2948 Spiritus
621 2883 848 2932 sanctus
880 2884 967 2933 est
1023 2878 1311 2932 dedicator
1367 2877 1785 2948 Scripturarum

1859 1989 2027 2057 bant;
2052 1991 2317 2062 quoniam
2346 1990 2624 2044 odorifera
2650 1990 2811 2045 valde
2841 1998 2993 2056 sunt,
3026 1998 3090 2045 ut
3129 2007 3232 2063 per
3256 2008 3455 2048 eorum

1863 2079 2250 2146 odoramenta,
2282 2085 2626 2134 monstraret
2646 2079 2854 2133 famam
2886 2096 3041 2134 vanae
3071 2080 3253 2135 laudis
3286 2097 3455 2151 quam

1865 2166 2096 2221 naribus
2123 2167 2195 2220 ad
2250 2184 2311 2221 se
2338 2167 2655 2229 trahebant,
2689 2173 2747 2222 et
2787 2166 2990 2238 quibus
3036 2168 3460 2223 delectabantur

1868 2256 2315 2311 oblectamentis.
2348 2257 2418 2310 Et
2465 2256 2793 2328 reliquistis,
2840 2257 3044 2327 inquit,
3072 2256 3374 2327 judicium,
3403 2261 3462 2311 et

1868 2344 2332 2409 misericordiam,
2366 2350 2423 2399 et
2448 2345 2638 2399 ﬁdem.
2688 2346 2828 2400 Ecce
2848 2345 3028 2400 tribus
3057 2345 3203 2400 male
3231 2345 3478 2414 oblatis,

1863 2434 1976 2487 tria
2004 2432 2210 2503 objecit
2236 2433 2398 2504 pejus
2426 2434 2698 2504 neglecta,
2731 2433 2934 2504 quibus
2957 2433 3371 2505 praetermissis,
3402 2434 3459 2488 in

1865 2523 2041 2576 Deum
2065 2527 2121 2575 et
2149 2522 2207 2575 in
2223 2522 2506 2592 proximos
2524 2521 2706 2576 omnis
2720 2523 2944 2592 justitia
2955 2523 3296 2591 frustratur;
3329 2522 3465 2594 quia

1860 2610 2084 2681 justitia
2111 2610 2233 2677 Dei,
2255 2616 2321 2664 ut
2342 2611 2530 2681 justus
2561 2610 2799 2681 quisque
2847 2610 2922 2665 sit
2973 2616 3030 2665 et
3056 2611 3221 2677 vivat,
3253 2627 3319 2664 ex
3348 2610 3461 2665 ﬁde

1866 2704 2140 2763 servatur,
2176 2698 2307 2769 quia
2324 2699 2667 2769 justificatur
2685 2699 2909 2770 impius.
2930 2700 3000 2753 Et
3023 2698 3133 2754 nisi
3161 2699 3220 2753 in
3243 2698 3461 2770 judicio

1867 2788 2075 2859 probus
2107 2787 2426 2853 inveniaris,
2446 2788 2636 2857 justus
2664 2803 2954 2858 nunquam
2974 2804 3097 2842 esse
3117 2787 3348 2859 poteris,
3366 2803 3463 2842 nc-

1869 2894 1977 2948 quc
1998 2877 2056 2930 in
2082 2876 2308 2946 justitia
2335 2876 2697 2946 justiﬁcatus.
2720 2892 2821 2947 per
2848 2893 3018 2946 quam
3054 2876 3266 2931 recedit
3290 2876 3462 2932 homo

180 2971 531 3032 sanctarum,
564 2983 674 3038 quo
708 2967 1111 3032 sanctiﬁcatur,
1144 2966 1203 3020 in
1236 2965 1466 3027 eisdem,
1496 2972 1554 3019 et
1578 2965 1649 3020 ab
1677 2965 1787 3019 eis-
1805 2972 1849 3031 ο
1871 2964 1941 3019 ab
1963 2964 2277 3036 iniquitate.
2304 2964 2514 3019 Idcirco
2534 2970 2873 3036 praeceptum
2897 2970 2984 3019 est
3013 2966 3185 3035 juste.
3211 2965 3359 3037 quod
3373 2966 3463 3036 ju-

182 3055 312 3110 dem
347 3055 672 3126 Scripturis,
709 3072 875 3110 omne
915 3072 1117 3110 aurum
1148 3054 1518 3125 eloquiorum,
1550 3059 1616 3108 ut
1642 3053 1789 3108 inve-

186 3143 384 3199 niatur
429 3144 578 3215 quod
622 3145 972 3215 proferamus
1028 3160 1150 3199 esse
1197 3142 1473 3197 sanctum.
1511 3142 1620 3197 Sed
1654 3149 1712 3196 et
1737 3142 1786 3196 si

186 3245 301 3299 qua
324 3229 478 3284 dona
505 3230 791 3285 offerimus
823 3231 894 3284 ad
923 3231 1120 3296 altare,
1134 3229 1290 3301 prius
1300 3228 1572 3282 mundum
1588 3244 1683 3281 cor
1698 3244 1788 3282 su-

186 3334 290 3389 per
319 3334 456 3389 quo,
485 3324 543 3373 et
568 3318 628 3373 in
658 3336 787 3390 quo,
816 3335 884 3373 ea
920 3318 1223 3373 oﬁ'erimus.
1272 3319 1522 3387 Agamus
1551 3316 1693 3370 votis
1730 3320 1788 3369 et

188 3406 456 3478 precibus
475 3406 650 3478 prius,
669 3415 733 3462 ut
752 3407 829 3462 sit
852 3407 989 3462 illud
1028 3406 1456 3469 sanctiﬁcatum,
1474 3405 1621 3475 quod
1639 3403 1785 3474 prin-

190 3497 369 3568 cipale
389 3503 480 3551 est
506 3496 564 3550 in
593 3496 784 3563 nobis;
816 3503 952 3552 tunc
970 3497 1198 3551 demum
1225 3495 1373 3549 dona
1402 3500 1458 3548 et
1481 3493 1789 3549 oblationes

190 3583 249 3639 in
273 3586 371 3639 illo
387 3603 514 3657 qua:
535 3585 821 3640 offerimus
835 3585 1106 3656 quotidie,
1128 3591 1323 3638 sancta
1342 3588 1527 3637 erunt.
1569 3583 1639 3635 Et
1661 3581 1787 3635 ideo

190 3673 459 3746 lacrymis
477 3681 535 3728 et
551 3673 806 3745 precibus
826 3679 1047 3745 oportet
1066 3674 1293 3736 instare,
1302 3678 1367 3727 ut
1379 3671 1484 3725 ista
1500 3668 1787 3724 beatitudo

189 3764 481 3819 nutriatur
509 3780 544 3817 a
562 3764 676 3817 Deo
696 3763 755 3817 in
780 3762 960 3827 nobis,
992 3767 1051 3817 et
1068 3778 1164 3816 cor
1192 3761 1547 3825 mundemus,
1566 3776 1631 3814 ex
1651 3773 1783 3828 quo,

193 3858 252 3906 et
286 3853 345 3906 in
378 3868 492 3923 quo
524 3856 715 3905 votum
744 3851 861 3905 Deo
894 3851 1144 3905 offertur.
1192 3848 1471 3913 Quoniam
1500 3863 1664 3900 omne
1689 3863 1787 3900 vo-

192 3945 313 3994 tum
343 3938 594 3994 hominis
621 3944 686 3993 ut
737 3943 1027 4009 acceptum
1058 3938 1174 3993 Deo
1225 3936 1318 4002 sit,
1351 3952 1448 3989 cor
1492 3934 1643 3999 facit,
1674 3949 1789 3987 non

192 4043 295 4082 suo
323 4044 585 4089 munere,
610 4026 709 4081 sed
727 4027 874 4081 dono
894 4026 1016 4080 Dei.
1039 4026 1109 4079 Et
1148 4024 1274 4079 ideo
1303 4022 1687 4078 honorabilius
1703 4026 1791 4076 est

192 4133 288 4171 cor
306 4116 580 4181 hominis,
599 4115 672 4169 ad
692 4115 841 4187 quod
867 4113 1112 4186 primum
1139 4114 1291 4168 Deus
1319 4111 1565 4183 respicit,
1589 4127 1655 4165 ex
1675 4126 1786 4182 quo

192 4211 382 4259 votum
413 4206 670 4270 offertur,
694 4219 867 4274 quam
890 4218 1098 4257 munus
1116 4200 1298 4255 cordis
1322 4218 1337 4267 ;
1369 4200 1519 4270 quod
1552 4204 1610 4253 et
1636 4199 1787 4252 Deus

190 4300 314 4364 post
338 4310 441 4350 cor
467 4292 699 4364 respicit
726 4308 793 4347 ex
821 4307 932 4363 quo
959 4296 1150 4346 votum
1179 4290 1431 4344 oﬁertur.

273 4384 347 4438 νδ
363 4380 760 4446 uobis,’Scribas
795 4385 845 4435 et
890 4380 1159 4434 Pharisaei
1177 4378 1489 4447 hypocrita,
1523 4379 1622 4445 qui
1650 4378 1787 4430 deci-

193 4475 355 4526 matis
387 4471 681 4525 mentham
713 4475 764 4524 et
790 4474 1019 4524 anetum
1044 4472 1093 4521 et
1105 4469 1470 4534 cyminum,et
1484 4467 1788 4532 reliquistis

195 4576 311 4629 qua
325 4562 595 4628 graviora
604 4563 735 4613 sunt
762 4560 912 4627 legis,
925 4558 1233 4627 judicium,
1256 4560 1304 4609 et
1321 4554 1784 4619 misericordiam,

194 4652 245 4701 et
266 4650 446 4715 ﬁdem.
479 4649 604 4704 Hac
629 4649 871 4717 oportuit
895 4648 1092 4714 facere,
1128 4649 1176 4699 et
1203 4647 1308 4700 illa
1351 4659 1469 4697 non
1516 4644 1785 4696 omittere.

194 4736 292 4791 Vae
311 4743 505 4793 autem
525 4737 659 4802 illis,
675 4735 808 4807 quia
825 4734 1015 4789 omnia
1033 4750 1205 4805 opera
1237 4749 1339 4788 sua
1380 4729 1693 4802 liquabant,
1727 4733 1792 4783 ut

193 4825 520 4882 viderentur
547 4825 618 4880 ab
640 4823 985 4889 hominibus,
1009 4823 1200 4878 etideo
1220 4818 1526 4893 hypocrita;
1541 4819 1668 4890 jure
1692 4835 1789 4872 vo-

194 4920 413 4970 cantur.
441 4914 554 4970 Sed
586 4913 950 4985 quzerendum
990 4911 1270 4983 quomodo
1307 4907 1662 4963 decimabant
1688 4924 1792 4962 sua

195 5003 403 5058 Scriba:
430 5010 489 5058 et
510 5003 801 5070 Pharisaei,
833 5002 907 5056 ad
936 5017 1075 5072 quos
1103 5005 1161 5054 et
1188 4999 1257 5053 de
1287 4997 1489 5069 quibus
1523 4995 1792 5067 loqueba-

192 5097 313 5158 tur,
337 5093 647 5163 praesertim
666 5108 795 5146 cum
818 5090 925 5162 ipsi
946 5088 1264 5145 sacerdotes
1294 5092 1458 5142 erant
1484 5091 1539 5139 et
1562 5085 1788 5150 Levita},

193 5180 297 5251 qui
329 5182 506 5253 magis
531 5178 879 5252 accipiebant
925 5178 1171 5233 decimas
1200 5194 1235 5231 a
1259 5176 1463 5249 populo
1502 5190 1669 5245 quam
1697 5173 1793 5227 da-

193 5275 362 5336 rent;
397 5270 506 5325 nisi
531 5270 665 5341 quia
685 5285 751 5323 ex
770 5266 907 5339 ipsis
938 5267 1167 5338 quidam
1196 5265 1512 5320 sacerdotes
1550 5267 1713 5317 erant
1738 5267 1796 5315 et

190 5358 429 5425 Levita,
460 5358 690 5430 quidam
716 5372 845 5412 vero
897 5356 1212 5428 populares.
1244 5355 1313 5409 Et
1353 5358 1653 5426 propterea
1678 5366 1792 5405 non

195 5447 571 5518 incongruum
599 5451 707 5513 est,
720 5444 768 5501 si
790 5445 1072 5517 duplicem
1092 5444 1263 5515 hujus
1292 5444 1398 5499 loci
1429 5442 1667 5498 dicimus
1694 5441 1790 5496 ha-

435 5551 708 5611 ΡΑτιιοι-
753 5546 930 5609 CXX.

1868 3060 2018 3108 stum
2044 3059 2131 3107 est
2158 3052 2405 3123 exsequi.
2429 3053 2585 3116 Quod
2614 3058 2749 3106 tunc
2790 3058 2943 3107 recte
2985 3054 3069 3114 ﬁt,
3101 3069 3225 3108 cum
3256 3058 3315 3107 et
3349 3054 3466 3108 Deo

1869 3154 1992 3208 quae
2007 3137 2108 3191 Dei
2132 3142 2283 3204 sunt,
2308 3142 2367 3191 et
2386 3137 2637 3207 proximo
2657 3137 2960 3208 unicuique
2981 3153 3104 3208 qum
3123 3154 3227 3192 sua
3245 3143 3380 3194 sunt
3405 3138 3467 3193 in

1864 3224 2077 3295 judicio
2095 3226 2248 3296 juste
2262 3225 2658 3280 restituuntur.
2679 3226 2759 3279 Ac
2783 3242 2883 3296 per
2910 3226 3014 3279 hoc
3036 3226 3330 3296 judicandi
3356 3226 3466 3281 vir-

1868 3318 1980 3377 tus,
2012 3329 2123 3367 non
2163 3314 2353 3368 minus
2380 3314 2586 3379 divina,
2619 3329 2788 3384 quam
2809 3319 2867 3368 et
2893 3314 3161 3379 humana,
3194 3320 3260 3370 ut
3272 3317 3465 3386 justus

1866 3401 2188 3465 invenieris,
2220 3400 2664 3472 comprehendit.
2697 3402 2766 3455 Et
2813 3400 2940 3456 ideo
2989 3419 3157 3473 quam
3206 3402 3347 3458 bene
3376 3404 3467 3458 di-

1871 3495 2023 3544 ctum
2051 3495 2171 3544 est:
2203 3491 2268 3544 In
2287 3490 2548 3544 omnibus
2557 3488 2784 3559 judiciis
2804 3490 2918 3545 tuis
2935 3491 3115 3545 Deum
3125 3492 3311 3562 cogita
3321 3509 3468 3548 sem-

1869 3594 1990 3647 per.
2026 3578 2171 3631 Sunt
2198 3577 2348 3630 enim
2371 3576 2585 3646 judicia
2635 3578 2941 3643 saecularia,
2970 3586 3104 3633 sunt
3130 3586 3187 3633 et
3209 3580 3466 3636 εοειεεὶερ

1869 3664 2025 3719 stica.
2058 3665 2174 3719 Nec
2209 3670 2399 3719 tamen
2425 3664 2718 3719 saeculares
2745 3665 2877 3719 licet
2915 3682 3257 3736 praesumere
3280 3668 3350 3722 de
3377 3668 3465 3722 his

1871 3770 1994 3824 qua:
2015 3752 2203 3807 divina
2217 3759 2351 3807 sunt
2373 3770 2387 3819 ;
2415 3768 2517 3806 nec
2539 3753 2858 3808 sacerdotes
2874 3754 2971 3825 qui
2987 3755 3175 3809 divina
3189 3760 3387 3810 tenent
3402 3755 3463 3810 in

1870 3841 2130 3896 manibus
2142 3842 2213 3895 ad
2242 3858 2307 3895 ea
2338 3858 2461 3912 quae
2488 3840 2677 3895 szeculi
2697 3847 2831 3896 sunt
2857 3843 3119 3909 transire,
3156 3843 3256 3898 sed
3287 3860 3465 3899 unus-

1872 3930 2108 4002 quisque
2137 3946 2351 3993 eorum,
2383 3929 2505 3984 sine
2549 3930 2872 4001 acceptione
2900 3946 3288 4002 personarum,
3310 3932 3467 4002 juste

1873 4018 2022 4091 quod
2045 4019 2263 4089 justum
2293 4024 2380 4072 est
2406 4023 2761 4089 exsequatur.
2793 4020 3067 4074 Caeterum
3095 4019 3245 4074 inter
3262 4019 3466 4076 fratres

1871 4108 1991 4163 sine
2007 4106 2392 4161 misericordia
2426 4106 2629 4172 viVere,
2644 4108 2763 4178 jam
2774 4107 3049 4177 judicium
3072 4107 3358 4163 incurrere
3384 4108 3467 4164 di-

1867 4196 2080 4262 vinum,
2099 4195 2229 4266 quia
2239 4195 2516 4267 judicium
2539 4194 2649 4249 erit
2667 4195 2788 4249 sine
2814 4195 3215 4262 misericordia,
3249 4198 3347 4269 qui
3374 4198 3465 4252 in-

1804 4278 2295 4357 Dpracsentiarum
2325 4300 2438 4339 non
2467 4282 2604 4338 facit
2629 4282 3088 4338 misericordiam.
3110 4284 3219 4340 Sed
3247 4285 3469 4341 miseri-

1868 4374 2070 4428 cordiae
2090 4372 2463 4444 principatum
2485 4378 2589 4439 est,
2620 4377 2686 4427 ut
2710 4388 2743 4426 a
2773 4372 3074 4443 semetipso
3101 4371 3333 4444 incipiat
3357 4374 3462 4428 ho-

1869 4480 1984 4530 mo,
2013 4462 2158 4517 sicut
2187 4462 2457 4532 scriptum
2484 4467 2585 4525 est,
2609 4463 2864 4516 Miserere
2892 4465 3217 4516 animamusv
3238 4465 3461 4531 placens

1871 4552 1976 4605 Deo
2002 4550 2188 4615 (Eccli.
2222 4566 2348 4613 xxx,
2371 4548 2501 4619 ‘24);
2535 4548 2735 4603 deinde
2757 4566 2859 4620 per
2886 4564 3082 4603 omnes
3109 4548 3262 4603 vadit
3276 4549 3461 4620 proxi-

1872 4655 2014 4705 mos,
2048 4638 2181 4710 quia
2208 4639 2360 4692 solus
2389 4638 2482 4691 ille
2505 4638 2634 4707 jure
2679 4636 2966 4707 proximus
3018 4635 3276 4701 habetur,
3298 4638 3464 4707 juxta

1873 4726 2255 4798 Evangelium,
2271 4725 2367 4796 qui
2386 4724 2519 4779 facit
2537 4724 3001 4779 misericordiam.
3024 4724 3156 4780 Haec
3169 4731 3304 4780 sunt
3320 4724 3461 4797 legis

1872 4819 2149 4888 praecepta
2192 4831 2315 4886 quae
2354 4811 2619 4885 graviora
2644 4812 2909 4868 dicuntur
2945 4829 2981 4867 a
3025 4814 3286 4880 Domino,
3315 4814 3464 4871 sicut

1873 4912 2064 4972 953
2087 4913 2146 4961 et
2172 4905 2284 4959 alia
2309 4920 2476 4974 quam
2507 4901 2770 4974 plurima.
2803 4902 2912 4957 Sed
2941 4902 3002 4957 in
3030 4903 3118 4958 his
3144 4903 3325 4959 tribus
3345 4920 3462 4959 om-

1873 4997 1962 5050 nis
1985 4994 2212 5065 justitia
2231 4999 2610 5054 conservatur,
2642 4996 2699 5045 et
2725 4991 3124 5046 charitasmon
3154 4991 3458 5060 immerito,

1875 5085 2007 5154 quia
2022 5082 2497 5154 praetermiserant
2516 5096 2602 5145 ea,
2625 5078 2829 5133 Scribze
2852 5085 2910 5132 et
2934 5079 3241 5134 Pharisaiia
3263 5080 3456 5134 Domi-

1873 5189 1947 5226 no
1977 5170 2354 5240 corriguntur.
2388 5169 2502 5223 Cur
2553 5174 2744 5222 autem
2790 5168 3049 5222 dicantur
3089 5168 3305 5238 gravia,
3333 5184 3464 5225 cum

1877 5277 2041 5316 omne
2054 5276 2194 5313 onus
2214 5257 2421 5313 Christi
2441 5256 2558 5312 leve
2574 5255 2663 5317 sit.
2699 5273 2813 5311 non
2842 5256 3463 5330 inconvenienterquaz-

1873 5349 2038 5405 ritur.
2058 5346 2200 5413 Quia
2240 5345 2286 5402 si
2310 5346 2420 5401 ista
2446 5345 2637 5417 gravia
2687 5350 2836 5410 sunt,
2857 5350 2915 5399 et
2941 5350 3145 5401 caatera
3170 5345 3316 5402 levia
3343 5363 3464 5403 esse

1872 5455 1985 5495 non
2008 5441 2273 5511 possunt;
2301 5435 2403 5492 etsi
2424 5434 2568 5491 levia
2594 5439 2746 5500 sunt,
2778 5433 3252 5504 quemadmodum
3280 5437 3468 5517 Salva.

3436 5619 3478 5644 ..Δ
