3872 6158
207 294 297 352 781

936 290 1316 348 EXPOSITIO
1355 288 1433 345 IN
1471 287 1787 345 ΜΑΤΤΗᾹΞ

1874 288 1915 344 Ι.
1948 320 2013 331 -
2045 290 2185 349 LIB.
2226 290 2295 362 Χ,
2338 294 2494 352 CAP.
2535 290 2737 357 XXIII.

3304 386 3311 392 .
3362 262 3470 395 ⁷εὲ

202 437 306 474 non
334 437 400 474 ex
425 420 765 474 conscientia
794 418 957 481 bona,
992 433 1174 489 neque
1197 415 1503 470 secundum
1525 412 1726 482 Deum,
1751 433 1784 470 a
1801 406 1850 473 Α
1868 408 2074 471 fuerint
2103 428 2273 490 opera
2319 416 2699 480 tenebrarum.
2733 424 3040 500 Propterea
3069 436 3129 486 et
3170 448 3272 502 per
3299 432 3469 507 exag-

199 507 329 561 foris
351 507 577 578 quidem
602 508 847 561 mundus
868 507 1103 568 videtur,
1124 505 1193 558 ab
1215 506 1366 558 intus
1386 513 1573 558 autem
1594 506 1789 575 plenus

200 600 277 648 est
301 595 434 648 dolo
462 607 519 650 et
552 595 848 667 hypocrisi.
874 596 1035 649 Tales
1057 594 1263 665 quippe
1293 600 1424 647 sunt
1452 609 1665 656 omnes,
1695 592 1790 662 qui

197 685 371 754 magis
399 685 641 755 gloriam
685 685 883 739 mundi
908 691 1188 755 quaerunt,
1230 699 1398 753 quam
1430 682 1547 742 Dei,
1582 688 1639 735 et
1666 681 1790 751 plus

196 773 512 828 hominibus
556 774 813 844 gestiunt
864 774 1084 844 placere
1143 789 1310 842 quam
1370 772 1502 824 Deo.
1554 769 1786 835 Quibus,

196 861 464 931 quidquid
482 861 717 916 fecerint
738 862 885 925 boni,
903 862 1035 915 dum
1058 878 1171 915 non
1191 861 1336 914 bono
1354 860 1539 914 studio
1556 859 1785 924 faciunt,

136 1011 153 1025 .
195 948 333 1002 nihil
353 950 613 1021 prodest;
641 951 893 1021 quinimo
916 949 1092 1016 obest,
1117 950 1249 1021 quia
1270 950 1419 1003 unde
1434 950 1567 1003 foris
1590 948 1792 1002 renite-

196 1043 357 1092 scunt
399 1038 459 1092 in
506 1056 695 1111 opere,
745 1040 876 1093 inde
924 1040 1106 1110 magis
1148 1040 1301 1093 intus
1358 1039 1687 1093 sordescunt
1732 1037 1792 1091 in

195 1134 401 1181 mente.
435 1129 505 1182 Et
540 1129 587 1182 si
615 1129 759 1183 bona
788 1129 971 1183 facere
1000 1129 1387 1199 hujuscemodi
1416 1128 1670 1182 homines
1706 1127 1788 1180 vi-

195 1215 417 1281 dentur,
442 1225 732 1287 peccatum
761 1224 865 1283 est,
896 1226 1105 1289 quanto
1132 1219 1310 1290 magis
1339 1235 1465 1272 cum
1494 1218 1618 1288 ipsa
1646 1233 1794 1270 com-

195 1304 429 1358 mittunt
452 1306 716 1360 crimina!
750 1307 814 1361 Et
850 1308 974 1361 ideo
1005 1308 1134 1361 talis
1163 1315 1294 1378 apta
1316 1312 1402 1361 est
1423 1305 1786 1376 comparatio,

195 1400 246 1446 et
270 1410 538 1449 vasorum
566 1397 810 1451 exterius
840 1396 1073 1461 ablutio,
1107 1414 1344 1467 quorum
1375 1413 1510 1450 usus
1560 1393 1793 1448 interior

192 1490 287 1537 est.
334 1483 484 1548 Quia
510 1485 557 1539 si
589 1503 685 1539 vas
720 1486 1074 1540 obsorduerit
1100 1487 1270 1547 intus,
1297 1485 1430 1556 quid
1463 1485 1716 1557 proﬁciet
1744 1482 1790 1535 si

1870 506 2218 575 gerationem
2257 506 2522 564 dicuntur
2550 513 2712 582 plena
2742 513 2978 575 ossibus.
3007 524 3065 573 et
3093 516 3351 576 dealbata
3387 506 3471 578 se-

1872 596 2064 665 pulcra
2088 596 2519 668 hypocritarum.
2539 601 2813 665 Quoniam
2836 622 2961 660 cum
2977 605 3163 675 93':
3186 608 3472 683 hypocrisi

1874 694 1931 742 et
1960 689 2257 760 iniquitate
2288 693 2574 762 replentur
2595 690 2871 761 homines,
2902 695 3161 754 omnibus
3182 701 3473 772 replentur

1872 778 2054 832 malis.
2075 780 2209 843 Qum
2230 780 2365 833 vitia
2386 780 2599 835 nullum
2618 784 2975 839 ecclesiastici
2996 784 3210 843 ordinis
3226 788 3471 861 gradum

1872 866 2200 938 relinquunt
2244 867 2537 933 intactum,
2572 868 2706 925 dum
2749 877 2806 926 et
2832 876 3089 946 maityrii
3115 877 3471 935 simulatores

1872 953 2254 1023 inveniuntur,
2288 962 2345 1010 et
2374 956 2655 1028 apostolos
2684 957 2851 1015 falsos
2872 960 3042 1017 fuisse.
3073 962 3362 1035 probatur.
3383 967 3472 1022 Si-

1873 1044 2083 1099 militer
2109 1054 2167 1099 et
2194 1046 2253 1100 in
2284 1046 2555 1100 universis
2592 1046 2842 1104 invenies
2874 1048 3164 1108 ordinibus
3201 1070 3473 1126 personas

1874 1134 2306 1189 ostentationem
2354 1140 2631 1188 sectantes
2677 1130 2966 1201 virtutum,
3000 1156 3104 1196 nec
3140 1142 3330 1199 tamen
3362 1142 3472 1200 ha-

1875 1218 2089 1274 bentes.
2117 1221 2186 1274 Et
2212 1222 2337 1275 ideo
2367 1222 2507 1276 tales
2537 1222 2860 1278 earumdem
2890 1227 3178 1297 virtutum,
3210 1246 3349 1303 quas
3374 1230 3474 1287 ha-

1875 1305 2006 1363 bere
2036 1328 2095 1363 se
2120 1312 2391 1364 simulant
2419 1310 2632 1365 inimici
2666 1311 2993 1381 probantur.

1958 1400 2033 1452 Va:
2056 1401 2221 1464 vobis,
2255 1401 2457 1455 Scriba:
2486 1405 2534 1454 et
2564 1401 2829 1455 Pharisaei
2859 1403 3172 1473 hypocrita,
3210 1411 3311 1477 qui
3338 1408 3470 1464 aedi-

1874 1494 2050 1557 ﬁcatis
2070 1497 2318 1561 sepulcra
2349 1495 2762 1562 prophetarum,
2795 1500 2843 1549 et
2874 1502 3087 1552 ornatis
3114 1507 3475 1557 monumenta

195 1572 407 1626 lavetur
435 1581 657 1629 tantum
689 1576 973 1630 exterius?
1001 1576 1212 1631 Idcirco
1241 1584 1465 1646 semper
1493 1575 1644 1628 nitor
1680 1573 1790 1625 vir-
1864 1584 2178 1648 justorum,
2201 1587 2249 1636 et
2277 1584 2463 1637 dicitis
2492 1602 2504 1634 :
2532 1581 2595 1636 Si
2619 1584 2915 1650 fuissemus
2945 1588 3008 1639 in
3029 1585 3217 1642 diebus
3242 1594 3475 1657 patrum

191 1668 377 1717 uatum
420 1666 796 1735 requirendus
823 1670 1019 1730 οὔθ
1055 1671 1143 1720 est
1185 1664 1441 1727 interius,
1473 1666 1530 1717 et
1577 1662 1790 1734 puritas

192 1751 416 1806 mentis.
449 1753 594 1817 Quia
623 1753 769 1808 beati
801 1754 1014 1808 mundo
1053 1754 1240 1819 corde,
1281 1753 1388 1824 ipsi
1420 1754 1601 1807 Deum
1636 1752 1789 1806 vide-

193 1837 347 1893 bunt.

267 1928 346 1982 Vas
376 1930 545 1994 vobis,
586 1929 789 1984 Scriba
815 1936 864 1984 et
893 1931 1159 1985 Pharisaei
1204 1932 1516 1999 hypocrita,
1550 1933 1683 1999 quia
1712 1932 1793 1984 si--

190 2020 345 2070 miles
372 2022 501 2072 estis
528 2022 792 2088 sepulcris
818 2021 1103 2086 dealbatis,
1127 2038 1244 2089 qua
1259 2038 1295 2073 α
1314 2022 1453 2087 foris
1475 2026 1675 2088 parent
1703 2022 1794 2075 ho-

194 2108 442 2161 nu’nibus
461 2111 716 2177 speciosa,
740 2112 892 2162 intus
922 2126 1045 2163 vero
1070 2114 1234 2177 plena
1254 2114 1387 2163 sunt
1411 2110 1617 2162 ossibus
1649 2126 1794 2163 mor-

194 2200 421 2250 tuorum
467 2202 516 2251 et
562 2200 719 2251 enini
772 2202 1061 2267 spurcitia.
1096 2198 1334 2252 Videtur
1378 2214 1621 2269 namque
1661 2199 1793 2253 licet

190 2283 425 2339 diversis
459 2284 639 2339 verbis
666 2290 722 2339 et
751 2286 1043 2340 sententiis
1074 2286 1318 2356 idipsum
1349 2292 1621 2356 repetere,
1655 2287 1790 2341 dum

188 2388 412 2444 semper
439 2375 653 2428 eisdem
684 2390 859 2429 unum
889 2392 969 2428 vae
1000 2374 1249 2446 replicat,
1282 2391 1565 2445 unamque
1596 2392 1792 2429 eorum

188 2460 515 2533 hypocrisin
544 2464 778 2518 damnat
829 2465 973 2518 Hinc
1002 2471 1089 2519 est
1116 2465 1263 2535 quod
1288 2465 1543 2535 sequitur
1575 2484 1588 2520 :
1620 2466 1711 2519 Sic
1741 2474 1789 2518 et

189 2566 272 2605 vos
293 2570 330 2605 α
359 2555 504 2620 foris
525 2556 749 2623 quidem
767 2557 973 2623 paretis
999 2555 1313 2608 hominibus
1328 2557 1492 2622 justi.
1518 2557 1672 2607 intus
1693 2570 1791 2607 au-

190 2644 289 2693 tem
309 2645 480 2710 pleni
503 2646 629 2697 estis
654 2644 932 2711 hypocrisi
960 2648 1008 2696 et
1047 2645 1364 2711 iniquitate.
1400 2642 1507 2696 Sed
1536 2642 1669 2696 dum
1696 2659 1789 2696 ac-

187 2733 553 2785 cumulantur
567 2738 795 2803 peccata
813 2749 985 2803 supra
1004 2737 1325 2802 peccata,et
1342 2730 1489 2785 bona
1506 2749 1627 2802 quae
1648 2732 1792 2785 ﬁunt

185 2817 305 2872 ﬁcte
324 2826 635 2875 transeunt
651 2822 724 2875 ad
742 2822 998 2880 crimina.
1019 2821 1425 2891 multiplicatur
1453 2821 1591 2874 illud
1610 2836 1787 2875 unum

185 2925 259 2963 vae
274 2911 448 2965 toties
465 2928 593 2965 cum
613 2915 873 2982 augetur,
894 2917 956 2964 ut
974 2911 1109 2964 illud
1130 2910 1391 2964 ultimum
1405 2926 1578 2964 unum
1599 2909 1653 2963 in
1671 2926 1792 2979 sep-

1879 1674 2217 1735 nostrorum,
2234 1687 2345 1725 non
2365 1688 2595 1725 essemus
2615 1675 2749 1725 socii
2763 1689 2955 1728 eorum
2981 1678 3045 1729 in
3064 1679 3337 1744 sanguine
3346 1695 3474 1748 pro-

1872 1760 2270 1826 phetarum,ac
2300 1760 2528 1830 reliqua.
2557 1758 2840 1823 Quantum
2869 1756 2937 1816 ad
2967 1762 3317 1835 superﬁciem
3347 1785 3473 1823 ver-

1878 1846 2073 1903 borum
2102 1855 2334 1919 spectat,
2367 1865 2478 1902 non
2505 1849 2640 1903 satis
2671 1850 2824 1917 juste
2853 1866 3035 1921 neque
3064 1850 3475 1911 rationabiliter

1873 1938 2204 1991 comminari
2234 1938 2455 1991 videtur
2477 1938 2743 1992 adversus
2761 1954 2856 1992 eos
2881 1940 2977 2010 qui
3003 1938 3354 1997 aediﬁcabant
3380 1962 3472 1999 se-

1873 2026 2068 2095 pulcra
2099 2031 2469 2090 mortuorum,
2503 2032 2559 2080 et
2587 2024 2864 2079 ornabant
2894 2032 3257 2083 monumenta
3285 2030 3473 2100 justo-

1876 2130 2019 2177 rum,
2049 2116 2195 2169 sicut
2223 2120 2281 2169 et
2307 2131 2409 2168 nos
2430 2130 2579 2167 nunc
2602 2119 2925 2167 sanctorum
2946 2114 3180 2170 facimus
3209 2134 3475 2189 quorum-

1873 2202 2029 2268 libet,
2054 2204 2149 2275 qui
2179 2203 2325 2274 apud
2353 2219 2455 2257 nos
2478 2202 2829 2273 requiescere
2860 2201 3187 2273 probantur.
3206 2204 3470 2269 Quinimo

1872 2289 2152 2344 laudabile
2186 2289 2397 2360 aliquid
2422 2286 2720 2356 faciebant,
2754 2288 2887 2343 dum
2919 2294 2976 2345 et
3005 2307 3199 2346 eorum
3224 2291 3472 2348 aediﬁca-

1874 2378 2011 2433 bant
2042 2386 2099 2433 et
2122 2378 2397 2433 ornabant
2438 2379 2695 2450 sepulcra
2722 2398 2735 2447 ;
2783 2378 2953 2433 etiam
2993 2385 3049 2434 et
3082 2380 3343 2452 operibus
3370 2398 3473 2454 pa-

1872 2472 2022 2521 trum
2054 2484 2303 2528 suorum,
2324 2467 2420 2538 qui
2448 2468 2573 2522 ausi
2596 2472 2730 2522 sunt
2752 2467 2811 2521 in
2843 2484 2937 2522 eos
2968 2484 3199 2523 manum
3228 2469 3469 2540 mittere,

1872 2571 1984 2608 non
2009 2552 2449 2620 consentiebant,
2476 2554 2725 2609 dicentes
2748 2573 2762 2609 :
2792 2552 2861 2608 Et
2880 2572 3002 2619 nos,
3025 2560 3076 2609 si
3094 2556 3389 2623 fuissemus
3409 2560 3474 2614 in

1872 2644 2058 2696 diebus
2073 2648 2303 2711 patrum
2326 2650 2667 2707 nostrorum,
2682 2660 2792 2697 non
2808 2660 3038 2698 essemus
3050 2647 3186 2698 socii
3199 2661 3389 2700 eorum
3410 2651 3473 2703 in

1872 2734 2143 2796 sanguine
2163 2729 2873 2800 prophetarumﬂuomodo
2891 2748 3023 2802 ergo
3045 2732 3091 2786 si
3122 2730 3263 2787 tales
3287 2738 3467 2802 erant,

1873 2819 2107 2889 dignum
2139 2826 2261 2874 erat
2289 2826 2353 2874 ut
2381 2818 2492 2873 illis
2520 2836 2599 2873 vae
2629 2818 2929 2873 imminere
2959 2816 3328 2890 praediceret?
3358 2823 3473 2880 Ne-

1876 2925 1985 2979 que
2000 2909 2150 2962 enim
2166 2908 2291 2962 ideo
2309 2906 2615 2979 culpabiles
2629 2908 2951 2978 erant,quia
2968 2908 3066 2962 ﬁlii
3080 2922 3275 2965 eorum
3288 2919 3471 2981 erant,

188 3005 296 3052 tem
318 3000 445 3054 suis
466 2999 722 3071 partibus
741 3000 1263 3071 compleatur.Nam
1286 2998 1596 3069 hypocrisis
1616 3005 1672 3051 et
1690 2998 1792 3052 ini-
1812 3029 1859 3090 G
1877 2998 2142 3065 quoniam
2170 3014 2282 3051 non
2323 3014 2386 3051 ex
2416 2994 2648 3050 arbitrio
2680 2995 2915 3067 alicujus
2948 2996 3095 3050 venit
3122 2999 3284 3070 cujus
3312 3002 3386 3056 sit
3413 3003 3476 3057 ﬁ-

188 3087 390 3156 quitas,
419 3088 629 3158 quibus
649 3088 847 3158 repleti
878 3093 1041 3141 erant
1059 3087 1262 3142 Scribae
1285 3094 1341 3140 et
1363 3086 1647 3142 Pharisaei.
1672 3087 1793 3157 ipsa
1822 3084 2004 3151 wlius,
2036 3086 2166 3141 boni
2196 3086 2300 3140 viri
2325 3103 2397 3139 an
2427 3085 2579 3139 mali.
2605 3084 2765 3150 Quod
2790 3085 2837 3139 si
2865 3087 2923 3139 in
2954 3085 3108 3141 nullo
3150 3084 3351 3159 horum
3376 3090 3476 3146 de-

186 3184 313 3230 sunt
332 3194 469 3231 ossa
490 3184 842 3232 mortuorum
865 3182 922 3231 et
941 3177 1309 3230 immunditiis:
1335 3176 1625 3231 universae.
1650 3176 1792 3240 Quia
1875 3176 2069 3229 lictUm
2113 3181 2215 3243 est,
2248 3181 2425 3229 restat
2454 3175 2587 3246 quia
2630 3191 2742 3228 non
2789 3174 2914 3228 ideo
2956 3174 3037 3229 rei
3070 3176 3203 3230 sunt
3232 3195 3296 3233 eo
3327 3178 3478 3252 quod

184 3264 524 3336 hypocrisis,
566 3266 819 3336 quamvis
848 3266 923 3319 sit
949 3266 1137 3336 aliqua
1168 3266 1451 3319 simulatio
1496 3264 1646 3325 boni,
1681 3264 1793 3318 ausi

182 3368 261 3417 os,
286 3362 520 3407 mortua
548 3354 725 3408 viitus
754 3359 857 3407 est.
882 3354 1041 3407 Unde
1068 3359 1126 3407 et
1147 3354 1378 3406 virtutes
1408 3353 1467 3406 in
1497 3351 1796 3422 Scripturis

182 3443 351 3496 sacris
400 3459 536 3497 ossa
582 3442 865 3496 dicuntur.
899 3442 1023 3495 Non
1052 3448 1243 3495 tamen
1287 3440 1498 3494 habent
1537 3457 1666 3493 ossa
1700 3440 1797 3493 illa

184 3530 386 3600 quibus
412 3530 710 3600 replentur
734 3530 989 3601 sepulcra
1016 3528 1228 3600 aliquid
1252 3530 1440 3596 vitale,
1464 3546 1528 3583 ex
1549 3545 1613 3582 eo
1644 3529 1793 3599 quod

182 3618 445 3674 videntur
477 3619 622 3672 bona
662 3635 783 3673 esse
836 3618 969 3672 dum
1011 3619 1271 3672 simulate
1307 3620 1466 3673 ﬁunt.
1502 3618 1577 3672 Os
1636 3624 1791 3684 sunt,

182 3714 241 3762 ut
270 3709 351 3762 ita
380 3709 595 3770 dicam,
625 3708 859 3763 virtutes
900 3726 1023 3779 quae
1066 3708 1344 3762 simulatae
1385 3713 1535 3773 sunt,
1568 3714 1793 3762 mortua

177 3797 402 3864 justitia
430 3803 539 3860 est,
575 3802 632 3850 et
678 3802 902 3850 mortua
933 3796 1181 3863 castitas,
1213 3801 1313 3849 aut
1350 3795 1658 3865 virginitas,
1693 3813 1791 3849 seu

180 3891 400 3948 caetera,
434 3902 562 3958 qua:
588 3886 717 3939 ﬁcte
746 3886 908 3939 ﬁunt.
938 3886 1006 3939 Et
1035 3885 1140 3938 hoc
1165 3885 1285 3937 vult
1307 3884 1600 3938 ostendere
1640 3884 1793 3938 beni-

176 3973 491 4040 gnissimus
547 3974 821 4037 Salvator,
871 3974 1020 4044 quod
1070 3972 1252 4027 omnis
1301 3974 1477 4027 virtus
1524 3974 1791 4028 simulata

179 4067 409 4115 mortua
427 4061 607 4116 virtus
628 4067 745 4128 est;
778 4062 1032 4132 quinimo
1055 4079 1156 4116 nec
1179 4062 1372 4124 virtus,
1392 4062 1524 4132 quia
1542 4062 1661 4116 sine
1683 4061 1791 4117 ﬁde

179 4156 279 4203 est.
300 4151 374 4204 Et
399 4151 531 4204 ideo
552 4150 681 4205 talis
708 4150 886 4205 virtus
913 4152 1154 4222 talisque
1179 4151 1407 4222 justitia
1435 4156 1657 4205 mortua
1683 4158 1787 4217 est,

181 4254 301 4307 qum
322 4245 564 4311 pmpter
584 4241 759 4294 Deum
781 4240 927 4294 facta
948 4257 1061 4294 non
1081 4249 1196 4305 est;
1235 4240 1385 4294 unde
1408 4256 1517 4293 non
1544 4240 1785 4309 justitia,

178 4343 288 4381 non
319 4329 529 4393 virtus,
565 4328 662 4382 sed
691 4329 975 4383 simulatio
1005 4335 1109 4383 est.
1155 4330 1270 4383 Nec
1303 4328 1587 4382 immerito
1616 4329 1789 4398 igitur

176 4431 418 4487 corpora
446 4424 824 4488 peccatorum,
848 4417 1103 4489 sepulcra
1131 4417 1393 4471 dicuntur
1414 4424 1783 4487 mortuorum,

176 4510 232 4558 et
249 4505 543 4569 dealbata,
568 4506 701 4560 dum
733 4506 976 4561 exterius
996 4506 1243 4560 renitent
1257 4505 1597 4576 quibuslibet
1620 4525 1785 4562 orna-

175 4596 413 4662 mentis,
438 4602 496 4650 et
517 4596 709 4649 anixna
728 4595 881 4650 intus
908 4601 1131 4649 mortua
1146 4602 1249 4660 est,
1270 4596 1459 4650 multis
1479 4598 1691 4667 repleta
1717 4598 1789 4652 vi-

175 4681 391 4739 tiorum
434 4684 727 4739 fetoribus.
759 4685 874 4739 Nec
912 4685 1104 4755 itaque
1158 4684 1346 4738 vivens
1386 4684 1637 4754 putanda
1678 4690 1780 4749 est,

174 4789 297 4843 que
318 4774 470 4828 nihil
491 4774 769 4828 mundum
785 4779 885 4828 aut
904 4773 1160 4845 spiritale
1187 4773 1305 4843 agit
1332 4773 1387 4826 in
1410 4790 1638 4843 corpore
1666 4790 1788 4844 pec-

170 4862 301 4917 cati.
321 4864 399 4917 Et
424 4863 572 4917 sicut
590 4863 907 4934 sepulcrum
931 4862 1182 4933 quandiu
1197 4861 1446 4915 clausum
1469 4868 1573 4926 est,
1592 4879 1625 4916 a
1655 4861 1786 4915 foris

168 4951 483 5019 pulchrum
514 4952 753 5017 videtur,
780 4957 856 5015 et,
890 4951 938 5005 si
974 4950 1145 5005 fuerit
1171 4957 1448 5022 apertum,
1483 4950 1779 5004 horribile:

166 5039 250 5094 sic
296 5046 362 5096 et
407 5041 769 5095 simulatores
800 5039 1090 5105 bonorum,
1124 5039 1373 5110 quandiu
1425 5056 1536 5093 non
1577 5056 1785 5108 cogno-

165 5136 438 5191 scuntur,
469 5129 779 5184 laudabiles
799 5130 1179 5195 aestimantur;
1212 5145 1339 5182 cum
1365 5134 1552 5182 autem
1575 5128 1785 5198 cogniti

165 5211 389 5271 fuerint
444 5217 853 5272 abominabiles
881 5218 1259 5272 inveniuntur.
1296 5217 1507 5281 Quibus
1538 5224 1600 5272 ut
1635 5218 1788 5288 paci-

162 5304 253 5359 fici
284 5307 441 5363 sint.
464 5307 579 5361 Deo
608 5313 711 5363 aut
736 5306 845 5362 sibi
875 5307 1031 5362 valde
1061 5308 1403 5361 contrarium
1435 5315 1547 5373 est;
1581 5314 1636 5361 et
1664 5307 1788 5361 ideo

158 5394 434 5465 primum
464 5396 594 5451 dum
626 5413 686 5451 se
720 5397 1024 5468 perimunt.
1056 5414 1158 5452 nec
1201 5397 1350 5451 beati
1380 5414 1502 5451 esse
1534 5403 1785 5464 possunt,

155 5500 265 5539 nec
289 5483 411 5540 ﬁlii
445 5484 541 5539 Dei
563 5484 766 5544 vocari,
790 5487 924 5558 quia
944 5486 1097 5559 pleni
1125 5494 1262 5542 sunt
1284 5498 1631 5542 mortuorum
1655 5488 1791 5543 ossi-

157 5568 505 5631 bus.Tanta
523 5573 731 5649 quippe
751 5580 886 5631 sunt
908 5592 1039 5632 ossa
1066 5575 1127 5632 in
1146 5577 1227 5632 eis
1250 5577 1551 5650 spurcitiae,
1578 5585 1789 5649 quanta

1806 4375 1860 4437 Ὁ

1874 3258 2008 3316 boni
2039 3269 2219 3328 erant,
2251 3262 2347 3316 sed
2377 3262 2511 3333 quia
2556 3262 2867 3316 imitatores
2913 3268 3207 3334 parentum
3245 3282 3478 3324 suorum

1879 3357 2058 3414 erant,
2085 3367 2224 3423 quos
2252 3350 2570 3421 culpabant.
2601 3350 2836 3421 Propter
2862 3350 3009 3420 quod
3033 3356 3189 3423 patet
3205 3352 3351 3410 bona
3371 3358 3479 3411 vir-

1878 3446 2064 3494 tutum
2087 3458 2208 3511 quae
2232 3439 2493 3493 videntur
2521 3438 2736 3502 fecisse,
2768 3456 2878 3494 non
2908 3446 3139 3512 propter
3152 3443 3351 3508 Deum,
3379 3438 3479 3501 sed

1877 3530 2003 3583 ﬁcte
2034 3534 2097 3583 ut
2134 3528 2501 3582 laudarentur
2528 3527 2673 3598 apud
2718 3526 2990 3594 homines,
3025 3529 3284 3601 agebant.
3315 3530 3477 3589 Unde

1876 3617 1955 3671 ait
1973 3642 1984 3676 ;
2006 3618 2067 3671 Et
2085 3634 2170 3671 vos
2192 3620 2407 3685 implete
2430 3631 2750 3670 mensuram
2767 3620 2996 3684 patrum
3011 3621 3474 3679 vestrorumNon

1876 3707 2023 3760 enim
2051 3708 2294 3777 imperat
2322 3711 2385 3760 ut
2412 3705 2619 3759 faciam.
2644 3722 2768 3776 quae
2801 3722 2911 3758 non
2942 3711 3180 3776 Oportet,
3210 3709 3308 3762 sed
3338 3727 3476 3781 prae-

1874 3795 2011 3849 dicit
2037 3813 2158 3867 quae
2187 3795 2294 3867 ipsi
2320 3794 2522 3848 facturi
2553 3800 2731 3857 erant,
2758 3796 2810 3848 et
2835 3794 2954 3864 jam
2988 3794 3043 3848 in
3076 3801 3261 3849 mente
3282 3798 3473 3854 molie-

1873 3885 2096 3940 bantur.
2113 3885 2223 3956 Ipsi
2246 3901 2489 3954 namque
2509 3882 2611 3937 sibi
2635 3882 2942 3936 facinorum
2971 3900 3203 3938 suorum
3224 3886 3474 3942 testimo-

1872 3974 2029 4028 nium
2056 3973 2385 4038 reddebant,
2410 3978 2466 4027 et
2495 3989 2616 4026 esse
2646 3972 2788 4025 ﬁlios
2819 3989 3012 4026 eorum
3045 3973 3137 4043 qui
3171 3975 3471 4045 prOphetas

1873 4064 2192 4118 occiderant
2217 4081 2276 4117 se
2304 4060 2723 4125 monstrabant;
2757 4061 3010 4130 quamvis
3034 4061 3290 4132 sepulcra
3313 4078 3472 4118 vene-

1872 4158 2153 4206 rarentur.
2170 4168 2296 4206 cum
2320 4149 2591 4221 quidquid
2613 4149 2669 4202 in
2690 4147 2852 4201 dictis
2872 4165 3066 4202 eorum
3088 4156 3211 4203 erat
3225 4149 3294 4205 de
3307 4151 3472 4206 Chri-

1872 4248 1977 4307 sto,
2011 4239 2426 4295 conculcabant.
2461 4237 2530 4292 Et
2556 4236 2740 4291 adhuc
2771 4235 2920 4307 quod
2945 4242 3066 4291 erat
3105 4238 3310 4305 minus,
3334 4256 3471 4311 sup-

1876 4330 2090 4388 nlentes
2110 4331 2180 4383 ad
2210 4327 2650 4384 interfectionem
2678 4326 3076 4398 prophetarum
3098 4333 3269 4398 atque
3292 4330 3472 4398 justo-

1875 4436 2019 4483 rum,
2053 4418 2261 4473 Christi
2309 4416 2584 4472 occisione
2631 4416 3069 4485 compleverunt.
3116 4415 3472 4487 Quapropter

1869 4507 2046 4578 impia
2073 4507 2390 4578 posteritas,
2414 4506 2547 4559 licet
2576 4509 2870 4576 parentum
2902 4504 3049 4558 facta
3077 4504 3357 4558 detestata
3374 4504 3467 4573 sit,

1869 4598 2271 4669 praphetarum
2303 4596 2474 4649 libros
2504 4599 2818 4657 veneretur,
2846 4594 3130 4663 justorum
3171 4595 3471 4648 memorias

1869 4691 2156 4751 exornent,
2206 4685 2463 4756 sepulcra
2509 4684 2845 4740 instaurant.
2886 4688 2952 4736 ut
3005 4681 3107 4736 tali
3156 4681 3474 4737 reverentia

1870 4782 2024 4828 extra
2062 4775 2280 4845 culpam
2322 4770 2541 4844 paterni
2584 4770 2808 4825 sceleris
2836 4773 3027 4835 958
3059 4786 3120 4824 se
3149 4771 3467 4825 ostendant.

1868 4863 2042 4916 Putas
2073 4862 2221 4933 quod
2268 4868 2424 4915 extra
2465 4864 2686 4914 reatum
2717 4858 2849 4921 sint,
2883 4861 2940 4911 et
2990 4864 3145 4912 extra
3187 4859 3470 4930 piaculum

1866 4952 2183 5024 gravissimi
2204 4951 2446 5016 sceleris,
2468 4950 2564 5021 qui
2585 4948 2883 5003 Dominum
2908 4947 3310 5019 prophetarum
3334 4948 3471 5004 θοοὶ·-

1868 5042 2091 5105 derunt,
2114 5041 2211 5112 qui
2240 5041 2309 5095 de
2338 5040 2433 5093 illo
2468 5039 2657 5093 omnia
2685 5056 2807 5110 quae
2842 5043 3005 5109 gesta
3033 5042 3166 5093 sunt
3194 5038 3473 5111 praedixe-

1870 5131 2045 5183 runt?
2078 5130 2145 5183 Et
2168 5129 2293 5182 ideo
2315 5127 2605 5192 Dominus,
2636 5127 2875 5195 Implete,
2912 5127 3114 5198 inquit,
3147 5143 3472 5184 mensuram

1865 5212 2097 5286 patrum
2120 5221 2425 5271 vestrorum
2470 5214 2549 5269 Ac
2577 5214 2626 5269 si
2653 5214 2833 5269 dicat:
2862 5214 2975 5269 Vos
3005 5214 3099 5287 qui
3128 5231 3196 5268 ea
3224 5213 3472 5271 detesta-

1871 5307 2008 5361 mini
2029 5325 2153 5378 quae
2181 5323 2215 5360 a
2243 5304 2495 5376 patribus
2525 5305 2728 5358 vestris
2758 5309 2886 5358 sunt
2918 5309 3259 5375 perpetrata,
3287 5305 3476 5362 multii-

1869 5398 2075 5469 plicato
2105 5396 2294 5451 fenore
2323 5394 2593 5456 criminis,
2625 5394 2930 5466 adimplete
2953 5406 3295 5452 mensuram.
3330 5384 3475 5460 Quia

1869 5492 2004 5543 tunc
2020 5488 2091 5542 ad
2124 5486 2348 5559 plenum
2372 5484 2436 5541 ﬁt
2453 5484 2768 5559 persecutio
2794 5483 3193 5549 membrorum.
3216 5488 3273 5540 et
3300 5483 3476 5540 totius

1868 5578 2118 5651 corporis
2138 5575 2472 5645 interfectio,
2496 5591 2625 5630 cum
2643 5571 2964 5649 praeciditur
2997 5578 3184 5650 caput,
3198 5578 3260 5628 et
3280 5570 3476 5626 Omnia
