3872 6158
415 320 522 381 783

414 446 550 504 hinc
571 441 705 498 inde
727 434 982 494 membra
1008 425 1472 499 conquassantur.
1486 416 1632 471 Nam
1660 414 1848 483 patres
1874 402 2018 461 Scri-
2035 401 2086 462 A
2102 413 2233 453 nem
2260 394 2336 449 im
2342 385 2709 464 praesentiam

418 541 621 597 barum
649 539 708 590 et
742 526 1149 587 Pharisaeorum
1177 530 1290 570 non
1329 510 1571 564 ferentes
1608 496 2017 570 increpationes

420 628 849 704 prephetarum,
873 606 1151 687 persecuti
1181 606 1315 659 sunt
1340 615 1455 661 eos,
1484 601 1542 649 et
1568 589 1908 648 occiderunt.
1938 582 2021 637 Si-

1013 697 1096 704 ““
1130 694 1142 704 '
1359 687 1394 704 ι·
1418 701 1534 704 νη--
1566 676 1770 704 ηιηηεηιε
1802 690 1911 704 κη...
1942 671 2021 704 4³η-

425 671 638 774 Imiliter
670 671 962 767 autemlet
999 697 1101 754 ﬁlii
1128 687 1537 762 increpationes
1566 676 1774 736 Christi
1802 690 1914 729 non
1942 671 2022 725 fe-

433 1028 594 1039 -.....-
612 1028 636 1033 -
657 1028 764 1047 --ι
822 1028 834 1038 ,

433 1072 527 1127 Sic
553 1083 706 1138 ergo,
756 1064 951 1122 lector,
982 1051 1254 1115 invenies,
1288 1061 1390 1118 per
1432 1054 1659 1096 omnem
1706 1028 2033 1105 progeniem

435 1119 525 1127 κη
558 1119 706 1138 -νοτι
942 1119 948 1122 .

432 1159 774 1218 Judaaorum,
807 1147 958 1222 quod
987 1154 1211 1212 semper
1253 1133 1356 1190 ﬁlii
1398 1126 1674 1186 coluerint
1715 1119 1874 1193 quasi
1902 1132 2035 1171 san-

434 1254 575 1314 ctos,
594 1260 733 1317 quos
763 1206 955 1312 patres
982 1206 1307 1289 occiderunt
1328 1220 1443 1276 acsi
1468 1217 1680 1280 malos;
1714 1215 1770 1265 et
1799 1206 2036 1280 prophe-

439 1297 575 1314 ""v
601 1297 692 1317 1'”
765 1297 785 1312 ι.

435 1338 548 1394 tias
577 1348 772 1390 eorum
803 1342 943 1399 quas
971 1321 1053 1377 illi
1098 1315 1423 1387 abjecerant
1465 1305 1561 1362 isti
1600 1297 2032 1356 venerabantur.

439 1427 512 1482 Et
544 1384 663 1480 hoc
683 1384 975 1474 non‘ideo
1013 1384 1292 1462 faciebant
1330 1403 1395 1453 ut
1433 1391 1643 1464 singuli
1690 1402 1849 1442 suam
1881 1384 2040 1437 inno-

440 1512 685 1569 centiam
710 1503 1017 1567 servarent,
1045 1493 1144 1550 sed
1173 1497 1239 1546 ut
1265 1487 1504 1544 invicem
1529 1476 1833 1535 domestico
1861 1488 1922 1526 se
1945 1472 2039 1541 ju-

441 1601 587 1656 dicio
613 1591 1070 1652 condemnarent.
1102 1579 1262 1647 Quod
1283 1576 1482 1631 vitium
1510 1570 1681 1625 etiam
1709 1566 1857 1619 inter
1885 1556 2042 1615 Chri-

443 1690 657 1744 stianos
674 1681 978 1740 cavendum
997 1680 1102 1734 est,
1117 1670 1250 1743 quia
1268 1678 1491 1736 semper
1508 1655 1896 1727 unusquisque
1910 1652 2042 1702 ante

445 1961 670 2012 nostras
696 1966 844 2008 nunc
871 1947 932 2001 in
960 1950 1213 2012 tempore
1240 1927 1592 2005 apertissime
1632 1922 1878 1990 tangunt
1912 1931 2047 1970 con-

447 2044 734 2102 scientias.
767 2038 925 2095 Sicut
957 2038 1016 2089 et
1051 2031 1158 2084 hoc
1185 2039 1384 2086 unum,
1417 2013 1685 2090 quoniam
1722 2006 1887 2063 multi
1916 2006 2050 2059 sunt

448 2152 599 2191 nunc
630 2136 982 2188 mortuorum
1013 2121 1339 2175 sanctorum
1368 2108 1631 2167 cultores,
1661 2103 1718 2154 et
1742 2092 2049 2150 viventium

797 2230 938 2289 quos
965 2209 1199 2278 diligere
1235 2203 1385 2258 Deus
1420 2194 1602 2267 jubet,
1643 2188 2047 2261 persecutores.

450 2299 1087 2386 Quapropterattendat
1107 2288 1513 2362 unusquisque.
1537 2288 1669 2353 quia

452 2355 575 2380 Vsa-
615 2355 676 2367 ιν
721 2355 794 2366 υν-
832 2355 958 2361 -ηυ
1273 2355 1294 2362 _
1400 2355 1420 2358 _

448 2355 857 2460 lumilligdicta
870 2386 1125 2455 sunt,sed
1140 2379 1399 2439 omnibus
1412 2372 1573 2431 nobis
1588 2363 1943 2442 postmodum
1956 2375 2054 2414 na-
2131 2355 2172 2409 ti

450 2450 695 2549 seituris:
702 2450 861 2554 ὀλίοά
872 2482 921 2538 si
935 2450 1145 2536 adillos
1161 2472 1310 2529 solos
1323 2467 1474 2522 dicta
1483 2462 1687 2525 essent,
1703 2455 1812 2510 illis
1827 2450 2054 2523 quidem

452 2583 605 2639 dicta
627 2577 939 2637 manerent,
962 2574 1021 2625 et
1038 2581 1153 2622 non
1172 2559 1581 2618 scriberentur;
1610 2562 1760 2602 nunc
1785 2546 1976 2597 autem
1999 2540 2056 2591 et

452 2673 603 2727 dicta
615 2672 750 2725 sunt
764 2625 1229 2731 pta.Dicta
1240 2644 1517 2719 siquidem
1533 2641 1761 2712 prepter
1774 2631 1897 2687 illos
1907 2625 2057 2697 ,scri-

452 2767 553 2834 pta
562 2775 694 2815 vero
709 2717 1361 2828 propterhosQuoniam
1376 2735 1432 2788 in
1447 2730 1536 2785 his
1551 2730 1787 2798 septem,
1802 2725 1869 2775 ut
1884 2718 1964 2772 ita
1976 2717 2055 2770 lo-

1288 2825 1321 2834 “
1430 2821 1445 2834 ‘
1616 2829 1733 2834 -μ--Α
1758 2808 2055 2834 --ειιιυι-ηιηκ

453 2808 552 2834 1"“
576 2808 586 2814 ‘
602 2808 649 2815 "
666 2808 686 2813 ‘
710 2808 735 2828 Ι
750 2808 761 2810 '
790 2808 799 2809 ί
816 2808 836 2826 ι

453 2867 616 2925 quar,
642 2839 973 2904 maledictis,
991 2835 1129 2890 licet
1150 2847 1186 2884 a
1210 2821 1543 2898 quibusdam
1570 2829 1741 2887 parva
1758 2808 2055 2863 videantur

1443 2910 1458 2925 ¹
1518 2924 1521 2925 ν
1539 2906 1586 2925 EA—
1603 2903 1751 2925 —-:‘---—
1768 2894 2028 2925 ..ζιζιιυηίνη

456 2894 616 2925 *ι’-*ην
642 2894 871 2903 -υν--πν
963 2894 973 2904 ,
1227 2894 1247 2898 ,

456 2956 581 3013 quae
605 2932 997 2992 connumerat,
1015 2935 1181 2977 omne
1201 2929 1402 2985 corpus
1427 2903 1751 2978 depingitur
1768 2894 2051 2957 vitiorum,

982 3012 1009 3013 77
1339 3006 1346 3013 ‘
1508 2989 1801 3013 κμ34-1..21...κ
1843 2990 1895 3013 ιιι
1926 2998 2051 3013 κυη-

459 2989 577 3013 qm-

453 3032 671 3098 septem
698 3012 1104 3093 principalibus
1131 3006 1455 3061 concretum
1473 2989 1803 3050 criminibus
1841 2990 1899 3038 et
1926 2998 2057 3055 pro-

454 3081 582 3190 pter
609 3081 949 3182 hypocrisin)
979 3095 1347 3167 duplicatum.
1379 3085 1540 3142 Unde
1564 3081 1696 3135 dum

456 3162 591 3262 illis.
619 3162 763 3255 δίιιεί
810 3194 870 3248 in
898 3162 1192 3262 prophetia
1232 3180 1485 3234 futurum
1531 3166 1877 3229 enuntiatur,
1910 3162 2057 3216 inte-

456 3257 635 3366 gritas
651 3257 922 3360 gehennae
936 3257 1292 3332 describitur.
1306 3269 1372 3324 In
1394 3280 1505 3337 qua
1525 3260 1632 3318 etsi
1656 3272 1832 3313 unum
1855 3257 1942 3308 est
1960 3267 2057 3317 vae,

458 3340 860 3437 inultaiamen
902 3361 1221 3422 dill'erentia
1244 3357 1653 3413 tormentorum
1681 3365 1694 3413 ;
1743 3344 1888 3399 sicut
1916 3340 2057 3395 etin

461 3466 743 3543 paradiso,
776 3455 1032 3533 quamvis
1063 3467 1180 3507 una
1205 3448 1280 3503 sit
1313 3440 1622 3504 beatitudo,
1651 3451 1780 3491 cum
1810 3435 1933 3486 octo
1971 3426 2058 3481 di-

1122 3540 1135 3543 “
1254 3537 1269 3543 “
1554 3529 1565 3539 ³
1664 3542 1667 3543 ν
1742 3527 1788 3543 αι
1813 3519 2058 3543 ΔΣ-.-.υη-ι.

462 3519 555 3543 1""
569 3519 654 3523 ’ττ-
673 3519 681 3520 ί
726 3519 741 3530 ν
794 3519 814 3533 ι

462 3556 851 3616 numerentur,
867 3545 1057 3601 multae
1070 3537 1373 3595 admodum
1390 3527 1792 3589 mansiones,et
1809 3519 2061 3574 diversus

464 3646 602 3702 ordo
629 3603 981 3699 meritorum.
1016 3624 1335 3686 Similitudo
1364 3622 1561 3687 959
1587 3612 1843 3687 quaedam
1883 3610 1970 3661 est
2003 3603 2062 3656 in

466 3734 573 3790 hoc
597 3694 969 3801 Evangelista,
1003 3717 1151 3791 quod
1189 3714 1323 3769 hinc
1346 3709 1498 3766 inde.
1529 3702 1642 3760 acsi
1671 3718 1705 3755 a
1734 3701 1925 3753 monte
1950 3694 2064 3747 Ga-

466 3823 627 3889 rizin,
648 3780 866 3892 septem
895 3780 1274 3866 beatitudines
1304 3794 1566 3873 proponit
1585 3809 1621 3846 a
1643 3792 1832 3845 monte
1866 3780 2062 3845 Hebal,

469 3868 627 3889 ”"'”1
649 3868 863 3892 "'r'"w
1305 3868 1325 3873 _
1411 3868 1427 3870 ί

469 3910 630 3985 quasi
646 3925 677 3963 e
690 3905 921 3977 regione
944 3903 1032 3953 tot
1049 3889 1469 3951 maledictiones
1496 3879 1684 3953 impiis
1711 3881 1767 3931 et
1784 3868 2069 3928 sceleratis

1174 3981 1184 3985 ⁸
1495 3977 1503 3985 ‘
1593 3968 1627 3985 ⁸⁸
1680 3965 1774 3985 -ΝΑ
1788 3968 1870 3985 -Ᾱ--ι
1890 3963 2042 3985 Ληιιικ

470 3963 1026 4067 ῑιιάέθίεφιῖδριιθῐίοε
1040 3981 1219 4054 magis
1232 3992 1400 4051 quam
1415 3968 1661 4044 optantis
1673 3965 1875 4020 affectu
1887 3963 2071 4013 osten-

472 4088 587 4153 dit;
631 4090 697 4139 ut
722 4078 957 4151 singulas
983 4068 1378 4145 generationes
1406 4078 1508 4134 pro
1536 4056 1653 4113 suis
1680 4050 2073 4108 discernantur

475 4140 714 4229 meritis.
730 4169 799 4222 Et
811 4140 963 4220 sicut
983 4140 1079 4215 illa
1099 4175 1223 4229 quae
1243 4163 1378 4210 tunc
1399 4149 1619 4221 prolata
1636 4146 1769 4198 sunt
1785 4140 1903 4209 jam
1925 4150 2075 4189 com-

477 4262 631 4334 pleta
648 4256 900 4310 videmus
928 4251 987 4304 in
1012 4224 1219 4301 iudicis
1242 4261 1256 4295 :
1285 4243 1367 4296 ita
1390 4253 1539 4293 nunc
1565 4228 1926 4302 Evangelista
1942 4224 2076 4279 scri-

480 4349 617 4404 bens
644 4359 800 4399 more
829 4337 1011 4411 patrio
1039 4333 1288 4389 insinuat
1323 4343 1424 4397 pro
1451 4330 1602 4378 certo
1624 4318 1830 4375 Judaeis
1868 4321 1926 4369 et
1956 4329 2079 4368 om-

481 4435 646 4493 nibus
686 4433 746 4487 in
788 4407 1012 4484 Christo
1053 4414 1426 4475 credentibus,
1455 4410 1604 4482 quod
1642 4414 1699 4462 et
1733 4407 1842 4460 ista
1878 4420 1945 4458 ex
1982 4416 2079 4456 ore

481 4522 710 4584 Domini
730 4536 853 4593 quae
875 4514 1093 4588 prolata
1112 4512 1246 4564 sunt
1262 4499 1691 4573 complebantur
1712 4495 1769 4549 in
1788 4491 1997 4548 sanctis
2025 4494 2083 4544 et

483 4581 897 4687 peccatoribus.-
901 4601 1059 4660 Unde
1078 4604 1137 4655 et
1153 4597 1251 4652 illa
1273 4592 1419 4648 sicut
1436 4588 1637 4645 ultima
1654 4581 1940 4639 beatitudo
1962 4585 2075 4634 est:

486 4672 637 4760 beati
662 4702 761 4771 qui
782 4693 1213 4768 persecutionem
1236 4685 1541 4755 patiuntur
1556 4680 1780 4747 propter
1791 4672 2082 4741 justitiam

488 4755 709 4863 ὦιὰιιιῖ.
741 4755 804 4852 v:
835 4780 917 4852 10)
950 4800 962 4836 :
994 4780 1074 4834 ita
1103 4781 1162 4832 et
1201 4775 1309 4828 hoc
1336 4768 1599 4826 ultimum
1631 4781 1728 4830 vae,
1763 4759 1897 4832 quia
1932 4755 2084 4830 pleni

490 4883 654 4934 erant
678 4872 896 4931 ossibus
923 4872 1293 4928 mortuorum,
1321 4864 1381 4915 et
1403 4852 1734 4927 completuri
1764 4861 2086 4903 mensuram

490 4973 718 5042 patrum
730 4976 981 5022 suorum,
990 4962 1053 5012 ut
1070 4952 1387 5009 occiderent
1400 4945 1699 5019 prophetas
1711 4944 1768 4994 et
1782 4936 2085 5008 sapientes,

493 5056 667 5113 etiam
691 5053 877 5124 ipsum
903 5041 1347 5102 Dominum.Pro
1373 5035 1574 5110 quibus
1600 5027 1861 5087 omnibus
1884 5026 2090 5081 clamat

494 5162 599 5201 vox
622 5145 944 5199 sanctorum
971 5132 1074 5189 sub
1103 5148 1204 5187 ara
1230 5127 1332 5184 Dei
1355 5140 1366 5174 ε
1415 5126 1659 5186 Vindica,
1688 5119 1937 5179 Domine,
1965 5130 2092 5169 san-

495 5236 724 5305 guinem
764 5230 1017 5283 nostrum
1047 5222 1145 5292 qui
1182 5222 1380 5287 e/I‘usus
1408 5220 1481 5269 est
1518 5212 1705 5282 (Apoc.
1738 5220 1850 5273 va,
1886 5204 1989 5273 10).
2023 5204 2093 5259 Et

495 5295 599 5395 per
624 5317 964 5391 Prophetam
990 5330 1003 5366 :
1036 5308 1207 5366 Redde
1228 5306 1428 5361 vicinis
1456 5302 1659 5356 nostris
1686 5297 1999 5366 septuptum
2028 5295 2093 5347 in

498 5380 633 5467 sinu
680 5380 872 5463 eorum
924 5402 1087 5473 (Psal.
1119 5407 1340 5460 Lxxvm,
1379 5390 1490 5461 12).
1522 5389 1657 5453 Quae
1701 5380 2094 5455 multiplicatio

499 5495 724 5555 numeri
748 5494 843 5550 hic
881 5468 1103 5548 reddita
1136 5487 1241 5549 est,
1281 5480 1427 5536 sicut
1453 5482 1513 5533 et
1556 5477 1617 5531 in
1660 5473 1797 5530 Cain
1825 5471 1896 5526 ab
1933 5468 2096 5523 initio

502 5586 856 5665 praesignata,
895 5585 961 5639 ut
1004 5571 1307 5635 multitudo
1352 5568 1752 5624 sceleratorum
1797 5554 2100 5632 plenitudi-

1173 300 1230 355 S.
1272 286 1651 352 PASCHASII
1690 272 2052 339 RADBERTI
2088 267 2392 328 ABBATIS
2429 253 2928 337 CQRBEIENSIS,

3542 241 3622 298 illi

2712 398 2770 436 m
2812 372 3093 444 intelligat
3128 370 3523 424 tormentorum.
3553 367 3632 419 Se.

2176 662 2457 729 Serpentes
2473 656 2601 724 geni
2606 653 2761 704 mina
2778 649 3120 716 viperarum,
3141 637 3393 708 quomodo
3411 633 3600 702 fugietis
3620 649 3647 685 α

2098 719 2315 823 judicio
2325 719 2580 816 gehennw
2591 741 2831 795 ?Verum
2846 732 2994 806 quod
3014 732 3300 801 serpentes
3314 740 3419 796 pra:
3437 719 3648 775 omnibus

2111 835 2447 894 animalibus
2458 828 2759 886 astutiores
2775 827 2929 887 sunt;
2953 820 3047 875 sed
3068 815 3277 872 astutia
3292 826 3471 867 eorum
3482 824 3576 863 non
3585 814 3652 861 est

2114 1021 2301 1071 ceant.
2324 984 2382 1067 et
2405 1011 2581 1064 latere
2600 1002 2847 1077 possint:
2871 1000 2953 1052 ita
2971 994 3157 1051 omnis
3176 988 3454 1063 hypocrita
3471 990 3519 1041 et
3540 984 3654 1038 frau-

2116 1106 2380 1160 dulentus
2396 1072 2637 1153 astutior
2651 1093 2771 1147 vult
2783 1105 2906 1144 esse
2923 1083 3139 1141 caeteris
3158 1077 3535 1139 hominibus,et
3544 1072 3656 1141 cogi-

2114 1199 2199 1250 tat
2228 1188 2507 1264 quomodo
2528 1184 2701 1239 alium
2725 1176 2971 1249 decipiat
2993 1172 3207 1229 astutia
3234 1185 3353 1233 sua,
3383 1170 3435 1219 et
3459 1178 3566 1218 cum
3583 1160 3656 1215 de-

2117 1281 2345 1354 ceperit,
2370 1278 2450 1332 sic
2471 1292 2532 1331 se
2555 1273 2673 1344 agit
2692 1267 2854 1341 quasi
2874 1264 3160 1320 neminem
3179 1256 3398 1314 laeserit.
3417 1251 3659 1309 Genimina

2116 1340 2458 1444 viperarum,
2482 1340 2736 1435 quamvis
2756 1358 2827 1412 de
2855 1357 2962 1410 hoc
2986 1350 3234 1423 capitulo
3251 1361 3413 1417 supra
3426 1345 3529 1414 jam
3546 1340 3660 1394 dixe-

2122 1463 2227 1517 rim
2237 1500 2250 1526 ,
2263 1460 2371 1513 hoc
2391 1456 2510 1510 loco
2531 1452 2655 1506 ideo
2675 1449 2756 1503 ita
2768 1450 3058 1507 vocantur,
3073 1437 3338 1511 quoniam
3358 1450 3450 1506 per
3463 1431 3660 1500 singulas

2127 1872 2291 1977 gietis
2310 1919 2344 1956 a
2368 1872 2580 1972 judicio
2609 1890 2907 1966 gehennae?
2937 1886 3066 1943 Acsi
3095 1884 3249 1938 dicat
3274 1900 3286 1935 :
3311 1874 3553 1947 Nunquid
3569 1872 3667 1943 quia

2129 1961 2418 2050 gdiﬁcatis
2434 1961 2691 2058 sepulcra
2709 1974 3148 2053 prophetarum?
3168 1966 3428 2040 Nunquid
3444 1980 3542 2018 non
3557 1961 3666 2016 Deus

2132 2048 2349 2139 occulta
2383 2048 2568 2133 cordis
2608 2048 2920 2143 dijudicat?
2970 2063 3144 2119 Nulla
3181 2075 3314 2130 ergo
3349 2053 3585 2111 sanctitas
3606 2048 3668 2101 vel

2126 2174 2349 2249 justitia
2363 2175 2448 2225 est
2473 2171 2696 2223 sanctos
2720 2163 2904 2217 colere
2925 2163 2983 2213 et
2999 2152 3281 2211 venerari,
3303 2156 3359 2204 et
3378 2150 3669 2203 contemnere

2137 2442 2272 2515 quia
2297 2437 2474 2495 sancti
2500 2438 2635 2489 sunt
2662 2446 2801 2503 quos
2822 2424 3090 2482 sanctitas
3110 2419 3355 2476 Domino
3375 2407 3671 2470 consecravit.

2136 2500 2257 2587 ideo
2285 2544 2395 2584 ecce
2423 2541 2514 2593 ego
2554 2500 2711 2575 mitto
2741 2519 2813 2571 ad
2856 2532 2945 2569 vos
2980 2512 3277 2582 prophetas
3308 2512 3355 2560 et
3391 2504 3618 2572 sapientes
3642 2500 3674 2548 et

2137 2620 2375 2682 Scribas,
2404 2586 2540 2668 ϐίω)
2560 2613 2676 2665 illis
2706 2605 2976 2668 occidetis,
2998 2605 3049 2655 et
3076 2597 3426 2665 cruciﬁgetis,
3448 2596 3490 2644 et
3515 2604 3572 2643 ea:
3591 2586 3676 2639 illis

2133 2671 2411 2782 ﬂagellabi
2416 2706 2483 2757 tis
2503 2704 2526 2754 ἰ
2529 2717 2566 2754 η
2581 2697 2874 2765 synagogis
2890 2690 3310 2753 vestris,960
3323 2690 3378 2737 et
3392 2671 3677 2750 reliqua.Ubi

2136 2762 2185 2782 ,η
2209 2762 2233 2776 ν
2613 2762 2628 2765 -
2730 2762 2739 2764 -

2136 2789 2605 2851 considerandum
2635 2790 2739 2849 est,
2769 2798 2937 2853 quam
2966 2777 3172 2833 reddat
3200 2789 3443 2836 causam,
3461 2783 3571 2822 cum
3594 2762 3677 2816 ait:

2139 2886 2259 2940 Ideo
2295 2898 2405 2936 ecce
2453 2893 2544 2946 ego
2579 2877 2737 2929 mitto
2771 2850 2845 2925 ad
2888 2885 2977 2923 vos
3015 2865 3333 2937 prophetas.
3366 2861 3533 2929 Supra
3568 2850 3681 2906 enim

2139 2972 2387 3026 dixerat:
2419 2965 2657 3037 Implete
2680 2973 3003 3016 mensuram
3023 2958 3254 3026 patrum
3278 2953 3581 3005 vestrorum,
3600 2954 3684 2993 om-

1741 3032 1803 3041 ."
1845 3032 1897 3038 --
1926 3032 2018 3055 τ--
2511 3032 2527 3037 _

1736 3072 1943 3145 septies
1982 3086 2059 3123 va:
2076 3070 2121 3130 ί]
2141 3061 2273 3116 nino
2301 3074 2415 3112 non
2444 3056 2569 3109 ideo
2596 3051 2737 3106 dixit
2763 3054 2829 3104 ut
2855 3047 3183 3117 imperaret,
3210 3055 3390 3111 neque
3412 3043 3471 3091 ut
3492 3032 3686 3088 facerent

2564 3142 2611 3145 ““
2798 3138 2828 3145 ¹“
2884 3136 2898 3145 “
3046 3134 3060 3145 “
3175 3132 3190 3145 “
3322 3128 3431 3145 ἐμ-
3470 3115 3683 3145 ---ηζιιζό

2140 3149 2291 3222 quod
2305 3145 2505 3218 jubere
2526 3142 2763 3196 videtur.
2794 3136 2902 3192 Sed
2922 3115 3025 3188 nec
3046 3134 3155 3186 hoc
3175 3132 3299 3185 loco
3319 3128 3438 3182 ideo
3456 3139 3540 3178 eos
3557 3115 3688 3174 mittit

2142 3207 2290 3310 quod
2305 3207 2629 3289 dinumerat
2650 3226 2951 3300 prophetas
2973 3227 3031 3276 et
3057 3220 3370 3291 sapientes,
3387 3218 3449 3270 ut
3467 3207 3685 3266 occidant

2143 3291 2243 3383 aut
2269 3324 2575 3395 ﬂagellent,
2608 3291 2669 3373 et
2695 3291 3044 3383 crhciﬁgant,
3073 3309 3176 3364 sed
3205 3306 3340 3380 quia
3366 3301 3621 3358 dixerant:
3645 3291 3689 3347 Si

2139 3419 2434 3486 fuissemus
2456 3413 2519 3464 in
2546 3409 2734 3463 diebus
2758 3409 2991 3474 patrum
3024 3404 3368 3460 nostrorum,
3388 3408 3490 3447 non
3508 3397 3688 3443 essemus

2141 3506 2276 3560 socii
2305 3506 2370 3556 in
2404 3500 2678 3566 sanguine
2715 3492 3135 3563 prophetarum,
3177 3485 3424 3540 volentes
3454 3495 3508 3534 se
3547 3486 3689 3530 coram

2142 3594 2465 3652 hominibus
2483 3589 2816 3662 justiﬁcare,
2842 3590 2901 3638 et
2926 3599 3038 3638 non
3062 3595 3255 3634 coram
3284 3577 3415 3640 Deo,
3447 3569 3534 3643 qui
3565 3562 3690 3621 corde

2146 3683 2415 3756 conspicit
2461 3678 2830 3750 singulorum,
2861 3678 2920 3727 et
2946 3668 3221 3725 discernit
3255 3656 3597 3721 conscientias
3616 3652 3693 3721 hy-

2148 3740 2514 3847 pocritarum.
2534 3740 2631 3822 git
2658 3765 2783 3819 ideo
2858 3763 2987 3816 Ecce
3016 3774 3107 3827 ego
3129 3760 3291 3811 mitto
3315 3754 3390 3807 ad
3418 3765 3499 3803 vos
3518 3740 3697 3815 prophe

2153 3829 2234 3918 tas
2262 3867 2310 3916 et
2328 3861 2618 3929 sapientes.
2639 3856 2717 3909 Ac
2737 3852 2785 3906 si
2814 3850 3025 3904 diceret
3047 3866 3058 3900 :
3090 3845 3226 3900 Ideo
3245 3859 3341 3898 eos
3364 3839 3430 3894 ad
3451 3852 3537 3890 vos
3554 3829 3698 3886 mitto.

2151 3957 2217 4007 ut
2242 3950 2365 4022 ipsa
2388 3914 2582 4018 ‘opera
2615 3948 2799 3997 vestra
2836 3955 2959 4010 quae
2989 3934 3193 3990 facturi
3222 3931 3356 3987 estis
3401 3914 3698 3981 homicidalia

2155 4013 2482 4112 appareant,
2516 4039 2575 4088 et
2620 4024 3026 4086 convincamini
3063 4022 3200 4094 quia
3239 4019 3341 4075 filii
3376 4014 3501 4071 estis
3522 4013 3699 4082 patrum

2153 4126 2585 4187 homicidarum,
2601 4127 2659 4176 et
2677 4116 2996 4188 intelligant
3013 4110 3265 4168 universi
3286 4107 3417 4180 quia
3434 4105 3592 4159 Deum
3609 4106 3701 4148 sum

2157 4235 2279 4290 ego,
2296 4215 2392 4288 qui
2412 4181 2584 4269 corda
2595 4181 2951 4279 conspicio'et
2970 4200 3142 4274 probo
3161 4197 3523 4269 singulorum.
3536 4187 3596 4241 Et
3609 4181 3702 4235 ideo

2163 4269 2250 4290 Ὃν
2267 4269 2279 4283 ,
2303 4269 2367 4288 ιη
2731 4269 2749 4279 _
2970 4269 2987 4274 _

2163 4306 2401 4380 praedico
2440 4300 2616 4367 vobis,
2659 4295 2808 4369 quod
2847 4290 3086 4348 occisuri
3116 4288 3253 4343 estis
3282 4302 3394 4351 eos,
3425 4287 3481 4336 et
3512 4269 3703 4344 ﬂagella-

2096 4386 2143 4443 Π
2163 4368 2294 4452 bitis
2322 4395 2382 4449 in
2411 4388 2710 4464 synagogis
2737 4383 2955 4449 vestris,
2978 4386 3034 4435 et
3061 4386 3193 4433 tunc
3220 4368 3514 4446 implebitis
3531 4371 3705 4418 mensu-

2162 4502 2283 4541 ram
2308 4489 2532 4555 patrum
2552 4482 2891 4532 vestrorum.
2908 4469 3051 4535 Quia
3071 4467 3178 4522 etsi
3208 4464 3292 4519 illi
3319 4478 3413 4518 eos
3441 4450 3703 4513 occiderunt

2165 4574 2260 4645 qui
2291 4539 2422 4626 dlim
2456 4562 2909 4641 praenuntiabant
2946 4559 3015 4612 de
3064 4555 3313 4610 adventu
3358 4545 3479 4604 Filii
3506 4539 3608 4605 Dei,
3630 4548 3703 4645 V135

2166 4619 2260 4645 ‘1'“
2294 4619 2422 4626 """
2457 4619 2630 4641 r"""

2163 4658 2483 4735 perimituri
2505 4655 2639 4735 estis
2659 4670 2776 4721 eos,
2793 4650 2888 4722 qui
2907 4649 3028 4719 jam
3055 4642 3347 4699 advenisse
3372 4635 3635 4692 testantur.
3654 4619 3705 4675 Et

2165 4714 2191 4735 Γ
2210 4714 2283 4718 ’⁷⁷
2350 4714 2359 4715 ί
2382 4714 2385 4715 ⁷
2758 4714 2772 4721 1
2809 4714 2828 4722 -
2907 4714 2927 4719 -

2165 4753 2281 4806 haec
2311 4755 2395 4805 est
2423 4728 2706 4808 mensura,
2729 4756 2899 4812 quam
2930 4752 3041 4791 non
3074 4732 3217 4788 bene
3242 4734 3428 4803 patres
3455 4714 3603 4776 vestri
3624 4714 3705 4766 im'

2166 4841 2476 4914 pleverunt.
2493 4834 2600 4891 Sed
2615 4849 2728 4896 vos,
2744 4810 2879 4901 quia
2900 4824 3202 4899 prophetas
3221 4815 3531 4875 occiderunt
3546 4810 3595 4862 et
3613 4814 3706 4856 san-

2169 4892 2306 4996 ctos,
2321 4925 2577 4982 eamdem
2601 4892 2926 4975 mensuram
2945 4892 3269 4984 implebitis,
3293 4912 3350 4962 et
3375 4902 3541 4958 adhuc
3557 4892 3707 4967 pejora

2169 4982 2370 5074 facturi
2397 5013 2553 5070 estis.
2586 5010 2683 5083 qui
2720 5008 2890 5063 etiam
2920 4982 3106 5075 ipsum
3135 4997 3434 5055 Dominum
3459 4982 3707 5083 prophetf'

2171 5061 2370 5074 luv'“.'
2399 5061 2553 5070 v"""
2591 5061 2682 5083 '1"'
2731 5061 2811 5063 "”
2944 5061 2963 5075 ι
3463 5061 3472 5062 κ

2171 5123 2298 5161 rum
2342 5100 2577 5158 occisuri
2625 5095 2781 5152 estis.
2812 5093 2928 5147 Nec
2964 5094 3155 5144 tamen
3184 5086 3450 5157 quantum
3486 5073 3549 5129 ad
3581 5061 3707 5119 verba

2174 5197 2455 5266 exspectat
2484 5185 2714 5251 Christi,
2738 5183 2808 5238 de
2836 5197 2941 5236 sua
2967 5182 3149 5233 morte
3182 5153 3479 5247 quidquam
3505 5153 3707 5247 110610Ῡο

2174 5237 2455 5266 ν¹“⁹.Ι’“¹ν’“”“
2491 5237 2643 5244 "‘"‘
2657 5237 2714 5251 "1
2751 5237 2794 5238 νίν
3197 5237 3219 5247 -
3333 5237 3354 5242 -

2172 5282 2328 5356 loqui
2345 5281 2588 5340 videtur,
2602 5274 2736 5348 quia
2756 5287 2908 5326 mors
2930 5268 3070 5340 ejus,
3100 5279 3266 5339 quam
3287 5260 3476 5331 sponte
3493 5237 3704 5311 suscepit.

3281 5349 3293 5356 ·
3429 5349 3436 5356 ι
3516 5355 3520 5356 ν
3535 5334 3704 5356 ...ΑΜ-α-

2176 5334 2487 5356 --Γ-πμ
2579 5334 2639 5348 ,⁸
2958 5334 2977 5340 _
3116 5334 3135 5339 _

2176 5373 2327 5429 salus
2354 5379 2478 5426 erat
2504 5364 2776 5427 omnium,
2801 5358 2974 5415 etiam
3007 5370 3220 5418 eorum,
3252 5349 3297 5405 si
3324 5349 3443 5420 post
3469 5334 3707 5411 perpem‘

2177 5469 2298 5518 tum
2329 5459 2508 5515 scelus
2529 5455 2601 5510 ad
2628 5468 2755 5509 eum
2786 5449 2970 5505 redire
2996 5444 3233 5509 vellent;
3261 5436 3407 5494 unde
3431 5434 3487 5485 et
3509 5426 3561 5480 in
3582 5425 3707 5474 cruce

2178 5567 2280 5623 pro
2305 5507 2612 5617 illis-negat.
2639 5507 2749 5599 Sed
2769 5537 2947 5610 magis
2966 5549 3117 5591 nunc
3134 5507 3243 5588 illis
3261 5525 3525 5597 imputem
3538 5507 3709 5565 videtur
