3872 6158
256 285 373 341 ’78ἴὶ

985 282 1363 339 EXPOSITIO
1403 284 1482 339 IN
1519 282 1971 339 MA'I‘THAEUM.
2013 311 2082 326 —
2120 283 2256 369 LI‘B.
2299 282 2366 349 x,
2408 282 2565 339 CAP.
2607 266 2810 336 xxni.

3440 282 3543 343 786

256 413 509 465 mortem
521 408 930 482 apostolorum,
949 412 1394 480 caeterorumque
1408 413 1751 476 sanctorum,
1769 409 1866 481 qui
1882 411 1932 469 A
1949 407 2128 463 Judaei
2151 405 2391 463 necdum
2420 412 2601 475 erant,
2634 406 2734 462 sed
2758 407 3058 480 complices
3086 408 3225 464 Cain
3259 411 3382 482 jam
3406 412 3542 469 mali

254 501 524 555 nolentes
565 498 731 555 occisi
780 505 933 553 sunt.
966 499 1036 553 Et
1074 498 1200 553 ideo
1238 498 1383 552 forte
1430 499 1565 553 dicit
1596 517 1608 552 :
1647 503 1865 569 Implete

253 605 591 643 mensuram
612 593 850 657 patrum
880 593 1209 655 vestrorum,
1226 593 1285 642 et
1304 605 1419 642 non
1447 587 1863 660 superimplete.

251 678 425 742 Quod
455 677 505 731 si
534 676 747 731 diceret
761 677 1012 748 apertius
1037 677 1107 730 de
1123 694 1204 739 se,
1228 676 1340 731 illis
1356 682 1697 731 monstraret
1717 677 1866 747 quod

250 767 521 822 futurum
551 766 853 821 erat.Nam
873 765 1102 835 benigni
1132 771 1190 819 et
1210 766 1352 836 justi
1376 766 1584 835 judicis
1612 773 1864 831 est,suas

248 855 503 927 injurias
540 853 722 925 magis
751 860 1129 921 contemnere,
1175 860 1232 909 et
1279 855 1519 909 aliorum
1557 855 1858 909 vindicare.

246 946 477 1000 Idcirco
505 930 943 1015 Dominus‘quia
966 945 1155 1014 justus
1205 948 1292 998 est
1327 949 1383 997 et
1431 950 1635 1007 rectus,
1669 943 1862 998 videns

247 1035 433 1089 corda
470 1050 668 1089 eorum
698 1034 827 1089 dolo
875 1049 939 1088 ac
974 1033 1171 1087 fraude
1218 1034 1405 1104 plena,
1451 1040 1508 1086 et
1537 1039 1863 1088 coacervata

248 1131 495 1195 peccata
516 1128 816 1195 parentum
848 1127 906 1176 et
934 1139 1148 1188 eorum,
1182 1122 1264 1178 ita
1285 1128 1557 1193 quantum
1570 1122 1641 1177 ad
1673 1123 1860 1176 volun-

246 1220 437 1268 tatem
468 1230 664 1269 eorum
697 1218 998 1284 exspectat,
1032 1218 1090 1266 et
1120 1213 1469 1284 pr0positum
1516 1212 1717 1277 cordis,
1741 1214 1861 1283 jam

248 1320 531 1359 mensura
558 1310 785 1374 patrum
814 1301 1048 1373 impleta
1076 1308 1242 1368 esset,
1276 1318 1389 1356 non
1420 1301 1703 1356 immerito
1733 1302 1813 1356 ait
1844 1320 1855 1354 :

245 1393 393 1448 Ideo
411 1409 523 1446 ecce
542 1408 634 1460 ego
654 1394 814 1446 mitto
832 1393 908 1444 ad
934 1408 1023 1446 vos
1040 1392 1368 1461 prophetas;
1401 1391 1533 1461 quia
1557 1392 1676 1462 jam
1710 1392 1860 1462 apud

247 1482 463 1547 Deum,
497 1481 593 1552 qui
633 1480 805 1534 corda
844 1479 1089 1552 inspicit,
1136 1480 1295 1551 quasi
1342 1480 1632 1534 homicidae
1675 1485 1854 1544 erant,

245 1588 502 1643 quorum
526 1569 743 1623 malitia
766 1569 824 1623 in
837 1569 1122 1640 pr0posito
1144 1574 1267 1623 erat
1293 1575 1349 1623 et
1376 1569 1680 1624 voluntate.
1717 1569 1860 1623 Hinc

241 1665 438 1726 96'
480 1675 703 1729 quoque
741 1658 1015 1729 propheta
1043 1657 1163 1711 ait:
1198 1659 1543 1712 Declinantes
1572 1662 1759 1712 autem
1796 1661 1857 1712 in

1945 503 2137 564 οδω
2152 502 2209 551 et
2219 497 2510 552 homicidae
2528 502 2707 552 erant.
2723 497 2883 553 Unde
2903 497 3365 565 licet,secundum
3377 517 3544 558 usum

1945 586 2278 651 humanum,
2306 587 2496 641 multa;
2522 587 2638 641 sint
2661 586 3053 657 generationes
3071 588 3234 658 juxta
3260 593 3543 646 terrarum

1946 673 2318 741 diversitates,
2326 675 2494 745 juxta
2504 674 2923 746 Scripturarum
2932 676 3413 742 consuetudinem,
3429 694 3542 732 non

1946 764 2190 834 amplius
2208 780 2378 834 quam
2401 764 2526 818 duae
2542 763 2600 817 in
2622 764 2733 817 ﬁne
2745 763 3109 833 colliguntur.
3129 765 3210 819 De
3240 765 3443 838 quibus
3469 766 3542 822 ab

1943 851 2108 905 initio
2138 852 2262 906 duae
2289 857 2695 907 construuntur
2737 852 3008 919 civitates,
3055 852 3305 926 Babylon
3334 855 3543 910 scilicet

1946 942 2172 1007 misera,
2205 946 2262 995 et
2292 941 2645 995 Hierusalem
2688 940 2877 996 beata.
2911 942 2981 996 Et
3025 941 3172 996 sicut
3217 943 3317 997 uni
3345 960 3540 999 earum

1946 1030 2133 1085 omnia
2155 1030 2627 1101 repromittuntur
2653 1029 2819 1097 bona,
2847 1046 2949 1102 per
2990 1046 3186 1085 omnes
3227 1031 3541 1104 Scriptura-

1946 1136 2071 1173 rum
2101 1120 2356 1191 paginas,
2387 1119 2469 1172 sic
2495 1119 2680 1187 alteri,
2704 1118 2870 1173 simul
2901 1135 2965 1173 ac
2993 1119 3041 1174 si
3064 1119 3184 1185 uni,
3215 1120 3540 1193 prophetice

1942 1209 2331 1280 imprecantur
2356 1208 2568 1272 omnia,
2602 1213 2660 1262 et
2685 1208 3095 1263 denuntiantur
3128 1210 3300 1265 mala.
3329 1212 3370 1267 A
3403 1227 3537 1265 san-

1941 1302 2130 1368 guine,
2148 1298 2663 1369 inquit.Abetjusti,
2687 1314 2857 1367 usque
2875 1299 2951 1351 ad
2973 1300 3305 1366 sanguinem
3328 1299 3537 1353 Zacha-

1943 1389 2060 1440 νέξ.
2093 1387 2175 1441 De
2203 1386 2342 1441 Abel
2372 1391 2560 1441 autem
2590 1387 2748 1441 nulla
2772 1392 2859 1441 est
2877 1385 3235 1457 ambiguitas,
3263 1387 3399 1458 quin
3418 1388 3538 1460 ipse

1942 1476 2016 1531 sit
2040 1494 2206 1548 quem
2238 1476 2375 1531 Cain
2398 1476 2574 1530 frater
2602 1478 2725 1546 ejus
2750 1475 2971 1531 occidit.
2991 1476 3186 1530 Justus
3208 1482 3401 1532 autem
3425 1493 3539 1530 non

1942 1566 2123 1620 solum
2146 1581 2296 1619 nunc
2314 1583 2383 1619 ex
2395 1565 2496 1619 Dei
2516 1564 2819 1630 sententia,
2838 1580 3033 1618 verum
3046 1580 3113 1618 ex
3128 1563 3363 1618 Genesis
3384 1564 3541 1619 testi-

1942 1655 2130 1709 monio
2149 1653 2566 1725 comprobatur,
2586 1640 2695 1707 ubi
2724 1659 2954 1724 accepta
2980 1654 3103 1723 ejus
3119 1653 3278 1708 aDeo
3307 1669 3541 1708 narran-

236 1725 631 1816 obtigationes,
662 1725 892 1802 adducet
914 1747 1185 1801 Dominus
1213 1763 1340 1800 cum
1361 1748 1713 1815 operantibus
1738 1748 1856 1799 ini-
1874 1725 1920 1785 Β
1941 1751 2038 1799 tur
2058 1760 2313 1798 munera.
2330 1744 2440 1798 Sed
2466 1744 2536 1797 de
2569 1743 2854 1806 Zacharia,
2877 1743 3003 1813 quis
3017 1742 3109 1810 sit,
3133 1743 3231 1813 qui
3254 1742 3541 1798 Barachize

232 1840 539 1905 quitatem.
572 1836 882 1906 Prophetas
898 1842 1089 1889 autem
1113 1840 1170 1889 et
1189 1835 1489 1906 sapientes,
1512 1851 1578 1888 ac
1610 1834 1851 1901 Scribas,
1938 1833 2087 1887 ﬁlius
2105 1838 2388 1898 narratur,
2410 1833 2589 1886 multa
2616 1830 2872 1885 dubietas
2892 1837 2997 1891 est.
3020 1831 3152 1903 quia
3168 1832 3378 1887 multos
3403 1832 3539 1903 legi-

228 1926 533 1996 apostolos
552 1930 731 1990 vocat,
759 1924 840 1978 vel
859 1941 954 1978 eos
969 1941 1110 1995 quos
1137 1941 1262 1978 cum
1278 1925 1358 1978 eis
1379 1925 1535 1978 misit
1553 1924 1624 1978 ad
1658 1924 1855 1995 praedi-
1936 1938 2063 1975 mus
2092 1921 2406 1975 Zacharias.
2441 1921 2510 1975 Et
2538 1936 2609 1974 ne
2638 1919 2817 1974 libera
2851 1919 3084 1973 daretur
3110 1917 3271 1973 nobis
3299 1919 3537 1974 facultas

228 2014 512 2068 candum.
549 2014 827 2078 Quoniam
849 2012 996 2067 sicut
1026 2013 1222 2067 scribit
1237 2013 1537 2084 Apostolus
1565 2013 1635 2067 ad
1657 2013 1851 2067 Corin-
1936 2011 2164 2077 erroris,
2198 2009 2451 2064 additum
2474 2013 2581 2073 est,
2609 2026 2769 2077 quem
2790 2010 3060 2062 occidistis
3090 2011 3241 2062 inter
3269 2012 3535 2077 templum

226 2104 412 2167 thios,
442 2103 601 2157 varia
628 2103 859 2157 fuerunt
882 2103 1034 2156 dona
1073 2102 1133 2156 in
1165 2101 1413 2157 Ecclesia
1442 2101 1671 2168 Christi,
1708 2119 1848 2173 quos
1932 2104 1981 2152 et
2001 2102 2199 2153 altare.
2226 2099 2306 2153 De
2329 2114 2439 2169 quo
2459 2097 2658 2152 beatus
2676 2098 3051 2168 Hieronymus
3064 2095 3316 2150 multase
3330 2095 3534 2166 legisse

224 2192 430 2263 posuit
444 2191 692 2263 Spiritus
713 2196 963 2249 sanctus.
985 2190 1126 2244 alios
1144 2191 1371 2261 quidem
1401 2190 1722 2261 prophetas,
1750 2190 1845 2261 qui
1928 2192 2174 2241 testatur
2193 2188 2252 2241 in
2265 2186 2671 2241 commentario
2686 2202 2808 2241 suo.
2833 2185 2942 2241 Sed
2972 2185 3246 2256 Origenes
3277 2189 3533 2240 astruere

225 2282 434 2335 futura
464 2280 957 2351 praenuntiabant;
981 2280 1122 2334 alios
1136 2279 1439 2350 sapientes,
1467 2279 1562 2349 qui
1584 2279 1845 2350 plenissi-

225 2386 390 2425 mam
422 2371 481 2424 in
512 2369 737 2424 Christo
787 2367 1071 2423 habebant
1110 2369 1422 2435 scientiam,
1476 2374 1533 2422 et
1569 2375 1846 2424 noverunt

224 2459 466 2530 quando
493 2458 767 2512 deberent
784 2457 1032 2529 proferre
1062 2474 1377 2512 sermonem
1409 2476 1421 2523 ;
1454 2457 1594 2511 alios
1624 2458 1844 2512 Scribas

1928 2283 2185 2343 conatur,
2217 2277 2365 2347 quod
2417 2276 2512 2330 ille
2538 2293 2599 2330 se
2628 2275 2787 2330 facile
2822 2274 3075 2329 refellere
3104 2290 3267 2347 posse
3296 2274 3526 2346 proﬁte-

1927 2372 2042 2420 tur.
2058 2366 2219 2419 Hunc
2238 2366 2562 2419 Zachariam
2580 2370 2800 2437 patrem
2822 2364 2995 2419 fuisse
3014 2363 3266 2427 Joannis,
3285 2362 3530 2417 maxime

1928 2454 2061 2525 quia
2083 2455 2206 2524 ejus
2235 2454 2684 2509 interfectionem
2725 2454 2981 2508 Christus
3025 2453 3238 2508 eisdem
3281 2453 3530 2525 imputat

1926 2543 2152 2608 Judaais,
2181 2543 2384 2614 quibus
2412 2543 2766 2615 loquebatur,
2790 2548 2848 2596 et
2884 2558 2997 2597 non
3019 2542 3276 2613 patribus
3304 2555 3523 2596 eorum.

1928 2633 2096 2699 Quem
2126 2634 2420 2699 occidistis,
2444 2632 2815 2703 inquit.inter
2835 2635 3101 2701 templum
3131 2636 3181 2685 et
3211 2633 3410 2686 altare.
3435 2633 3527 2687 Sic

152 2594 157 2597 ,
223 2549 286 2603 in
321 2549 451 2618 lege
484 2546 860 2607 doctissimos,
893 2547 990 2618 qui
1030 2546 1281 2601 sciebant
1319 2547 1568 2617 proferre
1619 2547 1687 2600 de
1727 2564 1843 2601 cor-

224 2636 402 2690 dibus
459 2635 578 2690 suis
632 2652 796 2703 nova,
842 2641 948 2691 etc.
1002 2636 1072 2690 Et
1124 2652 1190 2688 ex
1229 2636 1342 2689 illis
1372 2634 1656 2699 occidetis,
1698 2635 1845 2690 sicut

226 2727 453 2781 Paulus
481 2725 790 2779 decollatus
819 2731 922 2791 cst,
959 2731 1015 2779 et
1043 2725 1209 2778 multi
1233 2722 1359 2793 alii;
1393 2730 1450 2777 et
1479 2724 1837 2795 cruciﬁgetis,
1923 2722 2130 2793 quippe
2169 2721 2240 2776 ad
2270 2738 2365 2776 eos
2400 2720 2632 2776 verbum
2658 2721 2870 2791 dirigit,
2904 2720 3063 2791 quasi
3093 2726 3152 2774 et
3178 2719 3287 2791 ipsi
3307 2720 3522 2776 itaesse

222 2817 384 2871 sicut
426 2816 632 2870 Petrus
679 2815 974 2870 cruciﬁxus
1020 2820 1124 2881 est,
1169 2820 1225 2868 et
1264 2813 1519 2868 Andreas
1561 2830 1724 2868 cruce
1779 2813 1838 2868 in
1920 2826 2129 2881 negare
2158 2827 2271 2866 non
2301 2811 2543 2882 possint.
2583 2810 2694 2866 Sed
2725 2809 3005 2881 quomodo
3034 2809 3208 2864 ﬁxerit
3238 2809 3389 2865 ﬁlius
3417 2809 3521 2865 Ba-

222 2906 434 2960 eadem
466 2921 803 2976 suspensus;
833 2921 936 2958 nec
966 2920 1079 2958 non
1109 2908 1166 2957 et
1186 2902 1506 2974 Stephanus
1533 2902 1833 2973 lapidatus,
1919 2900 2123 2955 rachize
2150 2900 2382 2967 fatetur,
2407 2900 2477 2955 de
2504 2898 2808 2970 Scripturis
2830 2898 3038 2953 sanctis
3060 2914 3173 2953 non
3202 2915 3366 2970 posse
3386 2914 3521 2970 pro-

223 2995 329 3065 qui
356 2995 581 3066 primus
626 3000 843 3065 martyr
866 2993 1108 3047 Domino
1134 2991 1396 3056 occurrit,
1438 2992 1572 3045 olim
1613 2992 1685 3045 ad
1732 2991 1835 3045 hoc
1918 2988 2060 3056 bari,
2114 2988 2223 3043 nisi
2259 2989 2418 3044 forte.
2461 2989 2594 3061 quia
2630 2987 2931 3043 Barachias
2967 2989 3285 3042 Benedictus
3327 2989 3522 3043 Deiex

222 3084 469 3139 electus.
498 3083 659 3137 Unde
701 3098 805 3136 nec
844 3081 1128 3136 immerito
1168 3096 1374 3134 nomen
1413 3080 1693 3151 accepisse
1721 3079 2151 3144 cre-CHebrazo
2183 3078 2612 3150 interpretatur,
2646 3077 2768 3149 ipso
2794 3081 2937 3131 teste
2981 3075 3346 3148 Hieronymo,
3389 3077 3521 3147 jure

220 3173 406 3238 ditur,
459 3188 595 3226 nam
634 3170 941 3240 Stephanus
988 3170 1198 3235 Grmce,
1229 3170 1427 3224 Latine
1463 3186 1597 3223 vero
1629 3186 1833 3224 corona

218 3263 458 3316 dicitur.
485 3261 555 3315 Et
577 3260 702 3314 ideo
733 3259 961 3331 provide
985 3259 1124 3313 satis
1177 3276 1243 3312 ex
1287 3258 1560 3331 praesagio
1590 3259 1739 3312 sicut
1765 3273 1833 3313 ex

220 3351 486 3414 nomine,
517 3348 845 3420 designatus
870 3354 957 3403 est
988 3354 1119 3402 ante
1146 3347 1287 3402 alios
1311 3364 1575 3402 coronam
1602 3352 1832 3418 gestans

221 3442 281 3494 in
314 3439 529 3511 capite,
544 3438 802 3491 minister
812 3438 1093 3508 gloriosus
1107 3442 1406 3491 coronatus
1427 3436 1686 3491 occurrit.
1703 3437 1832 3490 Fla-

223 3527 429 3597 gellati
459 3542 593 3580 vero
622 3524 880 3597 discipuli
903 3525 963 3579 in
991 3525 1222 3579 Actibus
1251 3525 1517 3595 leguntur
1558 3524 1835 3595 apostolo-

223 3634 381 3671 rum.
399 3616 538 3680 Quae
563 3615 755 3668 omnia
782 3614 1065 3685 deinceps,
1093 3614 1283 3686 qualia
1303 3621 1359 3669 et
1381 3614 1828 3685 quantatuerint,

220 3706 326 3762 ubi
357 3705 447 3759 vel
476 3703 573 3758 ubi
602 3703 771 3774 passi,
796 3719 963 3757 nemo
980 3709 1065 3758 est
1091 3704 1187 3775 qui
1217 3709 1533 3760 enumeret.
1560 3703 1668 3758 Sed
1689 3703 1835 3756 sicut

222 3796 338 3849 isto
364 3793 517 3848 trino
546 3808 784 3846 numero
808 3807 1004 3845 omnes
1037 3808 1131 3846 eos
1161 3792 1257 3862 qui
1288 3791 1439 3863 passi
1467 3796 1617 3857 sunt,
1661 3789 1731 3844 ab
1753 3789 1833 3843 eis

221 3882 458 3953 collegit
481 3900 493 3935 :
525 3882 609 3935 ita
634 3889 691 3934 et
718 3885 995 3951 quotquot
1020 3880 1170 3951 passi
1199 3886 1333 3934 sunt
1349 3895 1559 3950 genera
1588 3886 1835 3934 tormen-

218 3980 417 4028 torum
433 3968 879 4025 connumeravit.
895 3968 1339 4039 Undesequitur.
1356 3974 1407 4023 et
1429 3971 1833 4037 persequemini

220 4065 288 4117 de
317 4064 431 4115 cici
435 4066 541 4115 tate
563 4063 627 4113 in
646 4061 943 4113 civitatem.
962 4057 1075 4110 Hoc
1096 4057 1483 4128 quippequam
1505 4057 1830 4128 frequenter

216 4149 484 4214 fecerint,
536 4147 660 4218 ipsa
706 4143 944 4199 historia
982 4145 1185 4215 prodit,
1237 4144 1578 4216 expellentes
1622 4161 1718 4199 eos
1759 4144 1828 4199 de

217 4240 443 4305 Iudaea,
468 4244 532 4292 ut
547 4236 618 4291 ad
629 4234 884 4306 gentium
904 4234 1257 4299 solitudines,
1278 4234 1409 4287 licet
1433 4233 1613 4300 inviti,
1646 4238 1828 4288 trans-

218 4330 399 4384 irent.

1915 3167 2096 3238 possit
2123 3167 2418 3221 Zacharias
2442 3165 2769 3221 benedictus
2792 3165 2892 3220 Dei
2925 3163 3074 3219 ﬁlius
3109 3164 3238 3233 dici,
3272 3181 3339 3220 eo
3368 3164 3518 3237 quod

1916 3272 1981 3311 ex
2008 3272 2215 3328 genere
2242 3256 2570 3310 sacerdotali
2603 3254 2886 3327 pontiﬁcis
2916 3254 3064 3309 ﬁlius
3092 3254 3291 3322 fuerit;
3342 3253 3441 3326 qui
3469 3256 3519 3310 si

1914 3362 2029 3399 non
2080 3344 2407 3399 benedictus
2463 3344 2565 3399 Dei
2603 3350 2772 3408 esset,
2822 3344 3085 3399 sacerdos
3127 3344 3247 3399 fore
3283 3343 3517 3399 minime

1915 3443 2122 3507 posset.
2150 3439 2426 3493 Caeterum
2448 3436 2518 3490 de
2540 3435 2818 3490 occisione
2828 3434 2952 3504 ejus
2966 3432 3104 3488 dicit
3121 3450 3182 3488 se
3203 3433 3373 3488 talem
3392 3450 3517 3506 per-

1915 3526 2130 3596 cepisse
2183 3526 2570 3590 traditionem,
2613 3522 2774 3595 quasi
2819 3521 2991 3576 fuerit
3028 3521 3235 3592 aliquis
3271 3521 3427 3577 locus
3454 3521 3514 3575 in

1914 3614 2149 3685 templo,
2184 3632 2294 3686 quo
2324 3611 2632 3683 virginibus
2683 3610 2865 3665 solum
2911 3613 3035 3662 erat
3078 3608 3294 3663 licitum
3337 3614 3510 3675 stare,

1917 3719 2029 3757 non
2053 3704 2485 3775 permittebatur
2513 3702 2563 3755 ei
2594 3717 2659 3754 eo
2701 3699 2760 3752 in
2789 3698 2911 3751 loco
2946 3702 3123 3754 stare.
3162 3697 3337 3750 Beata
3378 3711 3512 3750 vero

1915 3792 2094 3846 Maria
2109 3798 2403 3864 postquam
2428 3789 2627 3861 genuit
2644 3788 3011 3851 Salvatorem,
3039 3784 3361 3855 ingrediens
3370 3790 3511 3839 tem-

1914 3881 2071 3951 plum
2086 3886 2151 3935 ut
2164 3886 2373 3945 oraret,
2403 3877 2563 3933 stetit
2580 3874 2799 3930 conscia
2820 3873 2908 3927 sui
2928 3872 3158 3944 pudoris
3184 3871 3280 3925 illo
3293 3871 3353 3926 in
3388 3872 3509 3926 loco

1914 3968 2010 4038 qui
2038 3968 2317 4038 virginum
2345 3971 2485 4021 erat.
2517 3960 2952 4019 Prohibentibus
2989 3964 3179 4015 autem
3217 3959 3424 4015 Scribis
3451 3966 3510 4014 et

1911 4054 2227 4121 Pbariszeis,
2263 4054 2359 4125 qui
2388 4056 2659 4107 noverant
2685 4066 2809 4104 eam
2857 4047 3037 4102 ﬁlium
3076 4047 3379 4119 peperisse,
3413 4049 3511 4103 Za-

1909 4141 2129 4196 charias
2159 4142 2331 4196 divini
2353 4140 2609 4213 mysterii
2624 4141 2743 4210 jam
2760 4138 2924 4210 plene
2952 4136 3227 4204 conscius,
3259 4137 3341 4191 eis
3365 4137 3507 4193 dici-

1908 4235 2004 4284 tur
2019 4230 2314 4296 restitisse,
2331 4236 2501 4302 atque
2511 4227 2717 4282 dixisse
2735 4223 3249 4281 contradicentibus
3277 4224 3331 4280 ei
3354 4242 3368 4278 :
3391 4224 3509 4280 No-

1915 4318 2012 4372 lite
2033 4317 2329 4389 prohibere
2344 4317 2608 4389 quoniam
2631 4318 2825 4380 903
2842 4313 3015 4384 digna
3033 4311 3409 4383 estvirginum
3429 4312 3510 4368 lo-

300 4418 367 4472 Ut
392 4418 598 4480 veniat,
624 4415 827 4486 inquit.
850 4431 1014 4484 super
1038 4430 1128 4467 vos
1155 4415 1336 4466 omnis
1362 4414 1595 4478 sanguis
1617 4414 1828 4480 justus,
1849 4404 1900 4463 D
1917 4425 1981 4462 co
2011 4415 2181 4475 stare,
2216 4408 2481 4480 quoniam
2511 4412 2570 4461 et
2610 4404 2732 4476 ipsa
2756 4404 2914 4475 virgo
2942 4408 3053 4461 est.
3091 4400 3216 4465 Qua
3242 4401 3312 4455 de
3338 4417 3511 4458 causa

219 4509 331 4577 qui
358 4508 559 4574 effusus
586 4509 661 4559 est
691 4520 854 4574 super
888 4509 1115 4569 terram,
1148 4518 1183 4555 a
1211 4504 1486 4568 sanguine
1514 4502 1644 4555 Abel
1659 4504 1826 4570 justi,

221 4611 401 4664 usque
429 4595 503 4647 ad
529 4596 860 4661 sanguinem
878 4593 1180 4657 Zacharia,
1207 4606 1367 4660 quem
1391 4592 1662 4644 occidistis
1681 4593 1830 4645 inter

220 4685 498 4752 templum
536 4687 586 4735 et
626 4685 823 4736 altare.
854 4681 922 4735 Et
951 4681 1071 4734 haec
1101 4684 1189 4733 est
1216 4679 1383 4750 plena
1412 4695 1677 4733 mensura
1704 4695 1830 4751 pec-

218 4772 357 4826 cati.
394 4772 633 4841 Propter
669 4770 817 4841 quod
863 4768 1126 4840 possibile
1156 4784 1270 4822 non
1299 4773 1441 4834 erat,
1493 4768 1591 4838 qui
1617 4767 1826 4823 talibus

216 4860 476 4916 conclusi
486 4858 704 4914 actibus
714 4858 1127 4923 detinebantur,
1143 4862 1207 4911 ut
1221 4857 1534 4926 elfugerent
1547 4857 1827 4927 judicium

212 4950 517 5022 gehennae.
552 4947 712 5012 Quod
728 4947 970 5018 denique
989 4947 1088 5010 ait,
1114 4962 1277 5014 super
1291 4962 1399 5012 vos,
1433 4961 1546 4999 non
1578 4946 1660 4999 sic
1689 4946 1828 5000 acci-

213 5039 494 5111 piendum
522 5037 759 5103 aestimo,
792 5036 953 5107 quasi
979 5035 1130 5089 dicat
1155 5051 1327 5106 super
1353 5050 1449 5088 eos
1474 5039 1694 5089 tantum
1729 5034 1825 5105 qui

210 5127 734 5198 impraesentiarum
762 5130 943 5191 erant,
976 5141 1104 5178 cum
1154 5123 1359 5195 quibus
1402 5129 1458 5178 et
1505 5124 1573 5177 de
1619 5124 1825 5194 quibus

212 5219 391 5286 longe
414 5218 534 5286 jam
565 5215 663 5269 diu
690 5214 1047 5286 loquebatur.
1069 5212 1179 5267 Sed
1199 5229 1329 5267 cum
1357 5212 1511 5277 dicit,
1534 5229 1697 5281 super
1715 5229 1824 5278 vos,

210 5314 341 5361 tam
370 5304 540 5359 simul
571 5304 860 5374 patres,de
883 5302 1084 5375 quibus
1110 5319 1281 5374 supra
1306 5302 1544 5360 dixerat.
1570 5317 1738 5372 quam
1773 5307 1830 5356 et

214 5396 369 5452 ﬁlios
400 5402 458 5448 et
493 5410 689 5448 omnes
724 5409 919 5448 eorum
943 5392 1265 5464 complices,
1299 5408 1364 5446 ac
1391 5392 1440 5445 si
1471 5391 1529 5445 in
1561 5406 1674 5445 uno
1701 5407 1825 5445 cor-

215 5502 380 5559 pore,
412 5482 840 5554 comprehendit
880 5498 1019 5553 quos
1056 5482 1227 5536 simul
1265 5481 1445 5536 malos
1486 5497 1614 5535 mox
1653 5497 1825 5535 unam

217 5572 651 5645 generationem
680 5587 804 5626 esse
833 5570 1101 5626 ostendit.
1126 5571 1274 5627 Nam
1301 5569 1361 5624 in
1400 5574 1653 5640 tempore
1682 5568 1821 5624 Abel

1912 4496 2193 4568 principes
2222 4497 2575 4551 sacerdotum
2601 4492 2885 4559 commoti,
2901 4491 3035 4564 quia
3058 4490 3345 4546 Christum
3369 4508 3508 4564 prm-

1911 4584 2154 4651 dicabat,
2186 4586 2347 4657 quasi
2376 4582 2830 4640 manifestissime
2880 4585 3079 4635 contra
3115 4580 3301 4651 legem
3341 4596 3509 4653 agen-

1910 4679 2043 4740 tem,
2078 4674 2211 4728 etin
2240 4674 2360 4729 loco
2389 4673 2666 4744 virginum
2702 4677 2852 4726 stare
2879 4669 3279 4724 concedentem
3308 4670 3508 4725 mulie-

1912 4778 2055 4828 rem,
2090 4762 2160 4816 de
2192 4779 2306 4834 qua
2331 4762 2589 4817 Christus
2616 4765 2783 4814 natus
2808 4775 2922 4813 non
2949 4757 3283 4829 negabatur,
3295 4759 3509 4814 owide-

1909 4857 2046 4907 runt
2071 4868 2204 4906 eum
2226 4851 2378 4907 inter
2400 4851 2673 4923 templum
2703 4855 2762 4903 et
2781 4849 2979 4915 altare,
2993 4847 3097 4901 viri
3122 4848 3508 4919 generationis

1909 4942 2060 4997 illius
2103 4942 2393 5013 temporis,
2438 4941 2523 4994 vel
2567 4940 2712 4994 forte
2749 4954 2878 4993 cum
2917 4936 3120 5008 quibus
3146 4937 3503 5009 loquebatur.

1909 5029 2123 5095 Quibus
2152 5030 2234 5084 ita
2260 5030 2442 5097 dictis,
2473 5028 2834 5101 prosequitur
2860 5026 3012 5080 idem
3039 5025 3310 5097 Origenes
3340 5031 3398 5081 et
3422 5026 3508 5081 in-

1908 5119 2036 5183 fert,
2066 5119 2216 5189 quod
2244 5119 2292 5173 si
2320 5118 2645 5189 hujusmodi
2680 5116 3043 5171 traditionem
3084 5132 3199 5171 non
3245 5116 3501 5183 credunt,

1912 5207 2202 5279 exigamus
2230 5208 2300 5263 ab
2326 5209 2407 5263 eis
2436 5207 2734 5269 rationem,
2766 5205 3049 5277 quomodo
3073 5205 3236 5276 quasi
3250 5205 3397 5260 ﬁlios
3417 5223 3508 5262 eo-

1910 5315 2037 5353 rum
2069 5300 2166 5370 qui
2185 5298 2510 5353 occiderunt
2524 5296 2849 5368 prophetas,
2870 5294 3171 5367 eXprobrat
3196 5296 3225 5350 .l
3230 5311 3360 5351 esus
3376 5296 3506 5354 illos

1912 5387 2178 5442 occidisse
2188 5388 2532 5451 Zachariam,
2562 5401 2747 5457 neque
2763 5384 2836 5439 ad
2853 5390 3043 5456 patres
3063 5383 3170 5438 hoc
3193 5389 3502 5458 retorquet,

1910 5478 2009 5533 sed
2039 5478 2201 5548 quasi
2222 5477 2329 5549 ipsi
2354 5493 2484 5531 eum
2510 5475 2612 5529 ﬁlii
2640 5473 2945 5529 occiderint
2962 5474 3115 5528 inter
3139 5473 3419 5546 templum
3447 5479 3506 5529 et

1907 5567 2115 5635 altare;
2147 5567 2219 5621 ad
2259 5571 2563 5637 prasentes
2617 5564 2770 5618 enim
2822 5561 3074 5632 loquitur
3107 5562 3421 5618 Pharisaeos
3447 5567 3507 5616 et
