3872 6158
431 239 535 303 787

1182 238 1240 295 S.
1281 238 1660 305 PASCHASII
1697 239 2061 307 RADBEBTI
2096 238 2403 307 ABBATIS
2441 237 2941 297 CORBEIENSIS.

3533 241 3615 303 ’1ῑί

431 364 677 433 scribas,
706 381 881 437 quem
905 381 1005 427 vos
1356 361 1519 429 Quod
1535 361 1581 417 si
1601 376 1713 417 non
1745 360 2025 430 fecissent,
2044 359 2095 421 A
2114 359 2329 427 dendus
2359 365 2447 421 est
2470 376 2641 431 super
2651 366 2884 418 terram.
2908 364 2975 414 ut
2992 374 3085 415 eos
3102 359 3391 429 deterreret
3409 376 3440 415 a
3461 377 3619 447 propo-

426 454 628 529 ntitu
656 470 864 529 negare
892 452 1194 519 habebant,
1224 453 1373 527 quod
1400 468 1511 507 non
1540 451 1793 515 iecerint,
1818 457 1875 505 et
1897 466 2029 505 eum

429 541 728 611 infamare,
760 544 906 617 quod
949 542 1088 599 falsa
1125 542 1203 605 eis
1244 541 1527 611 objiceret.
1573 538 1732 595 Unde
1770 539 2031 595 Christus

429 632 546 689 tale
576 632 786 706 aliquid
809 634 928 698 vult
954 631 1340 696 introducere;
1370 628 1532 701 quasi
1560 628 1711 684 dicat
1742 646 1753 681 :
1789 628 1901 682 Vos
1930 629 2026 699 qui

432 722 769 793 asanguine
793 722 1195 794 prophetarum
1238 736 1338 773 vos
1382 717 1656 773 excusatis
1697 723 1754 773 et
1793 717 1975 771 dicitis
2009 736 2020 770 :

431 809 501 867 Si
519 813 815 879 fuissemus
836 812 897 864 in
917 810 1105 863 diebus
1128 813 1359 878 patrum
1391 813 1731 873 nostrorum,
1764 823 1873 860 non
1901 824 2028 860 esse-

430 914 559 954 mus
577 901 712 955 socii
729 900 992 953 συναπιῑή
1012 899 1285 964 sanguine
1288 897 1708 965 prophetarum,
1726 901 1782 950 et
1792 895 2026 950 aediﬁca-

429 986 506 1041 tis
534 985 791 1059 sepulcra
817 1002 1034 1050 eorum,
1065 1002 1167 1057 per
1204 985 1309 1039 hoc
1352 984 1484 1057 quia
1530 986 1651 1041 ausi
1692 985 1824 1039 estis
1854 984 2025 1039 istum

428 1074 702 1139 occidere,
729 1074 1118 1133 testimonium
1148 1073 1383 1129 redditis
1413 1073 1587 1139 vobis,
1622 1073 1772 1145 quod
1800 1073 2027 1128 homici-

426 1162 633 1219 darum
659 1170 885 1235 patrum
916 1168 1227 1219 vestrorum
1256 1163 1357 1218 ﬁlii
1383 1163 1540 1229 estis,
1572 1169 1630 1218 et
1654 1163 1778 1217 ideo
1808 1179 2029 1218 mensu-

425 1268 551 1311 ram
584 1269 780 1309 eorum
808 1253 867 1309 in
896 1252 1156 1309 omnibus
1193 1253 1531 1324 adimpletis.
1560 1252 1719 1318 Quod
1747 1252 1794 1307 si
1825 1252 2025 1323 aliquis

427 1340 677 1412 obiiciat,
729 1358 903 1413 quare
950 1358 1063 1396 non
1103 1342 1307 1396 dixerit
1351 1359 1524 1412 usque
1570 1341 1639 1397 ad
1690 1342 2024 1411 sanguinem

424 1429 701 1486 Joannis?
722 1418 853 1503 quia
890 1431 1162 1486 Joannem
1192 1430 1273 1486 illi
1303 1447 1416 1486 non
1444 1430 1784 1495 occiderunt,
1816 1430 1910 1484 sed
1931 1447 2035 1489 us:

427 1535 539 1591 que
578 1518 649 1574 ad
678 1519 1011 1589 sanguinem
1040 1519 1339 1586 Zachariae,
1371 1520 1430 1575 in
1471 1536 1582 1591 quo
1611 1519 1739 1574 ﬁnis
1772 1519 1875 1574 fuit
1904 1535 2027 1573 om-

427 1606 588 1662 nium
608 1607 1006 1683 prophetarum
1029 1614 1084 1662 et
1115 1608 1274 1677 legis,
1292 1609 1435 1663 sicut
1456 1608 1525 1663 ad
1547 1609 1840 1663 Joannem.
1871 1608 2027 1662 Alias

427 1700 643 1761 autem,
668 1696 802 1769 quid
831 1712 1011 1755 causae
1041 1698 1270 1763 exstitit,
1305 1705 1368 1753 ut
1404 1697 1506 1752 bos
1534 1697 1674 1751 duos
1715 1696 1966 1767 eligeret,
1994 1713 2029 1751 a

2110 449 2237 515 sito,
2268 449 2363 503 sed
2396 449 2492 519 qui
2521 450 2730 503 ell‘usus
2754 459 2857 504 est.
2894 450 3157 522 Sequitur
3182 467 3194 502 :

2179 541 2216 594 Α
2232 556 2355 593 men
2384 542 2501 592 dico
2532 542 2694 599 vobis,
2720 542 2936 593 venient
2957 541 3063 595 hac
3078 542 3261 599 omnia
3278 556 3426 610 super
3447 557 3625 610 genera-

2111 632 2313 683 tionem
2334 632 2516 681 istam.
2542 628 2794 683 Diximus
2804 630 2926 699 jam
2946 646 3135 700 supra,
3156 630 3627 701 generationesduas

2108 735 2229 773 esse
2254 718 2311 773 in
2340 718 2647 790 Scripturis
2665 717 2887 781 divinis,
2906 719 3179 774 malorum
3202 718 3395 772 scilicet
3419 726 3469 772 et
3491 719 3626 776 bono-

2108 824 2229 862 rum
2256 808 2457 862 borum
2479 824 2490 858 :
2512 806 2581 860 de
2611 824 2721 879 qua
2736 807 2941 863 dicitur
3006 809 3126 862 Haec
3154 814 3225 862 cst
3250 810 3498 875 generatio
3516 826 3629 878 qua-

2110 899 2357 950 rentium
2398 897 2715 961 Dominum,
2760 899 3127 968 querentium
3166 898 3354 965 faciem
3391 898 3476 952 Dei
3507 900 3631 951 λειεώ

2112 987 2274 1051 (Psal.
2311 999 2466 1049 χχιιι,
2502 984 2577 1054 6).
2615 985 2679 1039 Et
2708 984 2765 1040 in
2791 986 2901 1043 alio
2938 986 3161 1041 Psalmo
3189 986 3258 1041 de
3284 984 3513 1040 omnibus
3534 1002 3633 1040 san-

2110 1074 2212 1128 ctis
2248 1093 2259 1128 :
2290 1075 2576 1131 Generatio
2604 1080 2874 1128 rectorum
2906 1076 3249 1129 benedicetur
3273 1078 3425 1145 (Psal.
3457 1073 3633 1144 (31,2);

2109 1163 2188 1216 sic
2214 1169 2271 1216 et
2296 1163 2352 1218 in
2383 1162 2811 1236 quamplurimis
2848 1164 3001 1219 locis.
3043 1164 3122 1218 De
3172 1164 3327 1218 malis
3373 1181 3501 1229 vero,
3531 1166 3637 1226 etin

2109 1252 2370 1323 praesenti
2400 1253 2538 1311 loco.
2567 1252 2859 1322 generatio
2890 1253 3228 1325 viperarum.
3250 1254 3316 1308 Et
3343 1255 3638 1324 requirentur

2108 1342 2223 1397 haec
2250 1341 2438 1394 omnia
2465 1359 2500 1395 a
2531 1342 2893 1411 generatione
2924 1343 3049 1396 ista.
3090 1344 3158 1397 Et
3187 1343 3245 1399 in
3277 1344 3504 1401 Ezechiel
3524 1349 3637 1413 (cap.

2108 1446 2215 1493 xxv,
2262 1429 2342 1492 14,
2376 1429 2484 1497 2οη
2527 1447 2652 1484 cum
2702 1438 2930 1502 peccata
2974 1436 3141 1487 terra;
3191 1432 3558 1503 descripsisset,
3598 1433 3642 1489 Si

2110 1522 2248 1581 Noe,
2283 1525 2340 1573 et
2367 1519 2488 1585 Job,
2525 1526 2581 1574 et
2610 1520 2826 1582 Daniel,
2872 1520 3078 1592 inquit,
3111 1521 3189 1575 ibi
3229 1521 3426 1579 fuerint
3460 1523 3640 1585 inventi,

2110 1625 2220 1661 non
2253 1608 2612 1662 dimittentur
2640 1616 2862 1682 peccata
2890 1615 3054 1665 terra;
3084 1610 3234 1665 illius
3259 1628 3271 1675 ;
3312 1627 3488 1665 omnes
3503 1612 3643 1680 justos

2109 1698 2299 1750 volens
2345 1696 2580 1767 intelligi
2629 1714 2727 1767 per
2773 1697 2874 1751 hos
2918 1704 3055 1760 tres,
3110 1698 3205 1770 qui
3248 1699 3447 1753 similes
3483 1699 3643 1753 fuerint

428 1799 541 1858 quo
573 1790 631 1839 et
658 1784 727 1839 ad
759 1801 923 1855 quem
954 1802 1131 1858 usque
1153 1786 1401 1841 omnium
1418 1792 1741 1841 sanctorum
1774 1785 2021 1855 sanguis,
2047 1760 2409 1840 Bvirtutibus
2455 1802 2671 1839 eorum.
2727 1786 2817 1839 Sic
2860 1793 2915 1840 et
2970 1786 3084 1851 isti,
3141 1786 3235 1858 qui
3283 1787 3475 1845 similia
3521 1788 3641 1853 Cain,

427 1872 529 1946 qui
553 1872 763 1930 ellusus
790 1879 894 1935 est.
919 1874 1224 1946 exigendus
1260 1876 1443 1930 esset?
1480 1875 1603 1932 Nisi
1634 1875 1767 1945 quia
1800 1875 1859 1931 in
1885 1874 2027 1929 Abel

424 1962 741 2033 persecutio
768 1963 991 2019 initium
1023 1962 1281 2037 sumpsit,
1313 1970 1369 2019 et
1393 1964 1462 2019 de
1484 1963 1767 2019 veteribus
1796 1964 2023 2028 sanctis,

426 2050 524 2127 qui
551 2051 721 2108 occisi
750 2058 883 2109 sunt
910 2058 1040 2111 ante
1066 2054 1384 2124 passionem
1405 2052 1611 2108 Christi
1641 2053 1812 2119 (sicut
1840 2052 2030 2123 praefa-

425 2144 521 2195 tus
551 2135 636 2202 vix-
658 2141 849 2212 tradit)
888 2140 978 2197 hic
1005 2141 1236 2199 ultimus
1267 2141 1386 2197 fuit.
1419 2142 1631 2199 Tamen
1671 2141 2027 2198 beatissimus

427 2234 823 2306 Hieronymus.
845 2229 990 2285 sicut
1005 2230 1062 2285 in
1077 2230 1480 2286 commentario
1494 2232 1615 2301 ejus
1640 2231 1861 2302 legitur,
1879 2232 2027 2286 hunc

426 2325 753 2383 Zachariam
783 2322 959 2379 ﬁlium
988 2321 1199 2377 Joiadm
1231 2322 1535 2377 sacerdotis
1563 2322 1733 2377 fuisse
1758 2322 2023 2389 afﬁrmat,

429 2429 469 2467 a
492 2414 624 2471 Joas
651 2427 784 2481 rege
806 2416 1179 2483 peremptum,
1208 2410 1339 2489 licet
1365 2410 1513 2465 idem
1538 2410 1813 2481 Origenes
1843 2412 1912 2467 de
1934 2428 2028 2466 no-

428 2501 585 2571 mine
598 2500 762 2572 longe
792 2500 956 2559 aliter
974 2499 1141 2557 dicat.
1166 2499 1370 2563 Unum,
1393 2498 1595 2570 inquit,
1632 2499 1869 2572 legimus
1886 2503 2026 2557 Aza-

427 2591 571 2649 riam
606 2589 937 2667 lapidatum,
970 2588 1150 2645 ﬁlium
1179 2588 1389 2645 Joiadae
1418 2589 1743 2657 sacerdotis,
1777 2606 1843 2643 eo
1879 2590 2027 2663 quod

427 2685 694 2755 argueret
717 2678 1002 2755 populum.
1030 2678 1140 2733 Sed
1159 2677 1253 2735 ille
1285 2683 1343 2733 et
1370 2694 1435 2734 ex
1450 2678 1696 2743 nomine,
1732 2683 1788 2734 et
1814 2695 1879 2734 ex
1910 2679 2029 2734 loco

428 2785 544 2841 quo
586 2767 799 2835 occisus
847 2771 934 2823 est
980 2765 1181 2840 probat
1226 2782 1354 2822 eum
1383 2765 1555 2823 fuisse
1584 2766 1944 2835 Zachariam;
1974 2773 2032 2822 et

429 2856 579 2930 quod
608 2858 741 2917 Joas
768 2855 913 2929 patri
942 2856 1065 2927 ejus
1089 2854 1400 2913 reddiderit
1428 2855 1578 2913 mala
1607 2872 1709 2927 pro
1737 2854 1919 2911 bonis.
1963 2857 2034 2915 Et

427 2947 558 3007 ideo
587 2946 784 3003 dicunt
812 2944 958 3019 quod
996 2943 1097 3003 hos
1123 2944 1265 3001 duos
1303 2944 1571 3017 posuerit,
1608 2950 1673 3001 ut
1699 2945 2030 3016 magnitudo

2110 1882 2209 1929 aut
2259 1876 2388 1929 Joas
2414 1919 2426 1939 ,
2496 1881 2595 1928 aut
2650 1874 2878 1929 cuilibet
2934 1883 3356 1947 persecutorum
3408 1882 3645 1949 gesserunt

2110 1970 2304 2018 contra
2340 1964 2640 2036 apostolos,
2698 1969 2798 2018 aut
2835 1972 3031 2022 contra
3060 1982 3419 2040 quoscunque
3456 1971 3644 2031 sanctos,

2111 2069 2225 2106 una
2271 2053 2561 2123 generatio
2608 2053 2774 2107 simul
2815 2053 3159 2110 referuntur.
3209 2054 3341 2120 Quae
3395 2055 3553 2108 omnis
3580 2071 3648 2124 ge-

2111 2142 2329 2196 neratio
2359 2158 2487 2195 cum
2526 2141 2756 2196 collecta
2783 2141 2954 2196 fuerit
2998 2142 3055 2196 in
3086 2145 3221 2208 ﬁne,
3266 2144 3478 2199 venient
3501 2147 3648 2211 965

2110 2248 2278 2302 super
2302 2248 2426 2285 eam
2472 2231 2721 2303 profecto
2762 2231 2878 2286 haec
2908 2231 3097 2285 omnia
3129 2249 3255 2305 quae
3284 2241 3567 2306 gesserunt.
3591 2232 3648 2285 Si-

2110 2327 2206 2376 cut
2232 2337 2261 2373 e
2293 2320 2573 2375 contrario
2606 2336 2672 2372 ea
2701 2318 2865 2387 bona,
2900 2337 3022 2394 quae
3052 2338 3158 2392 per
3198 2321 3440 2393 singulas
3462 2335 3649 2391 genera-

2111 2409 2290 2462 tiones
2316 2424 2350 2462 a
2378 2408 2777 2462 constitutione
2805 2408 3019 2475 mundi,
3050 2426 3251 2469 omnes
3289 2410 3457 2464 sancti
3483 2409 3647 2481 operati

2110 2504 2260 2561 sunt,
2280 2497 2579 2552 novissime
2598 2504 2730 2554 sunt
2746 2498 3047 2571 recepturi,
3072 2499 3173 2571 qui
3192 2505 3508 2571 receperunt
3532 2497 3650 2551 Chri-

2112 2594 2284 2643 stum.
2306 2588 2502 2657 Itaque
2532 2587 2722 2641 omnia
2749 2588 2915 2650 mala,
2932 2604 3055 2659 quae
3074 2605 3179 2660 per
3205 2589 3449 2661 singulas
3471 2602 3653 2659 genere

2112 2676 2292 2729 tiones
2306 2676 2749 2733 aconstitutione
2764 2676 2956 2732 mundi
2971 2672 3374 2735 contraxerunt
3392 2676 3486 2730 sibi
3504 2690 3655 2731 omnes

2113 2764 2288 2834 iniqui
2320 2771 2377 2818 et
2404 2770 2723 2819 sanctorum
2755 2764 3169 2822 interfectores.
3199 2784 3368 2839 super
3386 2765 3656 2821 novissimos

2112 2853 2331 2908 Iudaeos
2356 2860 2659 2921 venerunt;
2695 2854 2791 2927 qui
2823 2871 2934 2911 non
2965 2855 3151 2910 solum
3183 2856 3461 2915 Christum
3488 2852 3657 2925 repule-

2114 2949 2247 2997 runt
2270 2949 2326 2997 et
2357 2950 2598 3001 sanctos,
2622 2960 2814 2998 verum
2845 2948 2902 2999 et
2932 2943 3357 3003 interfecerunt.
3385 2943 3516 3009 Quia
3548 2941 3657 2994 sicut

428 3036 638 3109 piaculi
661 3035 1161 3105 demonstraretur,
1204 3037 1258 3088 et
1295 3038 1681 3109 coaequaretur
1706 3034 2032 3093 immanitas
2054 3040 2098 3098 C
2120 3049 2407 3102 nunquam
2429 3038 2590 3089 tanta
2606 3032 2789 3105 gratia
2820 3032 2918 3086 Dei
2938 3032 3149 3087 donata
3188 3040 3275 3093 est
3297 3032 3492 3093 sanctis
3519 3029 3658 3088 homi-

429 3124 677 3187 sceleris.

505 3218 697 3285 m
743 3211 891 3277 Quia
937 3211 1076 3269 Cain
1124 3210 1328 3269 occidit
1365 3211 1594 3269 fratrem
1639 3228 1825 3279 suum,
1876 3213 2032 3270 nulla

432 3302 706 3367 existente
736 3318 922 3370 causa,
955 3306 1013 3357 et
1040 3301 1188 3364 Joas,
1219 3300 1565 3361 Zachariam,
1616 3301 1790 3359 ﬁlium
1823 3302 2031 3359 Joiadae

434 3391 761 3459 sacerdotis,
794 3391 891 3463 qui
916 3389 1199 3447 nutrierat
1217 3406 1368 3453 eum,
1395 3397 1453 3445 et
1481 3390 1768 3463 eripuerat
1790 3391 1858 3446 de
1888 3408 2034 3449 mor-

432 3485 512 3550 te,
546 3497 649 3543 nec
676 3480 877 3541 nonin
914 3479 1126 3551 templo
1170 3486 1382 3551 septem
1424 3479 1587 3537 annis
1639 3479 2033 3547 occultaverat,

434 3585 564 3643 cum
592 3570 1005 3629 interﬁceretur
1033 3584 1197 3625 omne
1246 3585 1438 3629 semen
1468 3568 1705 3640 regium,
1743 3586 1807 3627 ac
1835 3569 2036 3628 deinde

431 3664 631 3731 postea
660 3674 788 3719 eum
814 3658 870 3711 in
896 3674 1069 3733 regno
1094 3658 1405 3723 constituit,
1436 3663 1493 3717 et
1520 3657 1764 3713 instituit
1790 3658 1925 3716 dum
1951 3659 2033 3713 vi-

434 3749 537 3813 xit.
551 3749 627 3809 At
654 3747 982 3817 ille,horum
1008 3748 1261 3809 omnium
1293 3747 1689 3804 beneﬁciorum
1722 3746 1946 3813 oblitus,
1974 3748 2036 3804 ﬁ~

433 3838 575 3899 lium
620 3838 743 3913 ejus
805 3836 953 3913 quod
990 3835 1279 3895 scelestius
1310 3842 1411 3901 est)
1456 3835 1563 3891 sibi
1609 3835 2031 3903 collactaneum,

436 3926 641 3987 occidit
676 3926 825 3997 inter
851 3926 1127 4002 templum
1165 3930 1222 3983 et
1260 3925 1458 3991 altare,
1491 3924 1546 3978 id
1578 3932 1682 3989 est,
1713 3932 1777 3981 ut
1806 3927 2033 3996 quidam

435 4016 651 4080 volunt,
679 4015 828 4075 inter
856 4014 1127 4086 parietem
1159 4013 1355 4086 templi
1400 4018 1457 4067 et
1503 4013 1679 4069 altare
1710 4015 1939 4078 incensi,
1972 4020 2037 4073 ut

437 4103 730 4163 scelestius
752 4103 881 4162 facti
913 4118 1082 4159 causa
1102 4106 1462 4159 monstretur.
1487 4100 1595 4157 Sed
1621 4119 1719 4157 nos
1740 4121 2035 4179 possumus

438 4192 589 4255 inter
616 4191 888 4265 templum
910 4197 968 4249 et
994 4190 1171 4249 altare
1189 4189 1373 4247 dicere
1403 4206 1532 4245 eum
1563 4192 1825 4255 occisum,
1861 4200 1924 4251 ut
1943 4210 2036 4267 ge-

438 4296 550 4343 nus
586 4285 671 4339 est
718 4278 1035 4343 locutionis,
1067 4279 1217 4345 inter
1265 4279 1582 4337 sacerdotes
1621 4287 1677 4339 et
1707 4281 1942 4353 plebem,
1976 4282 2031 4337 in

441 4367 646 4440 quibus
665 4367 847 4425 omnis
867 4383 1091 4427 summa
1109 4366 1416 4437 colligitur;
1438 4367 1743 4425 referentes
1762 4372 2036 4445 templum

440 4456 513 4519 ad
554 4456 839 4531 populum,
865 4455 1042 4515 altare
1076 4471 1206 4513 vero
1244 4454 1311 4515 ad
1348 4456 1683 4517 sacerdotes,
1718 4456 1866 4513 inter
1899 4476 2037 4530 quos

442 4543 613 4609 etiam
643 4543 874 4615 sanguis
896 4543 1292 4619 prophetarum
1308 4544 1515 4603 effusus
1538 4550 1622 4601 est
1643 4544 1909 4623 reliquus.
1927 4547 2036 4605 Alii

438 4648 572 4697 vero
587 4632 737 4693 inter
755 4633 946 4707 ruinas
966 4631 1161 4705 templi
1180 4639 1235 4690 et
1263 4633 1459 4698 altare,
1483 4634 1725 4695 exterius
1745 4636 1893 4707 quod
1915 4641 2038 4692 erat

439 4720 774 4787 hostiarum.
819 4722 888 4793 Et
932 4720 1056 4785 ideo
1087 4722 1191 4785 hoc
1237 4722 1443 4783 factum
1488 4723 1700 4795 dicunt,
1734 4725 1866 4801 quia
1909 4742 2034 4780 cum

440 4816 592 4881 esset
619 4809 893 4887 propheta
913 4811 1032 4877 Dei,
1056 4828 1244 4889 regem
1265 4818 1322 4869 et
1350 4814 1617 4891 populum
1648 4830 1759 4873 non
1783 4814 2037 4871 cessabat

441 4916 683 4977 arguere,
707 4916 773 4961 eo
807 4900 955 4975 quod
984 4899 1349 4963 obmitterent
1374 4902 1552 4973 legem
1585 4908 1642 4965 et
1676 4902 2035 4963 immolarent

442 4988 577 5055 diis.
617 4988 695 5053 Ex
724 4987 926 5064 quibus
956 4989 1214 5057 omnibus
1244 4991 1527 5060 colligitur
1567 4991 1781 5067 grande
1819 4991 2035 5053 facinus

441 5078 503 5132 in
534 5078 789 5155 utrisque
832 5093 973 5151 quos
1018 5079 1309 5153 proposuit
1350 5081 1621 5146 Salvator,
1653 5081 2031 5139 commissum.

441 5165 850 5235 Verumtamen
882 5165 1013 5241 quid
1035 5165 1233 5231 horum
1266 5168 1451 5229 verius
1472 5169 1562 5235 sit,
1582 5170 1769 5227 videat
1789 5170 2035 5247 prudens

440 5252 759 5329 lector.Egp
772 5260 961 5317 autem
974 5270 1326 5331 nequaquam
1345 5257 1579 5321 dixerim
1603 5260 1751 5330 quod
1776 5259 1876 5315 hos
1896 5259 2036 5315 duos

443 5342 700 5421 salvath
723 5342 1089 5413 assumpserit
1114 5342 1234 5407 sine
1258 5359 1429 5411 causa
1452 5364 1464 5406 ;
1495 5362 1529 5403 a
1549 5363 1657 5423 quo
1683 5353 1740 5405 et
1769 5348 1839 5409 ad
1869 5364 2035 5423 quem

441 5445 623 5511 usque
649 5432 880 5511 sanguis
899 5437 1222 5503 sanctorum
1251 5433 1619 5507 requirendus
1647 5436 1739 5503 sit,
1774 5437 1868 5511 qui
1898 5438 2035 5499 etfu-

442 5534 540 5603 ‘lﬁ
567 5525 656 5602 ςςξ
680 5534 853 5602 esset
875 5525 1105 5597 terram.
1137 5521 1208 5591 Et
1236 5536 1593 5599 nequaquam
1615 5523 1754 5593 dixit
1780 5526 1877 5605 qui
1904 5525 2035 5587 fun-

2114 3120 2296 3181 nibus,
2326 3120 2506 3193 qualis
2518 3128 2575 3173 et
2594 3128 2803 3193 quanta
2825 3121 2884 3174 in
2908 3120 3161 3177 Christo:
3188 3122 3268 3177 ita
3288 3116 3661 3193 nunquamtalis

2114 3216 2170 3265 et
2195 3215 2385 3265 tantus
2416 3209 2696 3275 interitus,
2744 3210 2926 3281 qualis
2965 3216 3020 3263 et
3066 3218 3315 3285 quantus
3352 3211 3493 3266 venit
3532 3221 3663 3281 super

2116 3298 2349 3352 miseros
2385 3299 2625 3361 Judaaos,
2676 3300 2771 3371 qui
2815 3306 2871 3353 et
2909 3299 3198 3353 Christum
3241 3302 3589 3373 peremerunt,
3623 3298 3663 3346 et

2117 3394 2337 3443 sanctos
2365 3392 2497 3441 sunt
2542 3387 2817 3461 persecuti
2849 3386 2967 3441 sine
3000 3388 3118 3441 ulla
3149 3389 3334 3442 cordis
3364 3383 3661 3463 poenitentia.

2116 3478 2184 3530 Et
2210 3477 2324 3535 haec
2349 3483 2505 3531 extra
2533 3476 2631 3529 illa
2663 3475 2851 3533 omnia
2874 3476 3017 3537 dico,
3048 3494 3173 3549 quae
3205 3477 3356 3551 passi
3384 3482 3506 3530 sunt
3532 3490 3559 3526 a
3580 3472 3664 3525 Ro-

2116 3566 2316 3630 manis,
2360 3572 2416 3620 et
2464 3566 2755 3637 patiuntur
2785 3566 3034 3637 quotidie
3076 3564 3307 3641 captivi.
3349 3567 3662 3637 Nequaquam

2118 3654 2293 3725 igitur
2323 3654 2464 3717 dico,
2499 3654 2645 3726 quod
2668 3654 2919 3708 omnium
2945 3655 3381 3729 praecedentium
3413 3652 3664 3727 impiorum

2119 3750 2340 3814 peccata
2368 3744 2591 3797 venient
2616 3734 2785 3814 super
2813 3760 2907 3799 eos
2935 3744 3031 3814 qui
3060 3752 3197 3802 tunc
3222 3746 3511 3802 affuerunt.
3536 3746 3584 3794 et
3604 3738 3664 3789 τε·

2118 3839 2316 3888 cerunt
2345 3849 2467 3905 qum
2495 3840 2823 3887 narrantur.
2865 3834 2961 3888 sed
2993 3833 3255 3900 dicimus,
3290 3833 3431 3887 sicut
3457 3827 3665 3883 omnium

2120 3929 2437 3976 sanctorum
2452 3922 2709 3991 justitiae,
2726 3938 2836 3979 non
2857 3928 3017 3979 tanta
3037 3918 3581 3993 merueruntpietatis
3593 3914 3666 3969 Dei

2119 4010 2283 4071 bona.
2316 4020 2526 4081 quanta
2555 4011 2763 4067 donata
2791 4019 2923 4067 sunt
2951 4028 3051 4082 per
3079 4012 3371 4068 Christum
3404 4030 3414 4063 :
3446 4009 3517 4063 sic
3542 4012 3669 4058 etsu-

2115 4100 2445 4170 perJudeeos
2476 4101 2571 4173 qui
2601 4100 2999 4159 cruciﬁxerunt
3018 4100 3328 4165 Christum,
3354 4107 3408 4157 et
3435 4090 3667 4172 persecuti

2114 4195 2249 4245 sunt
2277 4189 2576 4263 discipulos
2604 4191 2743 4259 ejus,
2779 4195 3000 4245 tantum
3025 4191 3269 4244 accrevit
3291 4189 3511 4250 nulum.
3532 4196 3669 4259 quan-

2117 4285 2237 4333 tum
2254 4279 2390 4333 nulli
2408 4280 2501 4333 alii
2524 4279 2877 4349 pentulerunt
2902 4280 3356 4349 prius.Attamen
3385 4275 3551 4331 omnis
3572 4286 3669 4324 san-

2117 4369 2263 4441 guis,
2298 4374 2354 4421 et
2382 4368 2571 4425 omnia
2594 4384 2715 4439 quae
2744 4374 3059 4439 gesserunt,
3092 4368 3319 4425 venient
3355 4382 3514 4437 super
3537 4375 3668 4434 gene-

2120 4458 2395 4511 rationem
2430 4458 2613 4522 istam,
2649 4462 2711 4512 ut
2732 4473 2927 4511 omnes
2949 4456 3117 4513 simul
3146 4458 3201 4515 in
3234 4446 3667 4513 communesusti-

2120 4553 2291 4600 neant
2313 4551 2369 4601 et
2390 4546 2665 4614 recipiant
2679 4546 2884 4617 singuli
2906 4562 3037 4601 suas
3061 4552 3249 4617 partes
3271 4562 3408 4619 quas
3423 4550 3666 4598 contraxe-

2120 4642 2277 4703 runt;
2314 4652 2551 4707 quorum
2582 4635 2816 4695 malitia.
2846 4635 2979 4705 quia
2994 4635 3154 4693 unita
3181 4634 3252 4689 ab
3280 4634 3439 4697 initio
3453 4622 3669 4700 usquead

2120 4726 2286 4781 ﬁnem
2318 4724 2442 4780 fuit.
2471 4725 2686 4794 justum
2728 4729 2813 4781 est
2852 4730 2916 4783 ut
2958 4729 3016 4777 et
3055 4740 3220 4795 poena
3268 4739 3382 4785 una
3422 4721 3504 4784 sit,
3540 4732 3594 4773 ac
3632 4710 3667 4767 si

2117 4814 2286 4873 unius
2316 4813 2580 4889 corporis.
2622 4813 2885 4884 Alioquin
2932 4813 3083 4887 legat
3120 4813 3367 4885 prudens
3412 4811 3569 4869 lector
3591 4802 3667 4856 Jo-

2118 4904 2372 4975 sephum,
2407 4911 2464 4965 et
2503 4902 2687 4959 videat
2728 4902 3254 4975 impraesentiarum.
3297 4904 3499 4975 quanta
3532 4905 3666 4955 vene-

2118 4997 2252 5046 runt
2274 5007 2443 5062 super
2468 4992 2707 5053 Judteos.
2741 4997 2805 5051 ut
2824 4989 3134 5060 corporalia
3154 4992 3491 5065 paterentur,
3514 4977 3668 5055 qualia

2118 5080 2267 5152 passi
2298 5086 2431 5139 sunt
2457 5096 2491 5134 a
2520 5080 2814 5145 Romanis;
2858 5078 2937 5139 ita
2974 5078 3182 5148 repulsi
3210 5094 3243 5130 a
3272 5078 3404 5139 Deo.
3439 5080 3498 5133 ut
3519 5069 3667 5129 adhuc

2119 5168 2283 5225 hodie
2305 5169 2610 5229 ludibrium
2625 5169 2738 5229 sint
2751 5167 3024 5227 universis
3032 5158 3293 5238 gentibus
3327 5165 3463 5229 Tum
3475 5162 3665 5215 demum

2118 5259 2326 5331 poterit
2346 5259 2687 5329 perpendere
2714 5262 2924 5329 quanta
2948 5257 3203 5337 etqualia
3222 5247 3612 5329 restantimpiis
3624 5248 3668 5337 et

2119 5348 2422 5413 sceleratis,
2448 5364 2571 5406 cum
2596 5347 2745 5403 Deus
2765 5331 3215 5417 omniajudicare
3232 5350 3290 5404 et
3316 5338 3539 5419 singulis
3560 5331 3664 5393 red-

2118 5437 2251 5499 dere
2280 5453 2382 5495 sua
2415 5436 2614 5499 veniet.

2170 5526 3027 5605 Hz'erusalem,ﬂ¢'erusalcm,qu&
3041 5525 3236 5587 occidi:
3248 5520 3529 5608 prophetas
3544 5511 3663 5575 θαα-
3744 5524 3750 5531 '
