3872 6158
446 345 547 405 79l

1242 339 1299 393 S.
1342 335 1720 391 PASCHASII
1758 329 2121 389 RADBERTI
2158 329 2462 385 ABBATIS
2500 329 2993 386 CORBEIENSIS.

3568 335 3653 391 79'}

446 472 609 539 Quod
637 486 774 528 sane
805 484 945 542 opus
976 465 1269 540 proprium
1300 460 1508 517 Christi
1539 465 1646 523 est,
1674 474 2037 531 congregare,
2057 459 2108 518 A
2127 458 2306 522 babat,
2339 456 2425 511 vel
2454 457 2798 525 conferebat;
2825 461 2890 510 ut
2918 456 3235 511 ostenderet
3263 456 3401 528 quod
3424 474 3483 542 ex
3520 460 3653 530 aquis

446 566 506 619 et
534 560 605 617 ad
614 560 721 616 hoc
730 563 880 616 venit
904 559 1082 613 Fitius
1096 555 1340 609 hominis
1358 566 1601 619 quaerere
1615 550 1761 617 quod
1774 551 2037 617 perierat,

448 658 500 707 et
529 654 736 706 salvere
766 650 915 717 (Luc.
949 661 1059 708 xxx,
1092 641 1200 710 10).
1234 642 1303 696 Et
1329 638 1639 693 notandum
1674 638 1821 709 quod
1855 637 1914 691 in
1946 653 2043 690 su-

446 740 657 813 periori
675 753 898 809 semper
916 741 1167 804 tempore
1195 731 1314 801 ipse
1333 728 1483 783 idem
1512 727 1639 792 fuit,
1663 727 1758 798 qui
1779 742 1876 780 eos
1907 742 2041 779 con-

444 845 682 901 gregare
700 826 890 886 voluit,
915 829 973 877 et
994 838 1106 876 non
1134 820 1277 873 alter
1306 817 1402 889 qui
1431 823 1564 870 tunc
1593 815 2041 887 quotiescunque

445 916 639 980 voluit,
661 920 719 969 et
745 914 890 967 alter
912 911 1008 982 qui
1032 925 1200 964 nunc.
1216 906 1377 962 Unde
1406 921 1519 960 non
1548 904 1697 959 Deus
1728 921 1921 958 recens
1935 909 2039 969 est,

445 1020 628 1074 neque
655 1003 892 1060 alienus.
925 998 1191 1070 quoniam
1222 995 1318 1067 qui
1356 999 1491 1049 tunc
1519 993 1714 1057 voluit,
1747 992 1897 1046 idem
1934 992 2041 1047 fuit

442 1093 565 1164 ipse
585 1091 683 1162 qui
717 1088 889 1143 venit.
916 1080 985 1142 Et
1001 1103 1114 1141 non
1134 1083 1337 1139 alicubi
1363 1099 1532 1154 quam
1564 1081 1656 1135 ubi
1680 1086 1820 1139 erat.
1846 1087 1903 1135 et
1928 1097 2041 1135 non

443 1182 589 1235 alter
615 1195 787 1251 quam
818 1176 914 1250 qui
951 1191 1174 1245 semper
1204 1178 1343 1226 erat.
1378 1170 1492 1225 Etsi
1523 1169 1806 1224 hominem
1828 1187 2044 1224 assum-

440 1269 557 1342 psit
583 1269 642 1323 in
681 1268 881 1332 Deum,
913 1278 1212 1336 personam
1241 1277 1352 1315 non
1379 1260 1632 1325 mutavit,
1667 1259 1801 1330 quia
1828 1259 2042 1313 incom-

442 1356 731 1413 mutabilis
760 1360 866 1419 est,
884 1369 1067 1424 neque
1096 1348 1401 1420 assumpsit
1428 1349 1871 1419 altoram,quam
1901 1364 2043 1402 sem-

442 1463 547 1519 per
563 1444 781 1510 habuit,
800 1448 865 1498 ut
887 1442 1115 1513 quidam
1129 1456 1311 1510 nuper
1329 1438 1475 1492 male
1495 1438 1689 1501 sensit,
1716 1438 1863 1508 quod
1893 1442 2042 1492 esset

442 1537 614 1590 homo
645 1530 1055 1603 nuncupativus
1078 1530 1195 1584 Deo
1224 1528 1283 1581 in
1323 1526 1565 1590 Christo,
1600 1526 1687 1581 vel
1724 1526 2035 1597 adoptivus,

444 1630 500 1679 et
528 1639 693 1677 verus
715 1621 884 1685 Deus,
907 1618 1010 1674 Dei
1028 1616 1291 1672 Verbum.
1317 1617 1405 1671 Ita
1423 1614 1693 1686 insipiens
1713 1619 1778 1670 ut
1792 1615 1933 1669 duos
1952 1615 2042 1669 in-

444 1712 765 1767 troduceret
778 1709 931 1773 deos,
947 1708 1199 1778 duosque
1222 1705 1324 1761 Dei
1343 1704 1507 1768 filios,
1525 1721 1700 1758 unum
1723 1704 2034 1775 proprium,

2124 562 2226 599 suo
2242 545 2427 599 calore
2445 552 2503 599 et
2520 545 3187 623 sanctificationemovum
3208 540 3478 601 crearetur
3492 564 3656 617 genus,

2127 634 2274 706 quod
2297 634 2428 705 quia
2456 634 2549 688 isti
2576 651 2675 689 nec
2703 635 3011 701 Christum,
3042 652 3143 689 nec
3166 635 3423 706 Spiritum
3444 642 3659 691 sanctum

2124 724 2423 777 voluerunt
2437 723 2814 794 recipere,ait:
2846 724 2976 778 Ecce
2998 725 3347 793 relinquetur
3356 725 3488 777 vobis
3501 726 3661 779 damus

2124 818 2304 866 vestra
2340 814 2569 869 deserta.
2587 814 2667 866 Ac
2686 812 2731 867 si
2752 812 2964 867 diceret
2989 837 3001 873 :
3033 813 3176 878 Quia
3203 813 3453 868 noluistis
3469 829 3661 884 congre-

2123 901 2246 971 gari
2276 900 2379 955 sub
2408 901 2513 955 alis
2543 901 2704 956 meis.
2738 903 2806 957 Et
2836 903 3146 957 notandum
3176 902 3325 974 quod
3365 902 3455 969 ait,
3497 909 3661 965 vestra.

2122 1006 2243 1061 quae
2256 990 2520 1045 nimirum
2553 991 2754 1045 domus
2783 992 2937 1063 prius
2957 992 3059 1046 Dei
3079 992 3280 1057 fuerat,
3297 993 3664 1062 nuncjammon

2122 1095 2267 1142 mea,
2286 1096 2468 1150 neque
2493 1080 2678 1134 Patris
2699 1081 2828 1144 mei,
2847 1081 2943 1135 sed
2965 1087 3164 1140 vestra.
3185 1086 3243 1135 et
3266 1082 3514 1152 spelunca
3530 1081 3666 1135 latro-

2122 1185 2259 1222 num
2288 1168 2436 1222 facta
2462 1176 2565 1235 est,
2585 1185 2708 1240 quae
2738 1170 3031 1240 augustius
3050 1170 3108 1223 in
3135 1175 3256 1225 toto
3282 1176 3542 1224 terrarum
3561 1168 3664 1223 orbe

2124 1257 2375 1328 fulgebat
2402 1258 2575 1328 prius.
2598 1259 2761 1312 Nunc
2781 1266 2837 1313 et
2867 1260 3167 1330 Synagoga
3194 1260 3413 1313 deserta
3433 1259 3667 1330 relinque-

2123 1352 2219 1401 tur
2245 1364 2279 1401 a
2307 1347 2449 1412 Deo,
2474 1364 2604 1402 cum
2621 1348 2803 1402 omnis
2820 1348 3019 1419 religio
3039 1348 3382 1403 transibitad
3394 1348 3664 1408 Ecclesium,

2122 1437 2208 1491 vel
2237 1436 2371 1506 quia
2395 1436 2453 1489 in
2473 1436 2772 1491 vindictam
2798 1438 2977 1492 crucis
3007 1438 3220 1492 Christi
3250 1436 3415 1491 etiam
3440 1442 3491 1491 et
3513 1441 3670 1504 910

2124 1525 2397 1597 templum
2431 1525 2569 1579 illud
2594 1525 2997 1581 destruendum
3028 1532 3150 1580 erat
3181 1542 3216 1579 a
3247 1526 3516 1580 Romanis.

2194 1617 2400 1670 Amodo
2427 1630 2540 1669 non
2567 1615 2820 1668 videbitis
2838 1631 2941 1682 me,
2964 1616 3133 1669 donec
3156 1616 3385 1668 dicatis:
3404 1616 3669 1668 Benedictus

2125 1708 2226 1774 qui
2242 1707 2388 1759 venit
2419 1706 2482 1757 in
2510 1706 2734 1757 nomine
2759 1705 3003 1757 Domini.
3024 1704 3170 1758 Nam
3197 1704 3556 1774 juxtaLucam
3571 1704 3670 1757 faci-

443 1807 503 1856 et
523 1801 765 1854 alterum
785 1771 1129 1869 adoptivum:
1146 1795 1253 1850 Sed
1275 1793 1550 1858 Christus,
1570 1793 1666 1863 qui
1688 1771 2040 1863 tunc-loque—
2059 1771 2106 1830 Β
2126 1771 2232 1848 lior
2259 1809 2457 1847 sensus
2481 1798 2585 1856 est,
2602 1793 2735 1863 quia
2755 1792 2995 1847 necdum
3009 1771 3245 1847 venerat
3270 1793 3324 1846 in
3352 1792 3666 1857 Hierusalem,

440 1890 609 1945 batur
634 1887 842 1943 Iudaeis
871 1887 929 1941 in
953 1900 1142 1951 carne,
1166 1883 1411 1955 seipsum
1433 1882 1681 1936 ostendit
1711 1898 1833 1935 esse
1863 1898 2039 1935 unum

440 1978 814 2048 eumdemque
861 1975 958 2047 qui
1010 1991 1107 2029 eos
1161 1972 1468 2036 multoties,
1496 1971 1554 2025 in
1609 1971 1802 2026 Veteri
1851 1972 2043 2025 Testa-

438 2071 651 2133 mento,
674 2080 1015 2136 congregare
1054 2061 1158 2117 sub
1189 2061 1293 2115 alis
1343 2060 1461 2115 suis
1486 2060 1681 2117 voluit.
1716 2065 1773 2114 et
1816 2065 2040 2131 portare

437 2161 670 2229 propter
688 2152 1088 2224 redemptionis
1112 2150 1354 2222 gratiam
1385 2150 1444 2203 in
1460 2149 1712 2203 humeris
1743 2148 1879 2203 suis.
1898 2149 2031 2213 Quae

437 2244 709 2301 nimirum
730 2244 832 2297 alae
851 2240 1079 2305 Christi,
1093 2256 1207 2293 non
1227 2238 1533 2308 incongrue
1546 2237 1793 2291 charitas
1811 2238 2041 2307 gemina

438 2334 777 2406 praedicatur
795 2335 1024 2402 propter
1048 2328 1336 2399 geminam
1353 2326 1725 2380 substantiam
1747 2326 1956 2381 Christi
1981 2326 2039 2380 in

438 2439 557 2478 una
585 2421 895 2491 eademque
926 2434 1184 2490 persona,
1236 2416 1341 2471 sub
1381 2432 1493 2487 quo
1534 2431 1950 2486 congregemur
1985 2421 2043 2469 et

439 2510 810 2584 protegimur.
831 2507 1095 2573 Quamvis
1120 2505 1328 2561 etenim
1344 2505 1575 2575 quidam
1601 2504 1882 2558 voluerint
1901 2504 2042 2557 duas

441 2602 561 2657 alas
591 2601 820 2671 Moysen
839 2603 896 2652 et
920 2599 1109 2651 Aaron
1131 2593 1722 2665 interpretari,melius
1735 2599 1927 2647 tamen
1939 2592 2044 2646 vir-

440 2694 594 2743 tutes
637 2687 940 2759 accipimus
967 2685 1167 2740 divinae
1207 2684 1543 2755 majestatis,
1568 2683 1637 2737 de
1664 2682 1866 2754 quibus
1900 2683 2041 2737 Pro-

439 2778 615 2850 pheta
629 2776 987 2843 909canit
1008 2793 1021 2828 :
1043 2775 1157 2831 Sub
1176 2775 1379 2827 umbra
1403 2776 1632 2826 alarum
1656 2778 1887 2826 tuarum
1915 2787 2040 2839 pro-

443 2874 555 2938 tege
582 2883 669 2921 me
696 2868 866 2935 (Psat.
890 2879 1001 2931 xvr,
1028 2862 1106 2932 8),
1147 2878 1245 2934 spe
1279 2861 1533 2915 videlicet
1562 2866 1620 2914 et
1645 2860 1855 2931 gratia.
1887 2861 2039 2924 Quas

440 2972 580 3012 sane
599 2955 718 3009 alas
731 2954 861 3008 licet
880 2953 974 3007 isti
998 2968 1108 3006 non
1139 2949 1458 3014 habuerint,
1473 2949 1726 3003 divinum
1744 2949 2035 3013 auxilium,

443 3044 579 3098 dum
606 3042 723 3097 Deo
743 3042 1098 3113 placuerunt,
1118 3054 1407 3109 nunquam
1426 3037 1621 3091 defuit.
1646 3038 1715 3091 Et
1735 3037 1881 3090 mira
1898 3052 2045 3090 com-

2124 1899 2307 1953 neque
2328 1882 2433 1935 hoc
2461 1882 2832 1936 acclamatum
2862 1888 2986 1936 erat
3015 1898 3050 1936 a
3078 1882 3447 1953 pueris,quod
3466 1883 3669 1936 futurum

2123 1971 2805 2042 praedicitNerumtamen
2816 1972 2975 2041 juxta
2992 1976 3302 2041 utrumque
3315 1970 3667 2039 Evangelistam

2123 2059 2203 2114 sic
2225 2058 2610 2130 accipiendum
2636 2065 2740 2121 est,
2762 2059 2921 2130 quasi
2936 2059 3142 2113 dixerit
3164 2059 3279 2113 eis:
3307 2058 3422 2113 Nisi
3442 2059 3669 2130 paeniten-

2124 2149 2259 2202 tiam
2292 2147 2535 2216 egeritis,
2571 2153 2629 2202 et
2657 2148 2894 2202 confessi
2940 2165 3031 2202 me
3078 2148 3304 2202 fueritis
3352 2148 3539 2202 Filium
3577 2147 3667 2211 Dei,

2121 2253 2307 2292 meam
2337 2237 2559 2303 faciem,
2593 2254 2716 2308 quae
2746 2243 2830 2291 est
2871 2237 3117 2308 cognitio
3146 2253 3283 2291 vera
3309 2236 3378 2291 de
3416 2253 3514 2295 me.
3542 2235 3670 2289 corde

2122 2343 2411 2397 nunquam
2440 2326 2716 2381 videbitis.
2750 2326 3030 2391 Quoniam
3059 2342 3165 2381 nec
3197 2343 3303 2396 ego
3333 2342 3424 2379 vos
3450 2325 3578 2378 ultra
3603 2324 3672 2376 do-

2123 2432 2249 2470 cere
2274 2416 2515 2481 veniam,
2537 2415 2668 2486 quia
2694 2416 2896 2470 amodo
2917 2432 3031 2470 non
3058 2416 3438 2486 congregandi
3457 2415 3552 2469 erit
3567 2418 3673 2467 tem-

2124 2521 2249 2577 pus,
2278 2505 2420 2559 sicut
2458 2509 2589 2558 ante
2613 2505 2782 2558 volui.
2816 2503 3041 2559 Habent
3080 2505 3266 2575 igitur
3289 2504 3460 2560 Judaei
3493 2510 3671 2573 tempus

2124 2593 2229 2647 sibi
2276 2594 2556 2647 indultum
2607 2594 2657 2647 si
2706 2594 2894 2660 velint,
2941 2600 3007 2649 ut
3052 2594 3349 2649 auferatur
3374 2594 3599 2648 velamen
3622 2592 3673 2646 de

2124 2682 2384 2737 cordibus
2411 2699 2627 2747 eorum,
2659 2688 2717 2737 et
2744 2684 2962 2755 possint
2988 2684 3182 2738 videre
3203 2683 3398 2738 faciem
3425 2682 3619 2745 Christi,
3639 2680 3675 2734 si

2121 2772 2311 2826 dicant
2337 2777 2394 2826 et
2419 2772 2795 2827 confiteantur
2815 2773 2885 2827 de
2915 2789 2980 2827 eo
3013 2790 3026 2826 :
3076 2775 3397 2827 Benedictus
3431 2775 3521 2842 qui
3562 2772 3675 2825 venit

2121 2864 2186 2915 in
2214 2864 2437 2915 nomine
2460 2862 2688 2915 Domini
2709 2861 2810 2915 Dei
2832 2861 3047 2929 Patris;
3068 2862 3205 2933 quia
3225 2879 3431 2917 nomen
3449 2859 3605 2917 Patris
3622 2857 3673 2912 ad

2123 2949 2328 3003 Filium
2358 2955 2463 3015 est,
2486 2950 2634 3004 sicut
2662 2954 2719 3004 et
2746 2950 2875 3005 Filii
2897 2950 2967 3004 ad
2992 2951 3247 3005 Patrem.
3274 2951 3415 3015 Quia
3433 2962 3672 3020 nunquam

2125 3038 2294 3092 Pater
2322 3038 2443 3092 sine
2486 3038 2625 3093 Filio
2669 3039 2893 3110 dicitur,
2928 3055 3030 3094 nec
3058 3039 3239 3095 Filius
3270 3040 3390 3096 sine
3418 3040 3583 3094 Patre.
3616 3038 3675 3091 Ac

444 3130 665 3204 paratio
692 3129 763 3183 de
789 3128 1002 3198 gallina
1017 3127 1381 3200 proponitur;
1411 3127 1627 3180 nullum
1653 3125 1801 3179 enim
1833 3125 2106 3187 animalC
2130 3143 2232 3197 per
2261 3127 2364 3181 hoc
2394 3127 2513 3199 ipse
2569 3128 2627 3181 in
2656 3127 2823 3182 Patre
2872 3132 2979 3191 est,
3009 3128 3157 3182 sicut
3190 3133 3251 3183 et
3283 3129 3447 3184 Pater
3471 3127 3524 3180 in
3549 3125 3673 3180 Filio.

445 3234 513 3272 eo
540 3217 865 3271 infirmatur
891 3216 1075 3280 modo,
1104 3213 1581 3286 quemadmodum
1606 3214 1836 3284 gallina,
1869 3214 1928 3267 in
1957 3214 2044 3267 fo-

442 3304 624 3360 vendo
661 3309 721 3358 et
749 3303 1050 3358 nutriendo
1071 3303 1252 3374 pullos
1290 3319 1441 3357 suos.
1474 3301 1765 3373 Siquidem
1803 3307 1926 3356 tota
1953 3302 2042 3356 in-

443 3396 726 3453 firmatur.
785 3398 1017 3464 totaque
1070 3392 1137 3445 ﬁt
1190 3391 1412 3462 hispida
1458 3396 1516 3445 et
1568 3407 1757 3446 rauca.
1794 3391 2047 3446 Festinat

437 3484 673 3555 jugiter,
696 3482 857 3554 quasi
877 3481 1214 3553 quibusdam
1239 3479 1464 3535 vocibus
1489 3496 1829 3551 congregare
1862 3480 2045 3551 pullos

445 3589 595 3637 suos,
636 3579 694 3626 et
738 3570 976 3625 assiduis
1021 3569 1360 3623 clamoribus
1389 3569 1460 3623 ad
1505 3586 1566 3623 se
1591 3586 1896 3624 convocare
1929 3587 2044 3624 non

444 3668 646 3725 cessat,
681 3677 753 3715 ne
780 3676 882 3732 per
907 3660 1125 3714 diversa
1153 3659 1264 3713 huc
1293 3658 1537 3728 illucque
1560 3658 1874 3724 milvorum,
1895 3661 2040 3730 vagi,

445 3751 743 3821 rapiantur
771 3748 1070 3819 unguibus.
1096 3747 1206 3801 Sed
1245 3747 1454 3802 frustra
1482 3746 1739 3801 Christus
1769 3748 1917 3802 hunc
1943 3748 2046 3801 im-

442 3839 641 3912 pendit
666 3839 951 3902 affectum,
966 3843 1024 3892 et
1040 3837 1160 3891 sine
1180 3835 1385 3901 fructu,
1403 3836 1500 3908 qui
1541 3842 1812 3907 tanquam
1831 3837 2046 3907 gallina

440 3928 832 3983 inﬁrmitatem
859 3926 1164 3998 assumpsit
1189 3926 1393 3990 carnis,
1413 3932 1477 3980 ut
1495 3924 1598 3979 sub
1628 3925 1731 3979 alis
1759 3925 2044 3980 doctrina-

441 4034 571 4072 rum
623 4033 857 4072 suarum
907 4033 1003 4070 eos
1053 4014 1371 4070 confoveret
1411 4014 1595 4068 calore
1637 4014 1948 4078 charitatis,
1987 4020 2045 4068 et

444 4111 727 4161 recrearet
771 4105 843 4159 ad
893 4105 1086 4159 vitam.
1120 4104 1332 4159 Idcirco
1368 4109 1595 4158 terrena
1630 4103 2043 4174 quodammodo

446 4194 565 4247 avis
593 4193 771 4246 factus
801 4197 887 4245 est
905 4197 963 4246 et
989 4192 1314 4255 domestica,
1350 4197 1416 4245 ut
1439 4209 1644 4262 magno
1680 4192 1927 4264 corporis
1957 4193 2043 4247 sui

447 4280 798 4351 operimento
816 4286 1087 4351 tanquam
1114 4280 1332 4333 alarum
1355 4281 1720 4350 protectione,
1744 4282 1911 4352 pullis
1928 4282 2045 4336 suis

446 4369 691 4424 calorem
732 4368 1241 4439 superinfunderet,
1281 4374 1348 4421 ut
1383 4368 1508 4423 vita:
1560 4369 2046 4425 immortalitatem

2126 3216 2286 3270 Unde
2316 3216 2411 3287 qui
2440 3217 2559 3270 vult
2586 3216 2708 3285 ejus
2738 3216 2936 3271 faciem
2967 3216 3177 3284 videre,
3204 3218 3355 3272 dicat
3379 3224 3433 3272 et
3457 3216 3677 3272 conﬁtea-

2126 3309 2223 3358 tur
2239 3323 2250 3357 :
2268 3307 2585 3359 Benedictus
2606 3307 2707 3373 qui
2719 3308 2869 3359 vertit
2884 3308 2947 3358 in
2964 3308 3195 3359 nomine
3208 3308 3434 3360 Domini
3437 3302 3676 3376 ,quoniam

2128 3393 2269 3463 ipse,
2305 3398 2363 3447 et
2381 3393 2549 3459 Deus,
2582 3401 2638 3447 et
2662 3393 2937 3447 Dominus
2956 3400 3056 3447 est.
3099 3394 3408 3449 Possumus
3448 3398 3614 3447 autem
3637 3395 3679 3442 et

2127 3498 2229 3553 per
2251 3483 2567 3554 exemplum
2582 3482 2803 3553 gallinae
2824 3482 3281 3554 Ecclesiam,quse
3298 3499 3491 3554 corpus
3511 3477 3679 3536 Christi

2127 3576 2230 3635 est,
2254 3572 2494 3641 ﬁgurate
2514 3571 2785 3642 accipere,
2803 3588 2926 3642 quae
2943 3571 3197 3642 quotidie
3212 3576 3511 3643 congregat
3534 3569 3678 3641 pullos

2127 3677 2278 3726 suos,
2298 3660 2354 3714 id
2380 3666 2465 3714 est
2487 3660 2629 3714 filios
2644 3676 2795 3727 suos,
2821 3677 2961 3731 quos
2988 3661 3107 3731 ipsa
3136 3668 3378 3731 generat
3402 3676 3497 3733 per
3512 3672 3678 3730 aquam

2126 3755 2184 3802 et
2214 3748 2484 3819 Spiritum
2514 3754 2791 3815 sanctum,
2821 3765 2880 3803 in
2908 3750 3125 3803 unitate
3156 3750 3313 3815 fidei,
3357 3748 3457 3804 sub
3485 3745 3678 3817 remigio

2125 3838 2418 3892 virtutum.
2453 3838 2521 3892 Et
2544 3838 2688 3892 sicut
2725 3838 2935 3907 gallina
2973 3838 3145 3893 etiam
3176 3856 3284 3894 ova
3307 3840 3450 3894 fovet
3487 3844 3539 3892 et
3563 3836 3678 3891 cale-

2126 3926 2260 3980 facit
2287 3926 2505 3980 aliena:
2534 3926 2615 3981 ita
2643 3932 2701 3981 et
2729 3934 2913 3981 mater
2940 3934 3134 3982 nostra
3164 3929 3427 3993 Ecclesia,
3456 3944 3517 3980 ex
3539 3922 3679 3980 omni-

2126 4014 2231 4069 bus
2254 4014 2517 4085 gentibus
2546 4016 2796 4078 collecta,
2821 4015 3023 4071 educat
3052 4033 3118 4071 ac
3137 4018 3322 4073 nutrit
3348 4017 3484 4071 filios
3505 4014 3678 4069 alienos

2128 4120 2228 4176 per
2249 4104 2492 4175 gratiam
2521 4105 2699 4159 sancti
2729 4105 2995 4176 Spiritus,
3027 4112 3084 4160 et
3112 4105 3249 4162 facit
3278 4123 3438 4173 suos;
3468 4099 3679 4159 calefacit

2127 4210 2351 4265 quoque
2402 4209 2498 4248 eos
2522 4194 2754 4264 jugiter,
2808 4200 2865 4248 et
2889 4194 3037 4249 fovet
3065 4211 3129 4249 ac
3166 4195 3413 4267 protegit
3461 4192 3553 4248 sub
3580 4190 3677 4244 alis.

2128 4282 2262 4345 Qua:
2305 4281 2576 4336 nimirum
2623 4282 2725 4337 alae
2772 4282 3029 4337 doctores
3066 4288 3202 4338 sunt
3249 4283 3588 4338 ecclesiarum
3636 4280 3680 4330 et

2128 4377 2391 4438 rectores,
2417 4370 2512 4441 qui
2534 4388 2704 4442 quam
2736 4370 2894 4436 bene,
2921 4371 3025 4425 alis
3070 4372 3189 4426 suis
3218 4373 3291 4427 ad
3317 4372 3499 4427 omnia
3527 4369 3671 4422 virtu-

410 4506 419 4515 .
446 4462 760 4531 praestaret,
800 4462 856 4511 et
892 4457 964 4510 ad
991 4456 1240 4510 volatum
1269 4456 1429 4527 quasi
1459 4472 1525 4509 ex
1571 4456 2108 4529 nova'regenera—D
2127 4466 2251 4515 tum
2275 4460 2540 4530 dogmata
2571 4460 2829 4526 extensis,
2862 4461 3033 4515 nullis
3072 4461 3405 4517 insidiarum
3436 4456 3678 4514 fraudibus

445 4548 601 4603 tione
625 4546 974 4618 proveheret.
996 4544 1284 4599 Pullorum
1310 4544 1458 4598 enim
1479 4545 1591 4599 alia
1611 4547 1873 4601 nascendi
1902 4549 2046 4603 ratio

448 4641 554 4702 est,
597 4636 711 4691 alia
756 4634 1062 4690 nutriendi.
1111 4634 1258 4688 Nam
1288 4633 1533 4706 primum
1582 4651 1814 4690 ovorum
1864 4636 2042 4703 testis,

446 4730 721 4795 tanquam
750 4725 995 4779 claustro
1015 4724 1283 4795 corporis,
1320 4723 1698 4779 continentur.
1722 4725 1933 4780 Dehinc
1954 4743 2050 4797 pa-

448 4813 627 4868 rentis
641 4812 940 4868 sedulitate
950 4812 1230 4867 calefactis
1245 4813 1361 4868 ovis
1384 4818 1659 4868 nascuntu
1666 4819 1777 4878 r,et
1786 4814 2049 4886 deinceps

449 4901 832 4968 confoventur,
865 4902 1041 4957 donec
1069 4908 1270 4956 exeant
1296 4903 1367 4957 ad
1390 4903 1632 4957 volatum
1648 4949 1658 4960 .
1674 4903 1855 4974 Hujus
1874 4903 2051 4974 igitur

380 5034 383 5037 λ
450 4991 569 5047 avis
588 5006 744 5046 more
758 4991 1015 5046 Christus
1030 5008 1369 5062 congregare
1390 4993 1541 5045 intra
1560 5008 1622 5045 se
1648 4991 1826 5046 voluit
1840 4996 1897 5046 et
1915 5008 2051 5047 enu-

448 5081 619 5148 trire;
647 5086 713 5135 ut
740 5080 837 5152 qui
852 5082 973 5152 jam
993 5080 1311 5135 conditione
1343 5081 1607 5135 nascendi
1635 5081 1873 5135 fuissent
1888 5080 2045 5148 editi,

449 5170 680 5225 alterius
705 5186 902 5225 rursus
929 5169 1377 5240 regenerationis
1404 5175 1532 5223 ortu
1563 5175 1621 5224 et
1650 5170 1832 5225 calore
1856 5170 2049 5225 confo-

449 5258 630 5313 ventis
672 5259 795 5325 Dei,
854 5275 921 5313 ex
966 5274 1115 5329 aqua
1140 5262 1195 5311 et
1247 5258 1461 5329 Spiritu
1504 5259 1704 5325 renati,
1736 5259 1794 5314 in
1826 5260 2049 5314 caeleste

451 5362 691 5417 regnum
736 5353 1009 5419 tanquam
1067 5346 1327 5418 pennatis
1374 5347 1699 5418 corporibus
1740 5350 2044 5403 evolarent.

450 5435 613 5490 Unde
637 5451 809 5506 quam
835 5435 996 5502 bene,
1045 5452 1111 5491 eo
1161 5435 1220 5489 in
1260 5435 1381 5490 loco
1411 5435 1505 5490 ubi
1531 5437 1769 5507 legitur:
1804 5439 2050 5507 Spiritus

452 5525 552 5580 Dei
595 5525 878 5592 ferebatur
912 5541 1076 5594 super
1108 5541 1281 5595 aquas
1321 5526 1477 5596 (Gen.
1511 5539 1555 5594 ι,
1597 5524 1675 5592 2),
1716 5526 1775 5580 in
1816 5526 2049 5582 Hebraeo

455 5613 699 5670 habetur
736 5615 1006 5685 moreth
1076 5614 1229 5686 quod
1254 5613 1617 5684 interpretari
1656 5613 1869 5670 dicitur
1894 5619 2051 5671 incu-

2128 4555 2322 4620 patere
2347 4550 2528 4620 pullos
2544 4550 2899 4620 permittunt,
2920 4549 3019 4604 sed
3048 4551 3347 4606 enutriunt
3373 4567 3463 4605 eos
3488 4547 3588 4602 suis
3605 4544 3677 4598 do-

2128 4638 2325 4692 ctrinis
2369 4638 2440 4691 ad
2492 4637 2779 4704 sublimia,
2813 4655 3103 4710 quousque
3141 4655 3245 4710 per
3274 4640 3479 4711 seipsos
3505 4635 3566 4689 ad
3590 4648 3677 4686 ca:-

2131 4727 2297 4782 lestia
2324 4727 2511 4781 volare
2544 4728 2779 4799 possint.
2813 4728 2941 4782 Haec
2967 4727 3174 4782 idcirco
3204 4728 3518 4793 dixerim,ut
3534 4723 3679 4777 discat

2130 4816 2377 4886 prudens
2401 4815 2643 4871 animus.
2677 4821 2735 4870 et
2765 4817 2876 4871 alia
2906 4817 3325 4888 quamplurima
3353 4832 3470 4887 quae
3501 4807 3678 4867 omitti-

2131 4921 2277 4971 mus,
2295 4903 2582 4958 brevitatis
2601 4904 2951 4976 compendio,
2979 4905 3172 4960 multis
3209 4906 3270 4960 in
3301 4904 3432 4960 locis
3454 4900 3676 4971 cogitare.

2133 4993 2409 5057 Quoniam
2429 5009 2613 5048 sermo
2644 4994 2865 5048 divinus
2890 5010 2956 5048 ac
2986 4994 3034 5048 si
3064 5010 3194 5049 arca
3218 4995 3321 5049 Dei
3354 4992 3679 5047 bicameratus

2131 5081 2217 5135 vel
2243 5082 2656 5148 tricameratus,
2685 5099 2828 5153 pene
2858 5081 3065 5154 ubique
3093 5082 3390 5138 invenitur.

2206 5172 2351 5239 (CAP.
2380 5172 2598 5226 XXIVJ
2632 5173 2699 5225 Et
2721 5188 2962 5240 egressus
2999 5174 3155 5227 Jesus
3195 5174 3258 5226 de
3288 5171 3480 5239 templo
3508 5168 3622 5227 ibat,
3640 5164 3678 5215 ει

2130 5266 2471 5316 accesserunt
2498 5264 2764 5329 discipuli
2787 5265 2923 5331 ejus,
2961 5268 3024 5316 ut
3054 5264 3389 5317 ostenderent
3407 5264 3455 5313 et
3480 5255 3678 5322 adiﬁca-

2134 5354 2305 5404 tiones
2326 5353 2533 5420 templi.
2564 5350 2665 5404 Hic
2688 5352 2908 5405 Marcus
2930 5356 2989 5406 et
3006 5351 3203 5416 Lucas,
3220 5356 3509 5421 antequam
3535 5343 3678 5398 exiret

2131 5438 2201 5493 de
2229 5439 2458 5509 templo,
2490 5454 2554 5492 ac
2584 5438 2630 5492 si
2649 5438 2831 5493 iturus
2860 5439 2931 5493 ad
2958 5446 3175 5511 gentes,
3206 5443 3382 5505 οτι
3427 5433 3677 5490 mulierem

2130 5529 2355 5584 viduam
2383 5529 2442 5584 in
2472 5529 2656 5600 figura
2683 5529 2960 5595 Ecclesiae,
2984 5535 3049 5584 ut
3093 5530 3373 5585 Christum
3413 5523 3676 5593 susciperet

2131 5616 2263 5684 fide,
2295 5617 2408 5672 duo
2455 5617 2722 5672 detulisse
2764 5616 2986 5673 minuta
3014 5617 3156 5688 legis
3189 5623 3244 5673 et
3270 5611 3540 5685 Evangelii
3566 5620 3673 5663 nare
