3872 6158
236 332 341 390 793

957 327 1336 384 EXPOSITIO
1376 328 1455 384 IN
1493 322 1941 384 MATTHIEUM.
1983 354 2048 368 -
2088 326 2224 383 LIB.
2266 330 2361 397 XI,
2405 329 2560 384 CAP.
2603 330 2797 386 XXIV.

3407 333 3509 390 794

235 464 383 513 rant.
408 459 478 512 Et
505 457 652 523 ideo,
674 457 800 511 istis
824 457 949 528 plus
968 454 1228 510 omnibus
1248 455 1419 510 misit.
1447 454 1609 519 Quod
1637 457 1825 508 autem
1843 452 2091 524 Ausque
2132 453 2408 524 dirutum,
2448 471 2551 510 cur
2587 456 2759 511 etiam
2805 457 3050 512 secundo
3097 474 3197 513 seu
3234 456 3506 531 amplius;

237 548 289 602 ei
318 548 624 602 ostendunt
660 545 1054 601 adificationes
1090 544 1309 616 templi.
1337 544 1636 598 audierant
1684 542 1835 597 enim

236 637 385 709 quod
402 637 654 691 dixerat:
679 635 807 689 Ecce
825 637 1176 703 relinquetur
1195 635 1390 688 domus
1409 638 1588 687 vestra
1603 634 1830 686 deserta.

235 725 411 790 Quasi
432 725 775 779 admirantes
794 728 850 777 et
870 723 1140 787 dolentes,
1164 721 1212 775 si
1232 722 1361 776 talis
1386 726 1657 792 tantaque
1685 725 1832 775 tem-

231 814 313 889 pli
334 819 621 868 structura
639 812 710 866 ad
741 812 980 866 nihilum
1010 810 1316 880 redigenda
1335 809 1410 863 sit
1461 814 1526 864 ut
1547 813 1835 863 moverent

232 919 365 958 eum
385 901 692 956 ambitione
720 900 864 955 tanti
891 899 1095 971 aperis.
1125 900 1194 953 Et
1218 904 1515 970 prapterea
1542 898 1736 953 dicunt
1762 898 1833 953 ad

232 1008 388 1057 eum,
443 991 591 1045 sicut
640 990 805 1044 aliter
854 988 1205 1043 manifestius
1259 987 1394 1042 dicit
1432 986 1827 1057 Evangelista:

230 1083 515 1149 Magister,
554 1082 702 1134 vides
731 1083 918 1148 quales
946 1079 1157 1146 lapides
1202 1082 1251 1131 el
1297 1080 1481 1146 qualis
1506 1082 1793 1131 structura
1811 1082 1836 1130 ?

231 1169 507 1224 Videlicet
526 1174 589 1223 ut
609 1169 900 1222 ﬂecterent
918 1165 1383 1236 benignissimum
1406 1167 1435 1221 J
1440 1183 1596 1220 esum
1617 1165 1688 1220 ad
1725 1165 1830 1219 mi-

227 1258 597 1315 sericordiam
646 1257 753 1311 loci
793 1256 964 1320 illius,
996 1271 1067 1310 ne
1120 1255 1473 1327 permitteret
1519 1255 1640 1309 ﬁeri
1679 1254 1828 1325 quod

226 1350 486 1404 futurum
529 1346 877 1418 przedixerat.
920 1345 1022 1398 Vel
1051 1344 1355 1399 ostendunt
1390 1344 1443 1398 ei
1484 1343 1828 1398 admirantes

228 1444 468 1510 propter
514 1435 783 1491 duritiam
837 1434 1020 1488 cordis
1066 1450 1282 1498 eorum,
1328 1433 1487 1505 quasi
1544 1432 1824 1499 dicerent;

228 1527 414 1583 Proh!
444 1526 623 1590 dolor,
648 1529 861 1596 quanta
879 1528 966 1577 est
983 1523 1291 1579 adversitas
1321 1522 1510 1594 populi
1531 1522 1720 1591 hujus,
1746 1522 1829 1576 vel

227 1616 471 1681 caecitas,
505 1614 603 1685 qui
631 1629 744 1667 non
769 1613 1025 1670 credunt.
1045 1617 1110 1666 ut
1134 1616 1552 1666 convertantur.
1574 1627 1645 1664 ne
1672 1615 1832 1664 tanta

227 1704 518 1777 deperiret
564 1703 778 1758 fabrica
816 1701 1012 1772 templi
1049 1706 1105 1755 et
1132 1700 1388 1765 civitatis,
1424 1699 1624 1771 quibus
1671 1699 1831 1753 Jesus

1916 543 2048 615 quia
2065 544 2292 598 omnino
2313 544 2654 616 poenitentia:
2670 563 2894 619 semper
2913 546 3154 601 dabatur
3167 547 3341 612 locus,
3360 549 3511 604 unde

1915 636 1971 686 et
2017 632 2087 686 ad
2132 632 2370 687 formam
2424 634 2835 705 pmnitentium,
2867 641 3163 708 postquam
3219 637 3511 692 incensum

1914 726 2019 786 est,
2068 728 2436 777 restauratur.
2498 725 2661 778 Nunc
2702 741 2831 801 vero
2884 726 3192 780 secundum
3244 726 3512 781 duritiam

1916 810 2098 865 cordis
2125 827 2318 865 eorum
2347 812 2498 882 (quia
2526 813 2829 867 noluerunt
2852 813 3101 884 recipere
3133 813 3363 868 verbum
3389 813 3509 884 Dei)

1914 900 2159 971 prolapsi
2180 905 2313 954 sunt
2331 900 2389 954 in
2420 902 2611 971 pejus;
2635 901 2715 955 ita
2740 906 2804 955 ut
2818 902 3003 955 omnis
3024 902 3231 968 anima,
3260 903 3511 973 quandiu

1914 988 1972 1042 in
1990 1005 2049 1042 se
2070 990 2303 1059 suscipit
2318 989 2625 1057 Christum,
2649 986 2922 1061 templum
2943 997 3028 1045 est
3047 991 3287 1062 Spiritus
3308 990 3508 1045 sancti.

1916 1077 2056 1131 Cum
2089 1086 2278 1131 autem
2320 1084 2447 1149 post
2492 1085 2782 1150 peccatum
2837 1080 2907 1133 ad
2954 1080 3185 1151 plenum
3230 1079 3438 1134 decidit
3477 1096 3509 1134 a

1910 1166 2078 1221 verbo
2102 1167 2221 1231 Dei,
2244 1184 2345 1221 nec
2364 1184 2558 1221 curam
2579 1168 2665 1222 sui
2691 1168 2840 1237 gerit
2858 1169 3098 1239 perfecte
3119 1173 3184 1222 ut
3200 1168 3505 1239 paeniteat,

1910 1256 2003 1309 hic
2032 1273 2255 1327 semper
2299 1272 2335 1309 a
2362 1255 2470 1310 fide
2496 1255 2830 1327 prolabitur,
2854 1262 2908 1310 et
2937 1257 3219 1322 decurrit;
3255 1256 3351 1327 qui
3377 1257 3512 1311 licet

1910 1346 2182 1416 paulatim
2225 1362 2258 1400 a
2286 1345 2399 1400 vita
2443 1346 2755 1414 elongatur,
2789 1345 2924 1399 dum
2980 1345 3159 1399 Deum
3197 1346 3426 1411 deserit,
3452 1351 3509 1400 et

1911 1434 2188 1488 minuitur
2207 1433 2475 1504 quotidie,
2509 1433 2686 1486 donec
2705 1432 2776 1486 ad
2802 1433 3027 1503 plenum
3044 1438 3271 1487 corruat
3290 1433 3346 1487 in
3377 1450 3509 1504 pec-

1912 1530 2119 1578 catum.
2151 1522 2365 1587 Quibus
2421 1522 2503 1576 ita
2537 1522 2778 1593 peractis
2828 1521 3185 1576 tremendum
3230 1526 3317 1576 est
3348 1521 3510 1575 valde

1913 1613 2062 1683 quod
2080 1612 2352 1684 sequitur,
2372 1611 2506 1682 quia
2524 1627 2635 1665 non
2656 1614 3007 1678 relinquetur
3021 1613 3085 1664 in
3103 1626 3165 1664 ea
3184 1613 3329 1679 lapis
3347 1626 3512 1678 super

1914 1704 2153 1771 lapidem
2198 1704 2297 1770 qui
2347 1717 2457 1754 non
2488 1702 2830 1754 destruatur.
2861 1699 3138 1763 Quoniam
3170 1698 3275 1752 etsi
3298 1697 3510 1769 aliquid

225 1762 581 1864 respondens
622 1792 764 1846 dixit
793 1810 805 1845 :
874 1762 1072 1845 Videtis
1102 1791 1212 1844 hac
1240 1762 1471 1844 omnia}
1495 1792 1669 1845 Amen
1715 1762 1897 1842 dicoB
1916 1762 2425 1848 videbatur-habere
2447 1790 2576 1844 boni
2593 1789 2799 1861 operis,
2818 1762 2931 1843 non
2952 1788 3169 1859 lapides
3185 1792 3349 1842 erant
3376 1762 3510 1841 san-

225 1885 402 1947 vobis,
437 1898 553 1936 non
582 1884 935 1950 relinquetur
962 1882 1104 1948 lapis
1130 1895 1295 1948 super
1324 1881 1563 1948 lapidem
1593 1882 1693 1947 qui
1722 1894 1833 1932 non

226 1974 577 2026 destruatur.
596 1971 1000 2025 Verumtamen
1024 1967 1306 2022 interdum
1322 1984 1448 2022 cum
1469 1968 1832 2037 egrederetur

225 2060 299 2115 de
328 2060 563 2130 templo,
588 2063 646 2113 et
671 2058 796 2124 iret,
812 2058 928 2113 haec
948 2058 1098 2112 dicta
1127 2065 1278 2112 sunt.
1302 2057 1411 2112 Sed
1442 2072 1567 2110 mox
1584 2062 1647 2111 ut
1677 2073 1830 2110 com-

224 2150 405 2222 plevit
430 2149 669 2204 dicendo
699 2147 847 2219 quod
886 2148 1140 2202 futurum
1171 2151 1312 2213 erat,
1346 2145 1512 2200 exivit
1541 2146 1611 2199 de
1636 2145 1830 2216 templi

223 2238 457 2303 ﬁnibus,
487 2238 583 2309 qui
602 2241 1025 2292 conservaverat
1053 2252 1185 2290 eum
1212 2251 1283 2289 ne
1312 2240 1628 2289 vastaretur
1655 2234 1831 2288 donec

224 2327 339 2381 fuit
368 2328 428 2381 in
460 2343 546 2392 eo,
571 2326 719 2397 quod
750 2332 944 2397 postea
960 2324 1168 2379 factum
1196 2329 1281 2378 est
1308 2341 1343 2377 a
1369 2323 1658 2378 Romanis.
1687 2323 1831 2387 Quo-

224 2416 386 2470 niam
406 2416 570 2469 Jesus
599 2415 752 2469 aliud
776 2414 1047 2485 templum
1068 2419 1339 2468 aeternum
1354 2414 1475 2482 jam
1515 2411 1631 2467 suis
1660 2428 1826 2483 para-

222 2504 327 2558 bat
354 2504 417 2558 in
444 2503 617 2558 caelis.
649 2502 908 2567 Quandiu
956 2503 1105 2556 enim
1144 2501 1373 2555 verbum
1397 2501 1499 2555 Dei
1544 2500 1651 2554 fuit
1680 2500 1829 2571 apud

222 2593 471 2658 Iudaeos,
505 2608 618 2646 non
639 2596 725 2646 est
747 2591 999 2646 ablatum
1029 2607 1264 2662 regnum
1298 2590 1399 2645 Dei
1432 2589 1502 2643 ab
1532 2590 1631 2644 eis.
1664 2590 1826 2643 Nunc

223 2687 424 2737 autem
473 2681 660 2738 ablato
717 2697 802 2746 eo,
834 2681 941 2751 ipsi
972 2686 1029 2734 et
1066 2680 1260 2734 civitas
1301 2695 1496 2733 eorum
1528 2678 1723 2733 relicta
1750 2684 1836 2733 est

1914 1881 2247 1947 ctuarii,sed
2276 1880 2551 1951 stipulaet
2563 1879 2753 1932 fenum
2771 1878 3032 1932 incendio
3047 1878 3117 1931 ad
3142 1892 3509 1932 concreman-

1912 1971 2046 2025 dum
2076 1970 2242 2040 longe
2274 1969 2371 2023 diu
2399 1973 2730 2040 praeparata.
2756 1968 3111 2037 Quapropter
3158 1966 3292 2020 dum
3323 1969 3504 2031 vacat,

1911 2059 2185 2131 inspicere
2206 2075 2308 2113 nos
2337 2057 2572 2112 sollicite
2600 2061 2840 2127 oportet,
2863 2060 2928 2110 ut
2947 2055 3128 2109 omnis
3144 2053 3507 2109 coaediﬁcatio

1912 2149 2138 2220 pietatis
2187 2148 2245 2202 in
2276 2146 2437 2201 nobis
2466 2146 2685 2215 integra
2724 2149 2995 2198 servetur.
3029 2144 3097 2198 Et
3124 2143 3172 2197 si
3209 2142 3510 2213 contigerit

1913 2237 2084 2309 (quod
2109 2237 2273 2300 absit)
2308 2235 2513 2307 aliquis
2534 2241 2599 2289 ut
2622 2233 2862 2298 labatur,
2895 2232 3282 2304 implorandus
3302 2238 3389 2286 est
3412 2247 3509 2285 au-

1910 2332 2032 2381 ctor
2058 2325 2274 2381 aediﬁcii
2291 2325 2489 2388 nostri,
2504 2322 2846 2378 invocandus
2874 2328 2960 2375 est
2989 2321 3232 2392 Spiritus
3252 2325 3501 2385 sanctus,

1910 2422 1975 2473 ut
2002 2419 2367 2487 recuperetur
2397 2414 2457 2467 in
2479 2411 2656 2477 nobis,
2681 2420 2739 2466 et
2768 2411 3108 2465 emundetur
3137 2410 3287 2481 quod
3314 2426 3509 2464 corru-

1910 2512 2067 2579 ptum
2095 2510 2197 2565 est,
2213 2510 2270 2558 et
2290 2502 2779 2567 commaculatum;
2804 2500 3337 2571 innoveturquoque
3361 2499 3510 2570 quod

1912 2596 2280 2667 depravatum
2321 2598 2427 2655 est,
2461 2596 2518 2645 et
2568 2591 2938 2653 destructum,
2979 2594 3044 2643 ut
3089 2605 3191 2661 per
3247 2588 3511 2642 virtutem

1916 2683 2091 2749 verbi,
2107 2683 2240 2753 quia
2255 2684 2609 2735 sacramenta
2620 2683 2851 2732 manent
2865 2676 3269 2748 redemptionis
3281 2682 3505 2741 nostra,

225 2787 411 2826 vacua
458 2776 517 2825 et
542 2787 683 2825 vana
708 2783 720 2818 ε
750 2770 907 2827 Sicut
936 2773 1231 2838 tugurium
1260 2771 1323 2822 in
1349 2772 1753 2834 cucumerario,
1785 2773 1833 2821 et
1915 2774 1974 2828 in
2003 2772 2165 2827 nobis
2181 2773 2461 2825 restauret
2478 2769 2611 2823 dum
2627 2768 2897 2839 poenitere
2919 2767 3051 2821 licet
3070 2766 3219 2837 quod
3249 2764 3505 2836 deperiit,

220 2862 372 2913 sicut
392 2861 587 2912 civitas
612 2875 730 2928 qua
748 2862 1002 2912 vastatur
1024 2859 1150 2927 (Isa.
1174 2870 1214 2921 ι,
1238 2855 1317 2929 8),
1353 2862 1410 2910 et
1439 2856 1675 2928 dispersi
1703 2861 1829 2911 sunt

1918 2864 2014 2937 qui
2042 2864 2160 2918 solo
2190 2877 2447 2917 sermone
2487 2876 2590 2914 suo
2621 2863 2902 2914 restaurat
2926 2857 3219 2923 universa;
3246 2856 3386 2911 alias
3414 2871 3512 2909 au-

221 2964 331 3020 Pel‘
349 2964 547 3002 omnes
563 2946 943 3018 gentes.Quia
960 2945 1198 3001 Domino
1217 2946 1565 3001 ι’θοεάθῐιῐθὰ
1594 2946 1823 3018 templo.
1907 2960 2025 3009 tem
2071 2969 2183 3007 non
2235 2951 2584 3021 relinquetur
2625 2948 2683 3002 in
2730 2964 2799 3002 ea
2846 2946 2990 3017 lapis
3037 2961 3208 3017 super
3242 2943 3507 3015 lapidem,

221 3036 425 3091 omnia
440 3036 581 3106 legis
606 3035 843 3090 εεάίίῖοίει
862 3035 1147 3089 destructa
1166 3040 1315 3099 sunt,
1346 3039 1403 3088 et
1431 3034 1670 3105 ἀίδρεηὶ
1696 3039 1830 3088 sunt
1909 3041 2133 3115 quando
2160 3038 2525 3111 cogitationes
2552 3053 2850 3108 pravorum
2874 3041 2931 3090 et
2956 3050 3128 3106 opera
3155 3033 3506 3088 destuentur.

221 3123 450 3195 lapides
482 3124 788 3178 sanctuarii
813 3124 869 3178 in
888 3140 1110 3177 omnem
1138 3130 1384 3190 ventum,
1418 3140 1483 3177 ac
1511 3123 1558 3177 si
1589 3123 1825 3190 cineres,
1844 3116 1888 3177 C
1912 3134 2055 3198 Quia
2073 3132 2205 3186 dum
2226 3144 2486 3203 perversa
2508 3143 2665 3181 mens
2686 3141 2960 3197 perversa:
2979 3122 3307 3195 cogitationi
3328 3122 3511 3176 adhuc

221 3231 300 3269 ne
322 3213 443 3267 ulla
471 3213 527 3267 in
555 3213 635 3266 eis
664 3213 814 3267 ultra
843 3213 1165 3267 inveniatur
1191 3213 1387 3283 religio
1416 3213 1697 3267 salutaris.
1722 3212 1827 3277 Qui

221 3302 478 3375 profecto
488 3302 643 3356 locus
658 3302 946 3356 moraliter
958 3306 1153 3372 tanget
1163 3302 1447 3356 auditores
1458 3308 1516 3356 et
1525 3301 1826 3373 magistros

220 3390 626 3446 Ecclesiarum.
670 3391 814 3455 Quia
858 3390 963 3445 etsi
1006 3391 1103 3445 illa
1131 3390 1482 3447 admirabilis
1528 3391 1635 3445 fuit
1672 3398 1825 3445 stru-

222 3487 414 3545 ctura,
438 3478 754 3534 mirabilior
770 3480 931 3534 valde
960 3484 1045 3534 est
1064 3480 1323 3533 humanae
1352 3485 1567 3534 natura:
1594 3479 1823 3544 fabrica,

222 3587 354 3641 quae
388 3585 503 3623 non
531 3569 603 3623 ad
631 3569 1014 3640 cujuscunque
1051 3568 1337 3639 exemplar
1362 3573 1682 3622 constructa
1720 3573 1823 3633 est,

221 3676 423 3714 verum
453 3659 527 3712 ad
555 3658 855 3728 imaginem
886 3664 943 3712 et
966 3657 1394 3711 similitudinem
1415 3657 1515 3710 Dei
1552 3656 1698 3711 facta
1720 3661 1827 3723 est,

221 3754 293 3803 ut
333 3748 613 3819 templum
643 3752 791 3802 esset
830 3746 1024 3818 ipsius,
1057 3746 1129 3800 ad
1178 3747 1338 3815 cujus
1380 3745 1683 3815 imaginem
1714 3745 1828 3798 for-

222 3842 384 3891 mata
415 3842 522 3891 est.
554 3837 624 3890 Et
647 3836 751 3890 hoc
778 3835 921 3889 forte
951 3840 1127 3905 agunt
1155 3834 1412 3906 apostoli,
1447 3839 1503 3888 et
1526 3835 1831 3888 ostendunt

222 3925 569 3980 admiranda
598 3941 769 3995 opera
795 3924 896 3978 Dei
939 3940 1072 3994 erga
1110 3924 1442 3994 ﬁgmentum
1489 3923 1821 3987 humanum,

225 4014 377 4087 quod
400 4019 725 4085 proponunt
742 4018 872 4067 ante
888 4018 1246 4083 conspectum
1262 4012 1383 4079 Dei,
1401 4018 1459 4066 et
1473 4012 1829 4067 intercedunt

222 4110 291 4158 ut
307 4107 617 4175 provocent
635 4102 1101 4172 benignissimum
1133 4101 1499 4167 Salvatorem,
1518 4118 1590 4156 ne
1606 4102 1830 4156 deserat

220 4208 406 4262 genus
433 4191 749 4245 humanum
776 4196 1007 4261 propter
1032 4196 1260 4261 peccata
1287 4190 1559 4261 ipsorum.
1576 4190 1685 4244 Sed
1716 4207 1829 4243 ma-

223 4282 314 4351 gis
327 4285 601 4334 moneant
616 4295 747 4334 eum
762 4280 833 4333 ad
853 4279 1283 4349 indulgentiam,
1305 4284 1362 4333 et
1379 4279 1450 4332 ad
1470 4295 1640 4349 opera
1654 4278 1832 4351 ipsius

1909 3220 2310 3294 perversiorem
2331 3215 2591 3288 superadj
2601 3214 2714 3276 icit,
2734 3212 2871 3267 nihil
2892 3212 3043 3266 aliud
3066 3226 3237 3281 quam
3265 3210 3510 3282 lapidem

1907 3328 2076 3383 super
2105 3308 2347 3380 lapidem
2397 3305 2573 3376 ponit.
2602 3302 2711 3358 Sed
2752 3302 2811 3356 in
2859 3300 3242 3355 destructione
3293 3299 3511 3355 miserae

1909 3398 2170 3462 civitatis,
2203 3410 2374 3466 super
2399 3392 2643 3463 lapidem
2669 3390 2813 3462 lapis
2839 3406 2953 3444 non
2986 3389 3345 3461 relinquitur,
3380 3388 3514 3459 quia

1908 3504 2036 3542 cum
2064 3487 2136 3540 ad
2165 3484 2436 3539 ultionem
2467 3480 2641 3534 divini
2669 3478 2941 3533 examinis
2970 3478 3158 3531 anima
3190 3477 3385 3531 infelix
3413 3476 3513 3530 du-

1909 3576 2074 3636 citur,
2103 3572 2286 3628 omnis
2311 3587 2375 3625 ex
2405 3586 2472 3623 ea
2497 3568 2771 3622 malarum
2794 3567 3197 3637 cogitationum
3226 3570 3514 3620 structura

1910 3663 2246 3735 dissipatur;
2280 3665 2338 3713 et
2361 3664 2479 3711 tota
2515 3662 2649 3711 tunc
2696 3655 3009 3709 vastabitur
3044 3654 3240 3708 civitas
3285 3652 3508 3739 mentis,

1911 3769 1975 3807 ac
2004 3752 2051 3806 si
2082 3752 2139 3805 in
2177 3748 2438 3803 vastitate
2466 3744 2675 3807 hostili,
2708 3761 2835 3798 cum
2865 3743 3071 3797 misera
3100 3743 3216 3796 suis
3242 3741 3514 3795 destituta

1909 3839 2172 3913 operibus
2214 3839 2273 3891 in
2319 3841 2559 3890 mortem
2606 3834 2844 3887 ducetur
2878 3832 2950 3886 ab
2995 3831 3269 3892 hostibus,
3311 3828 3512 3900 quibus

1908 3931 1968 3985 in
1999 3931 2110 3984 vita
2140 3927 2358 3999 captiva
2410 3924 2554 3978 male
2585 3922 2829 3977 servivit.
2861 3921 3020 3977 Unde
3057 3920 3189 3991 quia
3237 3918 3511 3974 Dominus

1909 4020 1983 4074 ad
2037 4024 2284 4072 montem
2332 4012 2534 4070 Oliveti
2583 4016 2864 4083 properat,
2909 4016 2967 4064 et
3010 4025 3195 4064 sermo
3241 4006 3511 4080 prolixior

1913 4113 2016 4173 est,
2075 4122 2240 4178 quem
2292 4104 2352 4158 in
2402 4119 2468 4156 eo
2519 4101 2818 4155 habiturus
2874 4104 2960 4154 est
3014 4114 3141 4153 cum
3198 4097 3334 4162 suis,
3377 4094 3514 4167 quia

1914 4214 2044 4251 eum
2059 4194 2287 4249 omnino
2299 4191 2619 4247 rescindere
2634 4206 2746 4244 non
2762 4193 2887 4254 θα
2898 4195 2957 4254 3
2969 4191 3208 4259 Oportet,
3229 4185 3325 4240 sed
3343 4184 3511 4238 simul

1915 4284 2183 4357 quidquid
2206 4283 2263 4336 in
2287 4298 2352 4336 eo
2374 4279 2753 4335 sacratissimo
2778 4284 2967 4332 monte
2993 4278 3213 4331 locutus
3243 4279 3346 4340 est,
3379 4289 3509 4345 per-

221 4369 325 4423 Dei
350 4369 515 4422 valde
527 4368 804 4431 miranda,
821 4384 989 4438 quam
1012 4368 1083 4421 ad
1102 4367 1682 4433 iracundiam,992
1701 4383 1825 4438 pro-
1844 4390 1895 4449 D
1914 4367 2289 4423 tractandum.
2321 4366 2453 4421 Ideo
2487 4364 2717 4419 tandem
2766 4361 3046 4416 finiendus
3094 4360 3254 4426 liber,
3293 4374 3364 4412 ne
3411 4361 3512 4410 aut

222 4463 354 4529 pter
381 4457 714 4528 iniquitates
742 4473 958 4524 eorum,
985 4462 1051 4511 ut
1075 4456 1400 4511 destruatur
1422 4457 1696 4527 templum
1726 4455 1827 4510 Dei
1910 4458 2016 4512 iste
2059 4455 2393 4511 extendatur
2430 4459 2488 4508 et
2531 4456 2798 4523 gravetur
2836 4450 3072 4520 legentis
3124 4448 3365 4513 animus,
3406 4450 3512 4499 aut

222 4546 353 4612 vivi,
387 4552 448 4601 et
492 4546 786 4616 redigatur
812 4544 883 4599 ad
930 4545 1189 4600 nihilum.
1218 4546 1377 4600 Unde
1407 4545 1642 4600 sollicite
1673 4544 1828 4615 cogi-

223 4641 349 4690 tare
365 4641 593 4707 oportet
608 4635 884 4707 templum
901 4634 1061 4702 illud,
1083 4635 1234 4707 quod
1257 4635 1532 4690 semelest
1559 4635 1631 4689 ad
1646 4634 1831 4689 solum

1912 4562 2097 4600 sermo
2118 4544 2234 4611 ille,
2267 4543 2417 4614 quod
2446 4558 2560 4597 non
2585 4540 2862 4611 congruit,
2885 4539 3185 4593 dividatur.

234 4780 3498 4808 Μ

1313 4892 1721 4958 PROLOGUS
1764 4894 1983 4955 LIBRI
2026 4893 2430 4956 UNDECIMI.

299 5189 461 5245 Inter
488 5188 607 5243 alta
634 5187 861 5244 silentia
902 5187 1101 5252 cordis,
1131 5192 1188 5242 et
1234 5187 1682 5258 negotiosissima
1707 5204 1833 5242 mo-

224 5279 460 5333 nasticae
500 5277 807 5349 disciplina:
827 5276 957 5335 otia.
987 5294 1089 5331 nos
1117 5276 1211 5347 qui
1239 5277 1440 5331 divinis
1467 5276 1835 5346 astringimur

224 5369 395 5434 votis,
437 5383 511 5422 ne
543 5368 663 5421 sine
691 5367 876 5422 fructu
906 5371 1127 5421 aitemae
1155 5364 1641 5436 contemplationis
1670 5364 1833 5420 otiosi

225 5456 611 5522 inveniamur,
644 5453 887 5529 optabile
933 5454 1071 5508 satis
1107 5453 1268 5508 nobis
1320 5469 1442 5508 esse
1479 5452 1646 5507 debet
1694 5452 1835 5507 illud

228 5545 469 5599 Catonis
495 5544 834 5615 exemplum,
866 5542 1108 5597 maxime
1150 5543 1288 5597 mihi
1318 5543 1440 5598 seni
1468 5542 1517 5597 si
1555 5543 1697 5597 forte
1728 5560 1834 5597 un-

230 5647 408 5703 quam
437 5649 504 5687 ac
531 5648 661 5686 vere
687 5632 898 5703 possim
927 5632 1131 5701 dicere,
1165 5631 1315 5703 quod
1338 5631 1458 5703 ipse
1489 5632 1612 5700 jam
1666 5647 1835 5687 senex

1919 5188 1989 5242 de
2016 5203 2082 5242 eo
2103 5185 2325 5257 scripsit
2353 5184 2449 5256 qui
2477 5183 2771 5238 Africanus
2799 5180 3014 5255 primus
3048 5180 3361 5251 appellatus
3391 5185 3509 5248 est;

1919 5280 1978 5329 et
2008 5275 2089 5328 ait
2115 5273 2263 5345 quod
2284 5268 2488 5327 solitus
2516 5276 2664 5325 esset
2699 5271 2903 5336 dicere,
2936 5284 3225 5339 nunquam
3252 5269 3299 5322 si
3325 5269 3513 5323 minus

1917 5364 2157 5418 otiosum
2198 5379 2317 5417 esse
2341 5377 2511 5434 quam
2539 5376 2667 5414 cum
2703 5361 2936 5426 otiosus,
2974 5374 3077 5412 nec
3102 5357 3288 5412 minus
3327 5359 3511 5413 solum

1917 5469 2085 5526 quam
2132 5468 2259 5505 cum
2287 5451 2439 5506 solus
2477 5456 2642 5505 esset.
2669 5450 2804 5514 Quae
2833 5447 3103 5503 nimirum
3150 5464 3253 5502 vox
3298 5447 3511 5518 magni-

1916 5544 2021 5597 ﬁca
2058 5553 2161 5605 est,
2187 5540 2387 5596 fratres
2432 5540 2563 5607 mei,
2597 5545 2655 5594 et
2681 5539 2796 5593 viro
2823 5554 3026 5608 magno
3055 5553 3121 5592 ac
3146 5537 3386 5608 sapienti
3424 5535 3509 5588 di-

1914 5647 2054 5703 gna;
2087 5630 2185 5686 sed
2218 5630 2359 5685 nulli
2388 5629 2568 5699 magis
2596 5644 2767 5699 quam
2796 5625 2955 5680 nobis
2992 5626 3280 5681 monachis
3306 5624 3507 5677 decens
