3872 6158
189 332 195 338 .
257 291 363 361 ηε.
1015 292 1073 357 s.
1115 288 1492 357 BASCHASII
1530 288 1847 357 meum

1929 289 2235 359 ABMTIS
2272 289 2778 361 ΟΟΒΒΕῙΕΝείΒι
3436 287 3539 355 796

254 422 313 485 et
357 410 794 489 remeassem.
822 417 957 487 Quae
993 414 1241 483 declarat
1280 413 1450 471 talem
1509 418 1846 491 tantumun
1863 417 1913 489 Α
1931 414 2125 483 dicunt
2152 420 2354 479 etcum
2379 414 2865 485 aliiscommuais.
2883 429 3010 486 qua
3037 414 3232 483 omnis
3251 414 3538 486 quomodo

253 504 460 571 virum,
491 512 549 561 et
578 506 637 561 in
681 508 795 565 otio
823 507 894 560 de
940 506 1176 577 negotiis
1218 504 1374 563 bonae
1406 504 1529 565 vitae
1558 504 1848 575 cogitasse,
1936 504 2039 571 sibi
2101 505 2341 572 vicissim
2379 506 2813 571 communicant,
2846 508 3034 575 σε..
3082 510 3146 571 ut
3189 503 3345 573 dicat
3385 520 3537 573 unus

258 598 316 657 et
349 594 408 655 in
436 595 738 661 solitudine
765 612 955 649 secum
1007 594 1157 665 loqui
1190 592 1351 657 utilia
1374 593 1600 653 solitum
1659 592 1849 659 fuisse,
1935 611 2060 659 cum
2093 594 2291 659 altero,
2318 594 2402 661 vel
2427 611 2553 651 cum
2584 593 2823 661 duobus,
2854 609 2955 647 seu
2983 609 3109 655 cum
3142 591 3347 658 tribus.
3381 592 3538 661 pium

257 699 439 754 neque
460 701 702 747 cessasse
724 700 969 755 unquam
999 683 1069 737 de
1099 682 1258 737 bonis
1292 681 1731 753 necessariisque
1763 699 1853 735 re-
1937 688 2023 739 est
2037 700 2176 754 opus
2204 683 2557 750 considerare
2587 688 2644 739 et
2662 682 2998 752 investigare
3023 681 3376 751 singulorum
3404 697 3537 751 pro-

258 770 361 827 bus
388 773 653 847 cogitare.
677 773 898 837 Quanto
921 771 1105 842 magis
1125 788 1245 837 nos,
1266 770 1605 833 charissimi,
1635 776 1857 841 oportet
1937 772 2223 843 prietates,
2258 772 2315 839 in
2344 788 2453 840 quo
2497 787 2608 837 non
2639 771 2893 839 modicus
2918 776 3004 835 est
3032 770 3248 835 fructus
3293 767 3535 840 laboris,

258 876 545 931 nunquam
578 876 813 923 cessare,
848 860 905 915 in
934 860 1068 922 otio,
1096 876 1165 921 ne
1184 860 1374 923 divina
1396 859 1724 929 cogitemus,
1758 860 1855 931 qui

256 948 577 1011 cwlestibus
611 948 1001 1019 mancipamur
1048 948 1386 1022 disciplinis:
1423 963 1711 1019 nunquam
1753 963 1856 1013 nos

255 1037 402 1095 solos
431 1052 550 1105 esse
591 1037 650 1091 in
705 1037 1025 1104 solitudine,
1059 1037 1154 1109 qui
1194 1052 1415 1106 semper
1442 1042 1500 1093 et
1538 1035 1855 1107 ubicunque

256 1140 443 1179 coram
463 1125 578 1181 Deo
601 1142 892 1185 versamur
962 1128 1033 1181 In
1063 1142 1169 1195 quo
1196 1128 1453 1187 vivimus,
1478 1141 1779 1188 movemur,
1806 1132 1854 1180 et

255 1228 447 1267 sumus
478 1213 617 1283 (Act.
661 1229 795 1279 xvn,
824 1212 909 1279 ‘28)
946 1232 957 1265 :
992 1230 1296 1284 coramque
1335 1214 1487 1267 omni
1536 1213 1854 1285 frequentia

257 1317 631 1371 supernorum
650 1302 875 1367 civium,
898 1319 968 1357 ne
984 1302 1127 1367 forte
1145 1301 1441 1370 derideant
1465 1302 1653 1369 hostes
1673 1303 1849 1357 nostri

256 1388 490 1458 sabbata
518 1398 730 1457 nostra,
764 1391 810 1445 si
833 1391 1024 1462 aliqua
1055 1391 1210 1459 hora,
1239 1407 1350 1457 non
1396 1391 1576 1447 solum
1624 1392 1852 1449 inutiles

257 1478 432 1534 simus
462 1478 641 1547 nobis,
668 1496 859 1535 verum
881 1480 1049 1547 etiam
1081 1480 1247 1551 (quod
1275 1497 1422 1549 saepe
1442 1480 1743 1551 contigisse
1758 1481 1854 1534 do-

254 1567 483 1631 lendum
516 1573 614 1631 est)
647 1568 942 1638 perniciosi
981 1568 1331 1629 inveniamur
1374 1574 1430 1627 et
1467 1569 1592 1623 aliis
1640 1569 1851 1627 Idcirco

1938 860 2081 925 Quia
2103 860 2160 927 in
2192 859 2281 917 his
2309 859 2448 927 nihil
2476 858 2723 925 invenies
2744 874 2978 925 vacuum
3015 874 3051 913 a
3071 856 3364 928 mysteria,
3398 856 3542 919 nihil

1938 949 2283 1020 superﬂuum
2303 948 2555 1019 nihilque
2571 945 3007 1018 praetermissum
3022 944 3090 999 de
3107 944 3363 1011 doctrina
3384 944 3543 1011 Chri-

1938 1037 2029 1093 sti.
2065 1037 2212 1109 quod
2244 1036 2487 1106 Spiritus
2516 1042 2742 1103 sanctus
2764 1033 3040 1105 judicavit
3076 1032 3237 1099 nobis
3276 1048 3540 1088 necessa-

1935 1126 2083 1181 rium
2115 1125 2291 1194 scire;
2337 1125 2437 1180 sed
2489 1124 2680 1181 omnia
2734 1122 2814 1179 ita
2865 1127 2997 1179 sunt
3035 1127 3315 1189 contexta,
3349 1126 3408 1189 et
3460 1122 3541 1185 ita

1938 1213 2131 1285 ﬁguris
2183 1215 2446 1279 decorata
2480 1219 2770 1285 gestorum
2810 1217 2981 1282 atque
3029 1211 3335 1279 dictorum,
3372 1214 3440 1275 ut
3483 1216 3541 1277 et

1933 1318 2045 1359 una
2072 1302 2241 1361 vestis
2270 1302 2641 1371 inconsutilis.
2672 1303 2900 1368 desuper
2946 1305 3199 1361 contexta
3224 1315 3327 1369 per
3358 1305 3538 1354 totum

1936 1389 2345 1459 (Joan.x1x.‘23i
2374 1390 2647 1453 videatur,
2665 1394 2723 1457 et
2740 1388 2883 1453 mira
2908 1388 3266 1462 pulchritudo
3297 1404 3537 1461 operum

1933 1480 1989 1534 in
2020 1479 2274 1551 singulis,
2302 1496 2367 1533 ac
2416 1479 2704 1550 multiplex
2737 1477 2947 1535 variata
2991 1477 3405 1549 sententiarum
3438 1477 3538 1543 llo-

1933 1568 2089 1637 ribus
2118 1574 2395 1623 cernatur.
2432 1568 2496 1624 In
2525 1566 2727 1640 quibus
2772 1582 2881 1623 non
2914 1565 3150 1633 historia
3197 1572 3423 1637 tantum
3454 1572 3537 1623 te-

256 1655 407 1709 inter
447 1656 691 1723 conﬁnia
729 1657 938 1725 ultimae
984 1657 1128 1721 vitae,
1175 1664 1239 1712 ut
1284 1674 1432 1730 saepe
1485 1658 1696 1715 dictum
1741 1664 1845 1727 est,
1869 1725 1906 1731 _
1932 1658 2099 1727 igitur,
2134 1675 2289 1725 more
2318 1674 2512 1722 eorum
2539 1657 2892 1715 solummodo
2932 1656 3141 1729 quires
3176 1664 3371 1731 gestas
3398 1672 3535 1724 nar-

257 1744 493 1809 decrevi,
533 1744 886 1815 hortantibus
926 1745 1098 1808 vobis,
1131 1750 1189 1803 et
1224 1725 1380 1817 inter
1401 1763 1650 1811 recessus
1681 1725 1849 1809 inter—
1869 1725 1913 1791 Β
1932 1763 2059 1803 rare
2084 1725 2408 1818 probentur,
2441 1746 2537 1805 sed
2569 1746 2757 1815 divina
2786 1725 2976 1811 rerum
3007 1725 3280 1816 mysteria
3313 1744 3434 1815 suis
3477 1744 3534 1799 in

257 1833 413 1901 dum,
457 1835 786 1901 solitudines
830 1835 1038 1895 silentii
1080 1836 1277 1907 nostri,
1317 1841 1659 1909 pertractare
1710 1853 1850 1911 opus

257 1922 406 2001 quod
428 1924 748 1993 omiseram,
773 1924 1038 1999 vobisque
1069 1925 1206 1995 illud
1235 1941 1561 1989 consecrare
1594 1925 1846 1987 devotus.

256 2010 415 2067 Unde
444 2028 581 2083 rogo,
634 2012 1057 2083 diligentissime
1085 2013 1401 2083 consideret
1442 2014 1846 2089 unusquisque,

255 2104 321 2157 ut
344 2100 464 2169 jam
494 2117 665 2172 supra
692 2102 906 2166 monui,
940 2102 1217 2172 quomodo
1246 2102 1454 2175 singuli
1486 2103 1852 2175 evangelista-

254 2190 381 2243 rum
408 2206 575 2257 suum
606 2196 925 2267 temperant
944 2191 1218 2265 ordinem,
1250 2197 1314 2247 ut
1343 2209 1537 2257 omnes
1565 2208 1738 2245 unum
1771 2191 1851 2253 di-

258 2283 407 2347 cant,
451 2282 507 2339 et
543 2279 928 2350 unusquisque
964 2297 1157 2343 eorum
1184 2280 1393 2351 aliquid
1429 2280 1716 2355 proprium
1746 2281 1848 2349 ha-

258 2365 405 2432 beat,
450 2366 582 2427 licet
631 2368 773 2437 alius
814 2369 1174 2439 excellentius
1212 2369 1269 2431 in
1322 2370 1510 2439 aliquo
1561 2369 1843 2439 loquatur,

257 2453 401 2521 alius
456 2471 585 2513 vero
638 2454 986 2522 submissius,
1040 2474 1236 2525 omnes
1284 2463 1474 2517 tamen
1521 2463 1578 2527 et
1621 2457 1849 2531 propria

1932 1836 2066 1895 locis
2109 1836 2461 1901 ordinantur,
2493 1851 2559 1888 ac
2588 1834 2635 1891 si
2661 1850 3015 1905 gemmarum
3047 1833 3532 1904 interpositiones,

1932 1924 2025 1979 ubi
2058 1924 2140 1991 vel
2170 1924 2261 1978 ubi
2294 1925 2535 1997 Spiritus
2554 1930 2781 1991 sanctus
2808 1922 3063 1985 eamdem
3085 1928 3297 1989 vestem
3321 1921 3537 1991 Christi

1933 2030 2201 2083 exornare
2231 2013 2491 2081 decrevit.
2528 2013 2661 2083 Quze
2710 2012 2836 2067 ideo
2865 2018 2999 2083 sunt
3039 2012 3110 2083 ad
3142 2012 3372 2085 plenum
3404 2027 3534 2082 Per-

1933 2102 2253 2173 scrutanda,
2277 2108 2342 2173 ut
2360 2108 2417 2156 et
2441 2118 2637 2159 sensus
2663 2101 3014 2175 singulorum
3037 2100 3153 2171 suis
3183 2099 3537 2173 intelligatur

1933 2192 1991 2247 in
2020 2191 2171 2254 locis,
2208 2197 2265 2259 et
2292 2191 2478 2263 unitas
2507 2190 2679 2261 totius
2709 2189 3093 2263 intelligentiae
3125 2205 3225 2265 per
3258 2188 3536 2259 Spiritum

1933 2286 2208 2351 sanctum.
2236 2280 2364 2349 hinc
2405 2279 2554 2351 inde,
2579 2296 2645 2345 ac
2673 2278 2719 2341 si
2745 2277 2815 2343 ah
2845 2294 2957 2343 uno
2986 2278 3140 2351 fonte
3161 2277 3390 2353 diffusa,
3420 2292 3535 2345 non

1931 2374 2346 2441 corrumpatur,

1429 2741 1720 2813 LIBER
1757 2740 2348 2815 UNDECIMUS.

326 2994 407 3067 De
436 2998 684 3069 sessione
704 2996 912 3065 Christi
933 2997 992 3067 in
1023 3001 1214 3069 monte
1242 2996 1443 3051 Oliveti
1464 2997 1707 3069 primum
1735 3004 1848 3052 tra-
1864 3001 1907 3068 β
1931 2998 2200 3066 quamvis
2227 2998 2376 3063 enim
2396 2998 2465 3065 de
2492 2998 2597 3061 hoc
2622 2997 2718 3062 alii
2738 2997 2903 3063 aliter
2929 2996 3194 3063 sentiant,
3210 3010 3315 3061 nos
3334 2998 3529 3061 tamen

255 3083 518 3155 ctandum
568 3090 670 3147 est,
706 3085 892 3154 sicque
918 3083 1180 3156 deinceps
1228 3085 1487 3143 eumdem
1529 3102 1846 3153 sermonem

251 3170 459 3241 ibidem
487 3175 756 3244 prolixius
782 3174 1261 3246 interrogantibus
1278 3175 1563 3247 discipulis
1594 3174 1846 3243 habitum

253 3276 357 3330 per
385 3268 571 3334 partes
590 3262 1190 3333 disserendum.Quem
1212 3279 1528 3335 sermonem
1551 3265 1846 3331 Matthaeus

255 3355 310 3421 et
361 3351 575 3423 Marcus
604 3363 773 3423 atque
803 3354 999 3423 Lucas,
1035 3352 1143 3409 nisi
1183 3352 1239 3409 in
1268 3352 1479 3424 paucis,
1517 3369 1629 3423 uno
1654 3370 1846 3425 prose-

255 3444 507 3509 quuntur
524 3447 740 3505 tenore,
764 3442 894 3512 quia
911 3442 968 3512 in
987 3459 1050 3505 eo
1081 3457 1287 3511 magna
1302 3439 1569 3511 divinitus
1590 3442 1847 3515 pandunr

254 3530 348 3599 tur
377 3536 747 3593 sacramenta.
770 3531 838 3585 Et
859 3531 983 3585 ideo
1017 3531 1183 3599 (sicut
1209 3546 1377 3602 quam
1397 3547 1542 3601 saepe
1557 3530 1685 3595 dixi)
1709 3530 1845 3605 nihii

252 3622 418 3689 vacat
447 3634 482 3687 a_
500 3620 785 3690 mysterio,
818 3636 929 3683 non
951 3625 1192 3690 tempus,
1212 3636 1324 3693 non
1344 3620 1499 3685 ordo,
1526 3636 1639 3691 non
1669 3620 1841 3687 locus,

250 3722 363 3778 non
384 3706 629 3775 habitus,
652 3725 763 3773 non
789 3709 948 3777 situs,
970 3726 1070 3779 nec
1097 3725 1443 3781 quaecunque
1468 3708 1525 3779 in
1556 3725 1621 3763 eo
1657 3715 1847 3781 monte

251 3794 535 3865 dicuntur.
580 3798 856 3867 Quoniam
898 3798 1041 3869 sicut
1070 3798 1275 3867 eximia
1328 3803 1477 3855 sunt.
1518 3813 1639 3869 quae
1678 3812 1849 3870 supra

245 3883 366 3953 jam
404 3884 463 3943 in
492 3884 602 3956 alio
640 3892 832 3957 monte
870 3886 1076 3951 docuit,
1108 3892 1277 3958 atque
1308 3884 1648 3957 ineffabilia:
1683 3884 1763 3937 ita
1791 3889 1849 3945 et

249 3971 377 4043 ista,
403 3979 468 4027 ut
490 3973 571 4028 ita
596 3975 793 4039 fatear,
815 3975 985 4045 etiam
1010 3984 1067 4047 et
1108 3974 1377 4045 nonnulla
1407 3973 1645 4039 obscura
1673 3978 1730 4027 et
1758 3972 1846 4025 in-

250 4063 792 4133 comprehensibilia.
828 4064 933 4135 Ubi
971 4065 1090 4137 ipse
1139 4080 1299 4125 mons
1345 4079 1458 4127 non
1504 4063 1684 4138 solum
1716 4061 1849 4135 quia

250 4164 413 4203 mons
442 4156 547 4215 est,
571 4168 766 4221 verum
822 4153 993 4217 etiam
1041 4153 1175 4224 quia
1230 4169 1391 4225 mons
1422 4152 1643 4225 Oliveti,
1675 4149 1730 4227 id
1762 4156 1847 4223 est

249 4235 502 4307 luminis,
536 4238 760 4309 dicitur,
795 4239 865 4292 ad
895 4240 1168 4295 orientem
1216 4240 1366 4309 illius
1416 4240 1675 4315 civitatis,
1710 4238 1845 4292 inef-

1928 3087 2273 3153 testimamus
2286 3087 2432 3157 quod
2457 3086 2602 3141 sicut
2621 3086 2691 3141 de
2708 3085 2876 3151 terris
2893 3084 2962 3139 ad
2979 3085 3147 3149 caelos
3167 3082 3529 3150 ascendit,ita

1924 3176 2086 3247 juxta
2112 3193 2300 3242 vocem
2332 3175 2661 3245 angelorum
2680 3174 2750 3233 de
2770 3174 2908 3231 caelo
2927 3172 2997 3239 ad
3027 3178 3237 3239 terram
3254 3178 3530 3239 venturus

1930 3264 2022 3331 sit,
2056 3281 2121 3321 ac
2150 3264 2424 3335 judicium
2455 3264 2513 3317 in
2559 3269 2711 3331 terra
2753 3268 3102 3332 peracturus.
3134 3260 3202 3325 Et
3257 3260 3381 3327 ideo
3412 3274 3528 3327 non

1930 3353 2211 3421 immerito
2240 3360 2471 3424 putatur
2493 3353 2768 3422 judicium
2813 3368 2878 3407 eo
2921 3351 2977 3404 in
3009 3351 3128 3419 loco
3158 3349 3437 3419 futurum,
3468 3347 3529 3418 in

1932 3460 2042 3513 quo
2073 3448 2228 3509 actor.
2254 3443 2379 3496 vita;
2408 3441 2767 3509 adiudicatus
2788 3440 2960 3507 estad
2982 3444 3241 3507 mortem,
3276 3444 3340 3503 ut
3370 3437 3427 3511 in
3460 3452 3528 3505 eo

1929 3533 2048 3586 1000
2078 3530 2353 3601 excipiant
2373 3529 2530 3599 impii
2575 3536 2632 3595 et
2657 3533 2974 3598 peccatores
2996 3527 3338 3595 sententiam
3369 3525 3529 3595 dam-

1928 3620 2192 3687 nationis,
2217 3620 2312 3689 qui
2332 3634 2555 3688 semper
2586 3618 2908 3684 maluerunt
2937 3632 3266 3686 permanere
3292 3616 3351 3683 in
3378 3631 3527 3683 mor—

1928 3714 2064 3763 tem.
2099 3708 2256 3775 Unde
2276 3708 2345 3775 ad
2378 3707 2625 3771 litteram
2653 3705 2927 3779 prepheta
2955 3704 3209 3771 fortassis
3230 3702 3529 3774 dicit,quia

1928 3798 2256 3865 Egrcda'etur
2280 3797 2572 3859 Dominus,
2604 3799 2652 3849 at
2667 3796 3024 3862 przh'abitur
3051 3797 3246 3861 contria
3270 3797 3529 3861 gentes,“

1928 3887 2151 3939 stabunt
2175 3886 2327 3953 pedes
2355 3887 2470 3952 eius
2498 3898 2661 3951 super
2674 3888 2913 3949 montem
2928 3881 3219 3951 Olioqrum
3240 3882 3315 3951 ad
3334 3882 3530 3949 Orien-

1931 3979 2036 4033 tem
2062 3973 2247 4039 (lacti.
2273 3987 2381 4037 xw,
2408 3972 2458 4041 ii,
2482 3970 2562 4039 4);
2598 3971 2730 4042 quia
2756 3970 2826 4039 de
2855 3970 2970 4035 illo,
3000 3971 3095 4042 qui
3126 3972 3317 4037 lumen
3346 3970 3530 4043 inter-

1929 4066 2201 4132 pretatur,
2229 4067 2418 4131 monte
2450 4060 2601 4123 venit
2629 4060 2700 4127 ad
2744 4060 3081 4131 passionem,
3116 4060 3186 4125 de
3216 4075 3329 4130 quo
3359 4059 3529 4131 paulo

1930 4157 2057 4221 post
2084 4150 2337 4219 ascendit
2355 4150 2424 4217 ad
2458 4150 2639 4225 locum
2672 4148 2809 4207 lucis
2834 4155 2891 4209 et
2917 4148 3129 4219 gloriae,
3161 4148 3257 4218 qui
3284 4154 3370 4217 est
3396 4163 3529 4214 vera

1931 4240 2025 4307 lux
2071 4239 2287 4307 mundi,
2320 4243 2377 4292 et
2419 4254 2580 4305 mons
2609 4238 2858 4307 elevatus
2886 4236 2942 4290 in
2976 4237 3240 4305 verticem
3271 4237 3528 4305 omnium

250 4320 418 4389 fahile
447 4324 697 4391 continet
725 4327 1342 4393 sacramentum.Nam,
1375 4328 1697 4396 egrediente
1714 4328 1847 4397 Jesu
1867 4326 2227 4409 Qmontium.
2259 4328 2339 4403 Ac
2384 4343 2484 4397 per
2514 4326 2618 4393 hoc
2661 4343 2774 4395 non
2804 4327 3111 4397 incongrue
3139 4326 3365 4395 dicitur,
3394 4327 3531 4396 quia

250 4410 321 4475 de
367 4412 598 4482 templo,
624 4414 777 4473 etde
826 4413 921 4469 illa
956 4414 1302 4481 Hierusalem
1347 4421 1590 4481 terrena,
1640 4416 1847 4487 relictis

251 4500 457 4554 Iudaeis
480 4506 538 4553 et
583 4518 889 4573 synagoga,
922 4502 1172 4569 ascendit
1196 4519 1365 4572 super
1394 4503 1663 4577 eumdem
1687 4520 1846 4575 mon-

250 4592 386 4648 tem,
411 4589 467 4642 in
489 4605 598 4659 quo
626 4590 904 4660 frugifera:
924 4597 1117 4658 θαι-ί
1144 4592 1279 4645 oleae
1310 4592 1572 4662 plantatze
1602 4600 1847 4657 erant,et

248 4676 579 4747 plantantur
609 4679 884 4750 quotidie;
928 4681 984 4734 in
1015 4680 1215 4751 quibus
1270 4686 1477 4744 noster,
1512 4681 1643 4751 quia
1681 4681 1843 4734 fracti

249 4775 382 4819 sunt
404 4767 567 4826 rami,
600 4767 847 4821 insertus
871 4774 955 4822 est
982 4770 1240 4823 oleaster.
1272 4771 1335 4825 In
1358 4786 1467 4840 quo
1490 4786 1624 4823 sane
1652 4775 1840 4822 monte

251 4857 309 4905 et
335 4852 405 4907 de
452 4870 561 4924 quo
592 4856 817 4910 veniens
871 4858 1142 4913 Dominus
1190 4859 1257 4912 ad
1290 4858 1627 4931 passionem,
1663 4857 1844 4927 oravit

249 4941 320 4995 ad
350 4941 603 5010 Patrem;
630 4952 686 4997 et
707 4944 835 4999 inde
857 4963 1068 5013 rursus,
1088 4948 1317 5018 expletis
1348 4947 1608 5000 omnibus
1638 4954 1842 5000 nostrae

248 5030 654 5101 redemptionis
674 5034 1057 5098 sacramentis,
1081 5036 1149 5088 ad
1168 5037 1333 5089 cmlos
1350 5034 1621 5097 ascendit,
1641 5042 1697 5088 et
1718 5035 1842 5087 ideo

250 5118 328 5188 ibi
358 5120 520 5195 plura
549 5121 617 5176 de
636 5121 839 5189 tuturis
871 5123 1137 5193 praedicit,
1160 5141 1259 5201 nec
1284 5124 1567 5199 immerito
1598 5123 1843 5199 quando-

252 5207 497 5283 quidem,
522 5210 654 5285 quia
682 5210 843 5285 (sicut
871 5210 1031 5285 multi
1059 5211 1347 5289 doctorum
1376 5213 1628 5285 tradunt)
1663 5212 1730 5289 ad
1753 5211 1842 5283 fu-

249 5301 440 5373 turum
459 5298 731 5375 judicium
749 5299 1146 5371 peragendum,
1172 5300 1843 5377 ibidescensurusestlto-

251 5384 936 5465 minus,quemadinodurn
952 5385 1021 5458 ab
1041 5389 1253 5467 angelis
1265 5376 1590 5467 praedictum
1614 5396 1699 5465 est
1713 5376 1843 5461 apo-

253 5473 409 5550 stolis
424 5482 479 5529 et
489 5474 871 5553 praedicatum.
890 5474 981 5551 ἐς
993 5482 1181 5547 veniet,
1193 5476 1473 5555 inquiunt,
1492 5480 1844 5557 quemadmo-

253 5564 388 5639 dum
414 5564 629 5643 vidistis
648 5582 773 5643 cum
794 5566 1170 5646 ascendeniem
1199 5568 1264 5645 in
1290 5569 1493 5645 coelum
1519 5569 1651 5647 Vict.
1683 5565 1838 5645 1,11).

1930 4417 2083 4485 venit
2100 4417 2156 4470 in
2171 4421 2420 4485 montem
2444 4415 2662 4485 Dliveti,
2682 4421 2738 4483 et
2758 4415 2833 4468 ibi
2849 4416 3083 4481 sedebat
3095 4432 3222 4483 cum
3240 4415 3530 4486 discipulis

1929 4505 2065 4567 suis,
2096 4505 2227 4576 quia
2246 4520 2373 4575 cum
2408 4504 2529 4574 ipso
2558 4512 2614 4559 et
2643 4504 2746 4575 ipsi
2780 4504 2834 4573 in
2862 4504 3075 4573 judicio
3103 4502 3311 4561 sessuri
3337 4504 3533 4577 legun-

1928 4600 2041 4663 tur,
2074 4595 2223 4664 unde
2244 4593 2531 4665 escensuri
2560 4600 2691 4664 sunt
2723 4609 2917 4661 omnes
2941 4594 3102 4663 electi
3126 4593 3195 4659 ad
3228 4594 3413 4663 locum
3445 4609 3532 4648 re-

1928 4684 2077 4753 quiei
2100 4690 2157 4737 et
2172 4683 2394 4753 quietis,
2424 4700 2523 4753 per
2545 4683 2852 4737 Christum.
2879 4682 3153 4752 quimons
3174 4688 3279 4745 est,
3310 4687 3369 4736 et
3396 4698 3530 4734 vera

1925 4768 2146 4837 requies
2175 4769 2513 4821 animarum.
2549 4768 2655 4820 Sed
2687 4771 2744 4819 et
2782 4767 3044 4819 deorsum
3075 4765 3232 4818 vallis
3266 4771 3370 4828 est,
3405 4780 3529 4835 qua

1924 4856 2067 4931 forte
2100 4874 2165 4927 ex
2212 4857 2483 4927 praesagio
2512 4856 2854 4919 futurorum,
2897 4854 3058 4907 vallis
3105 4854 3397 4924 Josaphat,
3439 4854 3529 4906 di-

1924 4945 2069 4997 citur
2094 4951 2151 4997 et
2181 4944 2585 5014 interpretatur
2613 4947 2776 4996 vallis
2798 4944 3026 5010 judz‘cz’i.
3061 4943 3206 4996 Nam
3240 4959 3339 5012 per
3370 4958 3531 4995 mon-

1924 5039 2038 5085 tem
2069 5032 2417 5102 signiﬁcatur
2448 5032 2709 5094 Ecclesia,
2735 5048 2857 5101 qua:
2881 5047 3107 5084 sursum
3143 5047 3271 5084 cum
3299 5031 3528 5084 Christo

1926 5137 2228 5197 ascensura
2258 5126 2361 5185 est,
2397 5126 2453 5193 et
2483 5137 2582 5201 per
2617 5120 2812 5191 vallem
2865 5119 3061 5201 iudicii
3103 5120 3341 5191 societas
3394 5136 3529 5193 per-

1925 5209 2189 5291 ditorum,
2264 5208 2319 5262 ui
2350 5209 2406 5263 in
2430 5208 2640 5283 judicio
2665 5208 2939 5277 damnati,
2972 5208 3039 5261 ad
3095 5208 3208 5285 ima
3246 5225 3372 5277 cum
3419 5224 3527 5261 suo

1926 5297 2125 5351 capite.
2162 5227 2404 5351 digbolo.
2437 5297 2490 5350 id
2522 5302 2607 5350 est
2658 5298 2725 5351 ad
2757 5297 2984 5351 inferos.
3013 5297 3335 5351 descensuri
3367 5304 3525 5351 sunt.

1926 5297 2125 5377 capite.
2162 5297 2404 5371 diabolo,
2437 5297 2490 5350 id
2522 5302 2607 5350 est
2658 5298 2725 5367 ad
2757 5297 2984 5376 inferos,
3013 5297 3335 5375 descensuri
3367 5304 3525 5368 sunt.

1924 5387 2042 5461 Nec
2085 5387 2366 5461 immerito
2411 5386 2609 5461 igitur,
2640 5403 2739 5466 per
2790 5387 2939 5465 hunc
2978 5393 3224 5464 montem
3277 5385 3527 5459 Ecclesia

1923 5477 2267 5553 designatur,
2301 5493 2423 5554 qua;
2470 5476 2707 5553 thronus
2908 5481 3010 5551 est,
3044 5475 3101 5529 in
3143 5491 3254 5571 qua
3305 5475 3528 5551 sedebit

1923 5552 2579 5645 Demieusiiudiceturss
2610 5566 2823 5649 ρτξξβιητ
2848 5552 3299 5655 ’ῼυοιιίευηῖαϋὲ
3328 5572 3521 5641 erant.

3806 0 3823 61 Γ
