3872 6158
217 278 326 351 797
1352 282 1433 345 ΙΝ
1469 282 1809 345 Μ-ΑΤΤΗΕΙ

1896 282 1920 337 ζ.
1956 312 2022 331 η-
2061 284 2201 351 LI].
2240 285 2338 351 XI,
2380 286 2539 353 CAP.
2585 288 2783 355 XXIV.
3392 287 3499 349 798

212 408 319 481 qui
336 423 449 477 non
473 407 735 479 credunt,
760 413 819 479 et
848 411 969 481 jam
993 407 1231 481 iudicati
1258 413 1413 471 sunt,
1455 413 1513 464 et
1544 407 1641 465 alii
1682 410 1878 475 eumA
1965 410 2241 485 Quoniam
2277 412 2451 469 multi
2476 414 2695 469 venient
2723 416 2789 469 in
2822 416 3048 475 nomine
3090 431 3228 481 ineo,
3257 417 3495 475 dicentes

212 495 417 567 quibus
447 495 509 553 in
529 497 745 573 judicio
766 497 1043 568 iudicabit
1089 497 1248 565 alios,
1282 503 1338 552 et
1384 496 1479 552 alii
1520 496 1616 571 qui
1655 497 1810 567 judi-
1894 500 2036 567 quod
2066 516 2158 566 ego
2186 515 2312 555 sum
2340 501 2611 565 Christus,
2643 507 2692 555 et
2727 506 2928 557 multo:
2957 504 3226 558 seducent.
3254 503 3363 567 Qui
3388 521 3495 559 ειμι

210 584 377 643 candi
403 591 557 652 sunt,
590 587 650 643 in
696 586 900 658 quibus
929 586 1153 641 admisti
1186 592 1351 645 erunt
1381 586 1540 641 electi
1564 603 1691 639 cum
1724 603 1811 639 re-

207 674 420 746 probis.
467 675 567 734 sed
608 675 768 732 electi
816 676 885 731 ad
922 692 1089 733 suum
1135 675 1471 744 eolligentur
1520 680 1705 745 caput,
1759 679 1815 729 et

208 764 610 839 transplantati
635 781 699 818 ac
717 764 765 819 si
795 764 952 821 oliva
972 764 1268 834 frugifera,
1295 763 1626 821 radicabunt
1645 761 1816 833 Stipra

205 860 484 917 montem,
517 869 641 923 quae
678 859 764 913 est
797 853 1057 918 Ecclesia,
1083 857 1279 927 93a
1307 858 1364 907 et
1394 852 1711 913 firmabitur
1731 868 1816 907 ra-

206 941 330 997 dice
377 942 687 1007 charitatis,
733 959 801 997 ne
858 942 1007 999 ultra
1064 942 1273 999 moveri
1319 942 1524 1014 possit;
1575 958 1815 1012 quarum

205 1031 446 1101 singulae
473 1031 691 1101 possint
714 1031 929 1087 dicere:
961 1033 1070 1100 Ego
1108 1037 1296 1086 autem
1327 1035 1468 1087 sicut
1508 1034 1653 1085 oliva
1692 1033 1815 1098 fru-

205 1122 409 1187 ctifera
436 1124 497 1174 in
526 1122 683 1175 domo
714 1121 806 1174 Dei
832 1122 993 1175 (Psat.
1021 1134 1094 1183 LI,
1125 1120 1237 1188 10).
1273 1120 1387 1176 Nec
1416 1119 1646 1177 dubium
1679 1120 1815 1191 quin

204 1208 265 1262 in
296 1208 405 1267 hoc
436 1214 628 1265 monte
657 1208 940 1267 Olivarum
987 1209 1084 1279 qui
1124 1214 1209 1265 est
1257 1209 1532 1273 Christus,
1566 1210 1811 1279 primum

201 1297 382 1359 fuisse
431 1314 777 1371 synagogam
816 1298 1150 1369 plantatam,
1186 1298 1371 1369 ibique
1410 1298 1708 1362 radicasse,
1744 1299 1812 1353 de

205 1403 323 1458 qua
354 1387 623 1447 nimirum
660 1387 820 1441 fracti
849 1395 981 1443 sunt
1010 1387 1173 1447 rami,
1198 1394 1253 1443 et
1284 1388 1477 1442 inserti
1508 1395 1641 1442 sunt
1668 1388 1813 1441 olea-

202 1475 311 1539 stri
338 1476 400 1535 in
425 1476 545 1535 loco
567 1492 871 1539 ramorum,
898 1476 993 1548 qui
1025 1493 1088 1531 ex
1119 1476 1450 1530 inﬁdelitate
1468 1483 1600 1531 sunt
1628 1476 1808 1530 fracti.

202 1565 272 1619 In
304 1566 468 1635 cujus
499 1565 789 1625 cacumine
831 1552 1054 1625 montis.
1093 1582 1156 1620 ac
1186 1565 1231 1621 si
1271 1566 1513 1637 agricola
1563 1565 1812 1623 residens

201 1654 503 1720 Dominus,
532 1654 881 1710 Accesserant
901 1656 974 1708 ad
988 1672 1114 1711 eum
1135 1657 1396 1729 discipuli
1408 1660 1604 1709 secreto
1634 1657 1815 1711 dicen-

1893 593 2009 643 tem
2037 588 2149 641 sint
2175 588 2266 643 isti
2309 588 2470 645 multi
2504 590 2597 659 qui
2631 591 2851 645 venturi
2890 592 3156 647 dicuntur
3183 593 3240 651 in
3271 594 3498 649 nomine

1898 677 2126 740 Christi,
2160 694 2271 731 non
2312 678 2448 733 satis
2480 687 2733 749 apparet.
2767 681 3042 744 Quoniam
3073 682 3217 739 sicut
3262 682 3499 739 historia

1896 766 2199 821 lectionum
2220 767 2562 831 manifestat,
2594 785 2703 823 non
2726 770 2888 824 multi
2912 770 3139 833 fuerunt
3163 771 3419 829 homines
3437 772 3497 826 in

1897 859 2147 924 tempore
2168 856 2568 929 apostolorum,
2600 857 2698 927 qui
2724 874 2784 912 se
2813 858 3050 913 christos
3080 876 3200 913 esse
3229 860 3492 925 dixerint,

1897 943 2004 997 nisi
2033 943 2175 998 forte
2205 944 2517 1003 Dosithaeus
2545 947 2876 1007 Samaraeus,
2895 956 2952 1002 et
2973 947 3166 1002 Simon
3190 950 3401 1018 Magne,
3426 950 3495 1003 de

1898 1050 2007 1102 quo
2029 1033 2085 1087 in
2104 1032 2336 1087 Actibus
2362 1035 2743 1103 apostolorum
2764 1036 2988 1099 dicitur,
3013 1036 3162 1106 quod
3190 1053 3251 1091 se
3269 1038 3368 1092 Dei
3391 1038 3497 1099 vir-

1897 1129 2075 1177 tutem
2116 1139 2376 1195 magnam
2418 1140 2539 1179 esse
2583 1124 2998 1194 pronuntiabat.
3027 1125 3238 1185 Tamen
3267 1126 3497 1182 fuerunt

1899 1213 2060 1267 multi
2118 1212 2381 1276 hrcretici,
2425 1213 2521 1283 qui
2576 1212 2715 1267 forte
2761 1213 2819 1273 in
2853 1214 3077 1271 nomine
3125 1214 3333 1279 Christi
3368 1214 3496 1272 ideo

1893 1306 2188 1363 venerunt,
2221 1301 2353 1373 quia
2392 1301 2704 1355 doctrinam
2737 1301 2943 1356 Christi
2998 1319 3058 1356 se
3094 1302 3301 1367 habere
3340 1304 3494 1361 dice-

1894 1390 2048 1449 bant,
2082 1397 2135 1445 et
2166 1390 2220 1445 in
2252 1392 2373 1459 ejus
2407 1390 2634 1445 nomine
2661 1390 2989 1445 asserebant
3013 1392 3209 1457 multa,
3235 1395 3403 1446 etiam
3432 1409 3496 1453 se

1894 1480 2128 1534 virtutes
2157 1479 2337 1533 facere
2367 1478 2653 1534 mirandas
2702 1479 2860 1535 valde
2906 1480 3413 1549 praemonstrabant
3440 1486 3499 1541 et

1895 1568 2288 1639 praedicabant,
2319 1584 2382 1620 ac
2405 1566 2781 1640 provocabunt
2812 1567 3018 1621 multos
3052 1568 3124 1623 ad
3152 1568 3497 1627 credendum

1896 1674 1963 1713 ea
1992 1675 2112 1728 qua:
2140 1656 2494 1721 dicebantur;
2527 1656 2585 1709 in
2608 1663 2829 1713 tantum
2860 1662 2924 1711 ut
2955 1657 3287 1715 seducerent
3318 1657 3495 1741 pluri-

202 1747 299 1796 τις.
355 1742 460 1798 Ubi
513 1742 953 1803 considerandus
994 1760 1248 1801 necessus
1294 1743 1697 1815 discipulorum
1742 1729 1875 1799 adB
1898 1764 2038 1807 mos,
2073 1752 2125 1801 et
2152 1762 2251 1819 per
2279 1746 2458 1799 varios
2497 1744 2879 1814 dimergerent
2904 1762 3142 1799 errores.
3180 1746 3264 1800 De
3294 1729 3498 1816 quibus

200 1832 420 1897 Iesum,
438 1832 533 1907 qui
562 1849 687 1887 cum
713 1848 777 1886 eo
808 1833 1001 1895 sedere
1026 1832 1307 1897 dicuntur,
1330 1849 1394 1887 ac
1424 1833 1471 1889 si
1506 1833 1563 1887 in
1578 1832 1809 1903 judicio.

197 1921 424 1975 Deinde
456 1921 683 1997 quidam
727 1921 1000 1979 accedunt
1045 1922 1332 1985 Sr'cretius,
1365 1926 1427 1981 ut
1456 1938 1521 1975 ex
1566 1922 1669 1975 hoc
1700 1938 1813 1977 ma-

194 2011 387 2080 jorem
408 2028 469 2069 se
486 2010 691 2066 habere
710 2010 1007 2067 ostendant
1029 2010 1292 2065 fiduciam
1314 2010 1462 2083 apud
1488 2027 1636 2075 eum,
1653 2010 1812 2081 quasi

198 2099 521 2166 domestici,
556 2099 705 2170 quod
753 2099 923 2157 etiam
972 2116 1143 2170 supra
1198 2099 1268 2154 ad
1312 2099 1812 2169 interrogationem

198 2188 606 2259 parabolarum
646 2188 840 2247 fecisse
873 2187 1233 2247 manifestum
1263 2194 1365 2242 est.
1413 2188 1650 2252 Quidam
1686 2205 1812 2243 vero

198 2294 320 2333 non
368 2283 605 2340 secreto,
664 2278 760 2337 sed
809 2277 867 2331 in
918 2278 1215 2335 manifesto
1262 2277 1634 2332 communiter
1683 2294 1812 2331 eum

196 2366 578 2439 interrogant.
610 2366 918 2436 Propterea
947 2365 1197 2427 observa,
1225 2367 1414 2431 lector,
1439 2365 1813 2420 dill‘erentiam

195 2471 402 2510 eorum
436 2454 661 2525 ubique,
684 2455 779 2525 qui
800 2455 1069 2509 accedunt
1099 2455 1171 2508 ad
1202 2470 1211 2491 ι
1241 2456 1506 2510 hristum.
1536 2455 1811 2518 Quoniam

196 2544 371 2598 aliter
404 2543 678 2597 accedunt
708 2542 820 2614 qui,
867 2542 1012 2599 sicut
1056 2542 1323 2597 Pharisaei
1362 2548 1667 2605 tentantes,
1717 2558 1809 2595 ae-

199 2632 437 2697 cedunt,
500 2638 557 2685 et
613 2632 960 2702 interrogant
1016 2630 1265 2702 quolibet
1331 2631 1511 2691 modo,
1581 2646 1693 2687 non
1746 2647 1813 2685 ex

199 2721 340 2783 ﬁde,
372 2736 559 2792 neque
588 2726 789 2792 rogant
821 2727 919 2777 aut
948 2726 1114 2777 orant
1152 2736 1218 2773 ex
1261 2719 1390 2775 ﬁde.
1429 2719 1607 2774 Aliter
1646 2719 1815 2772 inter-

194 2811 338 2864 dum
367 2810 470 2864 alii
489 2809 702 2871 discere
730 2810 1015 2879 cupientes
1047 2815 1305 2883 quaerunt
1334 2815 1391 2864 et
1433 2810 1810 2877 interrogant,

198 2916 506 2970 nunquam
536 2904 728 2959 tamen
765 2905 999 2965 secreto,
1032 2886 1131 2955 sed
1178 2897 1325 2959 infra
1372 2896 1811 2953 multitudinem.

198 2989 391 3043 Aliter
422 3004 572 3049 nunc
599 2988 693 3043 isti
726 2988 991 3059 praecipui
1017 2987 1418 3057 apostolorum,
1446 2987 1646 3041 Petrus
1666 2985 1816 3038 scili-

199 3084 313 3143 cet,
346 3047 590 3131 Iacobus
613 3082 669 3132 et
691 3047 952 3141 Jbannes,
984 3047 1185 3147 quibus
1209 3092 1357 3133 nunc
1379 3075 1548 3135 etiam
1587 3074 1815 3127 additur
1832 3047 1876 3106 C‘

201 3174 261 3222 et
288 3167 572 3231 Andreas.
608 3166 675 3223 Et
704 3165 833 3227 ideo
860 3165 990 3241 quia
1020 3164 1209 3233 magni
1233 3170 1367 3221 sunt
1397 3163 1490 3236 qui
1519 3163 1810 3229 accedunt,

1894 1836 2137 1890 Joannes
2172 1835 2227 1889 in
2256 1835 2503 1906 Epistola
2533 1851 2633 1887 sua
2663 1834 2817 1895 dicit,
2855 1834 2999 1889 sicut
3023 1834 3261 1895 audistis
3290 1853 3301 1887 :
3335 1836 3499 1890 Anti-

1895 1924 2130 1977 christus
2168 1926 2364 1989 veniet,
2401 1940 2553 1979 nunc
2588 1928 2775 1976 autem
2820 1924 3153 1977 Antichristi
3189 1925 3326 1990 [acti
3364 1928 3497 1987 sunt

1894 2016 2063 2065 multi
2091 2014 2137 2078 (Ι
2160 2014 2319 2066 Joan.
2347 2028 2401 2076 II,
2444 2011 2524 2071 l8)
2553 2030 2565 2075 ;
2595 2017 2651 2067 et
2692 2012 3069 2067 Antichristus
3100 2011 3195 2083 qui
3225 2016 3494 2077 venturus

1894 2102 2117 2163 dicitur.
2150 2117 2316 2172 quem
2353 2118 2411 2155 se
2439 2100 2613 2154 alium
2644 2117 2765 2155 esse
2799 2117 2966 2172 quam
2994 2100 3279 2155 Christum
3314 2100 3492 2157 Deum

1894 2190 2145 2245 dicturus
2167 2190 2287 2247 est?
2308 2188 2381 2243 Et
2402 2190 2549 2243 ultra
2576 2206 2742 2243 omne
2763 2206 2969 2243 nomen
2993 2189 3142 2260 quod
3162 2189 3370 2243 dicitur
3410 2188 3494 2243 vel

1896 2280 2239 2340 nominatur,
2274 2279 2617 2332 elevaturum
2644 2294 2724 2339 se,
2749 2278 3037 2351 Scriptura
3058 2283 3220 2339 teste.
3245 2294 3500 2351 pronum.

1895 2369 2086 2422 tiatur.
2105 2368 2259 2425 Unde
2280 2368 2326 2421 si
2355 2367 2513 2421 multi
2522 2368 2641 2436 jam
2662 2372 2794 2422 sunt
2814 2367 3148 2431 antichristi,
3172 2366 3321 2437 quod
3343 2366 3497 2433 aliud

1896 2457 2003 2511 diei
2036 2463 2270 2527 possunt
2297 2473 2423 2511 cum
2456 2473 2556 2509 suo
2605 2457 2807 2526 capite,
2842 2472 3009 2527 quam
3041 2455 3499 2527 pseudochristi?

1895 2546 2025 2616 quia
2053 2545 2318 2599 contrarii
2340 2552 2472 2599 sunt
2494 2545 2733 2607 Christo,
2761 2544 2891 2617 quia
2921 2544 3167 2617 profecto
3186 2560 3351 2611 omne
3380 2561 3499 2598 ver-

1893 2634 2049 2696 bum,
2085 2634 2233 2704 quod
2276 2650 2311 2687 a
2345 2634 2577 2688 veritate
2616 2639 2942 2687 extraneum
2973 2639 3060 2693 est
3090 2639 3146 2699 et
3184 2633 3433 2689 alienum
3463 2649 3499 2687 a

1896 2723 2024 2787 ﬁde,
2061 2730 2117 2776 et
2136 2722 2335 2779 asserit
2354 2739 2413 2777 se
2444 2739 2563 2777 esse
2606 2721 2832 2781 verbum
2866 2722 2985 2787 Dei,
3023 2721 3155 2791 quid
3184 2720 3337 2783 aliud
3367 2736 3499 2787 eum

1898 2811 2135 2866 dicimus
2160 2827 2328 2881 quam
2353 2811 2747 2867 antichristum
2780 2810 2944 2865 esse?
2981 2810 3049 2864 Et
3078 2809 3204 2863 ideo
3235 2809 3367 2880 quia
3395 2808 3498 2862 hoc

1898 2917 2073 2955 unum
2105 2900 2332 2957 verbum
2364 2907 2450 2957 est
2500 2916 2713 2963 verum,
2747 2899 2793 2953 si
2839 2898 2986 2969 quod
3039 2897 3192 2953 aliud
3224 2902 3309 2951 est
3349 2897 3499 2968 quod

1898 2990 2104 3045 dicitur
2132 2996 2328 3044 contra
2358 2989 2665 3053 Christum,
2712 2988 2803 3058 qui
2850 3004 2978 3041 eum
3018 2993 3207 3064 portat
3245 2986 3305 3051 in
3331 2987 3498 3040 corde

1899 3096 2020 3139 suo,
2047 3081 2177 3149 jure
2207 3085 2261 3133 et
2292 3078 2411 3153 ipse
2441 3078 2645 3133 dicitur
2683 3076 3068 3143 antichristus.
3106 3076 3173 3131 Et
3208 3075 3335 3139 ideo
3375 3077 3497 3145 jam

1898 3168 2061 3222 multi
2105 3174 2379 3223 venerunt
2425 3173 2481 3222 et
2541 3166 2759 3220 venturi
2799 3174 2932 3223 sunt
2976 3163 3403 3237 pseudochristi,
3441 3163 3500 3216 in

200 3271 425 3327 magna
450 3260 505 3308 et
526 3270 648 3324 quis
678 3254 1029 3327 interrogant
1058 3270 1169 3317 non
1194 3254 1319 3307 ﬁcto
1341 3252 1526 3313 corde.
1560 3252 1657 3306 sed
1683 3251 1816 3322 quia
1898 3256 2105 3311 Christi
2138 3257 2381 3319 nomine,
2409 3262 2465 3311 et
2491 3256 2695 3313 Irnultos
2724 3255 3071 3319 seduxerunt
3097 3270 3132 3311 a
3169 3253 3297 3315 ﬁde,
3324 3258 3379 3307 et
3407 3269 3499 3306 se-

197 3349 428 3404 terrere
462 3342 704 3414 perculsi
746 3358 812 3407 et,
860 3342 1043 3399 verbis
1100 3340 1341 3405 Domini.
1378 3340 1527 3395 aliud
1576 3357 1676 3411 pl‘O
1706 3340 1814 3392 alio
1898 3348 2122 3401 ducent.
2146 3346 2450 3415 Propterea
2478 3350 2666 3398 monet
2680 3350 2737 3398 et
2764 3343 2929 3399 dicit:
2978 3344 3148 3396 Videte
3169 3358 3235 3395 ne
3266 3345 3389 3411 quis
3408 3357 3500 3397 vos

196 3432 575 3495 aestimantes,
600 3431 795 3489 dicunt
814 3431 899 3491 ei:
931 3432 1030 3493 Dic
1056 3432 1207 3487 nobis
1237 3430 1457 3499 quando
1488 3430 1595 3482 ha’c
1613 3434 1804 3484 erunt.
1895 3437 2130 3488 sedarat.
2171 3435 2253 3488 Ne
2282 3434 2517 3505 quilibet
2547 3433 2710 3486 fallax
2750 3431 3135 3502 ignorantibus
3168 3437 3498 3501 suggereret

198 3522 342 3585 Q1138
364 3532 501 3577 sum
532 3527 720 3577 autem
749 3520 885 3582 haec.
921 3537 1042 3591 quae
1074 3519 1233 3592 quasi
1266 3517 1702 3573 demonstrative
1725 3517 1812 3570 in-
1897 3523 2219 3583 falsitatem,
2255 3529 2311 3575 et
2337 3538 2406 3577 ne
2436 3522 2571 3574 ﬁdes
2604 3527 2755 3575 recta
2790 3520 3055 3590 pestifero
3088 3519 3379 3581 mendacio
3406 3519 3500 3585 de-

198 3609 537 3683 terrogant?
566 3608 671 3665 nisi
701 3626 767 3664 ea
788 3609 856 3663 de
889 3608 1090 3680 quibus
1124 3624 1294 3683 supra
1326 3623 1513 3663 coram
1554 3605 1815 3660 omnibus
1897 3613 2045 3667 trahi
2076 3617 2282 3683 posset.
2311 3610 2618 3665 admonitio
2646 3609 2721 3679 pii
2755 3609 3008 3678 Magistri
3038 3607 3338 3681 praecessit.
3384 3608 3501 3662 Nec

198 3699 446 3763 dixerat,
492 3714 605 3754 non
645 3698 817 3755 stabit
862 3698 950 3752 hic
1006 3700 1165 3766 Lapis
1202 3712 1375 3765 supra
1414 3697 1671 3767 lapidem,
1717 3698 1817 3762 qui
1898 3702 2002 3754 hoc
2034 3700 2257 3770 quidem
2289 3698 2421 3755 solis
2445 3698 2580 3751 dicit
2617 3696 2902 3765 apostolis,
2947 3695 3043 3748 sed
3075 3694 3335 3755 omnibus
3382 3694 3501 3759 suis

200 3804 320 3842 non
340 3789 688 3851 destruatur.
711 3787 842 3845 lnde
864 3787 1069 3871 quippe
1089 3786 1436 3849 occasionem
1457 3789 1818 3855 sumpserunt
1899 3807 1998 3860 per
2018 3788 2454 3859 eosquicunque
2472 3785 2647 3839 futuri
2662 3772 2797 3843 sunt
2827 3783 3077 3847 membra
3092 3783 3297 3847 Christi
3321 3799 3499 3854 usque

200 3876 622 3949 interrogandi,
644 3881 702 3930 et
721 3876 887 3943 simul
916 3876 1027 3937 tria
1046 3876 1418 3944 interrogant,
1444 3874 1668 3944 quando
1691 3872 1817 3925 Hie-

200 3966 459 4031 rusalem
498 3965 839 4023 destruenda
864 3965 956 4029 sit,
983 3970 1037 4020 et
1068 3964 1257 4019 omnia
1286 3980 1408 4033 quae
1454 3963 1509 4019 in
1542 3979 1608 4016 ea
1631 3967 1812 4027 erant,

201 4056 294 4111 vel
338 4071 454 4125 quo
482 4054 542 4115 in
573 4060 821 4125 tempore
850 4053 967 4124 ipse
1013 4070 1207 4111 rursus
1258 4058 1523 4111 venturus
1561 4052 1634 4105 sit
1660 4051 1817 4105 Chri-

203 4151 349 4207 stus,
370 4143 457 4199 vel
480 4143 704 4215 quando
724 4142 1131 4205 consummatio
1154 4142 1336 4196 saeculi
1368 4141 1441 4196 sit
1470 4141 1684 4195 futura.
1710 4140 1817 4205 Qui

202 4248 325 4287 non
352 4232 537 4295 solum
558 4232 659 4293 hoc
682 4231 967 4289 addiscere
993 4231 1205 4293 volunt,
1231 4230 1453 4302 quando
1476 4229 1815 4284 destruenda

204 4322 301 4387 sit,
337 4336 535 4387 verum
569 4320 740 4377 etiam
796 4320 1019 4389 signum
1070 4320 1341 4375 adventus
1371 4320 1491 4389 ejus
1532 4324 1809 4393 quaerunt,

1898 3879 1955 3932 in
1978 3880 2144 3935 ﬁnem
2188 3876 2393 3931 saeculi.
2424 3876 2825 3939 Verumtamen
2848 3873 2963 3926 haec
2985 3873 3144 3943 signa
3165 3876 3218 3925 et
3239 3871 3351 3927 alia
3376 3888 3498 3941 quae

1898 3974 2228 4038 sequuntur,
2281 3982 2345 4019 ex
2393 3965 2487 4021 illo
2522 3965 2643 4034 jam
2680 3968 2933 4035 tempore
2976 3966 3267 4031 coeperunt
3305 3964 3497 4041 θπδ

1898 4072 2039 4127 pene
2070 4072 2178 4125 quo
2207 4054 2399 4109 futura
2448 4069 2569 4106 esse
2611 4051 2890 4121 dicuntur.
2930 4051 2997 4104 Et
3035 4049 3159 4102 ideo
3208 4047 3340 4118 quia
3388 4048 3500 4123 tria

1900 4145 2242 4214 qumsierunt
2275 4142 2536 4217 apostoli,
2562 4140 2784 4211 quando
2820 4137 3160 4201 destruenda
3184 4142 3335 4205 esset
3365 4136 3498 4207 Hie-

1901 4234 2165 4291 rusalem,
2198 4232 2346 4285 unde
2376 4237 2501 4284 orta
2530 4236 2615 4283 est
2645 4228 2817 4302 ipsius
2849 4226 3305 4297 interrogationis
3337 4242 3498 4281 oeca-

1898 4324 2004 4388 sio;
2035 4328 2091 4374 et
2117 4322 2339 4393 quando
2371 4320 2487 4390 ipse
2518 4327 2785 4387 venturus
2805 4324 2953 4385 esset
2980 4336 2992 4383 ;
3027 4317 3110 4369 vel
3140 4316 3267 4383 ﬁnis
3289 4315 3495 4373 saeculi.

204 4422 264 4464 et
284 4410 516 4485 signum
546 4408 1045 4469 consummationis
1067 4409 1231 4463 simul
1254 4408 1457 4465 saeculi.
1484 4408 1628 4471 Quia
1654 4415 1812 4479 puta-
1832 4402 1877 4459 Ι)
1897 4413 2201 4487 PrOpterea
2229 4409 2591 4480 quaerendum
2615 4416 2718 4473 est,
2739 4414 2929 4471 utrum
2955 4406 3022 4463 ad
3055 4406 3171 4460 haec
3197 4405 3307 4475 tria
3338 4404 3500 4475 signa

203 4498 366 4563 bant,
401 4504 466 4551 ut
496 4497 751 4550 homines
784 4498 931 4567 quod
976 4514 1087 4550 non
1134 4503 1264 4550 ante
1294 4497 1633 4550 destruenda
1666 4503 1813 4550 esset

205 4603 383 4658 quam
414 4586 536 4658 ipse
566 4603 760 4649 rursus
786 4592 843 4640 et
866 4586 990 4643 ﬁnis
1021 4586 1206 4640 saeculi
1240 4585 1471 4649 veniret,
1501 4593 1557 4638 et
1594 4602 1808 4656 qurere-

203 4676 349 4741 bant
379 4676 426 4729 si
449 4675 592 4731 forte
614 4674 805 4751 templi
826 4675 1132 4733 destructio
1158 4674 1380 4743 signum
1402 4674 1671 4727 adventus
1694 4677 1813 4743 ejus

203 4771 361 4825 esset
382 4771 438 4821 et
459 4763 958 4829 consummationis
980 4763 1185 4819 saeculi.
1219 4761 1493 4827 Quoniam
1519 4764 1635 4816 haec
1655 4761 1817 4815 multi

202 4852 535 4917 credebant,
571 4852 668 4911 sed
695 4852 917 4927 quando
944 4852 1134 4915 futura
1161 4858 1369 4919 essent,
1402 4852 1625 4923 penitus
1655 4852 1816 4919 igno-

200 4942 418 5003 rabant
467 4958 683 5007 omnes,
715 4930 771 4995 et
825 4941 1091 5012 ignorant
1136 4941 1316 4995 adhuc
1367 4941 1549 4994 hodie.
1604 4940 1816 5005 Quibus

200 5030 558 5105 respondens
586 5031 748 5085 Jesus
767 5029 908 5095 dixit
924 5029 1005 5093 eis
1033 5049 1047 5082 :
1094 5031 1263 5082 Videte
1293 5046 1356 5084 ne
1376 5033 1499 5097 quis
1524 5046 1613 5082 ros
1626 5034 1745 5097 ξιξ
1763 5034 1813 5109 ᾳ

201 5121 452 5178 seducet,
486 5119 620 5191 quia
648 5120 872 5189 signum
902 5118 1229 5191 quaerebant
1274 5118 1544 5183 adventus
1585 5118 1725 5186 ejus,
1762 5123 1818 5169 et

200 5208 375 5269 multi
422 5208 827 5278 pseudochristi
859 5207 916 5260 in
975 5207 1201 5283 nomine
1234 5208 1374 5277 ejus,
1410 5206 1625 5265 venturi
1654 5212 1831 5259 erant,

200 5296 263 5361 in
300 5296 534 5360 mundo,
569 5296 665 5367 qui
695 5296 855 5367 signa
885 5295 1151 5363 facerent,
1182 5301 1245 5348 ut
1287 5295 1476 5357 Simon
1512 5296 1723 5363 Magus,
1758 5299 1814 5345 et

201 5383 310 5447 alii
345 5402 358 5436 :
392 5391 690 5460 propterea
722 5384 1007 5457 praestruit
1054 5401 1167 5449 eos,
1214 5390 1268 5437 et
1314 5383 1487 5436 dicit:
1536 5385 1703 5444 Videte
1749 5399 1815 5435 ne

203 5476 341 5545 quis
364 5490 562 5539 eorum
587 5490 678 5529 eo:
724 5476 943 5543 seducet
983 5490 1086 5559 per
1113 5473 1277 5557 signa
1314 5478 1371 5539 et
1407 5472 1663 5546 prodigia
1692 5488 1813 5544 quae

203 5562 527 5641 requiritis.

1896 4518 2017 4570 quae
2045 4500 2383 4567 dinumerat.
2416 4498 2757 4568 pertineant,
2780 4513 2843 4563 ac
2873 4496 3095 4566 singula
3125 4493 3240 4563 suis
3262 4492 3498 4563 singulis

1895 4589 2180 4649 reddenda
2209 4587 2321 4657 sint
2348 4586 2620 4656 partibus.
2639 4584 2913 4649 Quoniam
2939 4583 3089 4635 aliud
3114 4588 3199 4634 est
3222 4580 3498 4651 excidium

1898 4678 2049 4731 illius
2081 4677 2295 4730 miserae
2315 4674 2575 4743 civitatis,
2600 4680 2657 4725 et
2679 4673 2833 4726 aliud
2863 4672 3135 4725 adventus
3154 4671 3275 4743 ejus
3301 4672 3358 4735 in
3381 4685 3501 4729 cor-

1902 4782 2034 4836 pore
2065 4782 2164 4818 suo
2197 4764 2344 4839 quod
2383 4768 2469 4815 est
2499 4760 2774 4826 Ecclesia;
2798 4760 2853 4813 in
2878 4776 3043 4843 quam
3075 4758 3144 4829 ab
3168 4758 3328 4811 initio
3345 4756 3498 4835 ﬁdei,

1901 4870 2075 4924 usque
2106 4854 2173 4906 ad
2207 4848 2395 4919 finem,
2431 4850 2618 4921 venire
2647 4866 2758 4915 non
2785 4855 2985 4915 cessat,
3036 4854 3093 4901 et
3136 4846 3193 4899 in
3224 4846 3339 4915 suis
3381 4846 3499 4917 ipse

1900 4943 2125 5009 veniens
2164 4942 2504 5012 agnoscitur,
2547 4938 2679 4992 dum
2713 4940 2835 5011 ejus
2874 4936 3121 5011 quotidie
3162 4934 3415 5005 membra
3444 4941 3501 4988 et

1899 5036 2224 5097 nascuntur,
2268 5034 2325 5081 et
2372 5028 2732 5097 colliguntur.
2785 5026 2863 5081 De
2896 5042 3005 5096 quo
3064 5041 3198 5095 sane
3255 5023 3496 5091 adventu

1899 5119 2017 5188 ipse
2048 5119 2128 5171 ait
2160 5136 2171 5170 :
2205 5117 2409 5171 Amodo
2439 5117 2687 5168 ridctn'tis
2718 5117 2901 5182 ﬁlium
2928 5114 3171 5165 hominis
3192 5114 3498 5168 vvczn'entem

1898 5209 1959 5259 in
1980 5202 2791 5283 nubibustlllatth._xxvi,63).De
2809 5202 3010 5283 quibus
3029 5200 3268 5271 nubibus
3287 5199 3499 5269 dictum

1898 5301 1984 5348 est
2010 5310 2110 5364 per
2138 5279 2463 5362 prophetam
2484 5311 2494 5343 :
2512 5293 2780 5347 .lIandabo
2804 5279 3039 5344 nubibus
3059 5292 3191 5342 meis
3211 5305 3277 5341 ne
3294 5290 3499 5357 pluunt

1896 5399 2061 5451 super
2090 5398 2215 5435 eum
2244 5382 2475 5433 imbrem
2510 5383 2617 5449 (1m
2675 5397 2724 5439 ν,
2755 5378 2831 5443 6),
2867 5396 2967 5433 nec
2996 5395 3108 5455 non
3139 5384 3196 5441 et
3225 5393 3257 5431 a
3280 5377 3500 5445 iventus

1898 5472 2039 5541 ejus,
2071 5469 2139 5523 de
2170 5468 2289 5543 ipso
2321 5469 2457 5537 ﬁne;
2484 5468 2707 5539 quando
2738 5475 3007 5539 venturus
3035 5472 3120 5520 est
3137 5466 3395 5537 judicare
3425 5465 3499 5541 vi-

1895 5576 1993 5615 vos
2024 5564 2080 5629 et
2120 5563 2392 5633 mortuos,
2426 5558 2530 5613 hoc
2557 5557 2677 5613 loco
2704 5558 3085 5633 interrogatus
3120 5560 3272 5631 recte
3301 5554 3497 5627 accipi-
