3872 6158
446 296 549 353 799

1210 300 1266 352 S.
1310 298 1689 354 PASCHASII
1731 297 2092 356 RADBERTI
2133 298 2436 385 ADBATIS
2473 293 2965 353 CORBEIENSIS.

3552 294 3629 351 800

438 424 552 487 tur,
585 424 651 475 ut
687 419 767 474 sic
790 420 1051 492 geminus
1099 421 1495 493 distinguatur,
1546 427 1611 477 ut
1647 422 1798 477 aliud
1846 424 1920 478 sit
1961 425 2033 491 ei,
2052 425 2286 487 Acredo
2313 423 2581 496 apostolis
2608 422 2885 478 incertum
2905 420 3091 488 fuisse,
3123 420 3384 491 quodnon
3408 420 3458 474 in
3478 436 3634 475 eorum

440 510 631 564 venire
660 510 721 564 in
748 527 982 582 corpore
1015 527 1136 575 suo,
1178 516 1235 565 et
1266 512 1416 566 aliud
1458 512 1514 566 in
1545 513 1727 584 capite
1759 514 2034 579 Ecclesiae,

446 599 596 669 quod
623 606 709 653 est
744 599 882 670 ipse.
914 600 1021 653 Sed
1052 601 1250 654 horum
1281 600 1591 671 signorum,
1625 603 1755 674 quid
1790 602 2036 657 referen-

444 688 578 742 dum
607 687 681 741 sit
707 689 779 742 ad
811 689 1008 743 horum
1031 689 1223 751 trium,
1247 697 1513 745 utrumne
1539 692 1761 762 singula
1799 692 2037 762 singulis

444 777 837 848 respondeant,
866 793 939 830 an
962 779 1153 831 omnia
1189 779 1259 832 ad
1284 779 1523 851 singula.
1548 781 1805 850 diligenti
1833 781 2037 835 exami-

446 869 674 924 natione
701 869 1167 925 considerandum
1199 878 1303 926 est.
1332 874 1416 927 Ne
1442 874 1587 927 forte
1616 875 1764 945 quod
1793 874 2037 946 pertinet

444 958 515 1011 ad
533 958 876 1012 eversionem
908 959 1279 1027 Hierusalem,
1306 963 1376 1015 ad
1396 963 1563 1017 tinem
1590 964 1776 1018 saeculi
1800 963 2041 1017 referen-

447 1046 579 1100 dum
610 1053 871 1117 putemus
896 1066 907 1111 ;
938 1055 1038 1103 aut
1056 1066 1087 1103 e
1106 1052 1386 1105 contrario
1407 1053 1553 1122 quod
1575 1053 1645 1106 ad
1668 1054 1837 1106 tinem
1854 1053 2040 1106 saeculi

447 1135 709 1205 pertinet,
742 1136 811 1189 ad
840 1136 1115 1191 excidium
1153 1138 1305 1192 illius
1336 1139 1554 1195 miserae
1600 1141 1840 1195 civitatis
1867 1141 2043 1212 perti-

445 1238 599 1291 nere,
650 1225 969 1292 ﬁrmemusi
1003 1232 1103 1279 aut
1130 1226 1278 1297 quod
1307 1228 1552 1297 pertinet
1579 1229 1650 1282 ad
1675 1231 1796 1299 ejus
1833 1230 2043 1283 adven-

444 1316 568 1365 tum
620 1312 679 1367 in
722 1330 953 1384 corpore
1014 1331 1134 1378 suo,
1169 1315 1315 1385 quod
1367 1322 1454 1370 est
1482 1317 1745 1384 Ecclesia,
1789 1318 2042 1372 dicamus

446 1400 730 1472 pertinere
757 1403 828 1456 ad
851 1403 1151 1457 adventum
1190 1405 1576 1470 novissimum,
1603 1407 1824 1478 quando
1855 1417 2045 1461 ventu-

447 1506 545 1544 rus
573 1496 658 1544 est
675 1491 795 1561 ipse
822 1508 922 1561 per
945 1508 1004 1546 se
1034 1493 1129 1563 qui
1158 1498 1244 1547 est
1270 1502 1439 1565 caput
1459 1495 1733 1550 Ecclesiae.
1764 1497 1839 1550 At
1861 1513 1989 1551 vero
2010 1513 2041 1551 e

449 1579 730 1633 contrario
769 1581 917 1650 quod
950 1581 1195 1652 pertinet
1229 1584 1301 1637 ad
1326 1584 1625 1640 adventum
1654 1586 1775 1655 ejus
1806 1585 2041 1639 novissi-

445 1684 602 1723 mum
630 1687 732 1741 per
757 1672 1023 1743 seipsum,
1045 1690 1427 1731 asseveremus
1454 1694 1650 1732 rursus
1669 1678 1740 1731 ad
1765 1694 1893 1731 eum
1919 1693 2042 1747 per-

2118 513 2314 568 diebus
2345 518 2613 568 venturus
2643 516 2790 565 esset
2820 510 3082 565 Dominus
3110 510 3178 563 ad
3202 509 3474 579 judicium;
3500 516 3547 564 et
3566 516 3636 563 ta-

2119 621 2249 658 men
2270 604 2395 675 quis
2419 603 2640 657 dubitet
2663 619 2759 656 eos
2780 607 2838 656 et
2866 600 3178 672 praevidisse
3200 616 3265 653 ne
3283 599 3635 665 seducerentur,

2117 698 2174 747 et
2203 692 2479 763 vigilasse,
2514 696 2573 746 et
2597 706 2848 744 servasse
2875 690 3084 753 omnia,
3131 705 3250 759 qua:
3274 687 3503 741 omnibus
3525 688 3642 742 dicta

2118 786 2269 847 sunt,
2290 786 2354 835 ut
2371 781 2554 852 parati
2574 778 2994 834 invenirentur?
3011 779 3078 833 Et
3104 778 3227 831 ideo
3255 792 3458 847 semper
3480 776 3642 846 duplex

2121 870 2393 924 adventus
2422 869 2629 923 Christi
2658 867 3035 923 observandas
3063 872 3150 920 est
3172 885 3184 932 ;
3205 882 3344 920 unus
3370 864 3561 935 quando
3579 882 3645 916 ve-

2121 960 2257 1025 niet,
2291 964 2348 1013 et
2377 958 2653 1013 rationem
2686 957 2959 1011 reddituri
2979 972 3174 1010 sumus
3201 955 3269 1008 de
3288 953 3518 1007 omnibus
3535 969 3646 1022 quae-

2122 1064 2341 1120 cunque
2372 1048 2670 1117 gessimus,
2701 1046 2843 1101 alius
2896 1062 3027 1099 vero
3074 1043 3438 1115 quotidianus,
3472 1042 3647 1113 quando

2123 1138 2492 1193 conscientias
2513 1138 2729 1208 jugiter
2754 1135 2941 1189 visitat
2967 1140 3208 1197 nostras,
3241 1138 3296 1186 et
3322 1131 3388 1185 ad
3409 1147 3496 1184 nos
3517 1130 3646 1187 venit.

2123 1233 2189 1282 ut
2207 1244 2333 1281 cum
2363 1226 2579 1281 venerit
2598 1243 2700 1280 nos
2715 1230 2940 1297 paratos
2972 1220 3383 1285 inveniat.Quid
3407 1220 3537 1273 enim
3560 1235 3653 1290 pro-

2124 1317 2250 1372 dest
2278 1316 2416 1370 mihi
2445 1316 2586 1370 scire
2625 1315 2772 1369 diem
2799 1312 2997 1385 judicii
3024 1317 3310 1366 tantorum
3338 1308 3531 1363 conscio
3555 1324 3653 1378 pec-

2123 1407 2411 1463 catorum?
2452 1406 2512 1461 Si
2550 1405 2822 1460 Dominus
2851 1403 3076 1469 veniat;
3128 1400 3213 1454 vel
3265 1397 3471 1470 quando
3492 1397 3653 1460 veniat,

2124 1496 2234 1551 nisi
2291 1496 2449 1567 prius
2488 1495 2677 1549 veniat
2704 1494 2763 1548 in
2804 1493 3058 1547 animum
3100 1506 3307 1553 meum,
3339 1493 3390 1542 et
3416 1486 3580 1539 redeat
3609 1485 3653 1537 in

2124 1601 2308 1638 meam
2335 1589 2612 1649 mentem;
2639 1582 2746 1637 nisi
2768 1582 2915 1635 vivat
2937 1581 2998 1634 in
3020 1596 3109 1633 me
3139 1577 3404 1640 Christus,
3429 1580 3480 1628 et
3500 1573 3655 1642 loqua-

2124 1678 2220 1727 tur
2255 1673 2313 1727 in
2336 1689 2446 1726 me.
2468 1673 2624 1727 Tunc
2652 1671 2858 1743 quippe
2888 1669 3029 1723 mihi
3047 1667 3192 1722 bene
3222 1664 3382 1725 venit,
3406 1664 3447 1717 si
3474 1662 3600 1732 prius
3614 1661 3656 1713 in

446 1757 629 1814 tinere
657 1761 957 1817 adventum
988 1765 1081 1835 qui
1116 1774 1202 1821 est
1230 1783 1330 1838 per
1358 1784 1583 1821 omnem
1615 1744 1938 1821 Ecclesiami.
1970 1766 2036 1819 In
2060 1744 2102 1803 Β
2124 1779 2215 1816 me
2235 1762 2383 1816 vivat
2408 1762 2685 1828 Christus,
2708 1767 2766 1814 et
2784 1776 2886 1829 ego
2905 1759 2964 1813 in
2988 1759 3131 1829 ipso.
3156 1757 3225 1811 Et
3247 1762 3375 1809 tunc
3402 1750 3521 1805 mihi
3536 1747 3657 1820 quasi

449 1847 652 1917 quibus
680 1851 940 1907 omnibus
970 1861 1103 1909 sunt
1131 1856 1385 1927 quaedam
1430 1856 1745 1922 manifesta,
1781 1854 2040 1926 quaedam

447 1951 578 1991 vero
601 1945 735 1993 sunt
760 1940 1014 2010 obscura,
1043 1950 1106 1999 ut
1133 1944 1473 2000 laboriosum
1501 1930 1575 1999 sit
1602 1961 1668 1999 ea
1688 1945 1771 1999 vel
1797 1953 2041 1998 temera-

449 2026 597 2082 rium
621 2029 963 2100 dijudicare;
996 2038 1054 2087 et
1075 2035 1323 2105 quandiu
1345 2051 1457 2089 non
1486 2034 1879 2105 intelliguntur
1899 2049 2041 2104 prae-

447 2123 840 2188 sumptuosum
878 2122 1037 2176 valde
1067 2129 1171 2190 est,
1211 2125 1422 2195 aliquid
1466 2125 1536 2179 de
1564 2125 1653 2179 his
1683 2123 1937 2178 definire.
1975 2122 2045 2176 Et

447 2204 573 2260 ideo
605 2208 736 2278 quia
782 2210 897 2264 haec
921 2211 1084 2280 signa
1110 2213 1167 2266 in
1207 2213 1310 2267 hoc
1349 2215 1650 2284 Evangelio
1689 2230 1812 2285 qua:
1853 2212 2045 2266 futura

448 2303 769 2363 narrantur,
804 2299 975 2352 etiam
1001 2300 1178 2355 Lucas
1212 2309 1269 2356 et
1300 2304 1520 2357 Marcus
1545 2320 1687 2374 pene
1718 2301 1924 2356 similia
1954 2300 2040 2354 di-

450 2389 601 2450 cunt,
657 2402 769 2440 non
820 2388 971 2441 enim
1009 2389 1330 2460 discrepant
1368 2391 1553 2457 rebus,
1594 2391 1699 2446 etsi
1749 2390 1893 2444 alius
1940 2388 2045 2443 ali-

451 2472 585 2542 quid
615 2475 763 2544 quod
788 2476 933 2530 alius
979 2482 1178 2544 taceat,
1212 2486 1311 2533 aut
1347 2480 1456 2533 alio
1486 2480 1651 2533 modo
1680 2479 1835 2543 dicit,
1863 2478 2044 2548 magis

451 2577 517 2614 ex
536 2562 831 2619 collatione
858 2582 918 2618 se
940 2567 1143 2635 juvant
1166 2568 1236 2621 ad
1267 2568 1521 2634 invicem,
1543 2574 1606 2622 ut
1620 2568 1856 2639 legentis
1876 2567 2044 2621 intel-

450 2649 626 2705 lectus
672 2659 731 2707 et
764 2653 885 2725 ipse
916 2657 1163 2726 juvetur.
1216 2657 1351 2722 Quis
1392 2657 1543 2712 enim
1580 2674 1693 2711 non
1741 2656 1931 2711 videat
1975 2656 2046 2709 ad

449 2738 605 2794 illam
625 2742 907 2798 civitatem
936 2745 1289 2801 Hierusalem
1329 2747 1611 2818 pertinere
1654 2746 1803 2817 quod
1832 2745 2045 2799 dictum

448 2834 535 2883 est
561 2849 577 2883 :
600 2830 737 2886 Cum
756 2840 942 2887 autem
952 2836 1204 2889 videritis
1222 2838 1571 2889 circumdari
1581 2837 1651 2889 ab
1667 2837 1909 2888 exercitu
1924 2835 2046 2888 Hie-

448 2921 715 2987 rusalem,
751 2926 884 2976 tunc
910 2926 1095 2979 scitote
1131 2927 1265 2992 quia
1293 2925 1758 2993 appropinquabit
1787 2924 2045 2976 desolatio

449 3009 586 3074 ejus.
639 3009 781 3062 Item
830 3010 956 3079 quis
986 3027 1100 3065 non
1129 3012 1314 3066 videat
1356 3013 1426 3066 ad
1465 3012 1766 3066 adventum
1820 3010 2045 3065 Domini

2117 1853 2238 1923 jam
2267 1851 2546 1906 secundus
2573 1851 2846 1904 adventus
2860 1847 3031 1913 venit,
3047 1862 3177 1900 cum
3198 1842 3424 1898 defectio
3442 1838 3601 1894 mundi
3616 1838 3657 1890 in

2122 1958 2213 1995 me
2229 1940 2417 2007 fuerit,
2438 1940 2486 2007 si
2514 1938 2793 2011 quomodo
2821 1953 3047 2009 possum
3069 1935 3258 1989 dicere
3283 1951 3294 1985 :
3322 1932 3453 1986 Mihi
3470 1928 3658 1981 mundus

2125 2032 2428 2097 cruciﬁxus
2459 2034 2553 2093 est,
2587 2033 2636 2082 et
2666 2044 2756 2095 ego
2784 2024 3150 2091 mundo(Gat.
3177 2036 3252 2087 vI,
3287 2018 3385 2089 14).
3415 2015 3657 2073 Considera

2123 2125 2323 2187 930
2346 2119 2515 2173 etiam
2533 2118 2638 2172 hoc
2665 2118 2851 2187 ipsum
2880 2113 3031 2186 quod
3059 2112 3196 2167 dicit
3228 2130 3239 2165 :
3269 2111 3403 2178 Quia
3428 2107 3569 2160 multi
3597 2120 3657 2156 re-

2128 2213 2284 2262 nient
2314 2210 2377 2261 in
2408 2209 2633 2261 nomine
2668 2222 2803 2259 meo.
2832 2203 2993 2268 Quod
3024 2216 3232 2256 nomen
3255 2199 3381 2253 licet
3402 2195 3521 2249 falso
3545 2193 3657 2247 solus

2124 2297 2486 2352 antichristus
2546 2295 2796 2365 suscipit,
2847 2298 2905 2347 et
2963 2308 3170 2363 corpus
3218 2291 3336 2360 ejus
3387 2286 3493 2340 sine
3533 2295 3657 2353 Opere

2128 2385 2356 2449 Christi,
2387 2391 2445 2438 et
2464 2384 2584 2437 sine
2605 2382 2772 2436 verbo
2789 2381 3059 2442 veritatis,
3086 2385 3147 2433 et
3161 2378 3281 2432 sine
3295 2372 3541 2446 sapientia
3551 2370 3654 2439 ejus.

2129 2476 2198 2528 Et
2227 2490 2503 2544 nusquam
2534 2472 2782 2526 invenies
2819 2470 3125 2525 Dominum
3165 2468 3224 2521 in
3277 2460 3547 2534 Scripturis
3583 2460 3657 2512 hoc

2128 2564 2249 2634 ipso
2293 2577 2550 2617 sermone
2578 2577 2763 2624 usum,
2798 2564 2862 2613 ut
2890 2558 3126 2621 diceret,
3157 2572 3261 2626 ego
3290 2568 3409 2607 sum
3437 2546 3653 2605 Christus.

2130 2650 2456 2706 Sufﬁciebat
2484 2649 2632 2703 enim
2663 2648 2779 2702 suis
2824 2647 3123 2701 ostendere
3162 2641 3421 2698 doctrinis
3463 2643 3511 2691 et
3528 2635 3656 2689 mira-

2126 2741 2267 2795 culis
2296 2740 2445 2811 quod
2475 2739 2593 2810 ipse
2623 2743 2789 2803 esset,
2832 2736 2963 2808 quia
2991 2752 3137 2806 opus
3165 2731 3345 2787 Patris
3389 2730 3440 2782 in
3468 2742 3523 2781 eo
3547 2728 3653 2784 erat,

2127 2835 2185 2883 et
2212 2846 2396 2883 sermo
2416 2827 2683 2882 doctrinae
2704 2843 2868 2898 quem
2896 2824 3151 2889 docebat,
3181 2828 3239 2876 et
3256 2821 3424 2874 virtus
3443 2816 3655 2874 clamans,

2128 2919 2241 2989 Ego
2284 2934 2410 2971 sum
2435 2917 2710 2980 Christus,
2742 2916 2893 2970 ultra
2923 2929 3097 2985 quam
3132 2912 3180 2966 si
3209 2910 3358 2965 mille
3399 2921 3539 2960 voces
3562 2915 3657 2956 eum

2126 3008 2453 3061 clamarent.
2489 3007 2558 3060 Et
2585 3006 2710 3059 ideo
2739 3021 2888 3069 voce,
2922 3003 3111 3057 nescio
3144 3002 3192 3056 si
3223 2997 3456 3055 invenies
3481 2991 3656 3051 dixisse,

447 3098 642 3159 θῦε)
688 3097 1052 3153 novissimum
1106 3101 1407 3169 pertinere,
1450 3101 1599 3171 quod
1645 3100 1858 3155 dictum
1912 3105 1996 3153 est
2028 3100 2104 3159 :C
2123 3096 2221 3150 sed
2252 3112 2354 3166 per
2379 3111 2551 3166 opera
2586 3094 2770 3148 Patris
2813 3110 2872 3146 se
2900 3090 3172 3156 exhibuit,
3202 3095 3259 3142 et
3285 3103 3380 3159 per
3404 3080 3657 3139 doctrinam

450 3183 869 3249 Uunividcritz's
904 3187 1013 3240 hac
1052 3190 1193 3254 ﬁeri,
1240 3192 1425 3243 scitote
1463 3192 1729 3258 quoniam
1758 3206 1926 3259 prope
1967 3195 2043 3245 cst

448 3286 685 3339 regnum
705 3275 820 3328 Dei.
846 3274 1019 3329 Porro
1045 3277 1193 3346 quod
1213 3277 1424 3331 dictum
1451 3283 1569 3333 est:
1603 3279 1679 3333 Va:
1692 3282 2043 3348 pragnanti—

452 3361 549 3413 bus
581 3366 629 3414 et
656 3366 1035 3418 nutrientibus
1073 3369 1137 3419 in
1172 3368 1290 3421 illis
1326 3369 1532 3433 diebus,
1564 3373 1612 3421 et
1658 3373 1808 3421 orate
1838 3384 1905 3422 ne
1942 3371 2040 3437 ﬁat

446 3450 584 3517 fuga
604 3456 781 3504 vestra
810 3453 983 3506 hieme
1006 3452 1088 3508 vel
1107 3457 1344 3521 sabbato,
1378 3461 1425 3509 et
1458 3460 1564 3509 erit
1589 3462 1721 3511 tunc
1750 3459 2039 3512 tribulatio

445 3554 671 3606 magna,
704 3556 804 3595 seu
827 3547 1028 3603 caetera
1053 3545 1248 3602 (Marc.
1280 3559 1389 3609 xm,
1431 3543 1513 3611 l7,
1547 3543 1654 3614 18).
1689 3546 1780 3600 Sic
1808 3552 1894 3600 est
1937 3563 2038 3617 po-

444 3626 617 3682 situm
646 3629 706 3683 in
743 3629 846 3684 hoc
877 3632 1199 3702 Evangelia,
1242 3641 1300 3687 et
1326 3635 1631 3688 secundum
1674 3636 1942 3700 Marcum,
1976 3640 2040 3689 ut

445 3716 515 3770 ad
537 3724 839 3790 utrumque
867 3721 1085 3792 possint
1112 3722 1325 3789 referri,
1358 3729 1415 3776 et
1443 3724 1514 3777 ad
1542 3725 1714 3777 linem
1751 3724 1959 3790 saeculi,
1982 3730 2039 3778 et

444 3805 515 3858 ad
544 3806 819 3861 excidium
849 3809 1000 3864 illius
1027 3811 1285 3866 civitatis.
1329 3812 1461 3875 Quae
1507 3812 1698 3865 omnia
1727 3829 1828 3866 suo
1856 3813 1915 3866 in
1945 3829 2038 3866 or-

444 3895 575 3949 dine
602 3898 1021 3968 explicabimus.
1057 3900 1190 3965 Qum
1219 3900 1426 3955 idcirco
1454 3901 1524 3955 de
1561 3901 1734 3972 signis
1763 3902 1872 3955 ista
1892 3901 2035 3954 dixi-

442 4000 591 4050 mus,
629 3993 694 4041 ut
720 3988 863 4041 sciat
890 3988 1136 4059 prudens
1165 3990 1393 4044 auditor
1426 3990 1496 4043 ab
1526 3990 1752 4044 exordio
1782 3990 2036 4044 Ecclesiae

445 4075 701 4144 quaedam
725 4083 878 4142 tunc,
901 4078 1158 4148 quaedam
1184 4080 1368 4145 modo,
1397 4096 1621 4150 semper
1637 4086 1828 4133 tamen
1848 4080 2038 4150 aliqua

445 4179 641 4216 eorum
670 4166 989 4235 contigisse.
1024 4168 1094 4220 Et
1137 4168 1263 4222 ideo
1302 4169 1382 4222 ait
1402 4169 1687 4240 apostolis,
1725 4175 1782 4223 et
1814 4186 1915 4239 per
1942 4172 2036 4223 ees

449 4249 708 4304 omnibus
737 4271 749 4305 :
795 4256 963 4307 Videte
993 4272 1059 4308 ne
1084 4259 1208 4323 quis
1232 4272 1321 4309 vos
1348 4260 1565 4311 seducat
1580 4278 1596 4323 ;
1629 4259 1759 4329 quia
1787 4265 1844 4312 et
1869 4259 2036 4312 sedu-

446 4344 628 4393 ctores
657 4355 879 4412 semper
890 4342 1119 4397 fuerunt
1142 4359 1206 4397 ac
1225 4353 1579 4415 corruptores
1600 4364 1748 4402 sanae
1768 4348 2037 4401 doctrinae

446 4444 545 4483 seu
569 4431 841 4485 nonnulla
864 4431 974 4484 alia
997 4449 1119 4502 quae
1143 4441 1477 4502 sequuntur.
1509 4435 1664 4489 Sicut
1696 4443 1754 4490 et
1780 4437 2039 4491 omnibus

445 4518 543 4585 ait,
587 4521 811 4591 quando
839 4521 975 4576 dicit
994 4522 1315 4593 Apostolis:
1369 4524 1615 4592 Vi'gitate,
1646 4528 1779 4593 quia
1822 4527 2040 4580 nescitis

448 4612 593 4664 diem
623 4627 793 4679 neque
830 4612 1025 4665 horam
1068 4612 1276 4676 (Matth.
1310 4626 1456 4679 xx1v,
1506 4610 1619 4682 42).
1667 4614 1808 4668 Cum
1849 4615 2040 4686 itaque

449 4698 711 4753 omnibus
745 4700 911 4766 dicat,
968 4700 1048 4755 sic
1073 4707 1262 4755 tamen
1290 4702 1444 4767 dicit,
1480 4703 1642 4773 quasi
1671 4703 1740 4757 ad
1766 4720 1862 4757 eos
1889 4705 2037 4759 solos

446 4788 770 4861 pertineant
799 4791 895 4861 qui
919 4797 1053 4846 tunc
1078 4798 1257 4858 erant,
1290 4791 1435 4846 sicut
1466 4801 1522 4846 et
1540 4809 1708 4863 quam
1733 4793 1912 4847 multa
1929 4793 2037 4847 alia

448 4894 572 4949 quae
600 4877 659 4931 in
701 4879 1003 4951 Scripturis
1031 4881 1314 4952 leguntur.
1348 4882 1417 4936 Et
1437 4898 1502 4937 eo
1532 4882 1697 4937 modo
1735 4882 1806 4936 ad
1844 4899 2038 4936 omnes

447 4968 735 5040 pertinent
756 4986 879 5040 quae
928 4970 1007 5025 sic
1034 4972 1183 5025 dicta
1221 4977 1370 5038 sunt,
1400 4972 1531 5043 quia
1567 4978 1700 5026 tunc
1740 4970 2037 5041 unicuique

448 5059 635 5114 veniet
656 5059 777 5113 dies
803 5058 1057 5127 ultimus,
1075 5066 1132 5115 et
1151 5061 1278 5115 ﬁnis
1306 5062 1490 5115 saeculi
1510 5061 1733 5133 quando
1750 5060 1878 5115 hinc
1905 5060 2036 5115 exit.

452 5150 522 5204 Et
545 5149 671 5203 ideo
702 5166 927 5204 necesse
954 5158 1039 5206 est
1084 5158 1149 5206 ut
1174 5152 1303 5206 talis
1333 5156 1493 5206 exeat
1540 5152 1647 5212 hic,
1681 5150 1861 5222 qualis
1894 5149 2043 5219 judi-

450 5240 662 5293 candus
690 5245 776 5293 est
798 5239 892 5294 illo
922 5239 1117 5294 die.Ac
1145 5258 1245 5310 per
1273 5241 1376 5294 hoc
1406 5241 1696 5311 providere
1724 5239 1891 5293 debet
1919 5255 2040 5293 om-

451 5328 539 5382 nis
567 5330 753 5396 homo,
786 5346 858 5384 ne
883 5330 1201 5393 seducatur,
1230 5335 1285 5384 et
1314 5330 1541 5399 vigilare
1561 5334 1741 5385 cesset
1768 5345 1839 5382 ne
1867 5329 2044 5399 impa-

451 5414 638 5463 ratum
675 5410 926 5465 inveniat
952 5427 1082 5464 eum
1130 5410 1249 5463 dies
1279 5410 1550 5464 adventus
1603 5410 1845 5464 Domini.
1899 5409 2044 5472 Quia

452 5500 793 5569 imparatum
819 5516 949 5554 eum
975 5499 1224 5553 inveniet
1246 5498 1342 5552 illa
1363 5498 1500 5564 dies,
1521 5515 1688 5571 quem
1701 5499 2041 5570 imparatum

455 5588 730 5643 invenerit
758 5605 871 5644 suae
900 5589 1025 5644 vitae
1050 5589 1283 5644 ultimus
1306 5588 1443 5645 dies.
1474 5589 1843 5660 Nequaquam
1872 5587 2044 5658 igitur

1674 5768 1701 5785 α

2123 3185 2349 3257 pietatis
2378 3203 2391 3252 ;
2424 3201 2591 3256 quam
2622 3180 3029 3255 pseudochristi
3058 3196 3177 3234 non
3207 3177 3479 3237 habentes,
3506 3181 3658 3257 reprOf

2122 3256 2421 3329 mittebant
2448 3290 2507 3328 se
2538 3272 2761 3327 vocibus
2790 3288 2930 3335 esse,
2975 3269 3128 3341 quod
3179 3284 3289 3323 non
3345 3267 3508 3318 erant.
3538 3256 3659 3311 Sicut

2120 3364 2458 3420 Manichacus
2482 3380 2541 3417 se
2558 3378 2679 3416 esse
2702 3361 2906 3415 dixisse
2926 3359 3137 3430 legitur
3161 3356 3427 3430 Spiritum
3451 3352 3657 3405 sanctum

2120 3454 2270 3525 quod
2312 3468 2598 3523 nunquam
2629 3450 2870 3522 Spiritus
2905 3455 3134 3503 sanctus
3166 3447 3295 3501 fecit
3321 3445 3387 3497 de
3412 3457 3483 3504 se,
3517 3446 3659 3503 neque

2120 3545 2179 3598 in
2198 3559 2347 3604 voce,
2370 3557 2552 3612 neque
2572 3541 2629 3593 in
2655 3540 2859 3610 aliqua
2875 3537 3174 3610 prephetia
3204 3534 3597 3619 pragmonstrans
3614 3536 3658 3619 ξε

2121 3633 2179 3686 in
2210 3647 2378 3685 carne
2402 3635 2720 3683 venturum.
2745 3626 2899 3683 Sicut
2930 3626 3230 3689 Simon,de
3251 3640 3356 3695 quo
3378 3632 3531 3689 supra
3552 3612 3655 3666 diXi~

2121 3721 2218 3792 qui
2247 3736 2360 3774 non
2387 3719 2570 3773 solum
2600 3718 2705 3770 hoc
2732 3715 2972 3780 dicebat,
2992 3715 3091 3769 sed
3115 3715 3230 3768 alia
3252 3708 3571 3783 quamplura.
3597 3700 3658 3792 De

2120 3787 2230 3881 quo
2260 3809 2636 3878 Hieronymus
2670 3805 2949 3859 invenisse
2974 3804 3034 3857 in
3059 3802 3220 3857 libris
3249 3800 3363 3855 suis
3387 3787 3659 3893 dicit-quod

2120 3897 2325 3952 dixerit
2361 3914 2373 3950 :
2412 3896 2528 3967 Ego
2557 3912 2683 3949 sum
2727 3909 2912 3948 sermo
2960 3892 3080 3958 Dei,
3119 3908 3223 3963 ego
3253 3904 3375 3944 sum
3404 3893 3653 3973 spec10su§a

2122 4004 2225 4057 ego
2263 3986 2596 4057 paracletus,
2627 4000 2731 4054 ego
2778 3976 3153 4053 omnipotens,
3198 3996 3300 4051 ego
3349 3973 3519 4031 omnia
3561 3968 3652 4057 Del.

2123 4055 2279 4140 Q—uid—
2291 4074 2443 4128 enim
2471 4089 2584 4128 non
2614 4072 2834 4127 dicebat
2861 4071 2958 4143 qui
2992 4073 3096 4125 hoc
3133 4077 3192 4125 et
3224 4074 3311 4123 tot
3337 4057 3568 4120 dicebat?
3592 4055 3656 4108 Ita

2117 4172 2175 4219 et
2197 4169 2399 4219 caetera
2440 4162 2757 4217 antichristi
2788 4160 3061 4222 membra,
3099 4160 3241 4213 nihil
3269 4153 3412 4211 aliud
3439 4162 3580 4222 quam
3613 4156 3656 4194 se

2118 4254 2357 4308 christos
2382 4258 2481 4306 aut
2501 4257 2651 4305 certe
2684 4249 2894 4305 Christi
2918 4248 3242 4303 fatebantur
3261 4243 3509 4301 membra.
3536 4229 3657 4332 llud}!

2118 4359 2222 4397 nec
2252 4341 2457 4395 mirum
2485 4340 2533 4394 si
2562 4340 2779 4411 aliquos
2825 4339 3115 4405 seducant,
3149 4337 3323 4408 signis
3352 4338 3407 4388 et
3441 4324 3659 4411 prodigiis

2122 4430 2459 4495 laborantes,
2493 4446 2623 4484 cum
2656 4408 2944 4483 'Dominus
2996 4427 3149 4482 dicat
3185 4432 3243 4480 et
3288 4422 3481 4478 multos
3528 4408 3657 4467 sedu—

2121 4526 2275 4579 cent.

2193 4611 2465 4666 Audituri
2476 4611 2625 4662 enim
2650 4611 2775 4662 estis
2798 4609 3018 4676 pratia,
3032 4612 3081 4660 et
3094 4608 3372 4675 opiniones
3391 4596 3657 4669 pretiorum

2120 4702 2290 4755 videte
2333 4715 2400 4752 ne
2431 4699 2752 4752 turbemim'.
2789 4697 3003 4765 Oportet
3029 4697 3181 4749 enim
3220 4695 3326 4747 haec
3353 4688 3482 4757 ﬁeri,
3512 4685 3553 4735 ct
3572 4688 3657 4729 non

2118 4792 2309 4843 statim
2339 4791 2488 4855 ﬁnis.
2524 4786 2684 4850 Quod
2708 4786 2899 4854 itaque
2945 4784 3192 4855 signum,
3226 4798 3334 4835 non
3364 4781 3443 4831 est
3477 4771 3657 4862 signat“

2118 4877 2293 4931 futuri
2324 4875 2528 4941 saeculi,
2552 4891 2735 4945 neque
2761 4874 2990 4945 signum
3014 4874 3286 4927 adventus
3315 4862 3521 4924 Christi.
3548 4857 3657 4945 Ωιιίέ

2119 4973 2176 5020 et
2203 4972 2333 5020 ante
2361 4944 2663 5019 adventum
2694 4944 2903 5018 Christi
2933 4968 2990 5017 et
3018 4969 3231 5035 postea,
3260 4973 3381 5013 mox
3398 4944 3658 5008 fueruntet

2121 5056 2315 5109 audita
2342 5059 2476 5108 sunt
2522 5059 2579 5107 et
2604 5053 2725 5107 visa
2767 5053 3065 5107 innumera
3117 5049 3425 5122 praeliorum
3471 5044 3654 5129 genti“:

2124 5143 2269 5197 sicut
2295 5149 2352 5196 et
2380 5141 2789 5214 pseudochristi
2820 5141 2982 5194 multi
3007 5157 3072 5194 eo
3102 5140 3161 5194 in
3188 5145 3429 5207 tempore
3464 5133 3515 5183 et
3541 5123 3660 5214 dein:

2124 5249 2251 5303 ceps
2279 5238 2571 5286 venerunt.
2615 5232 2738 5294 Qua
2784 5231 2853 5284 de
2904 5246 3075 5284 causa
3111 5230 3238 5300 jure
3274 5221 3521 5297 quieritur
3542 5203 3657 5283 quod

2124 5321 2350 5392 signum
2378 5336 2498 5374 esse
2535 5320 2737 5374 debeat
2776 5318 3115 5383 futurorum,
3148 5333 3269 5372 cum
3297 5319 3555 5380 nunquam
3579 5310 3657 5398 pet

2123 5389 2342 5465 diversa
2365 5415 2681 5480 temporum
2708 5408 3003 5462 intervalla
3026 5414 3084 5461 et
3106 5408 3344 5461 locorum
3366 5389 3653 5488 cessaverit!t

2126 5500 2285 5565 bella,
2321 5499 2523 5570 quibus
2545 5499 2664 5568 jam
2695 5503 2849 5551 terra
2894 5496 3136 5551 contrita
3181 5502 3280 5559 est,
3324 5496 3379 5544 et

2123 5567 2434 5644 madefacta
2446 5567 2714 5642 humano.
2732 5585 2851 5642 Etsi
2871 5586 2931 5640 in
2944 5591 3194 5656 tempore
3208 5582 3462 5637 adventus
3481 5567 3648 5625 Christi
