3872 6158
195 277 302 336 801

932 269 1312 328 EXPOSITIO
1351 268 1431 324 IN
1466 266 1911 324 MATI‘HZEUM.
1947 298 2012 311 —-
2041 270 2178 326 LIB.
2221 272 2316 339 XI,
2353 272 2510 331 CAP.
2543 276 2741 331 XXIV.

3364 282 3473 344 802

196 405 512 466 cessarunt,
531 400 891 471 dispensante
904 397 1007 452 Dei
1033 395 1402 468 providentia,
1420 393 1525 448 sub
1542 393 1797 464 Augusto
1814 394 2027 454 Asicut
2055 395 2167 450 duo
2194 402 2326 452 sunt
2348 400 2561 470 populi,
2590 406 2648 456 et
2691 402 2803 457 duo
2854 401 3096 460 diximus
3149 422 3269 461 esse
3296 424 3474 480 regna

197 491 530 552 Octaviano,
562 494 619 544 et
640 488 904 558 deinceps
957 486 1123 557 paulo
1174 488 1301 555 post
1328 487 1394 537 ut
1438 480 1801 552 Evangelium

195 586 327 652 post
351 579 545 634 orbem
578 577 813 632 liberius
840 576 1255 648 praedicaretur,
1280 578 1475 627 tamen
1501 588 1613 625 non
1662 570 1803 625 mul-

197 674 321 723 tum
355 670 542 739 longe,
576 666 827 722 crebrius
881 666 1163 719 Romanas
1198 661 1529 733 provincias,
1551 659 1801 714 barbarae

194 758 459 812 nationes
489 771 893 827 usquequaque
922 755 1308 825 pervaserunt,
1331 751 1475 805 sicut
1488 756 1545 804 et
1560 748 1799 803 Romani

195 847 360 919 prius
391 846 497 901 sibi
526 845 806 911 bellando,
837 859 1060 898 omnem
1079 840 1272 896 orbem
1299 839 1691 910 subjugarunt.
1724 839 1802 892 Ac

195 953 299 1007 per
316 936 424 990 hoc
444 935 550 989 ista
573 933 763 1005 qualia
778 932 1096 987 futurorum
1120 929 1235 984 sint
1248 928 1429 999 signa,
1454 944 1582 982 cum
1610 932 1736 992 98
1751 932 1794 993 ι

196 1025 375 1079 fuerit
405 1024 533 1079 ﬁnis
563 1022 771 1088 saeculi,
803 1021 1030 1075 omnino
1052 1035 1164 1074 non
1184 1018 1363 1072 video.
1395 1017 1453 1072 Si
1479 1022 1672 1071 tamen
1687 1017 1805 1071 haec

196 1130 312 1168 non
335 1114 418 1168 ita
446 1112 713 1184 praedicta
738 1115 887 1177 sunt,
910 1114 975 1164 ut
1003 1109 1060 1163 in
1106 1106 1353 1161 Ecclesia
1381 1106 1568 1177 potius
1596 1105 1807 1159 intelli-

192 1203 383 1273 genda
419 1203 553 1256 sint.
585 1201 721 1256 Duae
749 1199 953 1271 quippe
977 1202 1172 1268 gentes
1202 1202 1351 1257 sunt,
1378 1200 1435 1249 et
1457 1195 1568 1249 duo
1590 1210 1802 1265 regna;

194 1308 375 1346 unum
406 1291 612 1361 quippe
641 1288 871 1355 Christi,
903 1293 963 1341 et
985 1287 1165 1341 altera
1213 1284 1439 1339 diaboli.
1495 1284 1575 1338 De
1605 1282 1807 1354 quibus

195 1381 345 1435 forte
374 1380 482 1433 dici
516 1378 699 1450 potuit
728 1396 741 1432 :
776 1378 847 1432 Et
872 1381 1057 1445 surget
1083 1392 1213 1443 gens
1265 1377 1458 1428 contra
1485 1377 1718 1440 gentem,
1758 1376 1805 1425 et

198 1486 443 1537 regnum
482 1470 745 1522 adversus
775 1482 1009 1533 regnum
1036 1464 1185 1527 (Luc.
1216 1477 1332 1528 xxx,
1365 1458 1476 1532 10).
1509 1460 1668 1525 Quod
1695 1476 1807 1514 non

199 1557 414 1612 desinit
440 1555 563 1609 ﬁeri
589 1573 656 1610 ex
686 1572 795 1626 quo
825 1554 1035 1608 dictum
1066 1557 1152 1607 est
1184 1567 1196 1602 :
1222 1554 1377 1619 Agite
1399 1551 1804 1619 pamitentiam,

1886 483 2094 538 Christi
2115 490 2171 538 et
2188 485 2423 555 diaboli;
2457 488 2537 542 ita
2556 495 2613 544 et
2629 497 2763 545 tunc
2775 491 2882 546 erit
2900 493 3145 549 Ecclesia
3181 496 3390 551 Christi
3415 498 3474 552 in

1883 573 2143 628 universo
2173 575 2323 629 orbe.
2360 578 2463 631 Cui
2487 589 2621 634 tunc
2658 581 2786 635 talis
2814 588 3086 655 tantaque
3123 588 3479 657 superveniet

1882 663 2170 718 tribulatio
2190 665 2248 719 in
2262 667 2607 737 temporibus
2618 670 2969 735 Antichristi,
2994 674 3175 745 qualis
3195 681 3252 729 et
3266 683 3479 747 quanta

1881 751 2076 823 fuitab
2106 754 2285 820 initio,
2302 772 2428 826 quae
2464 762 2598 811 tunc
2638 759 2745 813 erit
2765 760 2823 814 in
2839 761 3098 819 universo
3129 764 3282 830 orbe,
3306 766 3363 820 id
3393 771 3480 821 est

1882 841 1942 895 in
1971 842 2123 895 omni
2155 843 2414 897 Ecclesia.
2441 846 2546 899 Sed
2570 846 2665 901 alii
2694 854 2861 902 erunt
2885 852 3135 921 aquibus
3154 857 3287 908 tunc
3308 855 3483 910 tribu-

1884 928 2092 984 labitur
2110 930 2371 998 Ecclesia,
2386 938 2445 987 et
2461 934 2566 1005 ipsi
2582 935 2786 991 dicturi
2828 944 2959 992 sunt
2976 956 3081 1011 pax
3101 948 3159 996 et
3185 944 3474 1011 securitas,

1889 1023 1946 1073 et
1971 1020 2298 1090 repentinus
2336 1021 2417 1076 eis
2443 1025 2798 1094 superveniet
2825 1026 3104 1096 interitus,
3122 1047 3249 1085 cum
3269 1033 3478 1087 adven-

1886 1113 1979 1162 tus
2008 1108 2231 1163 Domini
2259 1126 2324 1163 ac
2352 1110 2398 1164 si
2426 1111 2518 1165 fur
2545 1112 2603 1166 in
2634 1120 2800 1168 nocte
2814 1131 2909 1170 eos
2936 1134 3162 1174 securos
3180 1120 3486 1192 deprehen-

1888 1195 2035 1250 derit
2058 1214 2070 1262 ;
2107 1202 2163 1250 et
2182 1197 2278 1250 alii
2305 1198 2400 1271 qui
2427 1198 2867 1270 tribulabuntur,
2882 1210 2939 1258 et
2966 1210 3099 1261 tunc
3124 1208 3484 1265 exsultabunt

1888 1301 2082 1339 omnes
2114 1290 2171 1339 et
2195 1286 2540 1355 gaudebunt,
2573 1288 2705 1359 quia
2734 1307 2844 1345 non
2874 1300 3041 1349 erunt
3065 1295 3121 1350 in
3144 1298 3487 1365 tenebris,ut

1888 1373 2007 1427 dies
2037 1374 2133 1427 illa
2159 1379 2430 1446 tanquam
2462 1376 2569 1441 fur,
2599 1395 2693 1432 eos
2714 1379 2771 1432 in
2820 1387 2982 1436 nocte
3022 1386 3479 1456 comprehendat,

1891 1462 2024 1532 quia
2054 1462 2166 1516 diei
2208 1469 2265 1516 et
2313 1464 2453 1519 lucis
2483 1481 2675 1520 omnes
2705 1466 2804 1521 ﬁlii
2834 1476 3018 1524 erunt.
3054 1472 3161 1525 Sed
3190 1474 3237 1527 si
3263 1475 3404 1528 nihil
3423 1476 3484 1531 in

1891 1551 2195 1620 Evangelio
2227 1554 2573 1623 superﬂuum
2609 1572 2730 1609 esse
2776 1558 3074 1624 credimus,
3120 1563 3483 1631 quaerendum

198 1647 675 1715 appropinquavit
694 1647 843 1697 enim.
864 1658 1097 1711 regnum
1121 1644 1379 1696 cartorum
1398 1639 1703 1709 (Matth.m,
1725 1635 1803 1703 2).
1822 1633 1868 1691 B
1890 1655 2108 1705 censeo,
2144 1641 2277 1711 quid
2307 1648 2392 1695 est
2421 1643 2570 1712 quod
2607 1643 2686 1696 ait
2717 1667 2729 1702 :
2760 1647 3033 1700 Audituri
3058 1652 3182 1702 estis
3200 1654 3397 1719 pratia
3435 1658 3485 1707 et

197 1735 270 1789 Et
288 1734 422 1788 inde
443 1733 668 1804 quando
687 1732 897 1787 dictum
929 1736 1032 1797 est,
1065 1735 1123 1784 et
1150 1746 1218 1783 ex
1247 1728 1343 1783 illo
1392 1733 1645 1798 tempore
1672 1731 1810 1797 quot
1889 1732 2169 1797 opiniones
2182 1732 2810 1798 pra'lioranuoniam
2825 1735 2978 1789 aliud
2990 1739 3279 1793 estaudire
3293 1741 3489 1810 praelia

201 1823 337 1877 anni
359 1820 745 1876 transierunt?
770 1821 844 1876 Et
868 1826 1058 1874 tamen
1083 1819 1212 1872 licet
1231 1817 1289 1871 in
1318 1815 1622 1871 novissima
1644 1815 1802 1881 hora,
1890 1823 1947 1871 et
1967 1817 2118 1872 aliud
2147 1818 2344 1872 audire
2373 1820 2660 1891 opiniones
2689 1823 3031 1891 praeliorum.
3053 1827 3246 1882 Potest
3272 1829 3395 1883 ﬁeri
3422 1834 3489 1885 ut

201 1912 434 1984 quando
460 1910 736 1966 Dominus
780 1910 841 1964 in
896 1907 1211 1963 novissimis
1261 1904 1459 1959 diebus
1501 1921 1568 1959 ex
1592 1904 1807 1974 virgine
1889 1906 1989 1960 ﬁlii
2020 1908 2171 1977 pacis
2186 1909 2505 1962 custodiant
2519 1925 2579 1962 se
2601 1926 2671 1963 ne
2692 1910 2916 1966 videant
2933 1913 3096 1979 bella,
3126 1917 3258 1986 quia
3285 1918 3487 1973 nolunt

199 2007 371 2056 natus
401 2005 509 2066 est,
540 1999 827 2053 verissime
854 1998 1065 2052 dictum
1097 2002 1202 2050 est.
1236 1995 1306 2049 Et
1326 2010 1427 2065 per
1445 1994 1589 2047 hanc
1627 1998 1804 2047 totam
1887 1996 2075 2050 videre
2104 1996 2369 2067 maligna,
2399 1998 2637 2051 audiunt
2664 2003 2853 2053 tamen
2885 2003 3077 2071 prmlia
3103 2010 3160 2058 et
3194 2005 3485 2075 Opiniones

200 2092 406 2144 horam
438 2088 818 2155 novissimam,
853 2089 997 2141 ﬁunt
1024 2086 1134 2139 ista
1156 2083 1366 2147 omnia,
1385 2099 1508 2154 quae
1535 2081 1807 2137 Dominus
1889 2085 2228 2156 praeliorum.
2256 2086 2421 2140 Forte
2447 2085 2597 2140 aliud
2621 2087 2690 2142 de
2710 2088 2893 2158 longe.
2913 2090 3130 2145 etaliud
3146 2091 3215 2147 de
3232 2093 3485 2164 proximo

199 2179 623 2252 propinquante
650 2193 828 2247 regno
858 2192 978 2241 suo,
1011 2174 1197 2230 futura
1252 2172 1541 2244 praedixit;
1581 2176 1648 2227 ut
1673 2171 1808 2225 dum
1890 2190 2002 2229 non
2031 2173 2242 2245 absque
2271 2174 2566 2229 verborum
2584 2176 2916 2232 differentia.
2934 2179 3078 2243 Quia
3091 2198 3205 2266 npn
3231 2188 3317 2237 est
3335 2183 3482 2255 idip-

201 2270 350 2324 ﬁunt
377 2284 447 2322 ea
475 2283 598 2338 quae
615 2265 849 2320 terroris
879 2270 1013 2319 sunt
1038 2269 1095 2318 et
1123 2264 1282 2333 signa
1303 2262 1643 2327 futurorum,
1665 2276 1811 2314 sem-

200 2375 305 2430 per
361 2355 752 2427 unusquisque
804 2359 1035 2426 paratus
1077 2352 1412 2418 inveniatur,
1447 2353 1581 2406 dum
1644 2367 1813 2422 poena

200 2452 403 2502 nostra
421 2444 674 2500 conﬁteri
694 2460 796 2498 nos
819 2442 1102 2514 compellit
1115 2442 1311 2496 adesse
1330 2442 1451 2512 jam
1472 2442 1663 2505 ﬁnem,
1682 2456 1810 2494 cum

201 2536 479 2608 impletur
497 2532 869 2605 jugiterquod
897 2531 1323 2603 pronuntiatum
1352 2529 1811 2599 est.Quibuspro-

204 2625 351 2679 tecto
371 2622 557 2677 verbis
576 2622 714 2676 nulli
732 2621 909 2692 magis
927 2625 1102 2674 testes
1121 2636 1241 2673 esse
1263 2624 1477 2689 queunt
1496 2634 1663 2688 quam
1686 2634 1806 2678 nos,

206 2731 349 2786 quos
372 2712 572 2766 mundi
597 2710 743 2777 ﬁnis,
772 2715 834 2764 ut
862 2710 943 2764 ita
972 2709 1176 2775 dicam,
1204 2708 1434 2762 invenit.
1468 2706 1571 2771 Qui
1600 2706 1738 2760 talia
1756 2711 1814 2760 et

207 2809 371 2857 tanta
397 2800 654 2854 videmus
683 2794 929 2869 quotidie
954 2798 1104 2851 inter
1155 2797 1357 2850 fratres
1387 2801 1444 2850 et
1470 2795 1813 2867 propinquos

210 2890 419 2956 civilia,
442 2893 501 2943 et
528 2888 653 2960 plus
684 2903 852 2957 quam
891 2886 1076 2940 civilia
1103 2884 1277 2952 bella;
1308 2891 1470 2939 tanta
1497 2900 1531 2938 a
1558 2883 1811 2938 barbaris

208 2987 267 3035 ct
289 2978 532 3051 paganis
560 2976 813 3031 hostibus
833 2974 1167 3030 exterminia
1191 2974 1502 3037 hominum,
1528 2979 1585 3027 et
1601 2973 1813 3027 desola-

210 3069 399 3124 tiones
427 3067 716 3121 civitatum
742 3064 958 3135 jugiter
978 3063 1341 3129 sustinemus,
1369 3063 1466 3134 qui
1498 3062 1640 3116 nihil
1661 3061 1815 3115 aliud

208 3156 466 3229 quotidie
491 3171 661 3226 quam
690 3155 860 3208 ﬁnem
891 3161 1144 3207 nostrum
1161 3168 1289 3206 cum
1309 3151 1523 3221 gemitu
1535 3155 1820 3222 exspecta-

211 3263 361 3301 mus.
382 3245 662 3299 Ettamen
680 3243 846 3310 (sicut
859 3258 1044 3296 sermo
1070 3240 1292 3294 divinus
1330 3240 1434 3310 ait)
1451 3240 1703 3294 nondum
1733 3243 1820 3292 est

212 3335 366 3390 ﬁnis.
398 3333 558 3388 Licet
572 3330 871 3401 insurgant
883 3329 1178 3384 barbariin
1198 3346 1320 3395 nos,
1339 3334 1397 3383 et
1418 3345 1581 3383 nemo
1610 3333 1697 3383 est
1724 3327 1820 3399 qui

209 3422 491 3479 auxilium
509 3421 680 3487 ferat;
711 3420 843 3491 quia
856 3419 1044 3474 civiles
1060 3418 1118 3473 in
1133 3417 1368 3472 invicem
1387 3417 1566 3488 magis
1585 3416 1819 3471 saeviunt

210 3512 437 3568 insidiae
469 3516 529 3565 et
557 3516 796 3580 strages,
828 3509 906 3562 ita
934 3514 1000 3563 ut
1026 3507 1181 3562 intus
1224 3512 1281 3562 et
1308 3506 1464 3569 foris,
1495 3505 1639 3560 nihil
1664 3504 1818 3559 aliud

211 3618 390 3674 quam
421 3616 574 3654 mors
602 3597 944 3675 repercutiat
969 3614 1133 3651 aures
1161 3592 1820 3659 uostras.Quibusomni-

212 3692 317 3746 bus
348 3691 530 3744 fames
559 3704 624 3741 ac
653 3687 773 3741 lues
793 3691 1215 3758 praecesserunt,
1229 3689 1286 3738 et
1301 3684 1486 3738 omnis
1497 3682 1820 3754 pestilentia

212 3796 429 3835 rerum.
464 3778 537 3832 Et
562 3777 695 3849 quia
722 3776 781 3830 in
811 3792 1008 3830 occasu
1036 3792 1231 3829 sumus
1259 3773 1446 3829 sazculi
1498 3771 1818 3845 praecedunt

214 3875 302 3923 tot
322 3866 692 3938 aegritudines
720 3863 937 3929 mundi,
972 3864 1165 3935 quales
1192 3863 1380 3918 nescio
1401 3861 1448 3916 si
1463 3861 1667 3916 auditae
1687 3866 1820 3915 sunt

218 3974 249 4013 a
262 3957 494 4011 saeculo.
514 3955 649 4018 Quae
669 3953 859 4007 omnia
878 3953 1028 4007 mala
1046 3952 1323 4023 cupiditas
1358 3951 1555 4022 genuit
1574 3950 1734 4005 nobis
1764 3955 1822 4004 et

216 4044 498 4118 superbiae
525 4043 722 4108 luxus;
748 4040 829 4094 ita
856 4046 920 4094 ut
946 4040 1135 4094 nullus
1161 4040 1236 4093 sit
1248 4040 1400 4094 locus
1425 4039 1521 4110 qui
1540 4056 1653 4093 non
1674 4037 1819 4092 afﬁi-

1891 2280 2015 2318 sum
2029 2263 2195 2334 longe
2216 2264 2680 2334 positum,audire
2702 2266 2991 2338 opiniones
3011 2263 3482 2343 praeliorum,qua2

1892 2358 2128 2424 possunt
2140 2369 2261 2407 esse
2275 2353 2357 2407 vel
2375 2369 2488 2407 non
2504 2370 2645 2421 esse,
2664 2359 2721 2409 et
2735 2356 2898 2426 juxta
2933 2359 3187 2427 praelium
3225 2376 3364 2426 esse,
3396 2360 3484 2415 vel

1894 2442 2065 2496 etiam
2092 2441 2242 2513 ipsas
2270 2442 2646 2513 praeliantium
2681 2461 2840 2498 voces
2887 2447 3101 2501 audire.
3136 2448 3321 2504 Habet
3350 2465 3484 2521 ergo

1890 2536 2131 2601 utraque
2148 2531 2427 2585 sententia
2444 2548 2603 2585 suam
2615 2532 3372 2607 signiﬁcationem,quoniam
3392 2539 3489 2609 qui

1891 2620 2058 2690 longe
2087 2625 2172 2673 est
2191 2636 2226 2673 a
2254 2619 2480 2691 praeliis,
2533 2621 2690 2674 audit
2707 2621 2776 2675 de
2814 2622 2926 2677 illis
2954 2625 3263 2694 opiniones,
3292 2631 3349 2680 et
3372 2644 3486 2681 nou

1893 2708 2015 2779 ipsa
2042 2709 2252 2779 praelia.
2282 2708 2387 2773 Qui
2408 2714 2595 2762 autem
2630 2727 2819 2782 prope,
2852 2712 3013 2766 audit
3051 2712 3175 2784 ipsa
3203 2715 3395 2785 praelia
3430 2721 3488 2772 et

1894 2813 2053 2850 voces
2072 2797 2467 2868 praeliantium.
2496 2798 2561 2852 In
2590 2803 2828 2870 utroque
2857 2817 2990 2870 ergo
3010 2801 3232 2856 videtur
3250 2803 3486 2874 alicujus

1893 2885 2220 2940 differentiae
2242 2886 2574 2940 intellectus.
2591 2887 2735 2950 Quia
2746 2905 2858 2942 non
2874 2906 3068 2944 omnes
3084 2908 3239 2962 aeque
3261 2893 3490 2963 perfecti

1894 2982 2025 3029 sunt
2050 2974 2107 3028 in
2134 2975 2379 3029 Ecclesia
2409 2975 2634 3041 Christi,
2658 2993 2839 3048 neque
2859 2995 3017 3048 aeque
3047 2980 3283 3050 paciﬁci,
3315 2987 3373 3035 ct
3395 2999 3487 3036 re-
3554 2992 3567 3003 '

1896 3064 2033 3117 moti
2054 3063 2123 3117 ab
2153 3064 2307 3118 omni
2332 3064 2572 3134 strepitu
2604 3069 2660 3118 et
2689 3065 2984 3121 formidine
3006 3066 3299 3123 bellorum.
3342 3070 3492 3125 Alio-

1898 3152 2035 3224 quin
2062 3169 2174 3207 non
2204 3160 2393 3207 essent
2419 3153 2564 3207 infra
2586 3154 2888 3209 Ecclesiam
2920 3156 3128 3222 Christi
3154 3162 3240 3211 tot
3262 3158 3493 3214 seditio-

1898 3258 1999 3297 nes
2028 3249 2086 3296 et
2111 3242 2392 3298 scandala.
2421 3243 2471 3296 A
2500 3241 2702 3313 quibus
2730 3243 2989 3299 omnibus
3045 3246 3215 3300 alieni
3265 3246 3493 3303 fuerunt

1900 3330 2155 3402 discipuli
2185 3330 2412 3398 Christi,
2446 3336 2504 3384 et
2561 3332 2743 3386 omnis
2786 3332 2885 3386 illa
2913 3334 3197 3405 primitiva
3226 3336 3488 3403 Ecclesia,

1898 3420 2101 3491 quibus
2147 3424 2269 3474 erat
2318 3436 2415 3473 cor
2469 3437 2644 3475 unum
2694 3427 2751 3477 et
2778 3422 2970 3476 anima
2996 3440 3129 3479 una.
3165 3426 3494 3481 Conﬁrmati

1899 3508 2048 3563 enim
2077 3515 2238 3561 erant
2266 3508 2325 3561 in
2350 3508 2546 3562 eodem
2576 3526 2745 3564 sensu
2774 3515 2831 3564 et
2871 3510 2928 3564 in
2964 3512 3159 3567 eadem
3188 3516 3490 3569 sententia.

1969 3599 2089 3652 Ha‘c
2103 3595 2521 3667 omnia,inquit,
2532 3600 2699 3651 initia
2710 3603 2841 3652 sunt
2855 3600 3272 3665 (lolomm.Quaa
3284 3603 3497 3657 omnia?

1899 3686 2054 3740 Bella
2073 3685 2283 3739 scilicet
2305 3689 2362 3739 et
2383 3686 2675 3756 opiniones
2689 3684 2961 3741 bellorum
2983 3707 2995 3755 ;
3018 3704 3248 3758 surgere
3264 3696 3495 3759 gentem

1898 3780 2094 3830 contra
2122 3779 2371 3844 gentem,
2406 3780 2463 3828 et
2491 3791 2727 3844 regnum
2752 3775 3015 3830 adversus
3036 3794 3294 3847 regnum,
3319 3779 3497 3849 pesti-

1899 3862 2082 3916 lentiae
2107 3868 2165 3915 et
2182 3861 2376 3926 fames,
2400 3867 2457 3915 et
2479 3868 2831 3916 terraemotus
2850 3880 2952 3933 per
2970 3864 3109 3918 loca.
3143 3865 3300 3919 Sicut
3323 3866 3493 3935 enim,

1901 3951 2385 4022 appropinquante
2416 3957 2613 4014 morte,
2646 3957 2920 4022 aegrotant
2948 3969 3182 4024 corpora
3221 3954 3497 4025 languen-

1901 4042 2064 4105 tium,
2098 4045 2158 4094 ut
2186 4056 2285 4110 per
2308 4039 2694 4094 inﬁrmitatem
2726 4039 3105 4095 membrorum
3132 4047 3325 4109 983
3349 4047 3407 4098 et
3425 4042 3501 4098 vi-

216 4140 390 4206 gatur
413 4131 489 4186 ab
510 4129 960 4195 hostibus,etiam
994 4137 1101 4182 eta
1127 4128 1244 4183 suis
1273 4127 1573 4182 tribuletur
1588 4126 1818 4181 civibus.
1903 4145 2122 4183 scerum
2151 4135 2444 4199 separetur
2461 4128 2651 4182 anima
2680 4146 2714 4182 a
2741 4145 2972 4200 corpore
3001 4147 3103 4185 suo
3136 4150 3147 4183 :
3178 4130 3258 4185 sic
3284 4132 3412 4187 talis
3443 4138 3502 4188 et

219 4223 383 4288 Quod
405 4221 454 4275 si
483 4220 595 4275 ista
624 4218 776 4273 mala
814 4234 937 4289 qua:
981 4216 1263 4272 cernimus
1291 4222 1348 4271 et
1375 4217 1640 4287 patimur,
1670 4221 1826 4271 certa
1905 4223 2065 4273 tanta
2090 4223 2348 4272 creatura
2378 4218 2573 4272 mundi
2602 4218 2998 4289 corrumpitur,
3052 4218 3133 4273 ita
3158 4224 3223 4273 ut
3250 4236 3349 4274 aer
3375 4237 3502 4275 cor-

222 4318 354 4367 sunt
373 4309 589 4364 indicia
611 4309 730 4379 jam
752 4307 1055 4362 Dominum
1078 4323 1199 4361 esse
1223 4312 1517 4360 venturum
1540 4324 1553 4373 ;
1588 4304 1721 4376 quid
1741 4310 1825 4359 est
1907 4313 2106 4378 ruptus
2125 4306 2475 4378 pestilentias
2496 4306 2718 4374 inferat,
2733 4313 2785 4361 et
2808 4313 2960 4361 terra
2982 4307 3250 4378 languida
3260 4307 3495 4377 famem;

225 4401 371 4472 quod
394 4400 482 4453 ait
509 4397 826 4469 apostolus:
849 4398 994 4451 Dum
1014 4397 1281 4462 dixerint,
1309 4411 1422 4464 paa:
1450 4400 1499 4449 et
1528 4397 1814 4455 securitas,
1835 4386 1882 4444 D
1906 4395 2066 4467 quasi
2088 4396 2367 4466 quoddam
2397 4395 2621 4450 initium
2643 4396 2898 4450 dolorum
2929 4395 3177 4467 praebeat
3197 4403 3329 4452 ante
3358 4414 3505 4452 mor-

228 4497 356 4544 tunc
384 4491 466 4543 eis
494 4489 817 4555 repentinus
837 4487 1177 4554 superveniet
1193 4483 1526 4538 interitus.E
1544 4481 1825 4537 contrario

227 4585 280 4633 et
304 4575 681 4647 Evangelium
718 4574 888 4628 dicit:
921 4574 1301 4629 Arescentibus
1344 4573 1661 4626 hominibus
1712 4587 1828 4640 prae

230 4673 427 4724 timore
442 4672 495 4721 et
505 4666 894 4733 exspectatione
908 4680 1027 4732 quae
1044 4665 1426 4732 supervenient
1442 4665 1696 4717 universo
1709 4664 1831 4716 orbi

227 4760 369 4827 (Luc.
406 4768 522 4821 xxI,
573 4749 685 4821 26).
716 4753 796 4807 Ac
839 4751 1080 4806 deinde:
1134 4753 1197 4810 Et
1263 4754 1494 4806 virtutes
1550 4755 1827 4817 actorum,

225 4845 433 4917 inquit,
464 4843 971 4907 commovebuntur,
988 4846 1037 4895 et
1063 4846 1195 4895 tunc
1221 4841 1481 4895 ridebunt
1498 4839 1711 4894 Filium
1743 4840 1832 4894 ho-

228 4937 403 4988 minis
432 4934 741 4986 venientem
769 4946 895 4985 cum
919 4933 1176 4998 potestate
1202 4945 1409 4997 magna
1437 4934 1485 4983 et
1528 4932 1826 4997 maiestate.

227 5024 591 5094 Quapropter
610 5019 972 5090 quaerendum
1001 5017 1051 5071 si
1081 5017 1217 5072 talia
1266 5022 1399 5072 sunt
1425 5018 1703 5089 praeconia
1731 5018 1832 5073 ad-

228 5118 431 5168 ventus
461 5108 693 5176 Christi,
725 5114 791 5163 ut
825 5111 1085 5162 arescant
1110 5106 1366 5162 homines
1395 5123 1509 5179 pra:
1546 5107 1748 5162 timore
1777 5112 1835 5162 et

229 5198 850 5274 exspectationeosz
865 5214 988 5269 quae
1006 5199 1195 5251 futura
1212 5196 1479 5258 dicuntur
1492 5197 1640 5251 mala
1655 5213 1669 5263 ;
1700 5197 1834 5268 quid

231 5298 320 5346 est
334 5288 493 5364 quod
513 5287 674 5342 dicit:
692 5290 831 5344 Cum
849 5288 1032 5341 (timeri
1036 5291 1095 5340 nt
1103 5301 1213 5353 pax
1224 5291 1272 5340 et
1285 5288 1570 5352 securitas,
1606 5290 1741 5341 tunc
1758 5289 1833 5341 eis

232 5382 564 5451 repentinus
580 5378 921 5444 superveniet
942 5375 1204 5428 interitus
1217 5379 1241 5426 ?
1264 5374 1313 5441 (Ι
1332 5371 1551 5427 Thessal
1564 5388 1642 5436 .v,
1662 5370 1719 5440 3)
1749 5373 1835 5427 Ne

233 5469 381 5522 forte
400 5465 517 5520 duo
543 5462 900 5518 introducere
922 5455 1221 5516 videantur
1246 5467 1521 5533 tempora,
1543 5460 1691 5532 quod
1711 5477 1834 5516 om-

233 5557 375 5612 nino
402 5568 522 5609 non
569 5551 754 5618 credo,
810 5551 909 5606 sed
958 5550 1018 5604 in
1068 5565 1181 5605 uno
1208 5550 1515 5622 eodemque
1558 5557 1851 5623 tempore,-

1907 4485 2130 4538 tcm.Et
2143 4485 2276 4556 quia
2291 4488 2410 4541 creti
2423 4491 2471 4539 et
2495 4490 2646 4539 terra
2669 4487 2993 4539 transibunt
3025 4487 3199 4547 (Mare
3238 4500 3358 4547 xm,
3387 4484 3498 4554 31),

1910 4571 2137 4628 necesse
2153 4579 2237 4629 est
2256 4579 2388 4628 ante
2401 4574 2834 4645 corruptionem,
2853 4580 2917 4629 ut
2935 4574 3261 4644 langueant,
3275 4580 3332 4628 et
3349 4579 3503 4629 terra

1912 4662 2028 4718 suis
2058 4662 2343 4717 montibus
2371 4667 2795 4734 conquassatur,
2829 4669 2887 4717 et
2935 4679 3034 4717 aer
3073 4662 3271 4734 plenus
3309 4660 3504 4717 mdrbo

1912 4753 2189 4817 trahatur,
2223 4757 2289 4807 ut
2316 4751 2647 4823 pestilentiae
2666 4757 2987 4819 nascantur,
3021 4758 3079 4806 et
3105 4758 3257 4806 terra
3286 4752 3509 4807 suisde-

1910 4840 2054 4894 fecta
2081 4839 2310 4905 viribus,
2345 4857 2468 4911 quae
2498 4839 2556 4893 in
2585 4856 2652 4894 ea
2674 4844 2998 4905 nascuntur,
3021 4839 3247 4894 deﬁciat
3271 4844 3329 4894 et
3352 4856 3505 4894 mar-

1911 4933 2113 4997 cescat,
2139 4935 2203 4983 ut
2232 4929 2307 4983 sit
2334 4934 2391 4983 et
2416 4930 2539 5001 ipsa
2566 4928 2686 4983 sine
2727 4928 2932 4983 fructu.
2966 4929 3102 4993 Quae
3130 4927 3323 4983 omnia
3375 4928 3507 4982 inde

1913 5019 2116 5074 melius
2131 5018 2406 5085 novimus,
2430 5017 2561 5089 quia
2580 5019 2699 5089 jam
2727 5023 2928 5073 cuncta
2955 5016 3227 5072 videmus.
3260 5017 3367 5073 Sed
3395 5034 3507 5071 non

1914 5112 2104 5163 statim
2127 5110 2278 5176 ﬁnis.
2304 5107 2447 5172 Quia
2475 5124 2577 5161 nec
2603 5106 3005 5168 illaﬁniuntur,
3033 5123 3136 5160 nec
3163 5122 3264 5160 nos
3284 5104 3429 5158 male
3449 5105 3508 5159 in

1915 5197 2003 5251 his
2025 5196 2259 5251 enutriti
2288 5213 2354 5250 ea
2386 5196 2532 5250 ﬁniri
2560 5196 2834 5251 volumus.
2868 5197 2937 5250 Et
2981 5195 3106 5250 ideo
3137 5193 3282 5248 sicut
3308 5193 3512 5248 adven-

1914 5292 2007 5340 tus
2022 5284 2229 5340 Christi
2252 5284 2309 5338 in
2341 5284 2598 5355 plurimis
2621 5283 2882 5356 gentibus
2912 5283 3043 5338 fecit
3068 5299 3283 5355 pacem,
3317 5299 3511 5338 secun-

1916 5374 2050 5428 dum
2081 5373 2227 5444 quod
2259 5373 2395 5428 dicit
2422 5374 2705 5445 Propheta
2731 5374 2801 5428 de
2829 5374 2951 5429 illo:
2990 5373 3214 5430 Orietur
3244 5374 3307 5426 in
3322 5375 3509 5427 diebus

1916 5466 2031 5533 ejus
2042 5464 2271 5532 justitia
2287 5467 2335 5517 et
2350 5465 2700 5518 abundantia
2727 5464 3060 5533 pacis‘Psal.
3094 5458 3511 5531 Lxx1,7),donec

1918 5550 2221 5606 extollatur
2246 5550 2402 5624 luna,
2449 5551 2506 5606 id
2552 5556 2639 5606 cst
2689 5549 2951 5617 Ecclesia,
2980 5557 3035 5604 et
3064 5549 3124 5604 in
3166 5547 3377 5604 mundo
3403 5563 3510 5619 pax
