3872 6158
440 294 547 360 803

1206 299 1263 354 S.
1306 295 1687 353 PASCHASII
1725 294 2089 351 RADBERTI
2127 294 2433 349 ABBATIS
2476 292 2965 350 CORBEIENSIS.

3558 300 3637 358 804

442 424 863 498 multiplicetur,
899 429 1127 496 propter
1156 422 1499 477 incrementa
1556 421 1950 486 Ecclesiarum,
1983 419 2113 480 utA
2130 420 2276 483 Quia
2297 420 2442 473 sicut
2470 419 2754 482 successit,
2785 424 2842 472 et
2865 418 3113 472 succedit
3144 418 3320 473 adhuc
3342 420 3461 474 ordo
3481 424 3645 492 ΡΙ·εῶ-

445 532 512 570 ea
534 533 642 587 pax
677 516 833 568 ﬁeret
863 514 1079 568 occasio
1114 512 1312 566 salutis
1363 511 1691 575 multorum,
1746 511 1879 563 dum
1933 526 2046 564 non

444 604 790 675 cogebantur
815 609 880 657 ut
911 602 1126 674 pridem
1155 601 1304 654 exire
1334 600 1403 653 ad
1436 599 1581 654 bella
1596 606 1652 652 et
1682 615 1935 670 pugnare
1950 615 2046 669 pro

444 694 676 765 patriis:
707 694 785 747 sic
815 708 1165 761 consequens
1224 695 1327 752 est,
1358 696 1587 760 propter
1644 688 2046 743 abundantiam

447 782 831 853 iniquitatum,
848 780 977 851 quia
1000 779 1329 848 refrigerata
1351 786 1437 831 est
1455 778 1699 831 Charitas
1718 779 2043 839 multorum,

445 876 511 925 ut
540 871 819 939 relinquat
848 885 1043 922 rursus
1074 868 1174 920 Dei
1207 867 1329 921 fieri
1360 866 1505 920 bella
1527 866 1897 920 etseditiones
1926 881 2050 936 pro-

446 966 574 1030 pter
588 957 857 1011 malitiam
881 954 1173 1009 hominum
1201 962 1734 1027 supercrescentem,
1779 972 1901 1024 quae
1923 971 2047 1006 om-

447 1047 603 1100 nium
625 1046 900 1099 malorum
922 1045 1296 1098 accidentium
1315 1061 1481 1097 causa
1492 1051 1578 1096 est
1600 1061 1612 1109 ;
1666 1049 1723 1096 et
1750 1044 1882 1114 quia
1904 1060 2052 1112 quo-

446 1133 583 1189 tidie
615 1140 893 1199 crescunt,
928 1135 985 1188 in
1011 1133 1266 1205 proximo
1294 1139 1403 1191 est.
1432 1140 1498 1187 ut
1525 1132 1714 1186 veniat
1754 1132 1858 1185 hoc
1889 1133 2049 1201 pejus

448 1222 709 1277 ultimum
734 1222 964 1287 malum,
1001 1222 1147 1292 quod
1180 1220 1429 1274 futurum
1461 1237 1706 1291 praesens
1736 1236 1920 1273 sermo
1950 1220 2049 1273 de-

445 1312 758 1365 nuntiatzEt
786 1316 933 1375 tunc,
968 1309 1170 1379 inquit,
1198 1311 1415 1362 tradent
1436 1326 1521 1362 ros
1544 1312 1605 1362 in
1633 1311 2048 1362 tribulationem

449 1405 497 1455 et
520 1402 762 1454 occident
786 1417 890 1463 vos,
910 1404 957 1452 et
977 1402 1134 1451 eritis
1156 1400 1276 1451 odio
1298 1400 1552 1451 omnibus
1563 1400 1814 1466 gentibus
1828 1402 2049 1465 propter

451 1505 653 1542 nomen
684 1505 888 1541 meum.
919 1487 1074 1541 Tunc
1103 1492 1314 1549 autem,
1349 1486 1495 1555 quod
1536 1486 1689 1549 dicit,
1736 1486 2050 1556 expressius

451 1577 677 1647 quidem
722 1576 944 1630 videtur
975 1574 1287 1644 signiﬁcare
1332 1580 1575 1644 tempus,
1606 1581 1663 1628 et
1705 1575 1773 1627 ad
1807 1574 1940 1627 illud
1970 1591 2052 1628 re-

446 1665 612 1729 ferre,
645 1664 871 1733 quando
897 1665 1093 1730 Surget
1119 1681 1249 1729 gens
1272 1666 1335 1716 in
1364 1669 1593 1729 gentem,
1615 1669 1662 1716 et
1694 1680 1923 1730 regnum
1957 1665 2053 1715 att-

2128 517 2319 563 catoru
2328 526 2378 562 m
2398 527 2498 579 per
2521 525 2714 563 omnes
2729 513 2916 578 partes
2936 515 3102 562 terra:
3120 526 3134 575 ;
3158 507 3236 561 ita
3252 515 3304 562 et
3316 509 3480 563 odium
3491 528 3647 567 eorum

2129 606 2359 669 propter
2385 614 2591 652 nomen
2620 597 2848 676 Christi,
2877 613 2977 667 per
3003 613 3200 650 omnes
3223 603 3420 666 gentes.
3452 592 3649 654 Probant

2130 688 2247 742 hac
2267 694 2446 757 marty
2456 688 2540 740 ria
2558 693 3029 756 sanctorum.quae
3052 702 3193 756 pene
3204 702 3298 756 per
3315 694 3650 757 omnesgentes

2132 780 2189 828 et
2205 792 2376 842 regna
2397 775 2560 827 hodie
2580 775 2801 828 ﬂorent.
2823 775 2929 828 Sed
2949 775 3057 828 ista
3068 774 3370 845 persecutio
3392 786 3653 829 sanctorum

2130 869 2188 918 et
2213 864 2426 923 odium,
2461 879 2495 915 a
2544 863 2816 934 principio
2862 863 2991 917 ﬁdei
3049 880 3196 928 orsa,
3228 880 3394 934 usque
3433 864 3485 917 in
3524 866 3655 919 ﬁnem

2130 951 2611 1006 consummabitur
2645 970 2658 1004 :
2686 954 2751 1006 Et
2771 957 2904 1005 tunc
2934 955 3063 1006 tatis
3092 954 3201 1006 erit
3227 950 3492 1005 tribulatio
3513 957 3653 1020 qualis

2131 1058 2243 1094 non
2270 1043 2383 1107 fuit
2411 1043 2481 1095 ab
2505 1043 2690 1094 initio.
2713 1040 2777 1094 Et
2807 1039 2931 1094 ideo
2962 1040 3071 1094 ista
3099 1040 3287 1094 omnia
3308 1056 3420 1111 quae
3442 1040 3657 1094 hadenus

2132 1128 2309 1193 fuere,
2341 1132 2516 1183 Initia
2540 1135 2670 1182 sunt
2700 1131 2976 1183 dolorum.
3010 1130 3081 1183 Et
3105 1129 3229 1184 ideo
3264 1129 3339 1183 ait
3367 1149 3381 1183 :
3418 1128 3541 1196 Quia
3561 1135 3660 1182 tunc

2129 1220 2667 1272 scandalizabuntur
2695 1221 2886 1281 multi,
2909 1223 2957 1271 et
3002 1220 3237 1272 invicem
3262 1220 3484 1282 tradent,
3511 1223 3552 1271 ct
3569 1219 3661 1271 odio

2131 1308 2424 1372 habebunt,
2456 1310 2711 1371 invicem,
2738 1314 2844 1361 etc.
2881 1307 3026 1371 Quia
3069 1308 3201 1362 licet
3227 1324 3259 1361 a
3284 1307 3531 1378 principio
3564 1307 3661 1360 ﬁdei

2137 1396 2364 1467 quidam
2394 1395 2751 1449 scandalizati
2782 1395 3011 1453 fuerint.
3038 1396 3125 1449 vel
3182 1396 3501 1449 tradiderint
3538 1395 3661 1459 alios,

2132 1490 2323 1538 tamen
2354 1502 2466 1538 non
2495 1486 2635 1538 adeo
2676 1485 2839 1539 multi
2868 1486 3100 1539 fuerunt
3128 1486 3430 1557 proditores
3454 1484 3661 1549 fratrum,

2132 1590 2315 1643 neque
2350 1573 2512 1627 multi
2554 1574 3073 1644 pseudoprophetis,
3110 1574 3206 1644 qui
3235 1574 3480 1644 legantur
3504 1574 3664 1627 multos

2134 1656 2390 1715 fallentes
2419 1668 2482 1716 ut
2503 1662 2852 1717 seducerent.
2885 1662 2992 1716 Sed
3019 1672 3158 1716 tunc
3181 1669 3299 1717 tam
3343 1663 3556 1717 maxime
3576 1670 3663 1716 tra-

444 1754 634 1806 bersus
654 1769 908 1819 regnum,
941 1768 1037 1805 seu
1066 1758 1285 1805 caetera.
1312 1751 1417 1804 Sed
1444 1751 1696 1821 Apostoli
1726 1767 1850 1803 mox
1872 1758 1935 1804 ut
1963 1757 2050 1804 te-
2071 1734 2116 1793 Β
2137 1751 2289 1811 dent,
2327 1752 2467 1818 ()uia
2498 1754 2807 1819 refrigescet
2859 1753 3106 1805 Charitas
3155 1756 3474 1813 multorum,
3500 1758 3548 1805 et
3576 1758 3663 1805 tam

448 1846 564 1895 stes
594 1841 926 1894 exstiterunt
950 1840 1219 1903 veritatis,
1246 1839 1438 1891 traditi
1464 1846 1597 1893 sunt
1624 1845 1680 1893 et
1708 1839 1893 1903 occisi,
1924 1839 2049 1908 qui-

448 1929 575 1984 dam
593 1930 763 1984 etiam
787 1928 1447 1999 antequamHierusalem
1464 1928 1520 1981 in
1540 1927 2049 1981 vindictamChristi

445 2024 767 2073 vastaretur
789 2036 821 2072 a
842 2017 1132 2072 Romanis.
1158 2016 1225 2071 Et
1245 2017 1370 2071 ideo
1393 2018 1612 2079 melius,
1655 2023 1719 2070 ut
1742 2017 1873 2079 dixi,
1900 2018 2048 2087 quod

444 2126 584 2180 gens
612 2116 806 2163 contra
829 2115 1053 2180 gentem
1085 2114 1298 2178 surgat,
1332 2114 1384 2161 et
1415 2124 1649 2177 regnum
1680 2108 1943 2160 adversus
1958 2123 2048 2160 re-

446 2215 643 2269 gnum,
657 2197 726 2251 de
747 2215 920 2268 regno
942 2197 1148 2251 Christi
1168 2196 1472 2267 accipimus
1488 2204 1545 2249 et
1564 2213 1736 2265 regno
1752 2195 2048 2250 diaboli.ac

448 2286 517 2340 de
539 2292 707 2355 gente
727 2288 886 2357 cujus
915 2284 1151 2356 perfidia
1180 2285 1376 2349 saeviit,
1410 2301 1534 2337 mox
1566 2292 1628 2338 ut
1673 2285 1809 2338 ﬁdes
1857 2285 2043 2354 C(Ppit,

448 2379 646 2427 contra
686 2374 891 2428 Christi
920 2373 1239 2428 Ecclesiam.
1264 2372 1444 2427 Antea
1475 2373 1681 2443 quippe
1712 2374 1855 2426 male
1890 2390 2050 2443 paca-

446 2466 541 2515 tus
572 2461 721 2516 orbis
752 2462 918 2516 unius
944 2461 1305 2532 premebatur
1333 2461 1601 2524 dominio,
1636 2461 1731 2514 sed
1756 2478 1880 2514 mox
1911 2466 1973 2515 ut
1986 2461 2049 2513 [i-

448 2548 546 2603 des
571 2548 777 2604 Christi
808 2551 976 2607 venit.
1010 2549 1252 2604 surrexit
1272 2566 1411 2619 gens
1439 2557 1634 2603 contra
1647 2556 1897 2620 gentem;
1918 2550 2050 2620 quia

447 2634 609 2693 Jcsus
639 2656 751 2692 non
788 2639 937 2693 venit
964 2641 1154 2693 Pacem
1184 2643 1398 2693 mittere
1422 2642 1483 2692 in
1510 2640 1776 2703 terra,sed
1792 2641 2047 2705 gladium

446 2724 662 2795 (Matth.
696 2742 748 2793 x,
780 2724 893 2794 34),
938 2732 997 2781 et
1050 2744 1286 2797 regnum
1321 2727 1588 2780 adversus
1632 2744 1886 2797 regnum.
1912 2727 2047 2789 Quae

445 2816 558 2871 duo
589 2834 761 2887 regna
788 2816 1022 2887 dumque
1051 2823 1266 2886 gentes,
1292 2833 1578 2885 nunquam
1602 2816 1671 2868 ad
1705 2815 1936 2868 invicem
1953 2832 2048 2885 pa-

447 2922 568 2959 cem
595 2905 802 2959 habere
823 2910 1089 2975 possunt;
1118 2912 1175 2957 et
1202 2904 1326 2957 ideo
1358 2905 1481 2974 pius
1523 2903 1789 2973 Magister
1818 2904 2046 2972 signan-

446 2998 535 3046 ter
556 2994 659 3047 ait:
682 2994 902 3060 Oportet
932 2994 1041 3045 lure
1069 2994 1318 3059 ﬁeri,sed
1342 3009 1452 3045 non
1481 2995 1669 3045 statim
1702 2996 2046 3058 [inﬁmas/ﬂ

2132 1839 2404 1909 plurimos
2429 1840 2694 1893 seducent
2741 1840 3215 1909 quemadmodum
3246 1857 3530 1911 nunquam.
3555 1840 3664 1894 Nam

2130 1932 2323 1993 995
2342 1928 2578 1995 necdum
2594 1928 2720 1981 odio
2740 1945 2936 1983 sumus
2950 1928 3215 1983 omnibus
3224 1928 3472 1999 gentibus
3483 1929 3544 1982 ad
3560 1945 3664 1999 quas

2132 2017 2369 2071 necdum
2400 2017 2653 2087 pervenit
2675 2034 2883 2071 nomen
2921 2018 3153 2072 Christi.
3191 2018 3346 2073 Sicut
3387 2017 3453 2072 ad
3480 2018 3666 2071 Boream

2126 2106 2387 2176 quaedam
2417 2112 2548 2160 sunt
2594 2106 2715 2160 loca
2760 2112 2820 2160 ct
2860 2113 3082 2176 gentes.
3115 2107 3320 2177 quibus
3368 2107 3578 2161 necdum
3606 2110 3667 2158 est

2132 2195 2493 2266 praedicatum
2518 2195 2877 2265 Evangelium
2890 2196 3514 2250 Christi.Verumtamen
3527 2193 3668 2248 nescio

2133 2283 2181 2336 si
2210 2283 2326 2336 ulla
2350 2300 2543 2337 earum
2574 2282 2647 2337 sit
2669 2284 2854 2349 natio;
2887 2284 2957 2336 ad
2988 2300 3159 2354 quam
3191 2299 3369 2355 usque
3394 2299 3497 2338 non
3517 2298 3669 2353 perve-

2133 2372 2281 2426 nerit
2310 2372 2734 2442 praedicatorum
2759 2372 2981 2444 aliquis,
3010 2372 3144 2427 licet
3173 2390 3364 2427 eorum
3394 2372 3564 2426 feritas
3584 2385 3670 2424 non

2134 2461 2428 2515 admiserit
2451 2478 2518 2514 ex
2547 2467 2665 2514 toto
2704 2462 2870 2515 ﬁdem
2913 2460 3126 2516 Christi
3154 2463 3416 2533 recipere.
3445 2462 3669 2515 Caeterum

2131 2549 2361 2621 reliquae
2383 2550 2454 2603 ad
2472 2550 2779 2604 Occiduum
2809 2550 2979 2604 etiam
3006 2549 3209 2605 insulae
3253 2568 3428 2622 usque
3467 2549 3530 2604 ad
3552 2564 3671 2603 ocea-

2130 2656 2266 2694 num
2290 2638 2674 2693 Britannicum
2700 2640 2820 2709 jam
2846 2655 3042 2694 omnes
3070 2638 3132 2694 in
3162 2645 3284 2694 toto
3302 2638 3669 2693 orbeterrarum

2130 2728 2388 2782 credunt.
2418 2724 2493 2780 Et
2519 2743 2589 2781 ne
2628 2727 2753 2797 quis
2808 2727 2947 2781 mihi
2976 2726 3209 2797 objieiat
3238 2728 3566 2791 Sarracenos,
3600 2723 3672 2795 qui

2128 2816 2308 2869 multa
2336 2832 2510 2886 regna
2539 2822 2818 2869 terrarum
2848 2822 2992 2870 nutu
3006 2817 3110 2871 Dei
3140 2816 3260 2871 suis
3282 2820 3673 2887 occuparuntar-

2131 2905 2257 2969 mis,
2294 2911 2352 2958 et
2398 2905 2765 2958 dominantur
2800 2922 2943 2976 pene
2989 2905 3203 2977 ubique
3252 2907 3310 2960 in
3362 2905 3673 2965 Christianos,

2133 2992 2291 3063 quasi
2313 2994 2384 3047 ad
2408 3010 2503 3047 eos
2523 2994 2881 3064 Evangelium
2902 2994 3111 3048 Christi
3133 2996 3372 3049 necdum
3390 2991 3671 3065 pervenerit;

449 3081 687 3151 Oportet
715 3087 903 3133 autem
929 3087 993 3134 ut
1021 3080 1229 3150 singuli
1275 3079 1465 3133 hostes
1523 3080 1639 3133 suis
1678 3088 1930 3150 pugnent
1956 3082 2385 3153 ar-Cpervenit
2421 3082 2646 3152 quidem
2677 3090 2736 3136 et
2789 3090 3124 3154 receperunt
3166 3084 3268 3139 Dei
3322 3083 3576 3145 notitiam,
3601 3078 3677 3133 sed

447 3168 555 3222 mis
580 3188 591 3235 ;
618 3168 698 3221 illi
720 3167 930 3221 scilicet
964 3168 1137 3221 armis
1162 3166 1481 3221 carnalibus
1501 3173 1558 3220 et
1597 3166 1906 3230 diabolicis,
1934 3169 2048 3221 ele-

447 3257 523 3311 cti
551 3274 699 3320 vero,
728 3256 1026 3310 virtutibus
1069 3262 1126 3310 et
1180 3255 1495 3311 cmlestibus
1558 3256 1747 3310 armis.
1783 3257 1938 3311 Unde
1968 3256 2049 3310 illi

446 3344 852 3416 praeliabuntur
881 3345 938 3399 in
971 3344 1228 3413 invicem,
1262 3352 1318 3399 et
1335 3353 1530 3399 contra
1568 3352 1819 3412 sanctos;
1870 3346 2047 3400 sancti

448 3448 577 3487 vero
608 3433 856 3486 audituri
879 3438 1011 3487 sunt
1043 3433 1185 3487 bella
1217 3440 1273 3487 et
1303 3434 1595 3504 opiniones
1619 3433 1910 3497 bellorum,
1948 3451 2049 3488 nec

446 3526 643 3575 tamen
674 3522 847 3576 oculis
874 3528 1006 3576 sunt
1035 3522 1205 3576 visuri
1232 3542 1243 3589 ;
1310 3526 1442 3593 quia
1497 3522 1644 3577 beati
1673 3523 1817 3577 oculi
1845 3524 1942 3593 qui
1966 3524 2048 3577 vi-

446 3610 582 3663 dent
605 3626 667 3663 ea
695 3626 817 3680 quae
847 3609 954 3681 ipsi
979 3610 1162 3664 videre
1185 3611 1454 3679 gaudent.

518 3699 582 3753 Et
613 3702 769 3752 eritis
817 3700 938 3752 odio
986 3702 1241 3753 omnibus
1294 3702 1544 3767 gentibus
1593 3706 1818 3768 propter
1846 3717 2045 3754 nomen

446 3804 652 3842 meum.
687 3788 942 3859 Seipsum
999 3788 1253 3842 Christus
1309 3804 1531 3858 semper
1584 3787 1773 3843 haberi
1829 3790 1947 3843 vult
1988 3789 2045 3841 in

444 3890 695 3941 causam,
729 3877 863 3931 dum
898 3874 1167 3931 dimicant
1193 3878 1352 3931 electi
1379 3883 1575 3930 contra
1612 3877 1895 3949 reprobos.
1921 3894 2045 3931 san-

445 3966 520 4020 cti
550 3971 747 4020 contra
774 3966 927 4027 vitia,
961 3966 1091 4019 boni
1121 3973 1316 4020 contra
1346 3966 1522 4019 malos
1547 3985 1559 4025 ;
1610 3968 1778 4020 etiam
1809 3973 1866 4020 et
1895 3966 2042 4036 quod

443 4054 738 4125 patiuntur
763 4055 833 4107 ab
858 4054 1084 4126 iniquis,
1118 4060 1183 4108 ut
1210 4072 1433 4126 semper
1465 4072 1564 4125 pro
1622 4055 1843 4109 Christo
1871 4061 2045 4124 agant

445 4148 502 4195 et
530 4144 845 4196 sustineant
869 4160 991 4212 quae
1018 4144 1355 4197 inferuntur.
1389 4143 1472 4197 Ad
1530 4142 1634 4198 hoc
1696 4145 1901 4215 quippe
1935 4144 2045 4196 ins-

444 4230 587 4282 truit
607 4234 663 4282 et
689 4231 983 4283 conﬁrmat
1005 4247 1099 4283 eos
1154 4232 1222 4283 ad
1283 4232 1639 4285 tolerantiam
1682 4233 2039 4303 passionum;

447 4322 502 4371 et
530 4316 826 4371 denuntiat
852 4316 1134 4388 publicum
1161 4319 1412 4371 omnium
1425 4320 1677 4387 gentium
1705 4321 1894 4375 odium
1917 4338 2045 4374 con-

2132 3171 2279 3223 male
2309 3171 2521 3225 seducti
2570 3189 2605 3225 a
2644 3172 2977 3242 quibusdam
3029 3172 3520 3244 pseudoapostolis,
3549 3176 3601 3223 ut
3616 3169 3678 3221 ita

2131 3259 2354 3329 loquar,
2375 3259 2589 3313 Nicolai
2641 3259 2946 3329 discipulis,
2992 3262 3284 3332 pr0priam
3342 3260 3459 3321 sibi,
3505 3266 3677 3312 tamex

2130 3347 2319 3401 Veteri
2344 3348 2721 3411 Testamento,
2764 3365 2931 3419 quam
2977 3365 3042 3401 ex
3073 3350 3233 3404 Novo
3261 3349 3602 3404 condiderunt
3621 3346 3679 3397 le-

2124 3454 2277 3507 gem,
2292 3453 2355 3489 ac
2376 3437 2422 3489 si
2447 3436 2549 3489 sub
2571 3436 2736 3490 unius
2770 3437 2871 3490 Dei
2890 3437 3063 3504 cultu,
3081 3455 3187 3493 nec
3206 3445 3391 3493 tamen
3411 3436 3676 3496 nobiscum,

2130 3542 2233 3579 nec
2256 3542 2379 3579 cum
2410 3525 2616 3579 Judzeis
2646 3524 2931 3595 quidpiam
2990 3527 3202 3582 sentire
3245 3529 3499 3590 volentes,
3525 3521 3680 3579 omnia

2130 3632 2260 3686 perv
2269 3620 2542 3668 erterunt.
2560 3614 2666 3677 Qui
2686 3614 2818 3667 dum
2835 3616 3071 3686 cupiunt
3088 3617 3353 3671 universa
3365 3633 3461 3670 suo
3473 3611 3679 3668 dominio

2127 3702 2418 3772 subjugari
2473 3720 2574 3756 nec
2605 3711 2866 3773 quaerunt
2891 3722 3054 3769 quem
3088 3707 3329 3778 quisque
3358 3707 3522 3760 Deum
3546 3700 3678 3761 colat,

2128 3792 2223 3845 sed
2258 3799 2318 3845 ut
2347 3792 2428 3845 eis
2462 3793 2851 3846 tantummodo
2906 3795 3205 3849 serviatur.
3238 3797 3287 3849 Α
3337 3793 3525 3864 quibus
3548 3791 3677 3849 forte,

2129 3880 2258 3949 quia
2274 3881 2431 3948 justo
2462 3880 2562 3934 Dei
2588 3880 2803 3949 judicio
2829 3891 3202 3953 susceperunt
3228 3884 3478 3955 spiritum
3513 3876 3680 3934 erroris

2130 3972 2211 4036 (ut
2240 3969 2401 4022 multi
2422 3976 2640 4039 putant:
2662 3970 3049 4040 suscipiendus
3074 3980 3167 4026 est
3187 3968 3675 4030 antichristusQW‘

2127 4074 2253 4110 rum
2271 4074 2505 4111 assensu
2533 4065 2703 4127 atque
2730 4058 2982 4112 dominio
3003 4067 3165 4115 tanta
3204 4061 3408 4131 poterit
3436 4068 3679 4130 peragere:

2129 4146 2318 4215 qualia
2352 4152 2409 4199 et
2440 4152 2650 4216 quanta
2675 4147 2733 4200 in
2763 4148 3099 4219 Apocalypsi
3146 4150 3380 4204 Joannis
3430 4144 3681 4201 manifeste

2127 4234 2407 4304 leguntur.
2456 4236 2586 4289 Haec
2635 4235 2840 4289 idcirco
2887 4236 3144 4303 dixerim,
3178 4246 3246 4292 ut
3296 4238 3435 4291 sciat
3473 4232 3682 4307 prudens

2127 4322 2301 4375 lector
2330 4324 2464 4393 quia
2488 4324 2816 4395 mysterium
2843 4326 2962 4395 jam
2991 4333 3263 4396 operatur
3288 4316 3680 4398 iniquitatissed

445 4408 535 4460 tra
562 4423 657 4460 eos
678 4406 1028 4475 saeviturum,
1073 4412 1305 4476 propter
1360 4424 1562 4459 nomen
1611 4425 1795 4462 suum.
1832 4409 2045 4474 Quibus
2068 4404 2110 4461 D
2130 4413 2366 4466 necdum
2392 4418 2476 4466 est
2495 4413 2653 4466 ﬁnis:
2679 4415 2786 4480 Qui
2805 4419 2990 4467 autem
3014 4418 3439 4483 persererarerit
3472 4409 3680 4479 usqu-ei“

443 4496 635 4567 itaque
666 4494 1049 4550 vexationibus
1078 4495 1269 4548 afflicti
1303 4494 1829 4551 scandalizabuntur
1857 4500 2038 4552 multi.

444 4586 579 4649 Quae
611 4585 876 4638 nimirum
924 4584 1339 4655 Scripturarum
1384 4583 1579 4655 regula
1638 4586 2045 4641 consideranda

446 4680 533 4727 est
554 4717 565 4734 ,
603 4673 735 4743 quia
760 4690 869 4726 non
897 4673 965 4726 de
996 4673 1264 4743 apostolis
1295 4673 1398 4726 hoc
1427 4671 1608 4727 solum
1652 4674 1805 4737 dicit,
1836 4676 1931 4729 sed
1973 4677 2041 4729 de

446 4762 707 4816 omnibus
733 4761 923 4815 electis
947 4762 1152 4823 suis,ut
1174 4761 1276 4815 hoc
1290 4765 1552 4832 generale
1582 4763 1770 4817 odium
1785 4765 2040 4818 omnium

442 4850 697 4922 gentium
728 4858 923 4904 contra
951 4850 1203 4905 membra
1229 4851 1435 4905 Christi
1464 4852 1804 4921 generaliter
1855 4853 2042 4906 venire

443 4938 808 5009 intelligatur.
841 4939 1102 5010 Alioquin
1133 4956 1235 4993 nec
1264 4939 1369 5010 ipsi
1398 4940 1651 5010 Apostoli
1698 4940 1754 4993 in
1790 4941 2043 4994 omnium

441 5028 696 5100 gentium
725 5027 970 5099 primum
1002 5033 1273 5082 venerunt
1292 5028 1572 5092 notitiam,
1606 5028 1859 5099 quamvis
1888 5028 2041 5083 dica-

442 5122 539 5172 tur
559 5114 801 5188 quod,ln
815 5132 1033 5170 omnem
1051 5122 1258 5170 terram.
1287 5120 1452 5170 exivit
1474 5134 1640 5171 sonus
1666 5120 2035 5188 eorum(Rom.

442 5220 495 5271 x,
528 5204 603 5273 8).
635 5205 819 5259 Exivit
842 5203 1089 5276 quidem,
1142 5203 1239 5257 sed
1296 5222 1396 5275 per
1448 5223 1792 5260 successores
1822 5223 2036 5261 eorum.

442 5290 513 5348 Et
531 5295 656 5348 ideo
685 5294 829 5365 quod
855 5295 935 5347 ait
963 5311 974 5344 :
1008 5291 1179 5345 Eriti;
1210 5295 1331 5346 odio
1357 5297 1611 5348 omnibus
1643 5299 1917 5363 gentibus,
1942 5302 2042 5350 aut

441 5399 543 5459 per
567 5383 1055 5452 exaggerationem
1104 5380 1255 5445 dicit,
1315 5382 1617 5436 multarum
1665 5384 1940 5455 gentium,
1975 5390 2039 5440 ut

442 5470 594 5525 dicat
617 5470 875 5525 omnibus
906 5488 1005 5542 pro
1028 5469 1239 5534 multis,
1265 5474 1363 5523 aut
1385 5469 1527 5525 sicut
1556 5471 1884 5534 dixi,omnis
1902 5491 2038 5545 prte-

440 5556 754 5615 dicatorum
778 5559 914 5614 ordo
958 5556 1017 5613 in
1065 5558 1446 5629 apostolorum
1502 5558 1782 5631 colligitur
1810 5561 2034 5618 unione.

2124 4503 2414 4569 ﬁnem,hie
2436 4507 2619 4555 salvus
2643 4505 2767 4555 erit.
2790 4502 2850 4557 1d
2872 4510 2959 4557 est
2978 4503 3126 4559 inter
3152 4510 3241 4558 tot
3281 4498 3679 4563 scandala,inter

2126 4590 2315 4642 omnia
2336 4606 2485 4643 sanae
2506 4590 2632 4644 fidei
2663 4591 3035 4657 adversantia,
3067 4592 3219 4646 inter
3248 4598 3519 4647 tormenta
3531 4594 3580 4641 et
3595 4583 3679 4637 fal-

2125 4678 2285 4739 lacia,
2313 4678 2462 4732 inter
2489 4679 2646 4748 signa
2663 4680 3063 4735 daemoniorum
3087 4688 3145 4734 et
3184 4680 3459 4753 prodigia,
3489 4676 3679 4749 quicun-

2127 4783 2236 4838 que
2267 4769 2704 4837 perseveraverit
2725 4769 2784 4823 in
2814 4769 3037 4824 Christo
3055 4770 3239 4825 ﬁdelis
3265 4786 3440 4841 usque
3465 4766 3533 4822 ad
3554 4776 3679 4818 mor-

2125 4860 2260 4913 tem.
2286 4856 2375 4909 hic
2395 4857 2580 4910 salvus
2601 4857 2725 4910 erit.

2199 4945 2263 4998 Et
2289 4947 2687 5012 praedicabitur
2703 4946 2801 4999 hoc
2812 4946 3176 5015 Evangelium
3198 4950 3361 5016 regni
3374 4950 3435 5000 in
3461 4945 3677 4998 universo

2126 5034 2271 5095 orbe,
2293 5035 2355 5087 in
2374 5037 2754 5088 testimonium
2774 5036 3030 5089 omnibus
3047 5039 3232 5103 gentib
3244 5053 3319 5101 ἰε,
3336 5041 3382 5089 et
3398 5040 3522 5088 tunc
3534 5029 3677 5085 venit!

2123 5125 2546 5175 consummatio.
2567 5123 2710 5176 Nam
2734 5122 2918 5182 dicere
2946 5130 3078 5177 ante
3103 5126 3271 5179 ﬁnem
3302 5123 3484 5177 venire
3498 5113 3673 5177 seculi»

2124 5225 2291 5280 quam
2325 5211 2660 5281 praedicetur
2687 5213 2793 5265 hoc
2814 5212 3175 5282 Evangeliuzu
3196 5213 3254 5267 in
3282 5217 3400 5267 toto
3426 5209 3565 5272 orbe,
3582 5218 3678 5258 ma'

2120 5315 2248 5370 gnte
2265 5300 2599 5354 temeritatis
2621 5306 2706 5354 est
2734 5302 2988 5365 assertio,
3020 5308 3077 5357 et
3103 5301 3345 5357 hominis
3372 5315 3477 5354 non
3503 5290 3676 5350 intelli‘

2120 5387 2324 5458 gentis.
2357 5387 2501 5452 Quia
2546 5389 2693 5443 sicut
2738 5390 2820 5443 ait
2850 5391 3136 5446 Salvator:
3177 5392 3324 5447 Tum:
3366 5390 3537 5445 censet
3566 5396 3675 5437 ωηε-

2118 5492 2183 5529 su
2196 5478 2521 5531 mmatio.£t
2538 5478 2690 5548 quid,
2717 5480 2862 5550 quod
2891 5479 3045 5544 dicit,
3071 5482 3385 5535 tuncveniet
3400 5482 3424 5531 Ρ
3446 5468 3674 5543 ηἰδὶςαὶι

2119 5570 2249 5619 ante
2276 5580 2391 5621 non
2418 5566 2874 5635 veniet.Quando
2906 5583 3039 5643 ergo
3064 5574 3192 5643 post
3209 5567 3410 5639 veniat,
3428 5564 3672 5619 incertum
