  <div class='ocr_page' id='page_1' title='image "/cluster/home/n/w/nwhite01/storage/ocr_20150623/120/hvd.32044054759824/408.png"; bbox 0 0 3872 6158; ppageno 0'>
   <div class='ocr_carea' id='block_1_1' title="bbox 176 203 282 272">
    <p class='ocr_par' dir='ltr' id='par_1_1' title="bbox 176 203 282 272">
     <span class='ocr_line' id='line_1_1' title="bbox 176 203 282 272; baseline -0.009 0"><span class='ocrx_word' id='word_1_1' title='bbox 176 203 282 272; x_wconf 84' lang='grc'>805</span> 
     </span>
    </p>
   </div>
   <div class='ocr_carea' id='block_1_2' title="bbox 895 192 2742 278">
    <p class='ocr_par' dir='ltr' id='par_1_2' title="bbox 895 192 2742 278">
     <span class='ocr_line' id='line_1_2' title="bbox 895 192 2742 278; baseline -0.001 -10"><span class='ocrx_word' id='word_1_2' title='bbox 895 203 1276 269; x_wconf 73' lang='lat' dir='ltr'>EXP‘OSITIO</span> <span class='ocrx_word' id='word_1_3' title='bbox 1315 211 1396 268; x_wconf 89' lang='lat' dir='ltr'>IN</span> <span class='ocrx_word' id='word_1_4' title='bbox 1432 192 1879 267; x_wconf 54' lang='lat' dir='ltr'>Matinium.</span> <span class='ocrx_word' id='word_1_5' title='bbox 1924 240 1989 253; x_wconf 91' lang='grc'><strong><em>-</em></strong></span> <span class='ocrx_word' id='word_1_6' title='bbox 2028 201 2164 266; x_wconf 83' lang='lat' dir='ltr'>LIB.</span> <span class='ocrx_word' id='word_1_7' title='bbox 2207 201 2303 278; x_wconf 80' lang='lat' dir='ltr'>&#39;XI,</span> <span class='ocrx_word' id='word_1_8' title='bbox 2348 192 2504 266; x_wconf 68' lang='lat' dir='ltr'>CAP.</span> <span class='ocrx_word' id='word_1_9' title='bbox 2545 211 2742 268; x_wconf 82' lang='lat' dir='ltr'>XXIV.</span> 
     </span>
    </p>
   </div>
   <div class='ocr_carea' id='block_1_3' title="bbox 3346 209 3454 274">
    <p class='ocr_par' dir='ltr' id='par_1_3' title="bbox 3346 209 3454 274">
     <span class='ocr_line' id='line_1_3' title="bbox 3346 209 3454 274; baseline 0 0"><span class='ocrx_word' id='word_1_10' title='bbox 3346 209 3454 274; x_wconf 88' lang='lat'>806</span> 
     </span>
    </p>
   </div>
   <div class='ocr_carea' id='block_1_4' title="bbox 173 325 3453 410">
    <p class='ocr_par' dir='ltr' id='par_1_4' title="bbox 173 325 3453 410">
     <span class='ocr_line' id='line_1_4' title="bbox 173 325 3453 410; baseline 0.002 -18"><span class='ocrx_word' id='word_1_11' title='bbox 173 337 362 408; x_wconf 88' lang='lat' dir='ltr'>utique</span> <span class='ocrx_word' id='word_1_12' title='bbox 409 335 569 393; x_wconf 83' lang='lat' dir='ltr'>nobis</span> <span class='ocrx_word' id='word_1_13' title='bbox 615 343 717 404; x_wconf 90' lang='lat' dir='ltr'>est,</span> <span class='ocrx_word' id='word_1_14' title='bbox 755 331 884 393; x_wconf 82' lang='lat' dir='ltr'>ante</span> <span class='ocrx_word' id='word_1_15' title='bbox 927 343 1118 393; x_wconf 83' lang='lat' dir='ltr'>tamen</span> <span class='ocrx_word' id='word_1_16' title='bbox 1148 344 1440 391; x_wconf 76' lang='lat' dir='ltr'>&#39;ventiirum</span> <span class='ocrx_word' id='word_1_17' title='bbox 1474 349 1585 391; x_wconf 90' lang='lat' dir='ltr'>non</span> <span class='ocrx_word' id='word_1_18' title='bbox 1625 347 1765 400; x_wconf 83' lang='lat' dir='ltr'>eSse,</span> <span class='ocrx_word' id='word_1_19' title='bbox 1787 336 1916 395; x_wconf 83' lang='lat' dir='ltr'>Aac</span> <span class='ocrx_word' id='word_1_20' title='bbox 1944 333 1990 387; x_wconf 91' lang='lat' dir='ltr'>si</span> <span class='ocrx_word' id='word_1_21' title='bbox 2029 325 2167 388; x_wconf 87' lang='lat' dir='ltr'>illud</span> <span class='ocrx_word' id='word_1_22' title='bbox 2197 352 2209 386; x_wconf 87' lang='lat'><strong>:</strong></span> <span class='ocrx_word' id='word_1_23' title='bbox 2241 327 2349 402; x_wconf 85' lang='lat' dir='ltr'>Ego</span> <span class='ocrx_word' id='word_1_24' title='bbox 2377 339 2648 391; x_wconf 85' lang='lat' dir='ltr'>vobiscum</span> <span class='ocrx_word' id='word_1_25' title='bbox 2670 356 2794 392; x_wconf 87' lang='lat' dir='ltr'>sum</span> <span class='ocrx_word' id='word_1_26' title='bbox 2819 356 2986 410; x_wconf 83' lang='lat' dir='ltr'>usque</span> <span class='ocrx_word' id='word_1_27' title='bbox 3009 343 3082 393; x_wconf 88' lang='lat' dir='ltr'>ad</span> <span class='ocrx_word' id='word_1_28' title='bbox 3111 358 3453 398; x_wconf 86' lang='lat' dir='ltr'>consumma—</span> 
     </span>
    </p>
   </div>
   <div class='ocr_carea' id='block_1_5' title="bbox 177 425 1774 498">
    <p class='ocr_par' dir='ltr' id='par_1_5' title="bbox 177 425 1774 498">
     <span class='ocr_line' id='line_1_5' title="bbox 177 425 1774 498; baseline -0.003 -18"><span class='ocrx_word' id='word_1_29' title='bbox 177 428 564 498; x_wconf 91' lang='lat' dir='ltr'>quoquomodo</span> <span class='ocrx_word' id='word_1_30' title='bbox 587 427 843 481; x_wconf 85' lang='lat' dir='ltr'>dubitare</span> <span class='ocrx_word' id='word_1_31' title='bbox 870 445 978 481; x_wconf 91' lang='lat' dir='ltr'>non</span> <span class='ocrx_word' id='word_1_32' title='bbox 1001 432 1238 498; x_wconf 80' lang='lat' dir='ltr'>oportet.</span> <span class='ocrx_word' id='word_1_33' title='bbox 1267 427 1409 490; x_wconf 85' lang='lat' dir='ltr'>Quia</span> <span class='ocrx_word' id='word_1_34' title='bbox 1431 431 1672 496; x_wconf 78' lang='lat' dir='ltr'>proiecto</span> <span class='ocrx_word' id='word_1_35' title='bbox 1695 425 1774 477; x_wconf 91' lang='lat' dir='ltr'>sic</span> 
     </span>
    </p>
   </div>
   <div class='ocr_carea' id='block_1_6' title="bbox 174 515 1772 587">
    <p class='ocr_par' dir='ltr' id='par_1_6' title="bbox 174 515 1772 587">
     <span class='ocr_line' id='line_1_6' title="bbox 174 515 1772 587; baseline -0.001 -20"><span class='ocrx_word' id='word_1_36' title='bbox 174 517 508 585; x_wconf 87' lang='lat' dir='ltr'>promissum</span> <span class='ocrx_word' id='word_1_37' title='bbox 551 523 638 570; x_wconf 89' lang='lat' dir='ltr'>est</span> <span class='ocrx_word' id='word_1_38' title='bbox 683 517 916 571; x_wconf 77' lang='lat' dir='ltr'>Abrahae</span> <span class='ocrx_word' id='word_1_39' title='bbox 966 516 1109 587; x_wconf 84' lang='lat' dir='ltr'>patri</span> <span class='ocrx_word' id='word_1_40' title='bbox 1154 523 1342 568; x_wconf 89' lang='lat' dir='ltr'>nostro</span> <span class='ocrx_word' id='word_1_41' title='bbox 1370 517 1563 578; x_wconf 43' lang='lat'>9&amp;6</span> <span class='ocrx_word' id='word_1_42' title='bbox 1591 531 1625 566; x_wconf 87' lang='lat' dir='ltr'>a</span> <span class='ocrx_word' id='word_1_43' title='bbox 1659 515 1772 567; x_wconf 88' lang='lat' dir='ltr'>Deo</span> 
     </span>
    </p>
   </div>
   <div class='ocr_carea' id='block_1_7' title="bbox 175 602 1768 675">
    <p class='ocr_par' dir='ltr' id='par_1_7' title="bbox 175 602 1768 675">
     <span class='ocr_line' id='line_1_7' title="bbox 175 602 1768 675; baseline -0.001 -20"><span class='ocrx_word' id='word_1_44' title='bbox 175 604 339 658; x_wconf 85' lang='lat' dir='ltr'>etiam</span> <span class='ocrx_word' id='word_1_45' title='bbox 372 623 499 658; x_wconf 87' lang='lat' dir='ltr'>cum</span> <span class='ocrx_word' id='word_1_46' title='bbox 526 607 918 675; x_wconf 83' lang='lat' dir='ltr'>jurejurando,</span> <span class='ocrx_word' id='word_1_47' title='bbox 953 605 1098 675; x_wconf 88' lang='lat' dir='ltr'>quod</span> <span class='ocrx_word' id='word_1_48' title='bbox 1141 621 1332 656; x_wconf 87' lang='lat' dir='ltr'>omnes</span> <span class='ocrx_word' id='word_1_49' title='bbox 1363 609 1556 671; x_wconf 80' lang='lat' dir='ltr'>gentes</span> <span class='ocrx_word' id='word_1_50' title='bbox 1585 602 1640 653; x_wconf 92' lang='lat' dir='ltr'>in</span> <span class='ocrx_word' id='word_1_51' title='bbox 1678 617 1768 654; x_wconf 90' lang='lat' dir='ltr'>se-</span> 
     </span>
    </p>
   </div>
   <div class='ocr_carea' id='block_1_8' title="bbox 173 685 1769 763">
    <p class='ocr_par' dir='ltr' id='par_1_8' title="bbox 173 685 1769 763">
     <span class='ocr_line' id='line_1_8' title="bbox 173 685 1769 763; baseline -0.003 -17"><span class='ocrx_word' id='word_1_52' title='bbox 173 693 318 747; x_wconf 90' lang='lat' dir='ltr'>mine</span> <span class='ocrx_word' id='word_1_53' title='bbox 349 696 473 763; x_wconf 84' lang='lat' dir='ltr'>ejus</span> <span class='ocrx_word' id='word_1_54' title='bbox 517 685 937 747; x_wconf 69' lang='lat' dir='ltr'>benedicentur.</span> <span class='ocrx_word' id='word_1_55' title='bbox 985 693 1059 746; x_wconf 76' lang='lat' dir='ltr'>Ex</span> <span class='ocrx_word' id='word_1_56' title='bbox 1098 707 1210 761; x_wconf 88' lang='lat' dir='ltr'>qua</span> <span class='ocrx_word' id='word_1_57' title='bbox 1258 691 1624 762; x_wconf 84' lang='lat' dir='ltr'>promissione</span> <span class='ocrx_word' id='word_1_58' title='bbox 1648 689 1769 758; x_wconf 88' lang='lat' dir='ltr'>jam</span> 
     </span>
    </p>
   </div>
   <div class='ocr_carea' id='block_1_9' title="bbox 171 777 1763 849">
    <p class='ocr_par' dir='ltr' id='par_1_9' title="bbox 171 777 1763 849">
     <span class='ocr_line' id='line_1_9' title="bbox 171 777 1763 849; baseline -0.003 -16"><span class='ocrx_word' id='word_1_59' title='bbox 171 783 375 834; x_wconf 83' lang='lat' dir='ltr'>iactum</span> <span class='ocrx_word' id='word_1_60' title='bbox 392 786 565 841; x_wconf 83' lang='lat' dir='ltr'>est,ut</span> <span class='ocrx_word' id='word_1_61' title='bbox 583 781 770 834; x_wconf 70' lang='lat' dir='ltr'>multm</span> <span class='ocrx_word' id='word_1_62' title='bbox 788 781 1041 833; x_wconf 87' lang='lat' dir='ltr'>nationes</span> <span class='ocrx_word' id='word_1_63' title='bbox 1057 779 1368 849; x_wconf 77' lang='lat' dir='ltr'>receperint</span> <span class='ocrx_word' id='word_1_64' title='bbox 1383 777 1763 846; x_wconf 83' lang='lat' dir='ltr'>Evangelium,</span> 
     </span>
    </p>
   </div>
   <div class='ocr_carea' id='block_1_10' title="bbox 173 866 1768 935">
    <p class='ocr_par' dir='ltr' id='par_1_10' title="bbox 173 866 1768 935">
     <span class='ocr_line' id='line_1_10' title="bbox 173 866 1768 935; baseline -0.004 -12"><span class='ocrx_word' id='word_1_65' title='bbox 173 875 223 923; x_wconf 86' lang='lat' dir='ltr'>et</span> <span class='ocrx_word' id='word_1_66' title='bbox 254 877 319 922; x_wconf 68' lang='lat' dir='ltr'>ex</span> <span class='ocrx_word' id='word_1_67' title='bbox 351 870 611 924; x_wconf 87' lang='lat' dir='ltr'>omnibus</span> <span class='ocrx_word' id='word_1_68' title='bbox 656 870 799 923; x_wconf 79' lang='lat' dir='ltr'>facta</span> <span class='ocrx_word' id='word_1_69' title='bbox 846 875 930 922; x_wconf 88' lang='lat' dir='ltr'>est</span> <span class='ocrx_word' id='word_1_70' title='bbox 971 885 1083 921; x_wconf 90' lang='lat' dir='ltr'>una</span> <span class='ocrx_word' id='word_1_71' title='bbox 1114 867 1353 921; x_wconf 83' lang='lat' dir='ltr'>Ecclesia</span> <span class='ocrx_word' id='word_1_72' title='bbox 1386 866 1613 924; x_wconf 86' lang='lat' dir='ltr'>Christi,</span> <span class='ocrx_word' id='word_1_73' title='bbox 1647 882 1768 935; x_wconf 63' lang='lat' dir='ltr'>quae</span> 
     </span>
    </p>
   </div>
   <div class='ocr_carea' id='block_1_11' title="bbox 170 951 1769 1022">
    <p class='ocr_par' dir='ltr' id='par_1_11' title="bbox 170 951 1769 1022">
     <span class='ocr_line' id='line_1_11' title="bbox 170 951 1769 1022; baseline -0.001 -11"><span class='ocrx_word' id='word_1_74' title='bbox 170 957 466 1012; x_wconf 66' lang='lat' dir='ltr'>l’ructiﬁcat</span> <span class='ocrx_word' id='word_1_75' title='bbox 489 951 669 1012; x_wconf 85' lang='lat' dir='ltr'>adhuc</span> <span class='ocrx_word' id='word_1_76' title='bbox 690 959 873 1022; x_wconf 88' lang='lat' dir='ltr'>hodie,</span> <span class='ocrx_word' id='word_1_77' title='bbox 891 963 948 1011; x_wconf 89' lang='lat' dir='ltr'>et</span> <span class='ocrx_word' id='word_1_78' title='bbox 967 957 1165 1010; x_wconf 87' lang='lat' dir='ltr'>crescit</span> <span class='ocrx_word' id='word_1_79' title='bbox 1185 957 1241 1009; x_wconf 92' lang='lat' dir='ltr'>in</span> <span class='ocrx_word' id='word_1_80' title='bbox 1260 955 1518 1009; x_wconf 86' lang='lat' dir='ltr'>universo</span> <span class='ocrx_word' id='word_1_81' title='bbox 1539 954 1769 1009; x_wconf 90' lang='lat' dir='ltr'>mundo.</span> 
     </span>
    </p>
   </div>
   <div class='ocr_carea' id='block_1_12' title="bbox 173 1044 1768 1117">
    <p class='ocr_par' dir='ltr' id='par_1_12' title="bbox 173 1044 1768 1117">
     <span class='ocr_line' id='line_1_12' title="bbox 173 1044 1768 1117; baseline -0.004 -16"><span class='ocrx_word' id='word_1_82' title='bbox 173 1045 275 1101; x_wconf 88' lang='lat' dir='ltr'>Sed</span> <span class='ocrx_word' id='word_1_83' title='bbox 308 1052 518 1109; x_wconf 86' lang='lat' dir='ltr'>tamen,</span> <span class='ocrx_word' id='word_1_84' title='bbox 547 1053 610 1100; x_wconf 90' lang='lat' dir='ltr'>ut</span> <span class='ocrx_word' id='word_1_85' title='bbox 641 1059 810 1117; x_wconf 72' lang='lat' dir='ltr'>Supra</span> <span class='ocrx_word' id='word_1_86' title='bbox 833 1046 966 1111; x_wconf 79' lang='lat' dir='ltr'>dixi,</span> <span class='ocrx_word' id='word_1_87' title='bbox 995 1045 1162 1099; x_wconf 88' lang='lat' dir='ltr'>habet</span> <span class='ocrx_word' id='word_1_88' title='bbox 1189 1044 1370 1098; x_wconf 86' lang='lat' dir='ltr'>adhuc</span> <span class='ocrx_word' id='word_1_89' title='bbox 1399 1059 1507 1114; x_wconf 91' lang='lat' dir='ltr'>quo</span> <span class='ocrx_word' id='word_1_90' title='bbox 1539 1049 1768 1106; x_wconf 87' lang='lat' dir='ltr'>crescat,</span> 
     </span>
    </p>
   </div>
   <div class='ocr_carea' id='block_1_13' title="bbox 170 1129 1770 1206">
    <p class='ocr_par' dir='ltr' id='par_1_13' title="bbox 170 1129 1770 1206">
     <span class='ocr_line' id='line_1_13' title="bbox 170 1129 1770 1206; baseline -0.004 -17"><span class='ocrx_word' id='word_1_91' title='bbox 170 1133 341 1189; x_wconf 88' lang='lat' dir='ltr'>donec</span> <span class='ocrx_word' id='word_1_92' title='bbox 370 1138 470 1189; x_wconf 81' lang='lat' dir='ltr'>fiat</span> <span class='ocrx_word' id='word_1_93' title='bbox 495 1135 641 1206; x_wconf 89' lang='lat' dir='ltr'>quod</span> <span class='ocrx_word' id='word_1_94' title='bbox 674 1136 896 1189; x_wconf 88' lang='lat' dir='ltr'>Christo</span> <span class='ocrx_word' id='word_1_95' title='bbox 928 1135 1327 1205; x_wconf 89' lang='lat' dir='ltr'>repromissum</span> <span class='ocrx_word' id='word_1_96' title='bbox 1360 1139 1460 1186; x_wconf 88' lang='lat' dir='ltr'>est.</span> <span class='ocrx_word' id='word_1_97' title='bbox 1498 1129 1562 1185; x_wconf 83' lang='lat' dir='ltr'>Et</span> <span class='ocrx_word' id='word_1_98' title='bbox 1591 1133 1770 1184; x_wconf 88' lang='lat' dir='ltr'>domi-</span> 
     </span>
    </p>
   </div>
   <div class='ocr_carea' id='block_1_14' title="bbox 170 1222 1769 1294">
    <p class='ocr_par' dir='ltr' id='par_1_14' title="bbox 170 1222 1769 1294">
     <span class='ocr_line' id='line_1_14' title="bbox 170 1222 1769 1294; baseline -0.004 -18"><span class='ocrx_word' id='word_1_99' title='bbox 170 1227 416 1290; x_wconf 80' lang='lat' dir='ltr'>nabitur,</span> <span class='ocrx_word' id='word_1_100' title='bbox 449 1225 634 1294; x_wconf 85' lang='lat' dir='ltr'>inquit</span> <span class='ocrx_word' id='word_1_101' title='bbox 662 1222 959 1294; x_wconf 77' lang='lat' dir='ltr'>Propheta,</span> <span class='ocrx_word' id='word_1_102' title='bbox 986 1225 1193 1276; x_wconf 86' lang='lat' dir='ltr'>amari</span> <span class='ocrx_word' id='word_1_103' title='bbox 1223 1237 1389 1290; x_wconf 84' lang='lat' dir='ltr'>usque</span> <span class='ocrx_word' id='word_1_104' title='bbox 1418 1223 1491 1273; x_wconf 86' lang='lat' dir='ltr'>ad</span> <span class='ocrx_word' id='word_1_105' title='bbox 1519 1235 1686 1282; x_wconf 83' lang='lat' dir='ltr'>mare,</span> <span class='ocrx_word' id='word_1_106' title='bbox 1721 1223 1769 1271; x_wconf 84' lang='lat' dir='ltr'>et</span> 
     </span>
    </p>
   </div>
   <div class='ocr_carea' id='block_1_15' title="bbox 168 1310 1765 1381">
    <p class='ocr_par' dir='ltr' id='par_1_15' title="bbox 168 1310 1765 1381">
     <span class='ocr_line' id='line_1_15' title="bbox 168 1310 1765 1381; baseline -0.003 -17"><span class='ocrx_word' id='word_1_107' title='bbox 168 1328 198 1364; x_wconf 82' lang='grc' dir='ltr'><em>α</em></span> <span class='ocrx_word' id='word_1_108' title='bbox 222 1315 462 1381; x_wconf 84' lang='lat' dir='ltr'>flumine</span> <span class='ocrx_word' id='word_1_109' title='bbox 490 1329 657 1380; x_wconf 84' lang='lat' dir='ltr'>usque</span> <span class='ocrx_word' id='word_1_110' title='bbox 693 1315 765 1365; x_wconf 86' lang='lat' dir='ltr'>ad</span> <span class='ocrx_word' id='word_1_111' title='bbox 809 1315 1072 1364; x_wconf 79' lang='lat' dir='ltr'>terminos</span> <span class='ocrx_word' id='word_1_112' title='bbox 1113 1313 1257 1363; x_wconf 82' lang='lat' dir='ltr'>orbis</span> <span class='ocrx_word' id='word_1_113' title='bbox 1292 1315 1575 1362; x_wconf 79' lang='lat' dir='ltr'>terrarum</span> <span class='ocrx_word' id='word_1_114' title='bbox 1607 1310 1765 1374; x_wconf 84' lang='lat' dir='ltr'>(Psal.</span> 
     </span>
    </p>
   </div>
   <div class='ocr_carea' id='block_1_16' title="bbox 170 1397 1767 1467">
    <p class='ocr_par' dir='ltr' id='par_1_16' title="bbox 170 1397 1767 1467">
     <span class='ocr_line' id='line_1_16' title="bbox 170 1397 1767 1467; baseline -0.004 -12"><span class='ocrx_word' id='word_1_115' title='bbox 170 1409 306 1464; x_wconf 72' lang='lat' dir='ltr'>Lxxi,</span> <span class='ocrx_word' id='word_1_116' title='bbox 341 1399 420 1456; x_wconf 86' lang='grc'>8).</span> <span class='ocrx_word' id='word_1_117' title='bbox 457 1403 503 1454; x_wconf 86' lang='grc' dir='ltr'><strong>Α</strong></span> <span class='ocrx_word' id='word_1_118' title='bbox 554 1399 785 1453; x_wconf 81' lang='lat' dir='ltr'>ﬂumine</span> <span class='ocrx_word' id='word_1_119' title='bbox 815 1399 1025 1453; x_wconf 81' lang='lat' dir='ltr'>scilicet</span> <span class='ocrx_word' id='word_1_120' title='bbox 1053 1398 1110 1451; x_wconf 92' lang='lat' dir='ltr'>in</span> <span class='ocrx_word' id='word_1_121' title='bbox 1159 1409 1267 1467; x_wconf 79' lang='lat' dir='ltr'>qUo</span> <span class='ocrx_word' id='word_1_122' title='bbox 1307 1397 1616 1467; x_wconf 79' lang='lat' dir='ltr'>baptizatus</span> <span class='ocrx_word' id='word_1_123' title='bbox 1645 1403 1767 1458; x_wconf 87' lang='lat' dir='ltr'>est;</span> 
     </span>
    </p>
   </div>
   <div class='ocr_carea' id='block_1_17' title="bbox 171 1480 1769 1560">
    <p class='ocr_par' dir='ltr' id='par_1_17' title="bbox 171 1480 1769 1560">
     <span class='ocr_line' id='line_1_17' title="bbox 171 1480 1769 1560; baseline -0.004 -17"><span class='ocrx_word' id='word_1_124' title='bbox 171 1489 298 1560; x_wconf 87' lang='lat' dir='ltr'>quia</span> <span class='ocrx_word' id='word_1_125' title='bbox 327 1488 457 1543; x_wconf 86' lang='lat' dir='ltr'>inde</span> <span class='ocrx_word' id='word_1_126' title='bbox 487 1491 653 1559; x_wconf 67' lang='lat' dir='ltr'>cmpit</span> <span class='ocrx_word' id='word_1_127' title='bbox 681 1480 1044 1556; x_wconf 79' lang='lat' dir='ltr'>Evangelium</span> <span class='ocrx_word' id='word_1_128' title='bbox 1079 1485 1385 1556; x_wconf 66' lang='lat' dir='ltr'>praedicari.</span> <span class='ocrx_word' id='word_1_129' title='bbox 1418 1487 1465 1539; x_wconf 74' lang='grc' dir='ltr'><strong>Α</strong></span> <span class='ocrx_word' id='word_1_130' title='bbox 1496 1485 1637 1538; x_wconf 87' lang='lat' dir='ltr'>mari</span> <span class='ocrx_word' id='word_1_131' title='bbox 1667 1501 1769 1537; x_wconf 87' lang='lat' dir='ltr'>au-</span> 
     </span>
    </p>
   </div>
   <div class='ocr_carea' id='block_1_18' title="bbox 1857 420 3454 502">
    <p class='ocr_par' dir='ltr' id='par_1_18' title="bbox 1857 420 3454 502">
     <span class='ocr_line' id='line_1_18' title="bbox 1857 420 3454 502; baseline 0.006 -26"><span class='ocrx_word' id='word_1_132' title='bbox 1857 420 2054 476; x_wconf 83' lang='lat' dir='ltr'>tionem</span> <span class='ocrx_word' id='word_1_133' title='bbox 2084 428 2270 476; x_wconf 67' lang='lat' dir='ltr'>saeculi</span> <span class='ocrx_word' id='word_1_134' title='bbox 2291 423 2500 486; x_wconf 71' lang='lat' dir='ltr'>(Matth.</span> <span class='ocrx_word' id='word_1_135' title='bbox 2537 442 2722 491; x_wconf 76' lang='lat' dir='ltr'>xxvm,</span> <span class='ocrx_word' id='word_1_136' title='bbox 2749 427 2858 484; x_wconf 68' lang='lat'>‘20).</span> <span class='ocrx_word' id='word_1_137' title='bbox 2895 429 3016 482; x_wconf 80' lang='lat' dir='ltr'>Non</span> <span class='ocrx_word' id='word_1_138' title='bbox 3047 425 3193 500; x_wconf 86' lang='lat' dir='ltr'>quod</span> <span class='ocrx_word' id='word_1_139' title='bbox 3218 429 3454 502; x_wconf 83' lang='lat' dir='ltr'>apostoli</span> 
     </span>
    </p>
   </div>
   <div class='ocr_carea' id='block_1_19' title="bbox 1855 509 3454 592">
    <p class='ocr_par' dir='ltr' id='par_1_19' title="bbox 1855 509 3454 592">
     <span class='ocr_line' id='line_1_19' title="bbox 1855 509 3454 592; baseline 0.008 -29"><span class='ocrx_word' id='word_1_140' title='bbox 1855 509 1971 564; x_wconf 86' lang='lat' dir='ltr'>tam</span> <span class='ocrx_word' id='word_1_141' title='bbox 2023 512 2115 564; x_wconf 87' lang='lat' dir='ltr'>diu</span> <span class='ocrx_word' id='word_1_142' title='bbox 2166 521 2324 566; x_wconf 87' lang='lat' dir='ltr'>erant</span> <span class='ocrx_word' id='word_1_143' title='bbox 2372 517 2623 568; x_wconf 84' lang='lat' dir='ltr'>mansuri</span> <span class='ocrx_word' id='word_1_144' title='bbox 2671 516 2726 569; x_wconf 92' lang='lat' dir='ltr'>in</span> <span class='ocrx_word' id='word_1_145' title='bbox 2776 535 2959 578; x_wconf 81' lang='lat' dir='ltr'>carne.</span> <span class='ocrx_word' id='word_1_146' title='bbox 3008 519 3101 573; x_wconf 90' lang='lat' dir='ltr'>sed</span> <span class='ocrx_word' id='word_1_147' title='bbox 3158 521 3289 590; x_wconf 83' lang='lat' dir='ltr'>quia</span> <span class='ocrx_word' id='word_1_148' title='bbox 3335 522 3454 592; x_wconf 89' lang='lat' dir='ltr'>ipse</span> 
     </span>
    </p>
   </div>
   <div class='ocr_carea' id='block_1_20' title="bbox 1855 602 3456 680">
    <p class='ocr_par' dir='ltr' id='par_1_20' title="bbox 1855 602 3456 680">
     <span class='ocr_line' id='line_1_20' title="bbox 1855 602 3456 680; baseline 0.008 -29"><span class='ocrx_word' id='word_1_149' title='bbox 1855 613 2077 670; x_wconf 87' lang='lat' dir='ltr'>semper</span> <span class='ocrx_word' id='word_1_150' title='bbox 2097 602 2352 655; x_wconf 81' lang='lat' dir='ltr'>Christus</span> <span class='ocrx_word' id='word_1_151' title='bbox 2377 603 2597 657; x_wconf 81' lang='lat' dir='ltr'>futurus</span> <span class='ocrx_word' id='word_1_152' title='bbox 2617 612 2739 658; x_wconf 89' lang='lat' dir='ltr'>erat</span> <span class='ocrx_word' id='word_1_153' title='bbox 2756 613 2812 658; x_wconf 90' lang='lat' dir='ltr'>et</span> <span class='ocrx_word' id='word_1_154' title='bbox 2837 624 3080 676; x_wconf 75' lang='lat' dir='ltr'>praesens</span> <span class='ocrx_word' id='word_1_155' title='bbox 3102 609 3306 680; x_wconf 89' lang='lat' dir='ltr'>ubique</span> <span class='ocrx_word' id='word_1_156' title='bbox 3328 628 3456 664; x_wconf 88' lang='lat' dir='ltr'>cum</span> 
     </span>
    </p>
   </div>
   <div class='ocr_carea' id='block_1_21' title="bbox 1851 689 3456 762">
    <p class='ocr_par' dir='ltr' id='par_1_21' title="bbox 1851 689 3456 762">
     <span class='ocr_line' id='line_1_21' title="bbox 1851 689 3456 762; baseline 0.009 -22"><span class='ocrx_word' id='word_1_157' title='bbox 1851 689 1965 741; x_wconf 89' lang='lat' dir='ltr'>suis</span> <span class='ocrx_word' id='word_1_158' title='bbox 1994 689 2202 743; x_wconf 90' lang='lat' dir='ltr'>electis.</span> <span class='ocrx_word' id='word_1_159' title='bbox 2229 692 2362 745; x_wconf 81' lang='lat' dir='ltr'>Cum</span> <span class='ocrx_word' id='word_1_160' title='bbox 2395 709 2519 762; x_wconf 85' lang='lat' dir='ltr'>ergo</span> <span class='ocrx_word' id='word_1_161' title='bbox 2545 696 2681 747; x_wconf 76' lang='lat' dir='ltr'>videi</span> <span class='ocrx_word' id='word_1_162' title='bbox 2703 697 2794 747; x_wconf 85' lang='lat' dir='ltr'>itis</span> <span class='ocrx_word' id='word_1_163' title='bbox 2822 697 3285 752; x_wconf 77' lang='lat' dir='ltr'>abominationem</span> <span class='ocrx_word' id='word_1_164' title='bbox 3307 702 3456 754; x_wconf 80' lang='lat' dir='ltr'>deso-</span> 
     </span>
    </p>
   </div>
   <div class='ocr_carea' id='block_1_22' title="bbox 1854 778 3454 853">
    <p class='ocr_par' dir='ltr' id='par_1_22' title="bbox 1854 778 3454 853">
     <span class='ocr_line' id='line_1_22' title="bbox 1854 778 3454 853; baseline 0.009 -25"><span class='ocrx_word' id='word_1_165' title='bbox 1854 778 2096 842; x_wconf 77' lang='lat' dir='ltr'>lationis,</span> <span class='ocrx_word' id='word_1_166' title='bbox 2131 797 2248 845; x_wconf 67' lang='lat' dir='ltr'>qua?</span> <span class='ocrx_word' id='word_1_167' title='bbox 2276 783 2420 833; x_wconf 82' lang='lat' dir='ltr'>dicta</span> <span class='ocrx_word' id='word_1_168' title='bbox 2451 787 2522 834; x_wconf 87' lang='lat' dir='ltr'>est</span> <span class='ocrx_word' id='word_1_169' title='bbox 2564 800 2598 835; x_wconf 91' lang='lat' dir='ltr'>a</span> <span class='ocrx_word' id='word_1_170' title='bbox 2641 785 2861 837; x_wconf 74' lang='lat' dir='ltr'>Itanicle</span> <span class='ocrx_word' id='word_1_171' title='bbox 2898 788 3155 853; x_wconf 57' lang='lat' dir='ltr'>propheta</span> <span class='ocrx_word' id='word_1_172' title='bbox 3183 794 3359 841; x_wconf 86' lang='lat' dir='ltr'>stante</span> <span class='ocrx_word' id='word_1_173' title='bbox 3392 792 3454 842; x_wconf 88' lang='lat' dir='ltr'>in</span> 
     </span>
    </p>
   </div>
   <div class='ocr_carea' id='block_1_23' title="bbox 1852 866 3456 944">
    <p class='ocr_par' dir='ltr' id='par_1_23' title="bbox 1852 866 3456 944">
     <span class='ocr_line' id='line_1_23' title="bbox 1852 866 3456 944; baseline 0.009 -29"><span class='ocrx_word' id='word_1_174' title='bbox 1852 866 1961 918; x_wconf 89' lang='lat' dir='ltr'>loco</span> <span class='ocrx_word' id='word_1_175' title='bbox 2002 873 2207 922; x_wconf 87' lang='lat' dir='ltr'>sancto.</span> <span class='ocrx_word' id='word_1_176' title='bbox 2243 873 2339 936; x_wconf 89' lang='lat' dir='ltr'>qui</span> <span class='ocrx_word' id='word_1_177' title='bbox 2371 871 2497 936; x_wconf 87' lang='lat' dir='ltr'>legit</span> <span class='ocrx_word' id='word_1_178' title='bbox 2528 873 2820 939; x_wconf 69' lang='lat' dir='ltr'>intelligat.</span> <span class='ocrx_word' id='word_1_179' title='bbox 2853 869 2914 928; x_wconf 88' lang='lat' dir='ltr'>In</span> <span class='ocrx_word' id='word_1_180' title='bbox 2946 874 3047 926; x_wconf 88' lang='lat' dir='ltr'>hac</span> <span class='ocrx_word' id='word_1_181' title='bbox 3081 873 3250 944; x_wconf 87' lang='lat' dir='ltr'>igitur</span> <span class='ocrx_word' id='word_1_182' title='bbox 3278 875 3456 930; x_wconf 83' lang='lat' dir='ltr'>brevi-</span> 
     </span>
    </p>
   </div>
   <div class='ocr_carea' id='block_1_24' title="bbox 1850 953 3456 1034">
    <p class='ocr_par' dir='ltr' id='par_1_24' title="bbox 1850 953 3456 1034">
     <span class='ocr_line' id='line_1_24' title="bbox 1850 953 3456 1034; baseline 0.007 -29"><span class='ocrx_word' id='word_1_183' title='bbox 1850 955 1964 1006; x_wconf 91' lang='lat' dir='ltr'>tate</span> <span class='ocrx_word' id='word_1_184' title='bbox 2001 953 2148 1006; x_wconf 86' lang='lat' dir='ltr'>verbi</span> <span class='ocrx_word' id='word_1_185' title='bbox 2193 955 2369 1008; x_wconf 89' lang='lat' dir='ltr'>nimia</span> <span class='ocrx_word' id='word_1_186' title='bbox 2398 957 2709 1012; x_wconf 81' lang='lat' dir='ltr'>obscuritas</span> <span class='ocrx_word' id='word_1_187' title='bbox 2741 970 3062 1028; x_wconf 88' lang='lat' dir='ltr'>generatur,</span> <span class='ocrx_word' id='word_1_188' title='bbox 3099 969 3155 1015; x_wconf 91' lang='lat' dir='ltr'>et</span> <span class='ocrx_word' id='word_1_189' title='bbox 3184 963 3317 1016; x_wconf 89' lang='lat' dir='ltr'>dum</span> <span class='ocrx_word' id='word_1_190' title='bbox 3358 965 3456 1034; x_wconf 89' lang='lat' dir='ltr'>qui</span> 
     </span>
    </p>
   </div>
   <div class='ocr_carea' id='block_1_25' title="bbox 1851 1042 3455 1122">
    <p class='ocr_par' dir='ltr' id='par_1_25' title="bbox 1851 1042 3455 1122">
     <span class='ocr_line' id='line_1_25' title="bbox 1851 1042 3455 1122; baseline 0.008 -29"><span class='ocrx_word' id='word_1_191' title='bbox 1851 1042 1987 1112; x_wconf 84' lang='lat' dir='ltr'>legit</span> <span class='ocrx_word' id='word_1_192' title='bbox 2017 1049 2179 1112; x_wconf 81' lang='lat' dir='ltr'>rogat</span> <span class='ocrx_word' id='word_1_193' title='bbox 2207 1049 2270 1096; x_wconf 87' lang='lat' dir='ltr'>ut</span> <span class='ocrx_word' id='word_1_194' title='bbox 2300 1044 2594 1116; x_wconf 82' lang='lat' dir='ltr'>intelligat,</span> <span class='ocrx_word' id='word_1_195' title='bbox 2627 1065 2882 1102; x_wconf 83' lang='lat' dir='ltr'>exercere</span> <span class='ocrx_word' id='word_1_196' title='bbox 2911 1068 3009 1104; x_wconf 91' lang='lat' dir='ltr'>nos</span> <span class='ocrx_word' id='word_1_197' title='bbox 3035 1052 3150 1104; x_wconf 83' lang='lat' dir='ltr'>vult</span> <span class='ocrx_word' id='word_1_198' title='bbox 3180 1060 3236 1105; x_wconf 90' lang='lat' dir='ltr'>et</span> <span class='ocrx_word' id='word_1_199' title='bbox 3263 1070 3455 1122; x_wconf 86' lang='lat' dir='ltr'>provo-</span> 
     </span>
    </p>
   </div>
   <div class='ocr_carea' id='block_1_26' title="bbox 1851 1131 3450 1208">
    <p class='ocr_par' dir='ltr' id='par_1_26' title="bbox 1851 1131 3450 1208">
     <span class='ocr_line' id='line_1_26' title="bbox 1851 1131 3450 1208; baseline 0.008 -25"><span class='ocrx_word' id='word_1_200' title='bbox 1851 1139 1976 1183; x_wconf 87' lang='lat' dir='ltr'>care</span> <span class='ocrx_word' id='word_1_201' title='bbox 2027 1131 2096 1185; x_wconf 89' lang='lat' dir='ltr'>ad</span> <span class='ocrx_word' id='word_1_202' title='bbox 2145 1134 2392 1203; x_wconf 66' lang='lat' dir='ltr'>mystica}</span> <span class='ocrx_word' id='word_1_203' title='bbox 2445 1135 2826 1204; x_wconf 67' lang='lat' dir='ltr'>intelligentiae</span> <span class='ocrx_word' id='word_1_204' title='bbox 2872 1146 3240 1193; x_wconf 85' lang='lat' dir='ltr'>sacramenta.</span> <span class='ocrx_word' id='word_1_205' title='bbox 3273 1141 3450 1208; x_wconf 88' lang='lat' dir='ltr'>Unde,</span> 
     </span>
    </p>
   </div>
   <div class='ocr_carea' id='block_1_27' title="bbox 1854 1221 3455 1297">
    <p class='ocr_par' dir='ltr' id='par_1_27' title="bbox 1854 1221 3455 1297">
     <span class='ocr_line' id='line_1_27' title="bbox 1854 1221 3455 1297; baseline 0.007 -25"><span class='ocrx_word' id='word_1_206' title='bbox 1854 1221 1986 1289; x_wconf 72' lang='lat' dir='ltr'>Quia</span> <span class='ocrx_word' id='word_1_207' title='bbox 2015 1227 2077 1274; x_wconf 86' lang='lat' dir='ltr'>ut</span> <span class='ocrx_word' id='word_1_208' title='bbox 2123 1239 2293 1292; x_wconf 85' lang='lat' dir='ltr'>supra</span> <span class='ocrx_word' id='word_1_209' title='bbox 2323 1224 2560 1283; x_wconf 83' lang='lat' dir='ltr'>ostendi,</span> <span class='ocrx_word' id='word_1_210' title='bbox 2594 1242 2787 1278; x_wconf 84' lang='lat' dir='ltr'>omnes</span> <span class='ocrx_word' id='word_1_211' title='bbox 2829 1231 2944 1279; x_wconf 89' lang='lat' dir='ltr'>tres</span> <span class='ocrx_word' id='word_1_212' title='bbox 2973 1227 3354 1297; x_wconf 75' lang='lat' dir='ltr'>Evangelistae,</span> <span class='ocrx_word' id='word_1_213' title='bbox 3386 1229 3455 1284; x_wconf 90' lang='lat' dir='ltr'>de</span> 
     </span>
    </p>
   </div>
   <div class='ocr_carea' id='block_1_28' title="bbox 1853 1307 3452 1386">
    <p class='ocr_par' dir='ltr' id='par_1_28' title="bbox 1853 1307 3452 1386">
     <span class='ocr_line' id='line_1_28' title="bbox 1853 1307 3452 1386; baseline 0.008 -26"><span class='ocrx_word' id='word_1_214' title='bbox 1853 1307 1939 1361; x_wconf 88' lang='lat' dir='ltr'>his</span> <span class='ocrx_word' id='word_1_215' title='bbox 1970 1308 2153 1372; x_wconf 86' lang='lat' dir='ltr'>rebus,</span> <span class='ocrx_word' id='word_1_216' title='bbox 2189 1318 2286 1364; x_wconf 86' lang='lat' dir='ltr'>aut</span> <span class='ocrx_word' id='word_1_217' title='bbox 2329 1311 2531 1365; x_wconf 80' lang='lat' dir='ltr'>similia</span> <span class='ocrx_word' id='word_1_218' title='bbox 2571 1311 2850 1377; x_wconf 84' lang='lat' dir='ltr'>dixerunt,</span> <span class='ocrx_word' id='word_1_219' title='bbox 2884 1324 2982 1368; x_wconf 85' lang='lat' dir='ltr'>aut</span> <span class='ocrx_word' id='word_1_220' title='bbox 3027 1333 3196 1386; x_wconf 83' lang='lat' dir='ltr'>prope</span> <span class='ocrx_word' id='word_1_221' title='bbox 3225 1317 3452 1385; x_wconf 77' lang='lat' dir='ltr'>similia,</span> 
     </span>
    </p>
   </div>
   <div class='ocr_carea' id='block_1_29' title="bbox 1855 1399 3454 1472">
    <p class='ocr_par' dir='ltr' id='par_1_29' title="bbox 1855 1399 3454 1472">
     <span class='ocr_line' id='line_1_29' title="bbox 1855 1399 3454 1472; baseline 0.007 -23"><span class='ocrx_word' id='word_1_222' title='bbox 1855 1405 1953 1451; x_wconf 85' lang='lat' dir='ltr'>aut</span> <span class='ocrx_word' id='word_1_223' title='bbox 1981 1406 2130 1452; x_wconf 85' lang='lat' dir='ltr'>certe</span> <span class='ocrx_word' id='word_1_224' title='bbox 2162 1399 2384 1470; x_wconf 86' lang='lat' dir='ltr'>prOpria</span> <span class='ocrx_word' id='word_1_225' title='bbox 2413 1401 2641 1472; x_wconf 82' lang='lat' dir='ltr'>singuli,</span> <span class='ocrx_word' id='word_1_226' title='bbox 2666 1402 2788 1456; x_wconf 89' lang='lat' dir='ltr'>ideo</span> <span class='ocrx_word' id='word_1_227' title='bbox 2812 1405 3032 1457; x_wconf 82' lang='lat' dir='ltr'>collatio</span> <span class='ocrx_word' id='word_1_228' title='bbox 3061 1404 3209 1458; x_wconf 89' lang='lat' dir='ltr'>inter</span> <span class='ocrx_word' id='word_1_229' title='bbox 3237 1423 3329 1460; x_wconf 91' lang='lat' dir='ltr'>eos</span> <span class='ocrx_word' id='word_1_230' title='bbox 3361 1407 3454 1459; x_wconf 87' lang='lat' dir='ltr'>ha-</span> 
     </span>
    </p>
   </div>
   <div class='ocr_carea' id='block_1_30' title="bbox 1850 1484 3456 1561">
    <p class='ocr_par' dir='ltr' id='par_1_30' title="bbox 1850 1484 3456 1561">
     <span class='ocr_line' id='line_1_30' title="bbox 1850 1484 3456 1561; baseline 0.007 -24"><span class='ocrx_word' id='word_1_231' title='bbox 1850 1484 2032 1538; x_wconf 85' lang='lat' dir='ltr'>benda</span> <span class='ocrx_word' id='word_1_232' title='bbox 2062 1493 2168 1552; x_wconf 90' lang='lat' dir='ltr'>est,</span> <span class='ocrx_word' id='word_1_233' title='bbox 2200 1494 2262 1540; x_wconf 93' lang='lat' dir='ltr'>ut</span> <span class='ocrx_word' id='word_1_234' title='bbox 2291 1506 2352 1541; x_wconf 84' lang='lat' dir='ltr'>ex</span> <span class='ocrx_word' id='word_1_235' title='bbox 2386 1490 2665 1546; x_wconf 89' lang='lat' dir='ltr'>omnibus.</span> <span class='ocrx_word' id='word_1_236' title='bbox 2689 1491 2834 1561; x_wconf 89' lang='lat' dir='ltr'>quod</span> <span class='ocrx_word' id='word_1_237' title='bbox 2868 1492 3164 1546; x_wconf 91' lang='lat' dir='ltr'>obscurum</span> <span class='ocrx_word' id='word_1_238' title='bbox 3186 1501 3271 1547; x_wconf 90' lang='lat' dir='ltr'>est</span> <span class='ocrx_word' id='word_1_239' title='bbox 3303 1493 3456 1548; x_wconf 81' lang='lat' dir='ltr'>valde</span> 
     </span>
    </p>
   </div>
   <div class='ocr_carea' id='block_1_31' title="bbox 169 1571 3459 1651">
    <p class='ocr_par' dir='ltr' id='par_1_31' title="bbox 169 1571 3459 1651">
     <span class='ocr_line' id='line_1_31' title="bbox 169 1571 3459 1651; baseline 0.002 -20"><span class='ocrx_word' id='word_1_240' title='bbox 169 1585 276 1632; x_wconf 87' lang='lat' dir='ltr'>tem</span> <span class='ocrx_word' id='word_1_241' title='bbox 323 1585 501 1648; x_wconf 80' lang='lat' dir='ltr'>iisque</span> <span class='ocrx_word' id='word_1_242' title='bbox 546 1575 615 1630; x_wconf 90' lang='lat' dir='ltr'>ad</span> <span class='ocrx_word' id='word_1_243' title='bbox 667 1591 817 1629; x_wconf 86' lang='lat' dir='ltr'>mare</span> <span class='ocrx_word' id='word_1_244' title='bbox 846 1585 997 1629; x_wconf 89' lang='lat' dir='ltr'>totus</span> <span class='ocrx_word' id='word_1_245' title='bbox 1037 1582 1122 1628; x_wconf 76' lang='lat' dir='ltr'>est</span> <span class='ocrx_word' id='word_1_246' title='bbox 1160 1573 1310 1627; x_wconf 86' lang='lat' dir='ltr'>orbis</span> <span class='ocrx_word' id='word_1_247' title='bbox 1356 1589 1481 1627; x_wconf 89' lang='lat' dir='ltr'>cum</span> <span class='ocrx_word' id='word_1_248' title='bbox 1514 1571 1770 1626; x_wconf 88' lang='lat' dir='ltr'>omnibus</span> <span class='ocrx_word' id='word_1_249' title='bbox 1853 1573 2164 1642; x_wconf 86' lang='lat' dir='ltr'>intelligere</span> <span class='ocrx_word' id='word_1_250' title='bbox 2184 1577 2629 1645; x_wconf 75' lang='lat' dir='ltr'>possimus.Nam</span> <span class='ocrx_word' id='word_1_251' title='bbox 2647 1579 2942 1632; x_wconf 75' lang='lat' dir='ltr'>Matthzeus</span> <span class='ocrx_word' id='word_1_252' title='bbox 2959 1581 3459 1651; x_wconf 72' lang='lat' dir='ltr'>cumprzemisisset</span> 
     </span>
    </p>
   </div>
   <div class='ocr_carea' id='block_1_32' title="bbox 170 1662 3458 1738">
    <p class='ocr_par' dir='ltr' id='par_1_32' title="bbox 170 1662 3458 1738">
     <span class='ocr_line' id='line_1_32' title="bbox 170 1662 3458 1738; baseline 0.001 -18"><span class='ocrx_word' id='word_1_253' title='bbox 170 1667 458 1736; x_wconf 84' lang='lat' dir='ltr'>gentibus;</span> <span class='ocrx_word' id='word_1_254' title='bbox 490 1666 620 1736; x_wconf 84' lang='lat' dir='ltr'>quia</span> <span class='ocrx_word' id='word_1_255' title='bbox 645 1667 722 1719; x_wconf 89' lang='lat' dir='ltr'>sic</span> <span class='ocrx_word' id='word_1_256' title='bbox 744 1665 944 1734; x_wconf 84' lang='lat' dir='ltr'>majori</span> <span class='ocrx_word' id='word_1_257' title='bbox 965 1664 1209 1733; x_wconf 85' lang='lat' dir='ltr'>cingitur</span> <span class='ocrx_word' id='word_1_258' title='bbox 1229 1664 1452 1717; x_wconf 87' lang='lat' dir='ltr'>Oceano</span> <span class='ocrx_word' id='word_1_259' title='bbox 1479 1663 1770 1716; x_wconf 84' lang='lat' dir='ltr'>universus</span> <span class='ocrx_word' id='word_1_260' title='bbox 1789 1663 1832 1721; x_wconf 86' lang='grc' dir='ltr'>Β</span> <span class='ocrx_word' id='word_1_261' title='bbox 1852 1662 2228 1730; x_wconf 88' lang='lat' dir='ltr'>supradictam</span> <span class='ocrx_word' id='word_1_262' title='bbox 2257 1677 2323 1716; x_wconf 79' lang='lat' dir='ltr'>ex</span> <span class='ocrx_word' id='word_1_263' title='bbox 2351 1665 2577 1717; x_wconf 87' lang='lat' dir='ltr'>Daniele</span> <span class='ocrx_word' id='word_1_264' title='bbox 2600 1668 2956 1732; x_wconf 86' lang='lat' dir='ltr'>sententiam,</span> <span class='ocrx_word' id='word_1_265' title='bbox 2981 1668 3117 1722; x_wconf 83' lang='lat' dir='ltr'>dixit</span> <span class='ocrx_word' id='word_1_266' title='bbox 3143 1689 3152 1722; x_wconf 94' lang='lat'>:</span> <span class='ocrx_word' id='word_1_267' title='bbox 3186 1669 3336 1723; x_wconf 86' lang='lat' dir='ltr'>Tune</span> <span class='ocrx_word' id='word_1_268' title='bbox 3360 1671 3458 1738; x_wconf 87' lang='lat' dir='ltr'>qui</span> 
     </span>
    </p>
   </div>
   <div class='ocr_carea' id='block_1_33' title="bbox 172 1749 3456 1824">
    <p class='ocr_par' dir='ltr' id='par_1_33' title="bbox 172 1749 3456 1824">
     <span class='ocr_line' id='line_1_33' title="bbox 172 1749 3456 1824; baseline 0.001 -14"><span class='ocrx_word' id='word_1_269' title='bbox 172 1755 332 1810; x_wconf 88' lang='lat' dir='ltr'>orbis.</span> <span class='ocrx_word' id='word_1_270' title='bbox 353 1755 535 1809; x_wconf 81' lang='lat' dir='ltr'>Aliter</span> <span class='ocrx_word' id='word_1_271' title='bbox 553 1761 762 1816; x_wconf 86' lang='lat' dir='ltr'>autem,</span> <span class='ocrx_word' id='word_1_272' title='bbox 781 1753 1058 1824; x_wconf 85' lang='lat' dir='ltr'>quomodo</span> <span class='ocrx_word' id='word_1_273' title='bbox 1079 1751 1404 1822; x_wconf 88' lang='lat' dir='ltr'>implebitur</span> <span class='ocrx_word' id='word_1_274' title='bbox 1425 1753 1520 1805; x_wconf 87' lang='lat' dir='ltr'>illa</span> <span class='ocrx_word' id='word_1_275' title='bbox 1535 1749 1770 1822; x_wconf 83' lang='lat' dir='ltr'>prophe-</span> <span class='ocrx_word' id='word_1_276' title='bbox 1854 1753 1915 1802; x_wconf 90' lang='lat' dir='ltr'>in</span> <span class='ocrx_word' id='word_1_277' title='bbox 1944 1752 2144 1803; x_wconf 79' lang='lat' dir='ltr'>Judoea</span> <span class='ocrx_word' id='word_1_278' title='bbox 2173 1757 2305 1803; x_wconf 87' lang='lat' dir='ltr'>sunt</span> <span class='ocrx_word' id='word_1_279' title='bbox 2325 1754 2548 1818; x_wconf 76' lang='lat' dir='ltr'>fugiant</span> <span class='ocrx_word' id='word_1_280' title='bbox 2565 1756 2638 1805; x_wconf 83' lang='lat' dir='ltr'>ad</span> <span class='ocrx_word' id='word_1_281' title='bbox 2656 1760 2882 1816; x_wconf 81' lang='lat' dir='ltr'>montes,</span> <span class='ocrx_word' id='word_1_282' title='bbox 2915 1762 2960 1808; x_wconf 86' lang='lat' dir='ltr'>et</span> <span class='ocrx_word' id='word_1_283' title='bbox 2984 1761 3082 1824; x_wconf 84' lang='lat' dir='ltr'>qui</span> <span class='ocrx_word' id='word_1_284' title='bbox 3102 1760 3163 1810; x_wconf 86' lang='lat' dir='ltr'>in</span> <span class='ocrx_word' id='word_1_285' title='bbox 3191 1763 3318 1812; x_wconf 86' lang='lat' dir='ltr'>tecto</span> <span class='ocrx_word' id='word_1_286' title='bbox 3344 1775 3456 1812; x_wconf 87' lang='lat' dir='ltr'>non</span> 
     </span>
    </p>
   </div>
   <div class='ocr_carea' id='block_1_34' title="bbox 171 1840 3451 1913">
    <p class='ocr_par' dir='ltr' id='par_1_34' title="bbox 171 1840 3451 1913">
     <span class='ocr_line' id='line_1_34' title="bbox 171 1840 3451 1913; baseline 0.001 -16"><span class='ocrx_word' id='word_1_287' title='bbox 171 1846 302 1899; x_wconf 87' lang='lat' dir='ltr'>tica:</span> <span class='ocrx_word' id='word_1_288' title='bbox 327 1845 524 1900; x_wconf 87' lang='lat' dir='ltr'>Omnes</span> <span class='ocrx_word' id='word_1_289' title='bbox 543 1850 742 1913; x_wconf 85' lang='lat' dir='ltr'>gentes,</span> <span class='ocrx_word' id='word_1_290' title='bbox 761 1857 1112 1912; x_wconf 84' lang='lat' dir='ltr'>quascunque.</span> <span class='ocrx_word' id='word_1_291' title='bbox 1133 1845 1559 1908; x_wconf 76' lang='lat' dir='ltr'>fecisti,renicnt</span> <span class='ocrx_word' id='word_1_292' title='bbox 1580 1848 1629 1893; x_wconf 85' lang='lat' dir='ltr'>et</span> <span class='ocrx_word' id='word_1_293' title='bbox 1644 1843 1771 1894; x_wconf 84' lang='lat' dir='ltr'>ado-</span> <span class='ocrx_word' id='word_1_294' title='bbox 1853 1840 2134 1890; x_wconf 76' lang='lat' dir='ltr'>descendat</span> <span class='ocrx_word' id='word_1_295' title='bbox 2171 1843 2356 1892; x_wconf 82' lang='lat' dir='ltr'>tollere</span> <span class='ocrx_word' id='word_1_296' title='bbox 2385 1843 2607 1907; x_wconf 85' lang='lat' dir='ltr'>aliquid</span> <span class='ocrx_word' id='word_1_297' title='bbox 2625 1843 2686 1894; x_wconf 85' lang='lat' dir='ltr'>de</span> <span class='ocrx_word' id='word_1_298' title='bbox 2709 1844 2865 1895; x_wconf 83' lang='lat' dir='ltr'>domo</span> <span class='ocrx_word' id='word_1_299' title='bbox 2889 1861 3010 1907; x_wconf 82' lang='lat' dir='ltr'>sua,</span> <span class='ocrx_word' id='word_1_300' title='bbox 3040 1851 3085 1897; x_wconf 87' lang='lat' dir='ltr'>et</span> <span class='ocrx_word' id='word_1_301' title='bbox 3105 1849 3204 1913; x_wconf 91' lang='lat' dir='ltr'>qui</span> <span class='ocrx_word' id='word_1_302' title='bbox 3225 1850 3286 1899; x_wconf 88' lang='lat' dir='ltr'>in</span> <span class='ocrx_word' id='word_1_303' title='bbox 3316 1863 3451 1913; x_wconf 81' lang='lat' dir='ltr'>agro</span> 
     </span>
    </p>
   </div>
   <div class='ocr_carea' id='block_1_35' title="bbox 171 1928 3454 2002">
    <p class='ocr_par' dir='ltr' id='par_1_35' title="bbox 171 1928 3454 2002">
     <span class='ocr_line' id='line_1_35' title="bbox 171 1928 3454 2002; baseline 0 -16"><span class='ocrx_word' id='word_1_304' title='bbox 171 1935 372 1986; x_wconf 84' lang='lat' dir='ltr'>rabunt</span> <span class='ocrx_word' id='word_1_305' title='bbox 392 1951 577 1987; x_wconf 86' lang='lat' dir='ltr'>coram</span> <span class='ocrx_word' id='word_1_306' title='bbox 601 1938 666 1994; x_wconf 86' lang='lat' dir='ltr'>te,</span> <span class='ocrx_word' id='word_1_307' title='bbox 689 1935 953 1987; x_wconf 84' lang='lat' dir='ltr'>Domine?</span> <span class='ocrx_word' id='word_1_308' title='bbox 978 1935 1140 2000; x_wconf 82' lang='lat' dir='ltr'>(Psal.</span> <span class='ocrx_word' id='word_1_309' title='bbox 1163 1943 1358 1989; x_wconf 78' lang='lat' dir='ltr'>Lxxxv,</span> <span class='ocrx_word' id='word_1_310' title='bbox 1375 1928 1593 1997; x_wconf 78' lang='lat' dir='ltr'>9.)Non</span> <span class='ocrx_word' id='word_1_311' title='bbox 1619 1930 1768 1983; x_wconf 90' lang='lat' dir='ltr'>enim</span> <span class='ocrx_word' id='word_1_312' title='bbox 1854 1937 1964 1979; x_wconf 80' lang='lat' dir='ltr'>non</span> <span class='ocrx_word' id='word_1_313' title='bbox 1989 1931 2299 1979; x_wconf 81' lang='lat' dir='ltr'>revertatur</span> <span class='ocrx_word' id='word_1_314' title='bbox 2320 1931 2504 1980; x_wconf 87' lang='lat' dir='ltr'>tollere</span> <span class='ocrx_word' id='word_1_315' title='bbox 2527 1932 2775 1982; x_wconf 84' lang='lat' dir='ltr'>tunicam</span> <span class='ocrx_word' id='word_1_316' title='bbox 2798 1947 2976 1984; x_wconf 89' lang='lat' dir='ltr'>suam.</span> <span class='ocrx_word' id='word_1_317' title='bbox 3015 1933 3089 1985; x_wconf 70' lang='lat' dir='ltr'>Va:</span> <span class='ocrx_word' id='word_1_318' title='bbox 3107 1939 3291 1986; x_wconf 84' lang='lat' dir='ltr'>autem</span> <span class='ocrx_word' id='word_1_319' title='bbox 3309 1952 3454 2002; x_wconf 65' lang='lat' dir='ltr'>prze-</span> 
     </span>
    </p>
   </div>
   <div class='ocr_carea' id='block_1_36' title="bbox 169 2015 3452 2092">
    <p class='ocr_par' dir='ltr' id='par_1_36' title="bbox 169 2015 3452 2092">
     <span class='ocr_line' id='line_1_36' title="bbox 169 2015 3452 2092; baseline 0 -16"><span class='ocrx_word' id='word_1_320' title='bbox 169 2023 228 2076; x_wconf 91' lang='lat' dir='ltr'>de</span> <span class='ocrx_word' id='word_1_321' title='bbox 257 2023 400 2076; x_wconf 87' lang='lat' dir='ltr'>locis</span> <span class='ocrx_word' id='word_1_322' title='bbox 432 2022 726 2092; x_wconf 75' lang='lat' dir='ltr'>mig‘rando</span> <span class='ocrx_word' id='word_1_323' title='bbox 747 2022 973 2074; x_wconf 84' lang='lat' dir='ltr'>venient</span> <span class='ocrx_word' id='word_1_324' title='bbox 993 2015 1062 2073; x_wconf 86' lang='lat' dir='ltr'>ad</span> <span class='ocrx_word' id='word_1_325' title='bbox 1090 2035 1215 2072; x_wconf 88' lang='lat' dir='ltr'>eum</span> <span class='ocrx_word' id='word_1_326' title='bbox 1250 2020 1304 2072; x_wconf 88' lang='lat' dir='ltr'>in</span> <span class='ocrx_word' id='word_1_327' title='bbox 1332 2035 1496 2089; x_wconf 90' lang='lat' dir='ltr'>quem</span> <span class='ocrx_word' id='word_1_328' title='bbox 1518 2033 1629 2071; x_wconf 92' lang='lat' dir='ltr'>non</span> <span class='ocrx_word' id='word_1_329' title='bbox 1659 2035 1773 2072; x_wconf 87' lang='lat' dir='ltr'>ere-</span> <span class='ocrx_word' id='word_1_330' title='bbox 1853 2017 2156 2083; x_wconf 84' lang='lat' dir='ltr'>gnautibus</span> <span class='ocrx_word' id='word_1_331' title='bbox 2177 2021 2223 2068; x_wconf 89' lang='lat' dir='ltr'>et</span> <span class='ocrx_word' id='word_1_332' title='bbox 2243 2019 2621 2070; x_wconf 88' lang='lat' dir='ltr'>nutrientibus</span> <span class='ocrx_word' id='word_1_333' title='bbox 2644 2021 2705 2070; x_wconf 87' lang='lat' dir='ltr'>in</span> <span class='ocrx_word' id='word_1_334' title='bbox 2723 2021 2837 2072; x_wconf 78' lang='lat' dir='ltr'>illis</span> <span class='ocrx_word' id='word_1_335' title='bbox 2859 2021 3063 2074; x_wconf 83' lang='lat' dir='ltr'>diebus.</span> <span class='ocrx_word' id='word_1_336' title='bbox 3083 2022 3302 2075; x_wconf 87' lang='lat' dir='ltr'>Marcus</span> <span class='ocrx_word' id='word_1_337' title='bbox 3324 2040 3452 2077; x_wconf 79' lang='lat' dir='ltr'>vero</span> 
     </span>
    </p>
   </div>
   <div class='ocr_carea' id='block_1_37' title="bbox 170 2102 3453 2177">
    <p class='ocr_par' dir='ltr' id='par_1_37' title="bbox 170 2102 3453 2177">
     <span class='ocr_line' id='line_1_37' title="bbox 170 2102 3453 2177; baseline 0 -14"><span class='ocrx_word' id='word_1_338' title='bbox 170 2109 448 2173; x_wconf 87' lang='lat' dir='ltr'>diderunt,</span> <span class='ocrx_word' id='word_1_339' title='bbox 485 2110 583 2163; x_wconf 80' lang='lat' dir='ltr'>Sed</span> <span class='ocrx_word' id='word_1_340' title='bbox 632 2110 858 2162; x_wconf 77' lang='lat' dir='ltr'>‘venient</span> <span class='ocrx_word' id='word_1_341' title='bbox 887 2106 994 2161; x_wconf 83' lang='lat' dir='ltr'>ﬁde</span> <span class='ocrx_word' id='word_1_342' title='bbox 1027 2107 1259 2176; x_wconf 85' lang='lat' dir='ltr'>singulae</span> <span class='ocrx_word' id='word_1_343' title='bbox 1306 2113 1502 2177; x_wconf 87' lang='lat' dir='ltr'>gentes</span> <span class='ocrx_word' id='word_1_344' title='bbox 1551 2109 1607 2160; x_wconf 91' lang='lat' dir='ltr'>in</span> <span class='ocrx_word' id='word_1_345' title='bbox 1638 2106 1772 2160; x_wconf 90' lang='lat' dir='ltr'>locis</span> <span class='ocrx_word' id='word_1_346' title='bbox 1855 2102 1934 2155; x_wconf 83' lang='lat' dir='ltr'>ait</span> <span class='ocrx_word' id='word_1_347' title='bbox 1962 2102 2042 2155; x_wconf 80' lang='lat' dir='ltr'>ita</span> <span class='ocrx_word' id='word_1_348' title='bbox 2078 2121 2088 2154; x_wconf 92' lang='lat'><strong>:</strong></span> <span class='ocrx_word' id='word_1_349' title='bbox 2127 2105 2264 2156; x_wconf 74' lang='lat' dir='ltr'>Cum</span> <span class='ocrx_word' id='word_1_350' title='bbox 2299 2105 2550 2157; x_wconf 68' lang='lat' dir='ltr'>videritis</span> <span class='ocrx_word' id='word_1_351' title='bbox 2595 2106 3062 2162; x_wconf 84' lang='lat' dir='ltr'>abominationem</span> <span class='ocrx_word' id='word_1_352' title='bbox 3103 2111 3453 2164; x_wconf 85' lang='lat' dir='ltr'>desolationis</span> 
     </span>
    </p>
   </div>
   <div class='ocr_carea' id='block_1_38' title="bbox 169 2191 3455 2267">
    <p class='ocr_par' dir='ltr' id='par_1_38' title="bbox 169 2191 3455 2267">
     <span class='ocr_line' id='line_1_38' title="bbox 169 2191 3455 2267; baseline 0 -14"><span class='ocrx_word' id='word_1_353' title='bbox 169 2200 276 2253; x_wconf 85' lang='lat' dir='ltr'>suis</span> <span class='ocrx_word' id='word_1_354' title='bbox 301 2199 603 2252; x_wconf 88' lang='lat' dir='ltr'>credendo.</span> <span class='ocrx_word' id='word_1_355' title='bbox 649 2195 808 2251; x_wconf 81' lang='lat' dir='ltr'>Unde</span> <span class='ocrx_word' id='word_1_356' title='bbox 845 2191 1153 2266; x_wconf 78' lang='lat' dir='ltr'>propheta:</span> <span class='ocrx_word' id='word_1_357' title='bbox 1189 2193 1255 2248; x_wconf 83' lang='lat' dir='ltr'>Et</span> <span class='ocrx_word' id='word_1_358' title='bbox 1294 2196 1607 2247; x_wconf 79' lang='lat' dir='ltr'>adorabunt</span> <span class='ocrx_word' id='word_1_359' title='bbox 1647 2211 1772 2246; x_wconf 84' lang='lat' dir='ltr'>eum</span> <span class='ocrx_word' id='word_1_360' title='bbox 1855 2196 2092 2244; x_wconf 82' lang='lat' dir='ltr'>stantem</span> <span class='ocrx_word' id='word_1_361' title='bbox 2129 2192 2225 2244; x_wconf 87' lang='lat' dir='ltr'>ubi</span> <span class='ocrx_word' id='word_1_362' title='bbox 2257 2207 2366 2245; x_wconf 86' lang='lat' dir='ltr'>non</span> <span class='ocrx_word' id='word_1_363' title='bbox 2391 2194 2555 2256; x_wconf 82' lang='lat' dir='ltr'>debet,</span> <span class='ocrx_word' id='word_1_364' title='bbox 2579 2197 2678 2261; x_wconf 87' lang='lat' dir='ltr'>qui</span> <span class='ocrx_word' id='word_1_365' title='bbox 2699 2198 2826 2261; x_wconf 85' lang='lat' dir='ltr'>legit</span> <span class='ocrx_word' id='word_1_366' title='bbox 2846 2199 3139 2264; x_wconf 84' lang='lat' dir='ltr'>intelligat.</span> <span class='ocrx_word' id='word_1_367' title='bbox 3181 2199 3332 2252; x_wconf 86' lang='lat' dir='ltr'>Tunc</span> <span class='ocrx_word' id='word_1_368' title='bbox 3358 2203 3455 2267; x_wconf 84' lang='lat' dir='ltr'>qui</span> 
     </span>
    </p>
   </div>
   <div class='ocr_carea' id='block_1_39' title="bbox 169 2282 1763 2356">
    <p class='ocr_par' dir='ltr' id='par_1_39' title="bbox 169 2282 1763 2356">
     <span class='ocr_line' id='line_1_39' title="bbox 169 2282 1763 2356; baseline -0.003 -17"><span class='ocrx_word' id='word_1_369' title='bbox 169 2289 546 2356; x_wconf 77' lang='lat' dir='ltr'>unusquisque</span> <span class='ocrx_word' id='word_1_370' title='bbox 564 2288 626 2338; x_wconf 83' lang='lat' dir='ltr'>de</span> <span class='ocrx_word' id='word_1_371' title='bbox 647 2290 753 2338; x_wconf 87' lang='lat' dir='ltr'>loco</span> <span class='ocrx_word' id='word_1_372' title='bbox 770 2302 885 2348; x_wconf 89' lang='lat' dir='ltr'>suo,</span> <span class='ocrx_word' id='word_1_373' title='bbox 902 2299 1084 2337; x_wconf 82' lang='lat' dir='ltr'>omnes</span> <span class='ocrx_word' id='word_1_374' title='bbox 1105 2288 1298 2336; x_wconf 69' lang='lat' dir='ltr'>insuto:</span> <span class='ocrx_word' id='word_1_375' title='bbox 1317 2285 1570 2349; x_wconf 85' lang='lat' dir='ltr'>gentium</span> <span class='ocrx_word' id='word_1_376' title='bbox 1589 2282 1763 2349; x_wconf 84' lang='lat' dir='ltr'>(Soph.</span> 
     </span>
    </p>
   </div>
   <div class='ocr_carea' id='block_1_40' title="bbox 169 2370 1766 2444">
    <p class='ocr_par' dir='ltr' id='par_1_40' title="bbox 169 2370 1766 2444">
     <span class='ocr_line' id='line_1_40' title="bbox 169 2370 1766 2444; baseline -0.004 -15"><span class='ocrx_word' id='word_1_377' title='bbox 169 2383 222 2442; x_wconf 78' lang='lat' dir='ltr'>Ii,</span> <span class='ocrx_word' id='word_1_378' title='bbox 257 2373 368 2444; x_wconf 74' lang='grc' dir='ltr'>Μ).</span> <span class='ocrx_word' id='word_1_379' title='bbox 405 2375 599 2429; x_wconf 85' lang='lat' dir='ltr'>Omnes</span> <span class='ocrx_word' id='word_1_380' title='bbox 637 2377 834 2427; x_wconf 52' lang='lat' dir='ltr'>insula»</span> <span class='ocrx_word' id='word_1_381' title='bbox 878 2373 1034 2436; x_wconf 82' lang='lat' dir='ltr'>dixit,</span> <span class='ocrx_word' id='word_1_382' title='bbox 1077 2371 1235 2441; x_wconf 88' lang='lat' dir='ltr'>quasi</span> <span class='ocrx_word' id='word_1_383' title='bbox 1281 2385 1473 2423; x_wconf 85' lang='lat' dir='ltr'>omnes</span> <span class='ocrx_word' id='word_1_384' title='bbox 1504 2370 1766 2423; x_wconf 65' lang='lat' dir='ltr'>ecclesiae.</span> 
     </span>
    </p>
   </div>
   <div class='ocr_carea' id='block_1_41' title="bbox 168 2459 1773 2532">
    <p class='ocr_par' dir='ltr' id='par_1_41' title="bbox 168 2459 1773 2532">
     <span class='ocr_line' id='line_1_41' title="bbox 168 2459 1773 2532; baseline -0.004 -14"><span class='ocrx_word' id='word_1_385' title='bbox 168 2459 302 2518; x_wconf 83' lang='lat' dir='ltr'>Hinc</span> <span class='ocrx_word' id='word_1_386' title='bbox 326 2463 576 2517; x_wconf 81' lang='lat' dir='ltr'>ostendit</span> <span class='ocrx_word' id='word_1_387' title='bbox 595 2461 739 2532; x_wconf 90' lang='lat' dir='ltr'>quod</span> <span class='ocrx_word' id='word_1_388' title='bbox 761 2462 917 2515; x_wconf 89' lang='lat' dir='ltr'>nulla</span> <span class='ocrx_word' id='word_1_389' title='bbox 936 2461 1329 2530; x_wconf 86' lang='lat' dir='ltr'>relinquantur</span> <span class='ocrx_word' id='word_1_390' title='bbox 1348 2466 1627 2512; x_wconf 86' lang='lat' dir='ltr'>terrarum</span> <span class='ocrx_word' id='word_1_391' title='bbox 1651 2475 1773 2528; x_wconf 87' lang='lat' dir='ltr'>spa-</span> 
     </span>
    </p>
   </div>
   <div class='ocr_carea' id='block_1_42' title="bbox 167 2545 1770 2619">
    <p class='ocr_par' dir='ltr' id='par_1_42' title="bbox 167 2545 1770 2619">
     <span class='ocr_line' id='line_1_42' title="bbox 167 2545 1770 2619; baseline -0.005 -11"><span class='ocrx_word' id='word_1_392' title='bbox 167 2556 238 2608; x_wconf 85' lang='lat' dir='ltr'>tia</span> <span class='ocrx_word' id='word_1_393' title='bbox 268 2555 366 2608; x_wconf 88' lang='lat' dir='ltr'>ubi</span> <span class='ocrx_word' id='word_1_394' title='bbox 400 2569 512 2607; x_wconf 85' lang='lat' dir='ltr'>non</span> <span class='ocrx_word' id='word_1_395' title='bbox 552 2554 626 2606; x_wconf 90' lang='lat' dir='ltr'>sit</span> <span class='ocrx_word' id='word_1_396' title='bbox 670 2552 854 2605; x_wconf 87' lang='lat' dir='ltr'>futura</span> <span class='ocrx_word' id='word_1_397' title='bbox 888 2545 1146 2604; x_wconf 76' lang='lat' dir='ltr'>Ecclesm.</span> <span class='ocrx_word' id='word_1_398' title='bbox 1177 2551 1427 2613; x_wconf 87' lang='lat' dir='ltr'>Quarum</span> <span class='ocrx_word' id='word_1_399' title='bbox 1472 2549 1770 2619; x_wconf 89' lang='lat' dir='ltr'>quamplu-</span> 
     </span>
    </p>
   </div>
   <div class='ocr_carea' id='block_1_43' title="bbox 169 2639 1770 2708">
    <p class='ocr_par' dir='ltr' id='par_1_43' title="bbox 169 2639 1770 2708">
     <span class='ocr_line' id='line_1_43' title="bbox 169 2639 1770 2708; baseline -0.004 -11"><span class='ocrx_word' id='word_1_400' title='bbox 169 2646 316 2697; x_wconf 67' lang='lat' dir='ltr'>rimae</span> <span class='ocrx_word' id='word_1_401' title='bbox 335 2644 649 2696; x_wconf 82' lang='lat' dir='ltr'>insularum</span> <span class='ocrx_word' id='word_1_402' title='bbox 673 2641 729 2693; x_wconf 90' lang='lat' dir='ltr'>in</span> <span class='ocrx_word' id='word_1_403' title='bbox 749 2642 970 2695; x_wconf 85' lang='lat' dir='ltr'>Oceano</span> <span class='ocrx_word' id='word_1_404' title='bbox 996 2640 1332 2699; x_wconf 78' lang='lat' dir='ltr'>constitutae,</span> <span class='ocrx_word' id='word_1_405' title='bbox 1351 2639 1469 2707; x_wconf 86' lang='lat' dir='ltr'>jam</span> <span class='ocrx_word' id='word_1_406' title='bbox 1496 2653 1595 2708; x_wconf 89' lang='lat' dir='ltr'>pro</span> <span class='ocrx_word' id='word_1_407' title='bbox 1617 2643 1770 2690; x_wconf 88' lang='lat' dir='ltr'>certo</span> 
     </span>
    </p>
   </div>
   <div class='ocr_carea' id='block_1_44' title="bbox 165 2727 1772 2802">
    <p class='ocr_par' dir='ltr' id='par_1_44' title="bbox 165 2727 1772 2802">
     <span class='ocr_line' id='line_1_44' title="bbox 165 2727 1772 2802; baseline -0.003 -20"><span class='ocrx_word' id='word_1_408' title='bbox 165 2729 526 2802; x_wconf 79' lang='lat' dir='ltr'>Evangelium</span> <span class='ocrx_word' id='word_1_409' title='bbox 553 2735 937 2800; x_wconf 88' lang='lat' dir='ltr'>susceperunt.</span> <span class='ocrx_word' id='word_1_410' title='bbox 967 2727 1032 2781; x_wconf 87' lang='lat' dir='ltr'>Et</span> <span class='ocrx_word' id='word_1_411' title='bbox 1065 2743 1410 2797; x_wconf 70' lang='lat' dir='ltr'>quaecunque</span> <span class='ocrx_word' id='word_1_412' title='bbox 1444 2737 1552 2779; x_wconf 85' lang='lat' dir='ltr'>non</span> <span class='ocrx_word' id='word_1_413' title='bbox 1583 2735 1772 2795; x_wconf 76' lang='lat' dir='ltr'>perce-</span> 
     </span>
    </p>
   </div>
   <div class='ocr_carea' id='block_1_45' title="bbox 167 2817 1764 2891">
    <p class='ocr_par' dir='ltr' id='par_1_45' title="bbox 167 2817 1764 2891">
     <span class='ocr_line' id='line_1_45' title="bbox 167 2817 1764 2891; baseline -0.004 -17"><span class='ocrx_word' id='word_1_414' title='bbox 167 2827 388 2891; x_wconf 83' lang='lat' dir='ltr'>perunt,</span> <span class='ocrx_word' id='word_1_415' title='bbox 421 2820 614 2890; x_wconf 89' lang='lat' dir='ltr'>utique</span> <span class='ocrx_word' id='word_1_416' title='bbox 647 2819 972 2889; x_wconf 88' lang='lat' dir='ltr'>percipient,</span> <span class='ocrx_word' id='word_1_417' title='bbox 1017 2825 1080 2870; x_wconf 88' lang='lat' dir='ltr'>ut</span> <span class='ocrx_word' id='word_1_418' title='bbox 1128 2818 1414 2887; x_wconf 77' lang='lat' dir='ltr'>perveniat</span> <span class='ocrx_word' id='word_1_419' title='bbox 1451 2817 1521 2869; x_wconf 91' lang='lat' dir='ltr'>ad</span> <span class='ocrx_word' id='word_1_420' title='bbox 1552 2831 1764 2882; x_wconf 83' lang='lat' dir='ltr'>omnes,</span> 
     </span>
    </p>
   </div>
   <div class='ocr_carea' id='block_1_46' title="bbox 1856 2281 3454 2355">
    <p class='ocr_par' dir='ltr' id='par_1_46' title="bbox 1856 2281 3454 2355">
     <span class='ocr_line' id='line_1_46' title="bbox 1856 2281 3454 2355; baseline 0.006 -24"><span class='ocrx_word' id='word_1_421' title='bbox 1856 2281 1917 2331; x_wconf 87' lang='lat' dir='ltr'>in</span> <span class='ocrx_word' id='word_1_422' title='bbox 1947 2281 2136 2332; x_wconf 63' lang='lat' dir='ltr'>Judaed</span> <span class='ocrx_word' id='word_1_423' title='bbox 2148 2287 2279 2333; x_wconf 89' lang='lat' dir='ltr'>sunt</span> <span class='ocrx_word' id='word_1_424' title='bbox 2300 2283 2525 2347; x_wconf 78' lang='lat' dir='ltr'>fugiant</span> <span class='ocrx_word' id='word_1_425' title='bbox 2545 2285 2603 2335; x_wconf 88' lang='lat' dir='ltr'>in</span> <span class='ocrx_word' id='word_1_426' title='bbox 2630 2288 2860 2352; x_wconf 86' lang='lat' dir='ltr'>montes,</span> <span class='ocrx_word' id='word_1_427' title='bbox 2882 2289 3040 2353; x_wconf 86' lang='lat' dir='ltr'>etqui</span> <span class='ocrx_word' id='word_1_428' title='bbox 3057 2304 3228 2355; x_wconf 84' lang='lat' dir='ltr'>supra</span> <span class='ocrx_word' id='word_1_429' title='bbox 3256 2294 3454 2341; x_wconf 87' lang='lat' dir='ltr'>tectum</span> 
     </span>
    </p>
   </div>
   <div class='ocr_carea' id='block_1_47' title="bbox 1857 2369 3456 2446">
    <p class='ocr_par' dir='ltr' id='par_1_47' title="bbox 1857 2369 3456 2446">
     <span class='ocr_line' id='line_1_47' title="bbox 1857 2369 3456 2446; baseline 0.006 -26"><span class='ocrx_word' id='word_1_430' title='bbox 1857 2383 1967 2420; x_wconf 89' lang='lat' dir='ltr'>non</span> <span class='ocrx_word' id='word_1_431' title='bbox 1983 2369 2265 2421; x_wconf 82' lang='lat' dir='ltr'>descendat</span> <span class='ocrx_word' id='word_1_432' title='bbox 2284 2372 2340 2422; x_wconf 85' lang='lat' dir='ltr'>in</span> <span class='ocrx_word' id='word_1_433' title='bbox 2356 2371 2602 2440; x_wconf 85' lang='lat' dir='ltr'>domum,</span> <span class='ocrx_word' id='word_1_434' title='bbox 2622 2388 2718 2425; x_wconf 82' lang='lat' dir='ltr'>nec</span> <span class='ocrx_word' id='word_1_435' title='bbox 2735 2375 2820 2424; x_wconf 88' lang='lat' dir='ltr'>int</span> <span class='ocrx_word' id='word_1_436' title='bbox 2830 2380 2974 2427; x_wconf 83' lang='lat' dir='ltr'>roeal</span> <span class='ocrx_word' id='word_1_437' title='bbox 2992 2380 3048 2427; x_wconf 90' lang='lat' dir='ltr'>ut</span> <span class='ocrx_word' id='word_1_438' title='bbox 3067 2377 3221 2429; x_wconf 84' lang='lat' dir='ltr'>tollat</span> <span class='ocrx_word' id='word_1_439' title='bbox 3237 2377 3456 2446; x_wconf 84' lang='lat' dir='ltr'>aliquid</span> 
     </span>
    </p>
   </div>
   <div class='ocr_carea' id='block_1_48' title="bbox 1855 2457 3452 2527">
    <p class='ocr_par' dir='ltr' id='par_1_48' title="bbox 1855 2457 3452 2527">
     <span class='ocr_line' id='line_1_48' title="bbox 1855 2457 3452 2527; baseline 0.005 -18"><span class='ocrx_word' id='word_1_440' title='bbox 1855 2457 1918 2509; x_wconf 85' lang='lat' dir='ltr'>de</span> <span class='ocrx_word' id='word_1_441' title='bbox 1937 2458 2098 2509; x_wconf 87' lang='lat' dir='ltr'>domo</span> <span class='ocrx_word' id='word_1_442' title='bbox 2125 2469 2245 2519; x_wconf 88' lang='lat' dir='ltr'>sua,</span> <span class='ocrx_word' id='word_1_443' title='bbox 2274 2462 2326 2509; x_wconf 83' lang='lat' dir='ltr'>et</span> <span class='ocrx_word' id='word_1_444' title='bbox 2353 2461 2453 2525; x_wconf 89' lang='lat' dir='ltr'>qui</span> <span class='ocrx_word' id='word_1_445' title='bbox 2479 2462 2539 2512; x_wconf 86' lang='lat' dir='ltr'>in</span> <span class='ocrx_word' id='word_1_446' title='bbox 2563 2476 2696 2527; x_wconf 87' lang='lat' dir='ltr'>agro</span> <span class='ocrx_word' id='word_1_447' title='bbox 2719 2466 2791 2512; x_wconf 86' lang='lat' dir='ltr'>est</span> <span class='ocrx_word' id='word_1_448' title='bbox 2820 2478 2926 2514; x_wconf 83' lang='lat' dir='ltr'>non</span> <span class='ocrx_word' id='word_1_449' title='bbox 2964 2469 3275 2517; x_wconf 78' lang='lat' dir='ltr'>revertatur</span> <span class='ocrx_word' id='word_1_450' title='bbox 3304 2470 3452 2518; x_wconf 82' lang='lat' dir='ltr'>retro</span> 
     </span>
    </p>
   </div>
   <div class='ocr_carea' id='block_1_49' title="bbox 1857 2552 3455 2622">
    <p class='ocr_par' dir='ltr' id='par_1_49' title="bbox 1857 2552 3455 2622">
     <span class='ocr_line' id='line_1_49' title="bbox 1857 2552 3455 2622; baseline 0.006 -22"><span class='ocrx_word' id='word_1_451' title='bbox 1857 2552 2040 2601; x_wconf 82' lang='lat' dir='ltr'>tollere</span> <span class='ocrx_word' id='word_1_452' title='bbox 2060 2552 2442 2603; x_wconf 64' lang='lat' dir='ltr'>vestimentum</span> <span class='ocrx_word' id='word_1_453' title='bbox 2463 2569 2648 2604; x_wconf 87' lang='lat' dir='ltr'>suum.</span> <span class='ocrx_word' id='word_1_454' title='bbox 2684 2553 2759 2605; x_wconf 71' lang='lat' dir='ltr'>Va:</span> <span class='ocrx_word' id='word_1_455' title='bbox 2779 2560 2962 2606; x_wconf 88' lang='lat' dir='ltr'>autem</span> <span class='ocrx_word' id='word_1_456' title='bbox 2975 2558 3389 2622; x_wconf 72' lang='lat' dir='ltr'>pra&#39;gnantibus</span> <span class='ocrx_word' id='word_1_457' title='bbox 3407 2562 3455 2609; x_wconf 84' lang='lat' dir='ltr'>et</span> 
     </span>
    </p>
   </div>
   <div class='ocr_carea' id='block_1_50' title="bbox 1855 2639 3449 2709">
    <p class='ocr_par' dir='ltr' id='par_1_50' title="bbox 1855 2639 3449 2709">
     <span class='ocr_line' id='line_1_50' title="bbox 1855 2639 3449 2709; baseline 0.004 -19"><span class='ocrx_word' id='word_1_458' title='bbox 1855 2639 2236 2690; x_wconf 80' lang='lat' dir='ltr'>nutrientibus</span> <span class='ocrx_word' id='word_1_459' title='bbox 2257 2641 2318 2691; x_wconf 86' lang='lat' dir='ltr'>in</span> <span class='ocrx_word' id='word_1_460' title='bbox 2334 2641 2449 2691; x_wconf 85' lang='lat' dir='ltr'>illis</span> <span class='ocrx_word' id='word_1_461' title='bbox 2467 2641 2858 2700; x_wconf 75' lang='lat' dir='ltr'>tliebusUlarc.</span> <span class='ocrx_word' id='word_1_462' title='bbox 2875 2658 2990 2704; x_wconf 76' lang='lat' dir='ltr'>xm,</span> <span class='ocrx_word' id='word_1_463' title='bbox 3015 2641 3096 2706; x_wconf 72' lang='grc'>14,</span> <span class='ocrx_word' id='word_1_464' title='bbox 3128 2641 3316 2709; x_wconf 75' lang='lat'>15,16,</span> <span class='ocrx_word' id='word_1_465' title='bbox 3355 2649 3364 2692; x_wconf 80' lang='grc' dir='ltr'><strong>Ι</strong></span> <span class='ocrx_word' id='word_1_466' title='bbox 3379 2651 3449 2706; x_wconf 89' lang='grc'>7).</span> 
     </span>
    </p>
   </div>
   <div class='ocr_carea' id='block_1_51' title="bbox 1853 2725 3455 2796">
    <p class='ocr_par' dir='ltr' id='par_1_51' title="bbox 1853 2725 3455 2796">
     <span class='ocr_line' id='line_1_51' title="bbox 1853 2725 3455 2796; baseline 0.004 -17"><span class='ocrx_word' id='word_1_467' title='bbox 1853 2725 2029 2779; x_wconf 89' lang='lat' dir='ltr'>Lucas</span> <span class='ocrx_word' id='word_1_468' title='bbox 2059 2743 2187 2779; x_wconf 86' lang='lat' dir='ltr'>vero</span> <span class='ocrx_word' id='word_1_469' title='bbox 2207 2726 2454 2796; x_wconf 87' lang='lat' dir='ltr'>apertius</span> <span class='ocrx_word' id='word_1_470' title='bbox 2478 2733 2540 2780; x_wconf 91' lang='lat' dir='ltr'>ut</span> <span class='ocrx_word' id='word_1_471' title='bbox 2560 2729 2880 2783; x_wconf 88' lang='lat' dir='ltr'>ostenderet</span> <span class='ocrx_word' id='word_1_472' title='bbox 2899 2735 3032 2784; x_wconf 88' lang='lat' dir='ltr'>tunc</span> <span class='ocrx_word' id='word_1_473' title='bbox 3053 2729 3253 2784; x_wconf 81' lang='lat' dir='ltr'>factam</span> <span class='ocrx_word' id='word_1_474' title='bbox 3286 2733 3455 2787; x_wconf 86' lang='lat' dir='ltr'>fuisse</span> 
     </span>
    </p>
   </div>
   <div class='ocr_carea' id='block_1_52' title="bbox 1853 2815 3456 2889">
    <p class='ocr_par' dir='ltr' id='par_1_52' title="bbox 1853 2815 3456 2889">
     <span class='ocr_line' id='line_1_52' title="bbox 1853 2815 3456 2889; baseline 0.004 -22"><span class='ocrx_word' id='word_1_475' title='bbox 1853 2815 1996 2868; x_wconf 90' lang='lat' dir='ltr'>hanc</span> <span class='ocrx_word' id='word_1_476' title='bbox 2018 2815 2491 2868; x_wconf 86' lang='lat' dir='ltr'>abominationem</span> <span class='ocrx_word' id='word_1_477' title='bbox 2507 2816 3020 2889; x_wconf 86' lang='lat' dir='ltr'>desolationemque</span> <span class='ocrx_word' id='word_1_478' title='bbox 3043 2837 3162 2889; x_wconf 82' lang='lat' dir='ltr'>quae</span> <span class='ocrx_word' id='word_1_479' title='bbox 3183 2821 3456 2875; x_wconf 89' lang='lat' dir='ltr'>aDaniele</span> 
     </span>
    </p>
   </div>
   <div class='ocr_carea' id='block_1_53' title="bbox 165 2903 3458 2980">
    <p class='ocr_par' dir='ltr' id='par_1_53' title="bbox 165 2903 3458 2980">
     <span class='ocr_line' id='line_1_53' title="bbox 165 2903 3458 2980; baseline -0 -16"><span class='ocrx_word' id='word_1_480' title='bbox 165 2916 448 2980; x_wconf 84' lang='lat' dir='ltr'>utcunque</span> <span class='ocrx_word' id='word_1_481' title='bbox 491 2907 788 2961; x_wconf 88' lang='lat' dir='ltr'>crescendo</span> <span class='ocrx_word' id='word_1_482' title='bbox 838 2913 1006 2976; x_wconf 71' lang='lat' dir='ltr'>atque</span> <span class='ocrx_word' id='word_1_483' title='bbox 1050 2906 1456 2959; x_wconf 83' lang='lat' dir='ltr'>fructiﬁcando.</span> <span class='ocrx_word' id='word_1_484' title='bbox 1500 2905 1564 2958; x_wconf 80' lang='lat' dir='ltr'>Et</span> <span class='ocrx_word' id='word_1_485' title='bbox 1615 2911 1764 2962; x_wconf 83' lang='lat' dir='ltr'>tunc.</span> <span class='ocrx_word' id='word_1_486' title='bbox 1794 2971 1826 2980; x_wconf 47' lang='grc' dir='ltr'><strong>Δ</strong></span> <span class='ocrx_word' id='word_1_487' title='bbox 1852 2903 2118 2973; x_wconf 64' lang='lat' dir='ltr'>praedicta</span> <span class='ocrx_word' id='word_1_488' title='bbox 2140 2909 2240 2966; x_wconf 86' lang='lat' dir='ltr'>est,</span> <span class='ocrx_word' id='word_1_489' title='bbox 2268 2904 2490 2974; x_wconf 84' lang='lat' dir='ltr'>quando</span> <span class='ocrx_word' id='word_1_490' title='bbox 2521 2912 2836 2975; x_wconf 79' lang='lat' dir='ltr'>expugnata</span> <span class='ocrx_word' id='word_1_491' title='bbox 2863 2910 2947 2960; x_wconf 91' lang='lat' dir='ltr'>est</span> <span class='ocrx_word' id='word_1_492' title='bbox 2967 2907 3274 2961; x_wconf 86' lang='lat' dir='ltr'>Jerusalem</span> <span class='ocrx_word' id='word_1_493' title='bbox 3300 2927 3330 2962; x_wconf 91' lang='lat' dir='ltr'>a</span> <span class='ocrx_word' id='word_1_494' title='bbox 3351 2907 3458 2962; x_wconf 83' lang='lat' dir='ltr'>Ro-</span> 
     </span>
    </p>
   </div>
   <div class='ocr_carea' id='block_1_54' title="bbox 167 2971 3460 3067">
    <p class='ocr_par' dir='ltr' id='par_1_54' title="bbox 167 2971 3460 3067">
     <span class='ocr_line' id='line_1_54' title="bbox 167 2971 3460 3067; baseline 0 -18"><span class='ocrx_word' id='word_1_495' title='bbox 167 2998 365 3067; x_wconf 89' lang='lat' dir='ltr'>inquit,</span> <span class='ocrx_word' id='word_1_496' title='bbox 404 3000 512 3050; x_wconf 78' lang='lat' dir='ltr'>erit</span> <span class='ocrx_word' id='word_1_497' title='bbox 543 2998 966 3048; x_wconf 82' lang='lat' dir='ltr'>consummatio.</span> <span class='ocrx_word' id='word_1_498' title='bbox 1002 2996 1117 3048; x_wconf 79' lang='lat' dir='ltr'>Nec</span> <span class='ocrx_word' id='word_1_499' title='bbox 1147 2995 1225 3047; x_wconf 88' lang='lat' dir='ltr'>sic</span> <span class='ocrx_word' id='word_1_500' title='bbox 1254 2995 1442 3047; x_wconf 86' lang='lat' dir='ltr'>tamen</span> <span class='ocrx_word' id='word_1_501' title='bbox 1471 2971 1830 3064; x_wconf 76' lang='lat' dir='ltr'>possumusc</span> <span class='ocrx_word' id='word_1_502' title='bbox 1854 2993 2034 3046; x_wconf 89' lang='lat' dir='ltr'>manis</span> <span class='ocrx_word' id='word_1_503' title='bbox 2067 2999 2124 3046; x_wconf 89' lang='lat' dir='ltr'>et</span> <span class='ocrx_word' id='word_1_504' title='bbox 2153 3008 2427 3062; x_wconf 84' lang='lat' dir='ltr'>possessa,</span> <span class='ocrx_word' id='word_1_505' title='bbox 2460 2993 2575 3048; x_wconf 54' lang='lat' dir='ltr'>hac</span> <span class='ocrx_word' id='word_1_506' title='bbox 2618 2992 2814 3047; x_wconf 88' lang='lat' dir='ltr'>eodem</span> <span class='ocrx_word' id='word_1_507' title='bbox 2860 2996 2980 3048; x_wconf 89' lang='lat' dir='ltr'>loco</span> <span class='ocrx_word' id='word_1_508' title='bbox 3026 2995 3249 3049; x_wconf 90' lang='lat' dir='ltr'>Domini</span> <span class='ocrx_word' id='word_1_509' title='bbox 3293 2998 3460 3051; x_wconf 86' lang='lat' dir='ltr'>verba</span> 
     </span>
    </p>
   </div>
   <div class='ocr_carea' id='block_1_55' title="bbox 166 3083 3460 3153">
    <p class='ocr_par' dir='ltr' id='par_1_55' title="bbox 166 3083 3460 3153">
     <span class='ocr_line' id='line_1_55' title="bbox 166 3083 3460 3153; baseline 0 -15"><span class='ocrx_word' id='word_1_510' title='bbox 166 3086 417 3149; x_wconf 87' lang='lat' dir='ltr'>deﬁnire,</span> <span class='ocrx_word' id='word_1_511' title='bbox 453 3102 582 3138; x_wconf 91' lang='lat' dir='ltr'>cum</span> <span class='ocrx_word' id='word_1_512' title='bbox 632 3084 784 3147; x_wconf 89' lang='lat' dir='ltr'>dicit,</span> <span class='ocrx_word' id='word_1_513' title='bbox 822 3083 953 3153; x_wconf 84' lang='lat' dir='ltr'>quia</span> <span class='ocrx_word' id='word_1_514' title='bbox 981 3090 1117 3136; x_wconf 91' lang='lat' dir='ltr'>tunc</span> <span class='ocrx_word' id='word_1_515' title='bbox 1164 3083 1288 3141; x_wconf 82' lang='lat' dir='ltr'>erit,</span> <span class='ocrx_word' id='word_1_516' title='bbox 1324 3092 1595 3153; x_wconf 74' lang='lat' dir='ltr'>quantum</span> <span class='ocrx_word' id='word_1_517' title='bbox 1645 3089 1770 3152; x_wconf 88' lang='lat' dir='ltr'>post</span> <span class='ocrx_word' id='word_1_518' title='bbox 1852 3089 2256 3135; x_wconf 83' lang='lat' dir='ltr'>commemorat</span> <span class='ocrx_word' id='word_1_519' title='bbox 2298 3101 2309 3134; x_wconf 91' lang='lat'><strong>:</strong></span> <span class='ocrx_word' id='word_1_520' title='bbox 2358 3084 2495 3136; x_wconf 75' lang='lat' dir='ltr'>Cum</span> <span class='ocrx_word' id='word_1_521' title='bbox 2546 3083 2813 3146; x_wconf 79' lang='lat' dir='ltr'>videritis,</span> <span class='ocrx_word' id='word_1_522' title='bbox 2857 3083 2952 3149; x_wconf 89' lang='lat' dir='ltr'>ait,</span> <span class='ocrx_word' id='word_1_523' title='bbox 3006 3087 3352 3138; x_wconf 84' lang='lat' dir='ltr'>circumdari</span> <span class='ocrx_word' id='word_1_524' title='bbox 3392 3089 3460 3138; x_wconf 89' lang='lat' dir='ltr'>ab</span> 
     </span>
    </p>
   </div>
   <div class='ocr_carea' id='block_1_56' title="bbox 163 3171 3463 3242">
    <p class='ocr_par' dir='ltr' id='par_1_56' title="bbox 163 3171 3463 3242">
     <span class='ocr_line' id='line_1_56' title="bbox 163 3171 3463 3242; baseline 0.001 -18"><span class='ocrx_word' id='word_1_525' title='bbox 163 3181 432 3228; x_wconf 81' lang='lat' dir='ltr'>venturus</span> <span class='ocrx_word' id='word_1_526' title='bbox 461 3173 535 3226; x_wconf 88' lang='lat' dir='ltr'>sit</span> <span class='ocrx_word' id='word_1_527' title='bbox 580 3174 707 3226; x_wconf 80' lang='lat' dir='ltr'>linis</span> <span class='ocrx_word' id='word_1_528' title='bbox 751 3171 960 3237; x_wconf 61' lang='lat' dir='ltr'>saeculi,</span> <span class='ocrx_word' id='word_1_529' title='bbox 1001 3187 1124 3224; x_wconf 87' lang='lat' dir='ltr'>cum</span> <span class='ocrx_word' id='word_1_530' title='bbox 1160 3171 1427 3224; x_wconf 90' lang='lat' dir='ltr'>Dominus</span> <span class='ocrx_word' id='word_1_531' title='bbox 1456 3171 1604 3224; x_wconf 86' lang='lat' dir='ltr'>dicat</span> <span class='ocrx_word' id='word_1_532' title='bbox 1633 3186 1769 3240; x_wconf 85' lang='lat' dir='ltr'>apo-</span> <span class='ocrx_word' id='word_1_533' title='bbox 1853 3174 2090 3223; x_wconf 65' lang='lat' dir='ltr'>exercitu</span> <span class='ocrx_word' id='word_1_534' title='bbox 2105 3172 3463 3242; x_wconf 79' lang='lat' dir='ltr'>Hierusalem,scitotequiaappropinquabitdeso-</span> 
     </span>
    </p>
   </div>
   <div class='ocr_carea' id='block_1_57' title="bbox 167 3258 3464 3333">
    <p class='ocr_par' dir='ltr' id='par_1_57' title="bbox 167 3258 3464 3333">
     <span class='ocr_line' id='line_1_57' title="bbox 167 3258 3464 3333; baseline 0.001 -18"><span class='ocrx_word' id='word_1_535' title='bbox 167 3264 315 3317; x_wconf 89' lang='lat' dir='ltr'>stolis</span> <span class='ocrx_word' id='word_1_536' title='bbox 344 3281 354 3315; x_wconf 89' lang='lat'>:</span> <span class='ocrx_word' id='word_1_537' title='bbox 393 3264 517 3316; x_wconf 74' lang='lat' dir='ltr'>Non</span> <span class='ocrx_word' id='word_1_538' title='bbox 549 3267 624 3315; x_wconf 85' lang='lat' dir='ltr'>est</span> <span class='ocrx_word' id='word_1_539' title='bbox 654 3267 894 3314; x_wconf 81' lang='lat' dir='ltr'>vestrum</span> <span class='ocrx_word' id='word_1_540' title='bbox 926 3277 1074 3314; x_wconf 86' lang='lat' dir='ltr'>nosse</span> <span class='ocrx_word' id='word_1_541' title='bbox 1107 3266 1352 3327; x_wconf 75' lang='lat' dir='ltr'>tempora</span> <span class='ocrx_word' id='word_1_542' title='bbox 1387 3262 1465 3312; x_wconf 80' lang='lat' dir='ltr'>vel</span> <span class='ocrx_word' id='word_1_543' title='bbox 1492 3264 1768 3312; x_wconf 85' lang='lat' dir='ltr'>momenta</span> <span class='ocrx_word' id='word_1_544' title='bbox 1854 3262 1987 3312; x_wconf 88' lang='lat' dir='ltr'>latio</span> <span class='ocrx_word' id='word_1_545' title='bbox 2019 3263 2131 3326; x_wconf 70' lang='lat' dir='ltr'>ejus</span> <span class='ocrx_word' id='word_1_546' title='bbox 2152 3259 2304 3327; x_wconf 83' lang='lat' dir='ltr'>(Luc.</span> <span class='ocrx_word' id='word_1_547' title='bbox 2339 3274 2448 3323; x_wconf 69' lang='lat' dir='ltr'>xm,</span> <span class='ocrx_word' id='word_1_548' title='bbox 2478 3258 2590 3328; x_wconf 73' lang='lat'>20).</span> <span class='ocrx_word' id='word_1_549' title='bbox 2612 3261 2860 3330; x_wconf 80' lang='lat' dir='ltr'>Apparet</span> <span class='ocrx_word' id='word_1_550' title='bbox 2889 3267 3075 3314; x_wconf 89' lang='lat' dir='ltr'>autem</span> <span class='ocrx_word' id='word_1_551' title='bbox 3105 3266 3237 3315; x_wconf 91' lang='lat' dir='ltr'>tunc</span> <span class='ocrx_word' id='word_1_552' title='bbox 3263 3261 3340 3315; x_wconf 91' lang='lat' dir='ltr'>ibi</span> <span class='ocrx_word' id='word_1_553' title='bbox 3370 3281 3464 3333; x_wconf 88' lang='lat' dir='ltr'>po-</span> 
     </span>
    </p>
   </div>
   <div class='ocr_carea' id='block_1_58' title="bbox 168 3343 3462 3422">
    <p class='ocr_par' dir='ltr' id='par_1_58' title="bbox 168 3343 3462 3422">
     <span class='ocr_line' id='line_1_58' title="bbox 168 3343 3462 3422; baseline 0 -17"><span class='ocrx_word' id='word_1_554' title='bbox 168 3369 276 3420; x_wconf 66' lang='lat' dir='ltr'>quz</span> <span class='ocrx_word' id='word_1_555' title='bbox 300 3358 467 3421; x_wconf 84' lang='lat' dir='ltr'>pater</span> <span class='ocrx_word' id='word_1_556' title='bbox 482 3354 664 3419; x_wconf 81' lang='lat' dir='ltr'>posuit</span> <span class='ocrx_word' id='word_1_557' title='bbox 692 3353 752 3403; x_wconf 91' lang='lat' dir='ltr'>in</span> <span class='ocrx_word' id='word_1_558' title='bbox 784 3367 886 3404; x_wconf 85' lang='lat' dir='ltr'>sua</span> <span class='ocrx_word' id='word_1_559' title='bbox 912 3355 1167 3417; x_wconf 79' lang='lat' dir='ltr'>potestate</span> <span class='ocrx_word' id='word_1_560' title='bbox 1190 3349 1330 3403; x_wconf 68' lang='lat' dir='ltr'>(Act.</span> <span class='ocrx_word' id='word_1_561' title='bbox 1361 3359 1400 3413; x_wconf 87' lang='grc' dir='ltr'>Ι,</span> <span class='ocrx_word' id='word_1_562' title='bbox 1434 3346 1506 3415; x_wconf 87' lang='grc'>7).</span> <span class='ocrx_word' id='word_1_563' title='bbox 1540 3347 1698 3400; x_wconf 88' lang='lat' dir='ltr'>Unde</span> <span class='ocrx_word' id='word_1_564' title='bbox 1724 3347 1771 3400; x_wconf 92' lang='lat' dir='ltr'>si</span> <span class='ocrx_word' id='word_1_565' title='bbox 1853 3347 2019 3399; x_wconf 82' lang='lat' dir='ltr'>sitam</span> <span class='ocrx_word' id='word_1_566' title='bbox 2050 3343 2130 3399; x_wconf 86' lang='lat' dir='ltr'>vel</span> <span class='ocrx_word' id='word_1_567' title='bbox 2161 3347 2332 3400; x_wconf 85' lang='lat' dir='ltr'>visam</span> <span class='ocrx_word' id='word_1_568' title='bbox 2355 3346 2831 3402; x_wconf 85' lang='lat' dir='ltr'>abominationem</span> <span class='ocrx_word' id='word_1_569' title='bbox 2856 3349 3238 3414; x_wconf 87' lang='lat' dir='ltr'>desolationis,</span> <span class='ocrx_word' id='word_1_570' title='bbox 3261 3351 3329 3404; x_wconf 89' lang='lat' dir='ltr'>de</span> <span class='ocrx_word' id='word_1_571' title='bbox 3353 3369 3462 3422; x_wconf 88' lang='lat' dir='ltr'>qua</span> 
     </span>
    </p>
   </div>
   <div class='ocr_carea' id='block_1_59' title="bbox 162 3437 1771 3508">
    <p class='ocr_par' dir='ltr' id='par_1_59' title="bbox 162 3437 1771 3508">
     <span class='ocr_line' id='line_1_59' title="bbox 162 3437 1771 3508; baseline -0.003 -15"><span class='ocrx_word' id='word_1_572' title='bbox 162 3442 272 3508; x_wconf 90' lang='lat' dir='ltr'>jam</span> <span class='ocrx_word' id='word_1_573' title='bbox 307 3440 472 3494; x_wconf 81' lang='lat' dir='ltr'>nobis</span> <span class='ocrx_word' id='word_1_574' title='bbox 493 3440 866 3494; x_wconf 88' lang='lat' dir='ltr'>certissimum</span> <span class='ocrx_word' id='word_1_575' title='bbox 891 3444 1038 3491; x_wconf 89' lang='lat' dir='ltr'>esset</span> <span class='ocrx_word' id='word_1_576' title='bbox 1059 3439 1128 3491; x_wconf 90' lang='lat' dir='ltr'>ad</span> <span class='ocrx_word' id='word_1_577' title='bbox 1160 3453 1352 3490; x_wconf 89' lang='lat' dir='ltr'>omnes</span> <span class='ocrx_word' id='word_1_578' title='bbox 1382 3441 1576 3505; x_wconf 85' lang='lat' dir='ltr'>gentes</span> <span class='ocrx_word' id='word_1_579' title='bbox 1597 3437 1771 3488; x_wconf 78' lang='lat' dir='ltr'>Evan-</span> 
     </span>
    </p>
   </div>
   <div class='ocr_carea' id='block_1_60' title="bbox 166 3525 1771 3600">
    <p class='ocr_par' dir='ltr' id='par_1_60' title="bbox 166 3525 1771 3600">
     <span class='ocr_line' id='line_1_60' title="bbox 166 3525 1771 3600; baseline -0.003 -19"><span class='ocrx_word' id='word_1_580' title='bbox 166 3531 372 3598; x_wconf 87' lang='lat' dir='ltr'>gelium</span> <span class='ocrx_word' id='word_1_581' title='bbox 395 3529 730 3600; x_wconf 79' lang='lat' dir='ltr'>pervenisse.</span> <span class='ocrx_word' id='word_1_582' title='bbox 748 3545 849 3581; x_wconf 91' lang='lat' dir='ltr'>nec</span> <span class='ocrx_word' id='word_1_583' title='bbox 867 3535 1054 3581; x_wconf 84' lang='lat' dir='ltr'>tamen</span> <span class='ocrx_word' id='word_1_584' title='bbox 1079 3541 1375 3596; x_wconf 85' lang='lat' dir='ltr'>possumus</span> <span class='ocrx_word' id='word_1_585' title='bbox 1394 3525 1576 3577; x_wconf 88' lang='lat' dir='ltr'>dicere</span> <span class='ocrx_word' id='word_1_586' title='bbox 1597 3540 1771 3592; x_wconf 85' lang='lat' dir='ltr'>quan-</span> 
     </span>
    </p>
   </div>
   <div class='ocr_carea' id='block_1_61' title="bbox 169 3607 1764 3688">
    <p class='ocr_par' dir='ltr' id='par_1_61' title="bbox 169 3607 1764 3688">
     <span class='ocr_line' id='line_1_61' title="bbox 169 3607 1764 3688; baseline -0.004 -18"><span class='ocrx_word' id='word_1_587' title='bbox 169 3607 278 3671; x_wconf 79' lang='lat' dir='ltr'>tum</span> <span class='ocrx_word' id='word_1_588' title='bbox 306 3617 587 3688; x_wconf 85' lang='lat' dir='ltr'>temporis</span> <span class='ocrx_word' id='word_1_589' title='bbox 616 3624 945 3670; x_wconf 85' lang='lat' dir='ltr'>remaneret.</span> <span class='ocrx_word' id='word_1_590' title='bbox 973 3616 1103 3668; x_wconf 88' lang='lat' dir='ltr'>licet</span> <span class='ocrx_word' id='word_1_591' title='bbox 1132 3615 1314 3667; x_wconf 82' lang='lat' dir='ltr'>dicere</span> <span class='ocrx_word' id='word_1_592' title='bbox 1348 3630 1472 3666; x_wconf 86' lang='lat' dir='ltr'>vere</span> <span class='ocrx_word' id='word_1_593' title='bbox 1500 3614 1764 3682; x_wconf 87' lang='lat' dir='ltr'>potuisse-</span> 
     </span>
    </p>
   </div>
   <div class='ocr_carea' id='block_1_62' title="bbox 169 3702 1770 3778">
    <p class='ocr_par' dir='ltr' id='par_1_62' title="bbox 169 3702 1770 3778">
     <span class='ocr_line' id='line_1_62' title="bbox 169 3702 1770 3778; baseline -0.004 -18"><span class='ocrx_word' id='word_1_594' title='bbox 169 3724 285 3760; x_wconf 88' lang='lat' dir='ltr'>mus</span> <span class='ocrx_word' id='word_1_595' title='bbox 312 3709 435 3778; x_wconf 88' lang='lat' dir='ltr'>jam</span> <span class='ocrx_word' id='word_1_596' title='bbox 463 3708 694 3776; x_wconf 87' lang='lat' dir='ltr'>jamque</span> <span class='ocrx_word' id='word_1_597' title='bbox 737 3721 862 3758; x_wconf 90' lang='lat' dir='ltr'>eum</span> <span class='ocrx_word' id='word_1_598' title='bbox 894 3704 1387 3775; x_wconf 88' lang='lat' dir='ltr'>appropinquasse.</span> <span class='ocrx_word' id='word_1_599' title='bbox 1420 3703 1531 3755; x_wconf 75' lang='lat' dir='ltr'>Nec</span> <span class='ocrx_word' id='word_1_600' title='bbox 1563 3702 1665 3754; x_wconf 90' lang='lat' dir='ltr'>hoc</span> <span class='ocrx_word' id='word_1_601' title='bbox 1692 3702 1770 3754; x_wconf 86' lang='lat' dir='ltr'>ita</span> 
     </span>
    </p>
   </div>
   <div class='ocr_carea' id='block_1_63' title="bbox 171 3789 1771 3862">
    <p class='ocr_par' dir='ltr' id='par_1_63' title="bbox 171 3789 1771 3862">
     <span class='ocr_line' id='line_1_63' title="bbox 171 3789 1771 3862; baseline -0.004 -15"><span class='ocrx_word' id='word_1_602' title='bbox 171 3795 422 3859; x_wconf 85' lang='lat' dir='ltr'>dicimus,</span> <span class='ocrx_word' id='word_1_603' title='bbox 471 3800 534 3848; x_wconf 90' lang='lat' dir='ltr'>ut</span> <span class='ocrx_word' id='word_1_604' title='bbox 588 3795 645 3847; x_wconf 91' lang='lat' dir='ltr'>in</span> <span class='ocrx_word' id='word_1_605' title='bbox 693 3794 950 3847; x_wconf 86' lang='lat' dir='ltr'>omnibus</span> <span class='ocrx_word' id='word_1_606' title='bbox 1002 3793 1262 3862; x_wconf 87' lang='lat' dir='ltr'>gentibus</span> <span class='ocrx_word' id='word_1_607' title='bbox 1305 3806 1498 3844; x_wconf 88' lang='lat' dir='ltr'>omnes</span> <span class='ocrx_word' id='word_1_608' title='bbox 1551 3789 1642 3859; x_wconf 89' lang='lat' dir='ltr'>qui</span> <span class='ocrx_word' id='word_1_609' title='bbox 1699 3789 1771 3841; x_wconf 90' lang='lat' dir='ltr'>ibi</span> 
     </span>
    </p>
   </div>
   <div class='ocr_carea' id='block_1_64' title="bbox 172 3876 1772 3950">
    <p class='ocr_par' dir='ltr' id='par_1_64' title="bbox 172 3876 1772 3950">
     <span class='ocr_line' id='line_1_64' title="bbox 172 3876 1772 3950; baseline -0.004 -16"><span class='ocrx_word' id='word_1_610' title='bbox 172 3885 391 3945; x_wconf 76' lang='lat' dir='ltr'>iuerint,</span> <span class='ocrx_word' id='word_1_611' title='bbox 419 3884 646 3937; x_wconf 89' lang='lat' dir='ltr'>credere</span> <span class='ocrx_word' id='word_1_612' title='bbox 675 3882 934 3939; x_wconf 85' lang='lat' dir='ltr'>debeant,</span> <span class='ocrx_word' id='word_1_613' title='bbox 959 3881 1055 3934; x_wconf 88' lang='lat' dir='ltr'>sed</span> <span class='ocrx_word' id='word_1_614' title='bbox 1085 3879 1227 3950; x_wconf 89' lang='lat' dir='ltr'>quod</span> <span class='ocrx_word' id='word_1_615' title='bbox 1261 3880 1318 3932; x_wconf 91' lang='lat' dir='ltr'>in</span> <span class='ocrx_word' id='word_1_616' title='bbox 1351 3879 1607 3932; x_wconf 80' lang='lat' dir='ltr'>universo</span> <span class='ocrx_word' id='word_1_617' title='bbox 1639 3876 1772 3930; x_wconf 87' lang='lat' dir='ltr'>orbe</span> 
     </span>
    </p>
   </div>
   <div class='ocr_carea' id='block_1_65' title="bbox 171 3967 1768 4042">
    <p class='ocr_par' dir='ltr' id='par_1_65' title="bbox 171 3967 1768 4042">
     <span class='ocr_line' id='line_1_65' title="bbox 171 3967 1768 4042; baseline -0.004 -17"><span class='ocrx_word' id='word_1_618' title='bbox 171 3979 466 4039; x_wconf 83' lang='lat' dir='ltr'>terrarum,</span> <span class='ocrx_word' id='word_1_619' title='bbox 493 3974 546 4026; x_wconf 92' lang='lat' dir='ltr'>in</span> <span class='ocrx_word' id='word_1_620' title='bbox 591 3973 791 4042; x_wconf 89' lang='lat' dir='ltr'>quibus</span> <span class='ocrx_word' id='word_1_621' title='bbox 813 3971 1076 4041; x_wconf 85' lang='lat' dir='ltr'>gentibus</span> <span class='ocrx_word' id='word_1_622' title='bbox 1110 3969 1357 4022; x_wconf 91' lang='lat' dir='ltr'>nondum</span> <span class='ocrx_word' id='word_1_623' title='bbox 1391 3973 1477 4022; x_wconf 89' lang='lat' dir='ltr'>est</span> <span class='ocrx_word' id='word_1_624' title='bbox 1509 3967 1768 4030; x_wconf 85' lang='lat' dir='ltr'>Ecclesia,</span> 
     </span>
    </p>
   </div>
   <div class='ocr_carea' id='block_1_66' title="bbox 173 4058 1774 4134">
    <p class='ocr_par' dir='ltr' id='par_1_66' title="bbox 173 4058 1774 4134">
     <span class='ocr_line' id='line_1_66' title="bbox 173 4058 1774 4134; baseline -0.002 -19"><span class='ocrx_word' id='word_1_625' title='bbox 173 4065 310 4131; x_wconf 90' lang='lat' dir='ltr'>quod</span> <span class='ocrx_word' id='word_1_626' title='bbox 335 4069 596 4134; x_wconf 88' lang='lat' dir='ltr'>oporteat</span> <span class='ocrx_word' id='word_1_627' title='bbox 623 4069 683 4115; x_wconf 91' lang='lat' dir='ltr'>ut</span> <span class='ocrx_word' id='word_1_628' title='bbox 702 4063 792 4125; x_wconf 87' lang='lat' dir='ltr'>sit,</span> <span class='ocrx_word' id='word_1_629' title='bbox 824 4063 968 4115; x_wconf 89' lang='lat' dir='ltr'>sicut</span> <span class='ocrx_word' id='word_1_630' title='bbox 1000 4075 1177 4130; x_wconf 84' lang='lat' dir='ltr'>nuper</span> <span class='ocrx_word' id='word_1_631' title='bbox 1200 4061 1256 4112; x_wconf 89' lang='lat' dir='ltr'>in</span> <span class='ocrx_word' id='word_1_632' title='bbox 1281 4058 1615 4128; x_wconf 87' lang='lat' dir='ltr'>quibusdam</span> <span class='ocrx_word' id='word_1_633' title='bbox 1642 4073 1774 4124; x_wconf 79' lang='lat' dir='ltr'>geu-</span> 
     </span>
    </p>
   </div>
   <div class='ocr_carea' id='block_1_67' title="bbox 170 4147 1769 4208">
    <p class='ocr_par' dir='ltr' id='par_1_67' title="bbox 170 4147 1769 4208">
     <span class='ocr_line' id='line_1_67' title="bbox 170 4147 1769 4208; baseline -0.003 -5"><span class='ocrx_word' id='word_1_634' title='bbox 170 4150 312 4204; x_wconf 88' lang='lat' dir='ltr'>tibus</span> <span class='ocrx_word' id='word_1_635' title='bbox 342 4153 630 4205; x_wconf 87' lang='lat' dir='ltr'>Danorum</span> <span class='ocrx_word' id='word_1_636' title='bbox 675 4157 1023 4203; x_wconf 77' lang='lat' dir='ltr'>constructas</span> <span class='ocrx_word' id='word_1_637' title='bbox 1070 4155 1126 4201; x_wconf 88' lang='lat' dir='ltr'>et</span> <span class='ocrx_word' id='word_1_638' title='bbox 1166 4147 1461 4201; x_wconf 71' lang='lat' dir='ltr'>fabricatas</span> <span class='ocrx_word' id='word_1_639' title='bbox 1490 4147 1769 4208; x_wconf 84' lang='lat' dir='ltr'>ecclesias,</span> 
     </span>
    </p>
   </div>
   <div class='ocr_carea' id='block_1_68' title="bbox 175 4235 1771 4310">
    <p class='ocr_par' dir='ltr' id='par_1_68' title="bbox 175 4235 1771 4310">
     <span class='ocr_line' id='line_1_68' title="bbox 175 4235 1771 4310; baseline -0.003 -18"><span class='ocrx_word' id='word_1_640' title='bbox 175 4242 552 4310; x_wconf 81' lang='lat' dir='ltr'>quosdamque</span> <span class='ocrx_word' id='word_1_641' title='bbox 575 4241 629 4292; x_wconf 92' lang='lat' dir='ltr'>in</span> <span class='ocrx_word' id='word_1_642' title='bbox 653 4239 861 4293; x_wconf 88' lang='lat' dir='ltr'>eisdem</span> <span class='ocrx_word' id='word_1_643' title='bbox 887 4239 1193 4309; x_wconf 81' lang='lat' dir='ltr'>baptizatos</span> <span class='ocrx_word' id='word_1_644' title='bbox 1210 4238 1483 4291; x_wconf 77' lang='lat' dir='ltr'>novimus.</span> <span class='ocrx_word' id='word_1_645' title='bbox 1506 4236 1646 4299; x_wconf 85' lang='lat' dir='ltr'>Quia</span> <span class='ocrx_word' id='word_1_646' title='bbox 1670 4235 1771 4288; x_wconf 85' lang='lat' dir='ltr'>etsi</span> 
     </span>
    </p>
   </div>
   <div class='ocr_carea' id='block_1_69' title="bbox 173 4325 1773 4399">
    <p class='ocr_par' dir='ltr' id='par_1_69' title="bbox 173 4325 1773 4399">
     <span class='ocr_line' id='line_1_69' title="bbox 173 4325 1773 4399; baseline -0.002 -19"><span class='ocrx_word' id='word_1_647' title='bbox 173 4344 358 4382; x_wconf 88' lang='lat' dir='ltr'>omnes</span> <span class='ocrx_word' id='word_1_648' title='bbox 386 4337 586 4398; x_wconf 88' lang='lat' dir='ltr'>gentes</span> <span class='ocrx_word' id='word_1_649' title='bbox 625 4328 910 4399; x_wconf 69' lang='lat' dir='ltr'>promissae</span> <span class='ocrx_word' id='word_1_650' title='bbox 954 4334 1082 4380; x_wconf 90' lang='lat' dir='ltr'>sunt</span> <span class='ocrx_word' id='word_1_651' title='bbox 1115 4325 1182 4379; x_wconf 91' lang='lat' dir='ltr'>ad</span> <span class='ocrx_word' id='word_1_652' title='bbox 1225 4327 1387 4379; x_wconf 87' lang='lat' dir='ltr'>fidem</span> <span class='ocrx_word' id='word_1_653' title='bbox 1423 4325 1628 4384; x_wconf 85' lang='lat' dir='ltr'>venire,</span> <span class='ocrx_word' id='word_1_654' title='bbox 1660 4337 1773 4377; x_wconf 89' lang='lat' dir='ltr'>non</span> 
     </span>
    </p>
   </div>
   <div class='ocr_carea' id='block_1_70' title="bbox 175 4414 1770 4487">
    <p class='ocr_par' dir='ltr' id='par_1_70' title="bbox 175 4414 1770 4487">
     <span class='ocr_line' id='line_1_70' title="bbox 175 4414 1770 4487; baseline -0.002 -19"><span class='ocrx_word' id='word_1_655' title='bbox 175 4433 359 4471; x_wconf 88' lang='lat' dir='ltr'>omnes</span> <span class='ocrx_word' id='word_1_656' title='bbox 377 4419 638 4471; x_wconf 85' lang='lat' dir='ltr'>homines</span> <span class='ocrx_word' id='word_1_657' title='bbox 661 4417 907 4471; x_wconf 89' lang='lat' dir='ltr'>omnium</span> <span class='ocrx_word' id='word_1_658' title='bbox 931 4416 1213 4487; x_wconf 86' lang='lat' dir='ltr'>gentium;</span> <span class='ocrx_word' id='word_1_659' title='bbox 1243 4416 1371 4486; x_wconf 87' lang='lat' dir='ltr'>quia</span> <span class='ocrx_word' id='word_1_660' title='bbox 1390 4429 1498 4467; x_wconf 93' lang='lat' dir='ltr'>non</span> <span class='ocrx_word' id='word_1_661' title='bbox 1523 4414 1770 4467; x_wconf 89' lang='lat' dir='ltr'>omnium</span> 
     </span>
    </p>
   </div>
   <div class='ocr_carea' id='block_1_71' title="bbox 175 4503 1774 4577">
    <p class='ocr_par' dir='ltr' id='par_1_71' title="bbox 175 4503 1774 4577">
     <span class='ocr_line' id='line_1_71' title="bbox 175 4503 1774 4577; baseline -0.002 -20"><span class='ocrx_word' id='word_1_662' title='bbox 175 4513 250 4558; x_wconf 82' lang='lat' dir='ltr'>est</span> <span class='ocrx_word' id='word_1_663' title='bbox 279 4508 435 4560; x_wconf 84' lang='lat' dir='ltr'>ﬁdes.</span> <span class='ocrx_word' id='word_1_664' title='bbox 472 4509 551 4561; x_wconf 79' lang='lat' dir='ltr'>Ac</span> <span class='ocrx_word' id='word_1_665' title='bbox 595 4524 694 4577; x_wconf 89' lang='lat' dir='ltr'>per</span> <span class='ocrx_word' id='word_1_666' title='bbox 741 4507 843 4559; x_wconf 90' lang='lat' dir='ltr'>hoc</span> <span class='ocrx_word' id='word_1_667' title='bbox 889 4506 944 4558; x_wconf 91' lang='lat' dir='ltr'>in</span> <span class='ocrx_word' id='word_1_668' title='bbox 996 4505 1256 4558; x_wconf 87' lang='lat' dir='ltr'>omnibus</span> <span class='ocrx_word' id='word_1_669' title='bbox 1301 4503 1561 4573; x_wconf 89' lang='lat' dir='ltr'>gentibus</span> <span class='ocrx_word' id='word_1_670' title='bbox 1610 4507 1774 4554; x_wconf 82' lang='lat' dir='ltr'>erunt</span> 
     </span>
    </p>
   </div>
   <div class='ocr_carea' id='block_1_72' title="bbox 173 4591 1773 4666">
    <p class='ocr_par' dir='ltr' id='par_1_72' title="bbox 173 4591 1773 4666">
     <span class='ocr_line' id='line_1_72' title="bbox 173 4591 1773 4666; baseline -0.006 -15"><span class='ocrx_word' id='word_1_671' title='bbox 173 4597 349 4659; x_wconf 62' lang='lat'>98-7</span> <span class='ocrx_word' id='word_1_672' title='bbox 378 4602 434 4649; x_wconf 90' lang='lat' dir='ltr'>et</span> <span class='ocrx_word' id='word_1_673' title='bbox 465 4597 557 4666; x_wconf 90' lang='lat' dir='ltr'>qui</span> <span class='ocrx_word' id='word_1_674' title='bbox 590 4596 830 4648; x_wconf 86' lang='lat' dir='ltr'>oderunt</span> <span class='ocrx_word' id='word_1_675' title='bbox 861 4591 1149 4656; x_wconf 88' lang='lat' dir='ltr'>increduli,</span> <span class='ocrx_word' id='word_1_676' title='bbox 1178 4601 1233 4646; x_wconf 89' lang='lat' dir='ltr'>et</span> <span class='ocrx_word' id='word_1_677' title='bbox 1254 4607 1390 4663; x_wconf 88' lang='lat' dir='ltr'>quos</span> <span class='ocrx_word' id='word_1_678' title='bbox 1411 4592 1633 4645; x_wconf 84' lang='lat' dir='ltr'>oderint</span> <span class='ocrx_word' id='word_1_679' title='bbox 1661 4604 1773 4644; x_wconf 87' lang='lat' dir='ltr'>cre-</span> 
     </span>
    </p>
   </div>
   <div class='ocr_carea' id='block_1_73' title="bbox 171 4681 1772 4754">
    <p class='ocr_par' dir='ltr' id='par_1_73' title="bbox 171 4681 1772 4754">
     <span class='ocr_line' id='line_1_73' title="bbox 171 4681 1772 4754; baseline -0.002 -20"><span class='ocrx_word' id='word_1_680' title='bbox 171 4682 359 4738; x_wconf 86' lang='lat' dir='ltr'>dentes</span> <span class='ocrx_word' id='word_1_681' title='bbox 391 4685 624 4754; x_wconf 88' lang='lat' dir='ltr'>maligni</span> <span class='ocrx_word' id='word_1_682' title='bbox 658 4689 714 4736; x_wconf 89' lang='lat' dir='ltr'>et</span> <span class='ocrx_word' id='word_1_683' title='bbox 744 4683 969 4753; x_wconf 87' lang='lat' dir='ltr'>pessimi</span> <span class='ocrx_word' id='word_1_684' title='bbox 1036 4682 1319 4751; x_wconf 86' lang='lat' dir='ltr'>Alioquin,</span> <span class='ocrx_word' id='word_1_685' title='bbox 1355 4686 1418 4734; x_wconf 91' lang='lat' dir='ltr'>ut</span> <span class='ocrx_word' id='word_1_686' title='bbox 1447 4694 1616 4750; x_wconf 81' lang='lat' dir='ltr'>snpra</span> <span class='ocrx_word' id='word_1_687' title='bbox 1653 4681 1772 4749; x_wconf 84' lang='lat' dir='ltr'>jam</span> 
     </span>
    </p>
   </div>
   <div class='ocr_carea' id='block_1_74' title="bbox 170 4769 1776 4844">
    <p class='ocr_par' dir='ltr' id='par_1_74' title="bbox 170 4769 1776 4844">
     <span class='ocr_line' id='line_1_74' title="bbox 170 4769 1776 4844; baseline -0.001 -22"><span class='ocrx_word' id='word_1_688' title='bbox 170 4771 300 4836; x_wconf 78' lang='lat' dir='ltr'>dixi,</span> <span class='ocrx_word' id='word_1_689' title='bbox 323 4774 601 4844; x_wconf 91' lang='lat' dir='ltr'>quomodo</span> <span class='ocrx_word' id='word_1_690' title='bbox 624 4773 696 4825; x_wconf 91' lang='lat' dir='ltr'>im</span> <span class='ocrx_word' id='word_1_691' title='bbox 707 4769 966 4842; x_wconf 80' lang='lat' dir='ltr'>plebitur,</span> <span class='ocrx_word' id='word_1_692' title='bbox 985 4771 1047 4825; x_wconf 81' lang='lat' dir='ltr'>Et</span> <span class='ocrx_word' id='word_1_693' title='bbox 1072 4774 1227 4824; x_wconf 85' lang='lat' dir='ltr'>eritis</span> <span class='ocrx_word' id='word_1_694' title='bbox 1245 4773 1364 4823; x_wconf 81' lang='lat' dir='ltr'>oriio</span> <span class='ocrx_word' id='word_1_695' title='bbox 1378 4772 1632 4822; x_wconf 86' lang='lat' dir='ltr'>omnibus</span> <span class='ocrx_word' id='word_1_696' title='bbox 1650 4783 1776 4832; x_wconf 84' lang='lat' dir='ltr'>gen-</span> 
     </span>
    </p>
   </div>
   <div class='ocr_carea' id='block_1_75' title="bbox 171 4857 1772 4930">
    <p class='ocr_par' dir='ltr' id='par_1_75' title="bbox 171 4857 1772 4930">
     <span class='ocr_line' id='line_1_75' title="bbox 171 4857 1772 4930; baseline -0.002 -17"><span class='ocrx_word' id='word_1_697' title='bbox 171 4861 328 4924; x_wconf 82' lang='lat' dir='ltr'>tibus,</span> <span class='ocrx_word' id='word_1_698' title='bbox 361 4868 584 4930; x_wconf 80' lang='lat' dir='ltr'>propter</span> <span class='ocrx_word' id='word_1_699' title='bbox 615 4878 816 4913; x_wconf 83' lang='lat' dir='ltr'>nomen</span> <span class='ocrx_word' id='word_1_700' title='bbox 842 4877 1045 4912; x_wconf 83' lang='lat' dir='ltr'>meum.</span> <span class='ocrx_word' id='word_1_701' title='bbox 1071 4859 1266 4929; x_wconf 87' lang='lat' dir='ltr'>Neque</span> <span class='ocrx_word' id='word_1_702' title='bbox 1296 4857 1444 4911; x_wconf 89' lang='lat' dir='ltr'>enim</span> <span class='ocrx_word' id='word_1_703' title='bbox 1477 4857 1772 4910; x_wconf 82' lang='lat' dir='ltr'>dicendum</span> 
     </span>
    </p>
   </div>
   <div class='ocr_carea' id='block_1_76' title="bbox 173 4945 1774 5020">
    <p class='ocr_par' dir='ltr' id='par_1_76' title="bbox 173 4945 1774 5020">
     <span class='ocr_line' id='line_1_76' title="bbox 173 4945 1774 5020; baseline -0.001 -21"><span class='ocrx_word' id='word_1_704' title='bbox 173 4955 268 5010; x_wconf 85' lang='lat' dir='ltr'>est,</span> <span class='ocrx_word' id='word_1_705' title='bbox 294 4949 443 5019; x_wconf 87' lang='lat' dir='ltr'>quod</span> <span class='ocrx_word' id='word_1_706' title='bbox 471 4967 570 5020; x_wconf 90' lang='lat' dir='ltr'>per</span> <span class='ocrx_word' id='word_1_707' title='bbox 595 4949 877 5019; x_wconf 87' lang='lat' dir='ltr'>apostolos</span> <span class='ocrx_word' id='word_1_708' title='bbox 905 4948 1021 5001; x_wconf 81' lang='lat' dir='ltr'>haec</span> <span class='ocrx_word' id='word_1_709' title='bbox 1051 4948 1236 5000; x_wconf 85' lang='lat' dir='ltr'>omnia</span> <span class='ocrx_word' id='word_1_710' title='bbox 1268 4947 1543 5015; x_wconf 88' lang='lat' dir='ltr'>completa</span> <span class='ocrx_word' id='word_1_711' title='bbox 1574 4945 1687 4998; x_wconf 84' lang='lat' dir='ltr'>sint</span> <span class='ocrx_word' id='word_1_712' title='bbox 1716 4945 1774 4998; x_wconf 88' lang='lat' dir='ltr'>in</span> 
     </span>
    </p>
   </div>
   <div class='ocr_carea' id='block_1_77' title="bbox 169 5033 1774 5107">
    <p class='ocr_par' dir='ltr' id='par_1_77' title="bbox 169 5033 1774 5107">
     <span class='ocr_line' id='line_1_77' title="bbox 169 5033 1774 5107; baseline -0.002 -19"><span class='ocrx_word' id='word_1_713' title='bbox 169 5038 426 5090; x_wconf 90' lang='lat' dir='ltr'>omnibus</span> <span class='ocrx_word' id='word_1_714' title='bbox 455 5038 734 5107; x_wconf 87' lang='lat' dir='ltr'>gentibus,</span> <span class='ocrx_word' id='word_1_715' title='bbox 767 5037 894 5090; x_wconf 87' lang='lat' dir='ltr'>licet</span> <span class='ocrx_word' id='word_1_716' title='bbox 937 5037 1082 5090; x_wconf 88' lang='lat' dir='ltr'>dicat</span> <span class='ocrx_word' id='word_1_717' title='bbox 1113 5036 1191 5088; x_wconf 90' lang='lat' dir='ltr'>eis</span> <span class='ocrx_word' id='word_1_718' title='bbox 1223 5035 1444 5088; x_wconf 81' lang='lat' dir='ltr'>Veritas</span> <span class='ocrx_word' id='word_1_719' title='bbox 1479 5053 1490 5087; x_wconf 91' lang='lat'><strong>:</strong></span> <span class='ocrx_word' id='word_1_720' title='bbox 1522 5033 1586 5087; x_wconf 90' lang='lat' dir='ltr'>Et</span> <span class='ocrx_word' id='word_1_721' title='bbox 1618 5036 1774 5086; x_wconf 82' lang='lat' dir='ltr'>eritis</span> 
     </span>
    </p>
   </div>
   <div class='ocr_carea' id='block_1_78' title="bbox 171 5120 1776 5186">
    <p class='ocr_par' dir='ltr' id='par_1_78' title="bbox 171 5120 1776 5186">
     <span class='ocr_line' id='line_1_78' title="bbox 171 5120 1776 5186; baseline 0.001 -15"><span class='ocrx_word' id='word_1_722' title='bbox 171 5126 306 5177; x_wconf 81' lang='lat' dir='ltr'>mihi</span> <span class='ocrx_word' id='word_1_723' title='bbox 332 5130 484 5179; x_wconf 81' lang='lat' dir='ltr'>testes</span> <span class='ocrx_word' id='word_1_724' title='bbox 516 5129 576 5177; x_wconf 88' lang='lat' dir='ltr'>in</span> <span class='ocrx_word' id='word_1_725' title='bbox 605 5128 933 5186; x_wconf 82' lang='lat' dir='ltr'>Jerusalem,</span> <span class='ocrx_word' id='word_1_726' title='bbox 968 5129 1016 5177; x_wconf 85' lang='lat' dir='ltr'>et</span> <span class='ocrx_word' id='word_1_727' title='bbox 1050 5127 1111 5176; x_wconf 84' lang='lat' dir='ltr'>in</span> <span class='ocrx_word' id='word_1_728' title='bbox 1135 5127 1240 5176; x_wconf 84' lang='lat' dir='ltr'>tota</span> <span class='ocrx_word' id='word_1_729' title='bbox 1270 5124 1478 5184; x_wconf 67' lang='lat' dir='ltr'>.Iudzea,</span> <span class='ocrx_word' id='word_1_730' title='bbox 1505 5125 1552 5173; x_wconf 88' lang='lat' dir='ltr'>et</span> <span class='ocrx_word' id='word_1_731' title='bbox 1583 5120 1776 5174; x_wconf 86' lang='lat' dir='ltr'>Sama-</span> 
     </span>
    </p>
   </div>
   <div class='ocr_carea' id='block_1_79' title="bbox 173 5207 1775 5281">
    <p class='ocr_par' dir='ltr' id='par_1_79' title="bbox 173 5207 1775 5281">
     <span class='ocr_line' id='line_1_79' title="bbox 173 5207 1775 5281; baseline -0.001 -18"><span class='ocrx_word' id='word_1_732' title='bbox 173 5215 277 5278; x_wconf 83' lang='lat' dir='ltr'>ria,</span> <span class='ocrx_word' id='word_1_733' title='bbox 310 5220 362 5266; x_wconf 86' lang='lat' dir='ltr'>et</span> <span class='ocrx_word' id='word_1_734' title='bbox 392 5230 558 5281; x_wconf 87' lang='lat' dir='ltr'>usque</span> <span class='ocrx_word' id='word_1_735' title='bbox 583 5215 655 5266; x_wconf 90' lang='lat' dir='ltr'>ad</span> <span class='ocrx_word' id='word_1_736' title='bbox 680 5217 948 5266; x_wconf 86' lang='lat' dir='ltr'>ultimum.</span> <span class='ocrx_word' id='word_1_737' title='bbox 977 5217 1135 5265; x_wconf 64' lang='lat' dir='ltr'>terrae</span> <span class='ocrx_word' id='word_1_738' title='bbox 1159 5214 1289 5273; x_wconf 77' lang='lat' dir='ltr'>(Act.</span> <span class='ocrx_word' id='word_1_739' title='bbox 1317 5221 1354 5273; x_wconf 82' lang='grc' dir='ltr'>Ι,</span> <span class='ocrx_word' id='word_1_740' title='bbox 1388 5207 1464 5270; x_wconf 87' lang='grc'>8).</span> <span class='ocrx_word' id='word_1_741' title='bbox 1491 5210 1633 5273; x_wconf 85' lang='lat' dir='ltr'>Quia</span> <span class='ocrx_word' id='word_1_742' title='bbox 1661 5223 1775 5262; x_wconf 85' lang='lat' dir='ltr'>non</span> 
     </span>
    </p>
   </div>
   <div class='ocr_carea' id='block_1_80' title="bbox 172 5297 1776 5372">
    <p class='ocr_par' dir='ltr' id='par_1_80' title="bbox 172 5297 1776 5372">
     <span class='ocr_line' id='line_1_80' title="bbox 172 5297 1776 5372; baseline -0.001 -19"><span class='ocrx_word' id='word_1_743' title='bbox 172 5301 243 5354; x_wconf 87' lang='lat' dir='ltr'>sic</span> <span class='ocrx_word' id='word_1_744' title='bbox 273 5301 357 5354; x_wconf 89' lang='lat' dir='ltr'>eis</span> <span class='ocrx_word' id='word_1_745' title='bbox 389 5302 637 5372; x_wconf 85' lang='lat' dir='ltr'>loquitur</span> <span class='ocrx_word' id='word_1_746' title='bbox 666 5302 824 5371; x_wconf 88' lang='lat' dir='ltr'>quasi</span> <span class='ocrx_word' id='word_1_747' title='bbox 869 5300 977 5371; x_wconf 88' lang='lat' dir='ltr'>ipsi</span> <span class='ocrx_word' id='word_1_748' title='bbox 1023 5300 1127 5352; x_wconf 87' lang='lat' dir='ltr'>soli</span> <span class='ocrx_word' id='word_1_749' title='bbox 1173 5305 1392 5352; x_wconf 86' lang='lat' dir='ltr'>tantum</span> <span class='ocrx_word' id='word_1_750' title='bbox 1432 5297 1537 5351; x_wconf 85' lang='lat' dir='ltr'>hoc</span> <span class='ocrx_word' id='word_1_751' title='bbox 1569 5313 1776 5351; x_wconf 88' lang='lat' dir='ltr'>munus</span> 
     </span>
    </p>
   </div>
   <div class='ocr_carea' id='block_1_81' title="bbox 172 5386 1774 5461">
    <p class='ocr_par' dir='ltr' id='par_1_81' title="bbox 172 5386 1774 5461">
     <span class='ocr_line' id='line_1_81' title="bbox 172 5386 1774 5461; baseline -0.001 -20"><span class='ocrx_word' id='word_1_752' title='bbox 172 5388 440 5444; x_wconf 84' lang='lat' dir='ltr'>deberent</span> <span class='ocrx_word' id='word_1_753' title='bbox 486 5391 705 5461; x_wconf 82' lang='lat' dir='ltr'>explere</span> <span class='ocrx_word' id='word_1_754' title='bbox 733 5390 961 5455; x_wconf 75' lang='lat' dir='ltr'>salutis;</span> <span class='ocrx_word' id='word_1_755' title='bbox 1013 5389 1106 5443; x_wconf 86' lang='lat' dir='ltr'>sed</span> <span class='ocrx_word' id='word_1_756' title='bbox 1149 5388 1204 5442; x_wconf 89' lang='lat' dir='ltr'>in</span> <span class='ocrx_word' id='word_1_757' title='bbox 1235 5388 1369 5458; x_wconf 83' lang='lat' dir='ltr'>ipsis</span> <span class='ocrx_word' id='word_1_758' title='bbox 1399 5394 1455 5441; x_wconf 89' lang='lat' dir='ltr'>et</span> <span class='ocrx_word' id='word_1_759' title='bbox 1483 5396 1606 5440; x_wconf 88' lang='lat' dir='ltr'>cum</span> <span class='ocrx_word' id='word_1_760' title='bbox 1641 5386 1774 5457; x_wconf 90' lang='lat' dir='ltr'>ipsis</span> 
     </span>
    </p>
   </div>
   <div class='ocr_carea' id='block_1_82' title="bbox 171 5469 1771 5549">
    <p class='ocr_par' dir='ltr' id='par_1_82' title="bbox 171 5469 1771 5549">
     <span class='ocr_line' id='line_1_82' title="bbox 171 5469 1771 5549; baseline -0.003 -17"><span class='ocrx_word' id='word_1_761' title='bbox 171 5476 429 5534; x_wconf 71' lang='lat' dir='ltr'>omnib‘US</span> <span class='ocrx_word' id='word_1_762' title='bbox 457 5476 594 5534; x_wconf 81' lang='lat' dir='ltr'>dicit</span> <span class='ocrx_word' id='word_1_763' title='bbox 615 5478 767 5533; x_wconf 79' lang='lat' dir='ltr'>verbi</span> <span class='ocrx_word' id='word_1_764' title='bbox 793 5474 1271 5549; x_wconf 79' lang='lat' dir='ltr'>praedicatoribus.</span> <span class='ocrx_word' id='word_1_765' title='bbox 1291 5469 1361 5531; x_wconf 76' lang='lat' dir='ltr'>Et</span> <span class='ocrx_word' id='word_1_766' title='bbox 1387 5475 1466 5530; x_wconf 86' lang='lat' dir='ltr'>ita</span> <span class='ocrx_word' id='word_1_767' title='bbox 1491 5475 1596 5531; x_wconf 89' lang='lat' dir='ltr'>hoc</span> <span class='ocrx_word' id='word_1_768' title='bbox 1619 5475 1771 5541; x_wconf 83' lang='lat' dir='ltr'>dicit,</span> 
     </span>
    </p>
   </div>
   <div class='ocr_carea' id='block_1_83' title="bbox 1854 3435 3462 3504">
    <p class='ocr_par' dir='ltr' id='par_1_83' title="bbox 1854 3435 3462 3504">
     <span class='ocr_line' id='line_1_83' title="bbox 1854 3435 3462 3504; baseline 0.004 -16"><span class='ocrx_word' id='word_1_769' title='bbox 1854 3435 2149 3488; x_wconf 72' lang='lat' dir='ltr'>Matthteus</span> <span class='ocrx_word' id='word_1_770' title='bbox 2171 3442 2226 3488; x_wconf 91' lang='lat' dir='ltr'>et</span> <span class='ocrx_word' id='word_1_771' title='bbox 2257 3437 2476 3488; x_wconf 84' lang='lat' dir='ltr'>Marcus</span> <span class='ocrx_word' id='word_1_772' title='bbox 2505 3435 2674 3490; x_wconf 88' lang='lat' dir='ltr'>locuti</span> <span class='ocrx_word' id='word_1_773' title='bbox 2707 3443 2838 3490; x_wconf 90' lang='lat' dir='ltr'>sunt</span> <span class='ocrx_word' id='word_1_774' title='bbox 2883 3439 3041 3492; x_wconf 89' lang='lat' dir='ltr'>Unde</span> <span class='ocrx_word' id='word_1_775' title='bbox 3066 3443 3121 3492; x_wconf 87' lang='lat' dir='ltr'>et</span> <span class='ocrx_word' id='word_1_776' title='bbox 3143 3440 3333 3504; x_wconf 60' lang='lat'>988</span> <span class='ocrx_word' id='word_1_777' title='bbox 3354 3441 3462 3494; x_wconf 93' lang='lat' dir='ltr'>Lu-</span> 
     </span>
    </p>
   </div>
   <div class='ocr_carea' id='block_1_84' title="bbox 1855 3524 3462 3598">
    <p class='ocr_par' dir='ltr' id='par_1_84' title="bbox 1855 3524 3462 3598">
     <span class='ocr_line' id='line_1_84' title="bbox 1855 3524 3462 3598; baseline 0.005 -24"><span class='ocrx_word' id='word_1_778' title='bbox 1855 3540 1966 3579; x_wconf 85' lang='lat' dir='ltr'>cas.</span> <span class='ocrx_word' id='word_1_779' title='bbox 2000 3530 2064 3575; x_wconf 87' lang='lat' dir='ltr'>ut</span> <span class='ocrx_word' id='word_1_780' title='bbox 2092 3524 2411 3577; x_wconf 86' lang='lat' dir='ltr'>ostenderet</span> <span class='ocrx_word' id='word_1_781' title='bbox 2440 3524 2509 3576; x_wconf 88' lang='lat' dir='ltr'>ad</span> <span class='ocrx_word' id='word_1_782' title='bbox 2542 3525 2798 3578; x_wconf 88' lang='lat' dir='ltr'>eumdem</span> <span class='ocrx_word' id='word_1_783' title='bbox 2831 3527 3012 3579; x_wconf 89' lang='lat' dir='ltr'>locum</span> <span class='ocrx_word' id='word_1_784' title='bbox 3037 3527 3316 3597; x_wconf 89' lang='lat' dir='ltr'>pertinere</span> <span class='ocrx_word' id='word_1_785' title='bbox 3341 3546 3462 3598; x_wconf 66' lang='lat' dir='ltr'>quae</span> 
     </span>
    </p>
   </div>
   <div class='ocr_carea' id='block_1_85' title="bbox 1856 3610 3463 3684">
    <p class='ocr_par' dir='ltr' id='par_1_85' title="bbox 1856 3610 3463 3684">
     <span class='ocr_line' id='line_1_85' title="bbox 1856 3610 3463 3684; baseline 0.002 -20"><span class='ocrx_word' id='word_1_786' title='bbox 1856 3610 2092 3675; x_wconf 79' lang='lat' dir='ltr'>dixerat,</span> <span class='ocrx_word' id='word_1_787' title='bbox 2109 3626 2170 3662; x_wconf 88' lang='lat' dir='ltr'>ea</span> <span class='ocrx_word' id='word_1_788' title='bbox 2196 3628 2320 3680; x_wconf 60' lang='lat' dir='ltr'>quae</span> <span class='ocrx_word' id='word_1_789' title='bbox 2341 3619 2396 3664; x_wconf 86' lang='lat' dir='ltr'>et</span> <span class='ocrx_word' id='word_1_790' title='bbox 2413 3612 2514 3681; x_wconf 90' lang='lat' dir='ltr'>ipsi</span> <span class='ocrx_word' id='word_1_791' title='bbox 2535 3613 2919 3684; x_wconf 86' lang='lat' dir='ltr'>prosequitur:</span> <span class='ocrx_word' id='word_1_792' title='bbox 2963 3615 3128 3674; x_wconf 84' lang='lat' dir='ltr'>Tune,</span> <span class='ocrx_word' id='word_1_793' title='bbox 3147 3615 3347 3684; x_wconf 90' lang='lat' dir='ltr'>inquit,</span> <span class='ocrx_word' id='word_1_794' title='bbox 3365 3619 3463 3683; x_wconf 87' lang='lat' dir='ltr'>qui</span> 
     </span>
    </p>
   </div>
   <div class='ocr_carea' id='block_1_86' title="bbox 1859 3701 3463 3772">
    <p class='ocr_par' dir='ltr' id='par_1_86' title="bbox 1859 3701 3463 3772">
     <span class='ocr_line' id='line_1_86' title="bbox 1859 3701 3463 3772; baseline 0.002 -20"><span class='ocrx_word' id='word_1_795' title='bbox 1859 3704 1915 3752; x_wconf 87' lang='lat' dir='ltr'>in</span> <span class='ocrx_word' id='word_1_796' title='bbox 1945 3701 2133 3752; x_wconf 60' lang='lat' dir='ltr'>Jutla&#39;a</span> <span class='ocrx_word' id='word_1_797' title='bbox 2163 3705 2292 3751; x_wconf 87' lang='lat' dir='ltr'>sunt</span> <span class='ocrx_word' id='word_1_798' title='bbox 2320 3703 2546 3765; x_wconf 77' lang='lat' dir='ltr'>fugiant</span> <span class='ocrx_word' id='word_1_799' title='bbox 2577 3703 2648 3752; x_wconf 83' lang='lat' dir='ltr'>ad</span> <span class='ocrx_word' id='word_1_800' title='bbox 2675 3706 2904 3756; x_wconf 82' lang='lat' dir='ltr'>montes.</span> <span class='ocrx_word' id='word_1_801' title='bbox 2941 3702 3292 3772; x_wconf 87' lang='lat' dir='ltr'>Quapropter</span> <span class='ocrx_word' id='word_1_802' title='bbox 3319 3703 3463 3756; x_wconf 90' lang='lat' dir='ltr'>sicut</span> 
     </span>
    </p>
   </div>
   <div class='ocr_carea' id='block_1_87' title="bbox 1855 3789 3463 3860">
    <p class='ocr_par' dir='ltr' id='par_1_87' title="bbox 1855 3789 3463 3860">
     <span class='ocr_line' id='line_1_87' title="bbox 1855 3789 3463 3860; baseline 0.003 -20"><span class='ocrx_word' id='word_1_803' title='bbox 1855 3789 1958 3840; x_wconf 81' lang='lat' dir='ltr'>toti</span> <span class='ocrx_word' id='word_1_804' title='bbox 1990 3795 2104 3841; x_wconf 89' lang='lat' dir='ltr'>tres</span> <span class='ocrx_word' id='word_1_805' title='bbox 2135 3789 2439 3851; x_wconf 83' lang='lat' dir='ltr'>declarant,</span> <span class='ocrx_word' id='word_1_806' title='bbox 2483 3806 2592 3842; x_wconf 92' lang='lat' dir='ltr'>non</span> <span class='ocrx_word' id='word_1_807' title='bbox 2623 3790 2688 3842; x_wconf 89' lang='lat' dir='ltr'>ad</span> <span class='ocrx_word' id='word_1_808' title='bbox 2723 3790 3034 3842; x_wconf 88' lang='lat' dir='ltr'>antichristi</span> <span class='ocrx_word' id='word_1_809' title='bbox 3063 3798 3318 3860; x_wconf 86' lang='lat' dir='ltr'>tempora</span> <span class='ocrx_word' id='word_1_810' title='bbox 3347 3792 3463 3846; x_wconf 67' lang='lat' dir='ltr'>haec</span> 
     </span>
    </p>
   </div>
   <div class='ocr_carea' id='block_1_88' title="bbox 1856 3876 3463 3948">
    <p class='ocr_par' dir='ltr' id='par_1_88' title="bbox 1856 3876 3463 3948">
     <span class='ocr_line' id='line_1_88' title="bbox 1856 3876 3463 3948; baseline 0.003 -20"><span class='ocrx_word' id='word_1_811' title='bbox 1856 3877 2153 3946; x_wconf 79' lang='lat' dir='ltr'>prOphetia</span> <span class='ocrx_word' id='word_1_812' title='bbox 2197 3877 2442 3930; x_wconf 83' lang='lat' dir='ltr'>Dunielis</span> <span class='ocrx_word' id='word_1_813' title='bbox 2472 3876 2761 3931; x_wconf 82' lang='lat' dir='ltr'>referenda</span> <span class='ocrx_word' id='word_1_814' title='bbox 2791 3884 2891 3939; x_wconf 89' lang='lat' dir='ltr'>est,</span> <span class='ocrx_word' id='word_1_815' title='bbox 2929 3877 3151 3948; x_wconf 86' lang='lat' dir='ltr'>quando</span> <span class='ocrx_word' id='word_1_816' title='bbox 3185 3879 3463 3947; x_wconf 87' lang='lat' dir='ltr'>generalis</span> 
     </span>
    </p>
   </div>
   <div class='ocr_carea' id='block_1_89' title="bbox 1856 3965 3466 4031">
    <p class='ocr_par' dir='ltr' id='par_1_89' title="bbox 1856 3965 3466 4031">
     <span class='ocr_line' id='line_1_89' title="bbox 1856 3965 3466 4031; baseline 0.003 -14"><span class='ocrx_word' id='word_1_817' title='bbox 1856 3965 1963 4017; x_wconf 87' lang='lat' dir='ltr'>erit</span> <span class='ocrx_word' id='word_1_818' title='bbox 2006 3966 2065 4018; x_wconf 92' lang='lat' dir='ltr'>in</span> <span class='ocrx_word' id='word_1_819' title='bbox 2099 3965 2229 4018; x_wconf 90' lang='lat' dir='ltr'>orbe</span> <span class='ocrx_word' id='word_1_820' title='bbox 2261 3971 2537 4018; x_wconf 86' lang='lat' dir='ltr'>terrarum</span> <span class='ocrx_word' id='word_1_821' title='bbox 2567 3967 2818 4019; x_wconf 90' lang='lat' dir='ltr'>omnium</span> <span class='ocrx_word' id='word_1_822' title='bbox 2853 3965 3317 4031; x_wconf 85' lang='lat' dir='ltr'>Christianorum,</span> <span class='ocrx_word' id='word_1_823' title='bbox 3351 3986 3466 4022; x_wconf 87' lang='lat' dir='ltr'>una</span> 
     </span>
    </p>
   </div>
   <div class='ocr_carea' id='block_1_90' title="bbox 1857 4053 3464 4125">
    <p class='ocr_par' dir='ltr' id='par_1_90' title="bbox 1857 4053 3464 4125">
     <span class='ocr_line' id='line_1_90' title="bbox 1857 4053 3464 4125; baseline 0.002 -19"><span class='ocrx_word' id='word_1_824' title='bbox 1857 4060 1914 4106; x_wconf 85' lang='lat' dir='ltr'>et</span> <span class='ocrx_word' id='word_1_825' title='bbox 1960 4071 2102 4106; x_wconf 69' lang='lat' dir='ltr'>saeva</span> <span class='ocrx_word' id='word_1_826' title='bbox 2154 4055 2484 4123; x_wconf 89' lang='lat' dir='ltr'>persecutio,</span> <span class='ocrx_word' id='word_1_827' title='bbox 2533 4055 2679 4107; x_wconf 88' lang='lat' dir='ltr'>sicut</span> <span class='ocrx_word' id='word_1_828' title='bbox 2725 4053 2949 4125; x_wconf 87' lang='lat' dir='ltr'>quidam</span> <span class='ocrx_word' id='word_1_829' title='bbox 3003 4055 3214 4120; x_wconf 86' lang='lat' dir='ltr'>volunt,</span> <span class='ocrx_word' id='word_1_830' title='bbox 3256 4058 3352 4110; x_wconf 86' lang='lat' dir='ltr'>sed</span> <span class='ocrx_word' id='word_1_831' title='bbox 3395 4055 3464 4110; x_wconf 88' lang='lat' dir='ltr'>ad</span> 
     </span>
    </p>
   </div>
   <div class='ocr_carea' id='block_1_91' title="bbox 1857 4142 3466 4214">
    <p class='ocr_par' dir='ltr' id='par_1_91' title="bbox 1857 4142 3466 4214">
     <span class='ocr_line' id='line_1_91' title="bbox 1857 4142 3466 4214; baseline 0.003 -20"><span class='ocrx_word' id='word_1_832' title='bbox 1857 4142 1990 4194; x_wconf 83' lang='lat' dir='ltr'>illud</span> <span class='ocrx_word' id='word_1_833' title='bbox 2025 4143 2266 4212; x_wconf 91' lang='lat' dir='ltr'>primum</span> <span class='ocrx_word' id='word_1_834' title='bbox 2312 4143 2612 4196; x_wconf 82' lang='lat' dir='ltr'>adventum</span> <span class='ocrx_word' id='word_1_835' title='bbox 2648 4143 2967 4206; x_wconf 85' lang='lat' dir='ltr'>Salvatoris,</span> <span class='ocrx_word' id='word_1_836' title='bbox 3003 4144 3227 4214; x_wconf 88' lang='lat' dir='ltr'>quando</span> <span class='ocrx_word' id='word_1_837' title='bbox 3259 4151 3315 4198; x_wconf 91' lang='lat' dir='ltr'>et</span> <span class='ocrx_word' id='word_1_838' title='bbox 3358 4163 3466 4199; x_wconf 92' lang='lat' dir='ltr'>nu-</span> 
     </span>
    </p>
   </div>
   <div class='ocr_carea' id='block_1_92' title="bbox 1861 4229 3466 4303">
    <p class='ocr_par' dir='ltr' id='par_1_92' title="bbox 1861 4229 3466 4303">
     <span class='ocr_line' id='line_1_92' title="bbox 1861 4229 3466 4303; baseline 0.003 -21"><span class='ocrx_word' id='word_1_839' title='bbox 1861 4247 2047 4284; x_wconf 73' lang='lat' dir='ltr'>meras</span> <span class='ocrx_word' id='word_1_840' title='bbox 2076 4229 2554 4284; x_wconf 85' lang='lat' dir='ltr'>hebdomadarum</span> <span class='ocrx_word' id='word_1_841' title='bbox 2587 4233 2895 4302; x_wconf 85' lang='lat' dir='ltr'>completus</span> <span class='ocrx_word' id='word_1_842' title='bbox 2921 4239 3022 4292; x_wconf 90' lang='lat' dir='ltr'>est,</span> <span class='ocrx_word' id='word_1_843' title='bbox 3057 4239 3113 4286; x_wconf 91' lang='lat' dir='ltr'>et</span> <span class='ocrx_word' id='word_1_844' title='bbox 3137 4235 3272 4303; x_wconf 88' lang='lat' dir='ltr'>juge</span> <span class='ocrx_word' id='word_1_845' title='bbox 3299 4233 3466 4287; x_wconf 87' lang='lat' dir='ltr'>sacri-</span> 
     </span>
    </p>
   </div>
   <div class='ocr_carea' id='block_1_93' title="bbox 1859 4319 3468 4390">
    <p class='ocr_par' dir='ltr' id='par_1_93' title="bbox 1859 4319 3468 4390">
     <span class='ocr_line' id='line_1_93' title="bbox 1859 4319 3468 4390; baseline 0.002 -19"><span class='ocrx_word' id='word_1_846' title='bbox 1859 4320 2044 4372; x_wconf 83' lang='lat' dir='ltr'>ﬁcium</span> <span class='ocrx_word' id='word_1_847' title='bbox 2067 4319 2348 4372; x_wconf 79' lang='lat' dir='ltr'>sublatura</span> <span class='ocrx_word' id='word_1_848' title='bbox 2373 4325 2475 4377; x_wconf 90' lang='lat' dir='ltr'>est.</span> <span class='ocrx_word' id='word_1_849' title='bbox 2499 4325 2554 4372; x_wconf 89' lang='lat' dir='ltr'>et</span> <span class='ocrx_word' id='word_1_850' title='bbox 2573 4319 2784 4373; x_wconf 90' lang='lat' dir='ltr'>libatio.</span> <span class='ocrx_word' id='word_1_851' title='bbox 2810 4321 2950 4384; x_wconf 86' lang='lat' dir='ltr'>Quia</span> <span class='ocrx_word' id='word_1_852' title='bbox 2973 4322 3090 4390; x_wconf 88' lang='lat' dir='ltr'>jam</span> <span class='ocrx_word' id='word_1_853' title='bbox 3116 4328 3315 4374; x_wconf 91' lang='lat' dir='ltr'>unctus</span> <span class='ocrx_word' id='word_1_854' title='bbox 3344 4327 3468 4375; x_wconf 91' lang='lat' dir='ltr'>erat</span> 
     </span>
    </p>
   </div>
   <div class='ocr_carea' id='block_1_94' title="bbox 1858 4409 3465 4479">
    <p class='ocr_par' dir='ltr' id='par_1_94' title="bbox 1858 4409 3465 4479">
     <span class='ocr_line' id='line_1_94' title="bbox 1858 4409 3465 4479; baseline 0.002 -19"><span class='ocrx_word' id='word_1_855' title='bbox 1858 4413 1914 4460; x_wconf 89' lang='lat' dir='ltr'>et</span> <span class='ocrx_word' id='word_1_856' title='bbox 1946 4413 2172 4461; x_wconf 84' lang='lat' dir='ltr'>venerat</span> <span class='ocrx_word' id='word_1_857' title='bbox 2199 4415 2423 4462; x_wconf 90' lang='lat' dir='ltr'>sanctus</span> <span class='ocrx_word' id='word_1_858' title='bbox 2455 4413 2795 4473; x_wconf 83' lang='lat' dir='ltr'>sanctorum,</span> <span class='ocrx_word' id='word_1_859' title='bbox 2825 4409 3097 4470; x_wconf 87' lang='lat' dir='ltr'>Christus,</span> <span class='ocrx_word' id='word_1_860' title='bbox 3136 4409 3231 4479; x_wconf 90' lang='lat' dir='ltr'>qui</span> <span class='ocrx_word' id='word_1_861' title='bbox 3260 4416 3316 4462; x_wconf 90' lang='lat' dir='ltr'>et</span> <span class='ocrx_word' id='word_1_862' title='bbox 3346 4411 3465 4479; x_wconf 89' lang='lat' dir='ltr'>ipse</span> 
     </span>
    </p>
   </div>
   <div class='ocr_carea' id='block_1_95' title="bbox 1858 4497 3466 4566">
    <p class='ocr_par' dir='ltr' id='par_1_95' title="bbox 1858 4497 3466 4566">
     <span class='ocr_line' id='line_1_95' title="bbox 1858 4497 3466 4566; baseline 0.002 -18"><span class='ocrx_word' id='word_1_863' title='bbox 1858 4497 2190 4566; x_wconf 82' lang='lat' dir='ltr'>praedixerat</span> <span class='ocrx_word' id='word_1_864' title='bbox 2209 4497 2570 4566; x_wconf 83' lang='lat' dir='ltr'>adimplenda</span> <span class='ocrx_word' id='word_1_865' title='bbox 2596 4497 2664 4550; x_wconf 91' lang='lat' dir='ltr'>de</span> <span class='ocrx_word' id='word_1_866' title='bbox 2694 4499 3028 4550; x_wconf 87' lang='lat' dir='ltr'>Jerusalem.</span> <span class='ocrx_word' id='word_1_867' title='bbox 3052 4504 3104 4551; x_wconf 91' lang='lat' dir='ltr'>et</span> <span class='ocrx_word' id='word_1_868' title='bbox 3126 4498 3317 4551; x_wconf 76' lang='lat' dir='ltr'>Judzea</span> <span class='ocrx_word' id='word_1_869' title='bbox 3336 4504 3466 4552; x_wconf 87' lang='lat' dir='ltr'>tan-</span> 
     </span>
    </p>
   </div>
   <div class='ocr_carea' id='block_1_96' title="bbox 1855 4584 3465 4652">
    <p class='ocr_par' dir='ltr' id='par_1_96' title="bbox 1855 4584 3465 4652">
     <span class='ocr_line' id='line_1_96' title="bbox 1855 4584 3465 4652; baseline 0.002 -15"><span class='ocrx_word' id='word_1_870' title='bbox 1855 4592 1997 4650; x_wconf 90' lang='lat' dir='ltr'>tum,</span> <span class='ocrx_word' id='word_1_871' title='bbox 2033 4592 2088 4639; x_wconf 88' lang='lat' dir='ltr'>et</span> <span class='ocrx_word' id='word_1_872' title='bbox 2110 4602 2218 4637; x_wconf 92' lang='lat' dir='ltr'>non</span> <span class='ocrx_word' id='word_1_873' title='bbox 2247 4585 2315 4637; x_wconf 91' lang='lat' dir='ltr'>de</span> <span class='ocrx_word' id='word_1_874' title='bbox 2343 4585 2495 4637; x_wconf 90' lang='lat' dir='ltr'>omni</span> <span class='ocrx_word' id='word_1_875' title='bbox 2522 4584 2653 4637; x_wconf 90' lang='lat' dir='ltr'>orbe</span> <span class='ocrx_word' id='word_1_876' title='bbox 2677 4591 2974 4639; x_wconf 88' lang='lat' dir='ltr'>terrarum.</span> <span class='ocrx_word' id='word_1_877' title='bbox 2999 4587 3152 4639; x_wconf 80' lang='lat' dir='ltr'>Alias</span> <span class='ocrx_word' id='word_1_878' title='bbox 3183 4591 3392 4652; x_wconf 87' lang='lat' dir='ltr'>autem,</span> <span class='ocrx_word' id='word_1_879' title='bbox 3417 4588 3465 4641; x_wconf 92' lang='lat' dir='ltr'>si</span> 
     </span>
    </p>
   </div>
   <div class='ocr_carea' id='block_1_97' title="bbox 1857 4673 3464 4745">
    <p class='ocr_par' dir='ltr' id='par_1_97' title="bbox 1857 4673 3464 4745">
     <span class='ocr_line' id='line_1_97' title="bbox 1857 4673 3464 4745; baseline 0.002 -19"><span class='ocrx_word' id='word_1_880' title='bbox 1857 4675 1982 4744; x_wconf 88' lang='lat' dir='ltr'>quis</span> <span class='ocrx_word' id='word_1_881' title='bbox 2013 4673 2366 4745; x_wconf 87' lang='lat' dir='ltr'>prOphetiam</span> <span class='ocrx_word' id='word_1_882' title='bbox 2397 4673 2661 4736; x_wconf 85' lang='lat' dir='ltr'>Danielis,</span> <span class='ocrx_word' id='word_1_883' title='bbox 2695 4674 2762 4726; x_wconf 89' lang='lat' dir='ltr'>de</span> <span class='ocrx_word' id='word_1_884' title='bbox 2801 4691 2912 4744; x_wconf 91' lang='lat' dir='ltr'>qua</span> <span class='ocrx_word' id='word_1_885' title='bbox 2957 4675 3043 4727; x_wconf 87' lang='lat' dir='ltr'>hic</span> <span class='ocrx_word' id='word_1_886' title='bbox 3074 4675 3347 4729; x_wconf 92' lang='lat' dir='ltr'>Dominus</span> <span class='ocrx_word' id='word_1_887' title='bbox 3378 4677 3464 4730; x_wconf 90' lang='lat' dir='ltr'>di-</span> 
     </span>
    </p>
   </div>
   <div class='ocr_carea' id='block_1_98' title="bbox 1857 4761 3466 4829">
    <p class='ocr_par' dir='ltr' id='par_1_98' title="bbox 1857 4761 3466 4829">
     <span class='ocr_line' id='line_1_98' title="bbox 1857 4761 3466 4829; baseline 0.001 -13"><span class='ocrx_word' id='word_1_888' title='bbox 1857 4763 1933 4816; x_wconf 86' lang='lat' dir='ltr'>cit</span> <span class='ocrx_word' id='word_1_889' title='bbox 1959 4777 1971 4811; x_wconf 88' lang='lat'>:</span> <span class='ocrx_word' id='word_1_890' title='bbox 2004 4765 2110 4829; x_wconf 81' lang='lat' dir='ltr'>Qui</span> <span class='ocrx_word' id='word_1_891' title='bbox 2139 4765 2267 4827; x_wconf 85' lang='lat' dir='ltr'>tegit</span> <span class='ocrx_word' id='word_1_892' title='bbox 2299 4764 2591 4825; x_wconf 80' lang='lat' dir='ltr'>intelligat,</span> <span class='ocrx_word' id='word_1_893' title='bbox 2618 4761 2687 4814; x_wconf 88' lang='lat' dir='ltr'>ad</span> <span class='ocrx_word' id='word_1_894' title='bbox 2713 4762 2962 4815; x_wconf 80' lang='lat' dir='ltr'>futurum</span> <span class='ocrx_word' id='word_1_895' title='bbox 2985 4763 3298 4818; x_wconf 89' lang='lat' dir='ltr'>antichristi</span> <span class='ocrx_word' id='word_1_896' title='bbox 3329 4770 3466 4818; x_wconf 91' lang='lat' dir='ltr'>tem-</span> 
     </span>
    </p>
   </div>
   <div class='ocr_carea' id='block_1_99' title="bbox 1857 4849 3466 4924">
    <p class='ocr_par' dir='ltr' id='par_1_99' title="bbox 1857 4849 3466 4924">
     <span class='ocr_line' id='line_1_99' title="bbox 1857 4849 3466 4924; baseline 0.002 -21"><span class='ocrx_word' id='word_1_897' title='bbox 1857 4867 1963 4920; x_wconf 86' lang='lat' dir='ltr'>pus</span> <span class='ocrx_word' id='word_1_898' title='bbox 1991 4849 2231 4904; x_wconf 83' lang='lat' dir='ltr'>voluerit</span> <span class='ocrx_word' id='word_1_899' title='bbox 2255 4849 2636 4918; x_wconf 87' lang='lat' dir='ltr'>interpretari,</span> <span class='ocrx_word' id='word_1_900' title='bbox 2671 4850 2911 4903; x_wconf 86' lang='lat' dir='ltr'>multum</span> <span class='ocrx_word' id='word_1_901' title='bbox 2938 4867 2971 4904; x_wconf 88' lang='lat' dir='ltr'>a</span> <span class='ocrx_word' id='word_1_902' title='bbox 2995 4867 3124 4906; x_wconf 87' lang='lat' dir='ltr'>vero</span> <span class='ocrx_word' id='word_1_903' title='bbox 3149 4851 3466 4924; x_wconf 86' lang='lat' dir='ltr'>discrepare</span> 
     </span>
    </p>
   </div>
   <div class='ocr_carea' id='block_1_100' title="bbox 1855 4937 3467 4996">
    <p class='ocr_par' dir='ltr' id='par_1_100' title="bbox 1855 4937 3467 4996">
     <span class='ocr_line' id='line_1_100' title="bbox 1855 4937 3467 4996; baseline 0.002 -4"><span class='ocrx_word' id='word_1_904' title='bbox 1855 4939 2092 4992; x_wconf 82' lang='lat' dir='ltr'>videtur.</span> <span class='ocrx_word' id='word_1_905' title='bbox 2131 4939 2198 4991; x_wconf 84' lang='lat' dir='ltr'>Et</span> <span class='ocrx_word' id='word_1_906' title='bbox 2236 4937 2426 4990; x_wconf 87' lang='lat' dir='ltr'>nescio</span> <span class='ocrx_word' id='word_1_907' title='bbox 2457 4937 2502 4990; x_wconf 88' lang='lat' dir='ltr'>si</span> <span class='ocrx_word' id='word_1_908' title='bbox 2547 4937 2662 4990; x_wconf 89' lang='lat' dir='ltr'>ullo</span> <span class='ocrx_word' id='word_1_909' title='bbox 2710 4939 2894 4996; x_wconf 86' lang='lat' dir='ltr'>modo.</span> <span class='ocrx_word' id='word_1_910' title='bbox 2937 4940 3106 4993; x_wconf 87' lang='lat' dir='ltr'>etiam</span> <span class='ocrx_word' id='word_1_911' title='bbox 3144 4942 3467 4995; x_wconf 88' lang='lat' dir='ltr'>mentiendo</span> 
     </span>
    </p>
   </div>
   <div class='ocr_carea' id='block_1_101' title="bbox 1857 5023 3467 5100">
    <p class='ocr_par' dir='ltr' id='par_1_101' title="bbox 1857 5023 3467 5100">
     <span class='ocr_line' id='line_1_101' title="bbox 1857 5023 3467 5100; baseline 0.002 -20"><span class='ocrx_word' id='word_1_912' title='bbox 1857 5043 2156 5080; x_wconf 87' lang='lat' dir='ltr'>numerum</span> <span class='ocrx_word' id='word_1_913' title='bbox 2204 5023 2686 5080; x_wconf 84' lang='lat' dir='ltr'>hebdomadarum</span> <span class='ocrx_word' id='word_1_914' title='bbox 2720 5027 2791 5080; x_wconf 87' lang='lat' dir='ltr'>ad</span> <span class='ocrx_word' id='word_1_915' title='bbox 2837 5044 2966 5081; x_wconf 90' lang='lat' dir='ltr'>eum</span> <span class='ocrx_word' id='word_1_916' title='bbox 3013 5035 3236 5100; x_wconf 88' lang='lat' dir='ltr'>tempus</span> <span class='ocrx_word' id='word_1_917' title='bbox 3287 5029 3467 5083; x_wconf 84' lang='lat' dir='ltr'>tacere</span> 
     </span>
    </p>
   </div>
   <div class='ocr_carea' id='block_1_102' title="bbox 1859 5115 3468 5188">
    <p class='ocr_par' dir='ltr' id='par_1_102' title="bbox 1859 5115 3468 5188">
     <span class='ocr_line' id='line_1_102' title="bbox 1859 5115 3468 5188; baseline 0.002 -20"><span class='ocrx_word' id='word_1_918' title='bbox 1859 5116 2106 5188; x_wconf 85' lang='lat' dir='ltr'>potuerit</span> <span class='ocrx_word' id='word_1_919' title='bbox 2135 5115 2459 5182; x_wconf 86' lang='lat' dir='ltr'>convenire;</span> <span class='ocrx_word' id='word_1_920' title='bbox 2504 5115 2562 5168; x_wconf 91' lang='lat' dir='ltr'>in</span> <span class='ocrx_word' id='word_1_921' title='bbox 2593 5131 2702 5185; x_wconf 91' lang='lat' dir='ltr'>quo</span> <span class='ocrx_word' id='word_1_922' title='bbox 2732 5116 2776 5169; x_wconf 92' lang='lat' dir='ltr'>si</span> <span class='ocrx_word' id='word_1_923' title='bbox 2808 5115 2942 5170; x_wconf 86' lang='lat' dir='ltr'>false</span> <span class='ocrx_word' id='word_1_924' title='bbox 2975 5118 3236 5187; x_wconf 80' lang='lat' dir='ltr'>potuerit,</span> <span class='ocrx_word' id='word_1_925' title='bbox 3265 5118 3468 5172; x_wconf 81' lang='lat' dir='ltr'>eximia</span> 
     </span>
    </p>
   </div>
   <div class='ocr_carea' id='block_1_103' title="bbox 1859 5203 3465 5276">
    <p class='ocr_par' dir='ltr' id='par_1_103' title="bbox 1859 5203 3465 5276">
     <span class='ocr_line' id='line_1_103' title="bbox 1859 5203 3465 5276; baseline 0.001 -17"><span class='ocrx_word' id='word_1_926' title='bbox 1859 5206 1927 5259; x_wconf 87' lang='lat' dir='ltr'>de</span> <span class='ocrx_word' id='word_1_927' title='bbox 1967 5203 2173 5258; x_wconf 76' lang='lat' dir='ltr'>Christi</span> <span class='ocrx_word' id='word_1_928' title='bbox 2205 5203 2445 5257; x_wconf 69' lang='lat' dir='ltr'>adventu</span> <span class='ocrx_word' id='word_1_929' title='bbox 2486 5205 2800 5275; x_wconf 87' lang='lat' dir='ltr'>prophetia,</span> <span class='ocrx_word' id='word_1_930' title='bbox 2840 5213 2898 5258; x_wconf 86' lang='lat' dir='ltr'>et</span> <span class='ocrx_word' id='word_1_931' title='bbox 2927 5205 3094 5259; x_wconf 89' lang='lat' dir='ltr'>nimis</span> <span class='ocrx_word' id='word_1_932' title='bbox 3125 5206 3465 5276; x_wconf 84' lang='lat' dir='ltr'>ﬁrmissima,</span> 
     </span>
    </p>
   </div>
   <div class='ocr_carea' id='block_1_104' title="bbox 1859 5292 3469 5365">
    <p class='ocr_par' dir='ltr' id='par_1_104' title="bbox 1859 5292 3469 5365">
     <span class='ocr_line' id='line_1_104' title="bbox 1859 5292 3469 5365; baseline 0.002 -17"><span class='ocrx_word' id='word_1_933' title='bbox 1859 5292 2303 5355; x_wconf 87' lang='lat' dir='ltr'>detruncabitur,</span> <span class='ocrx_word' id='word_1_934' title='bbox 2321 5293 2465 5362; x_wconf 84' lang='lat' dir='ltr'>quod</span> <span class='ocrx_word' id='word_1_935' title='bbox 2482 5294 2708 5347; x_wconf 90' lang='lat' dir='ltr'>omnino</span> <span class='ocrx_word' id='word_1_936' title='bbox 2722 5309 3006 5365; x_wconf 86' lang='lat' dir='ltr'>nunquam</span> <span class='ocrx_word' id='word_1_937' title='bbox 3021 5297 3228 5365; x_wconf 88' lang='lat' dir='ltr'>poterit</span> <span class='ocrx_word' id='word_1_938' title='bbox 3246 5298 3469 5351; x_wconf 73' lang='lat' dir='ltr'>etiamsi</span> 
     </span>
    </p>
   </div>
   <div class='ocr_carea' id='block_1_105' title="bbox 1856 5384 3468 5456">
    <p class='ocr_par' dir='ltr' id='par_1_105' title="bbox 1856 5384 3468 5456">
     <span class='ocr_line' id='line_1_105' title="bbox 1856 5384 3468 5456; baseline 0.002 -19"><span class='ocrx_word' id='word_1_939' title='bbox 1856 5384 2039 5454; x_wconf 88' lang='lat' dir='ltr'>ipsum</span> <span class='ocrx_word' id='word_1_940' title='bbox 2068 5397 2342 5435; x_wconf 89' lang='lat' dir='ltr'>annorum</span> <span class='ocrx_word' id='word_1_941' title='bbox 2378 5397 2675 5436; x_wconf 86' lang='lat' dir='ltr'>numerum</span> <span class='ocrx_word' id='word_1_942' title='bbox 2708 5384 2873 5439; x_wconf 88' lang='lat' dir='ltr'>aliter</span> <span class='ocrx_word' id='word_1_943' title='bbox 2902 5400 3070 5455; x_wconf 88' lang='lat' dir='ltr'>quam</span> <span class='ocrx_word' id='word_1_944' title='bbox 3097 5402 3129 5439; x_wconf 89' lang='lat' dir='ltr'>a</span> <span class='ocrx_word' id='word_1_945' title='bbox 3162 5387 3468 5456; x_wconf 79' lang='lat' dir='ltr'>majoribus</span> 
     </span>
    </p>
   </div>
   <div class='ocr_carea' id='block_1_106' title="bbox 1858 5469 3467 5542">
    <p class='ocr_par' dir='ltr' id='par_1_106' title="bbox 1858 5469 3467 5542">
     <span class='ocr_line' id='line_1_106' title="bbox 1858 5469 3467 5542; baseline -0.001 -15"><span class='ocrx_word' id='word_1_946' title='bbox 1858 5472 2065 5527; x_wconf 87' lang='lat' dir='ltr'>nostris</span> <span class='ocrx_word' id='word_1_947' title='bbox 2094 5475 2481 5542; x_wconf 79' lang='lat' dir='ltr'>computatum</span> <span class='ocrx_word' id='word_1_948' title='bbox 2502 5475 2606 5539; x_wconf 89' lang='lat' dir='ltr'>est,</span> <span class='ocrx_word' id='word_1_949' title='bbox 2630 5469 2949 5528; x_wconf 72' lang='lat' dir='ltr'>subvertere</span> <span class='ocrx_word' id='word_1_950' title='bbox 2969 5473 3227 5529; x_wconf 65' lang='lat' dir='ltr'>voluerit.</span> <span class='ocrx_word' id='word_1_951' title='bbox 3252 5473 3402 5538; x_wconf 78' lang='lat' dir='ltr'>Quia</span> <span class='ocrx_word' id='word_1_952' title='bbox 3421 5474 3467 5526; x_wconf 81' lang='lat' dir='ltr'>si</span> 
     </span>
    </p>
   </div>
  </div>
