3872 6158
459 219 567 280 807

1225 217 1283 273 S.
1324 213 1706 273 PASCHASII
1742 213 2105 276 RADBER'I‘I
2141 212 2446 276 ABBATIS
2483 207 2976 273 CORBEIENSIS.

3557 212 3637 269 808

452 345 600 399 circa
642 349 898 417 tempora
936 342 1120 414 prima
1166 340 1439 395 adventus
1487 341 1715 396 Domini
1746 358 1925 415 usque
1972 344 2323 405 adAsancto
2351 342 2694 400 abominatio
2721 338 3101 397 desolationis.
3134 337 3264 403 Qua:
3295 337 3511 410 profecto
3534 336 3640 392 abo-

454 434 627 488 istum
648 434 854 500 locum,
878 449 945 487 ea
965 431 1241 503 completa
1260 446 1371 484 non
1397 435 1544 493 sunt,
1571 436 1629 484 et
1649 430 1707 484 in
1733 432 1843 486 ﬁne
1865 433 2052 487 saeculi

455 529 590 578 sunt
612 522 964 594 complenda,
985 529 1199 576 certum
1219 520 1499 590 apostolos
1521 520 1627 573 hoc
1647 520 2051 590 ignorasse,vel

454 612 627 667 scisse
656 613 903 684 quidem,
950 610 1048 664 sed
1087 610 1285 663 docere
1315 606 1625 678 prohibitos
1669 610 1861 679 fuisse,
1905 612 2053 683 quod

454 717 568 757 non
601 702 781 756 credo.
815 702 885 754 Et
911 699 958 752 si
990 697 1258 761 sciebant,
1291 698 1637 766 superfluum
1670 706 1755 752 est
1789 700 1936 769 quod
1966 700 2055 754 in-

456 796 762 861 terrogant.
790 790 847 843 Si
878 794 1069 843 autem
1101 787 1317 858 reliqua
1342 787 1551 853 omnia,
1586 787 1719 858 quia
1747 795 1950 843 unctus
1971 795 2058 844 est

458 881 696 935 Sanctus
734 882 1077 941 sanctorum,
1115 876 1393 947 completa
1435 882 1565 929 sunt
1606 894 1729 947 quae
1778 878 2052 948 praedixit,

455 968 764 1038 completus
793 971 880 1019 est
920 965 978 1019 in
1009 964 1235 1019 Christo
1278 970 1337 1018 et
1376 981 1646 1019 numerus
1675 965 2057 1020 hebdomada-

453 1072 601 1122 rum,
626 1060 683 1110 et
711 1055 835 1126 ipsa
861 1053 1135 1109 desolatio
1162 1053 1379 1123 templi.
1403 1053 1680 1117 Quoniam
1709 1059 1774 1109 ut
1800 1056 2057 1109 Christus

454 1144 733 1215 praedixit,
772 1144 852 1198 sic
896 1149 954 1197 et
1001 1143 1126 1214 ipsa
1171 1142 1466 1196 manifeste
1494 1142 1666 1208 venit,
1702 1144 1926 1214 quando
1956 1143 2058 1199 cir-

453 1234 719 1288 cumdata
741 1237 827 1287 est
850 1231 1167 1286 Jerusalem
1199 1229 1269 1283 ab
1293 1230 1536 1286 exercitu
1568 1232 1967 1298 Romanorum,
1997 1239 2056 1287 et

453 1323 523 1376 ad
554 1323 737 1376 solum
769 1337 948 1391 usque
976 1319 1160 1373 omnis
1202 1319 1397 1373 civitas
1425 1319 1633 1374 diruta.
1668 1321 1823 1375 Tunc
1850 1321 2055 1392 quippe

454 1399 820 1465 desolationis
844 1408 1185 1463 abominatio
1206 1408 1353 1462 facta
1381 1414 1468 1462 est
1496 1425 1665 1480 super
1687 1410 1959 1481 templum
1986 1410 2067 1464 ab

453 1500 718 1563 exercitu,
744 1515 911 1569 quam
929 1498 1062 1552 dicit
1080 1498 1374 1568 pr0pheta,
1397 1514 1575 1568 usque
1595 1499 1664 1552 ad
1677 1503 1899 1571 tempus
1919 1516 2057 1554 con-

453 1588 845 1643 summationis
876 1604 1123 1647 manere,
1160 1586 1294 1657 quia
1322 1603 1612 1658 nunquam
1644 1588 2056 1642 restaurabitur

2134 435 2391 501 minatio,
2424 432 2679 505 quamvis
2715 431 2881 485 aliter
2907 428 3162 491 dixerim,
3195 427 3307 499 ipse
3330 427 3648 497 Vespasianus

2136 525 2309 596 accipi
2333 529 2537 595 potest,
2568 521 2663 593 qui
2690 519 3042 575 Hierusalem
3085 516 3320 571 exercitu
3346 515 3653 571 circumdedit

2135 632 2201 669 ac
2231 613 2488 680 vastavit,
2518 612 2815 684 ipsumque
2842 608 3114 678 templum
3145 606 3374 667 violavit,
3403 622 3489 676 per
3520 621 3654 675 quem

2134 712 2254 761 tam
2286 704 2533 776 pessima
2558 699 2974 770 contingerunt,
3006 701 3071 751 ut
3098 696 3193 767 qui
3220 695 3278 749 in
3305 694 3479 749 Iudaea
3510 699 3653 757 erant,

2136 812 2249 849 non
2274 794 2345 848 ad
2373 791 2667 862 templum,
2700 804 2812 842 non
2842 786 2914 840 ad
2943 787 3152 841 Sancta
3173 789 3488 847 sanctorum,
3513 798 3659 851 neque

2139 884 2209 938 ad
2233 882 2516 937 civitatem
2541 878 2665 943 Dei,
2691 877 2806 939 sed,
2832 880 2899 931 ut
2924 874 3138 929 dictum
3166 879 3270 937 est,
3298 876 3477 938 συθ
3497 869 3571 923 vix
3592 871 3661 925 fu-

2136 973 2295 1043 gient
2322 971 2393 1024 ad
2420 973 2640 1023 montes
2668 972 2726 1021 et
2762 965 2832 1019 ad
2864 962 3101 1018 latibula
3123 967 3420 1034 petrarum,
3450 959 3665 1029 quoniam

2138 1061 2269 1115 talis
2298 1064 2568 1128 tantaque
2588 1056 2697 1110 erit
2716 1052 3029 1126 persecutio
3049 1051 3107 1105 in
3126 1057 3374 1122 tempore
3399 1048 3503 1114 illo,
3521 1053 3575 1102 ut
3594 1047 3666 1119 qui

2138 1165 2308 1220 super
2334 1151 2545 1201 tectum
2568 1144 2755 1209 fuerit,
2778 1159 2891 1197 non
2909 1139 3138 1196 habebit
3154 1144 3371 1210 tempus
3389 1135 3669 1191 descenden-

2137 1237 2193 1291 di
2221 1236 2417 1291 tollere
2437 1232 2648 1305 aliquid
2677 1232 2747 1286 de
2771 1231 2937 1285 domo
2966 1247 3068 1284 sua
3087 1229 3245 1300 prius
3273 1227 3319 1281 si
3342 1229 3513 1298 posset
3531 1239 3666 1295 quam

2135 1326 2325 1397 fugam
2355 1325 2543 1389 iniret,
2570 1328 2628 1377 et
2646 1322 2741 1393 qui
2764 1320 2821 1375 in
2846 1336 3002 1390 agro,
3023 1317 3174 1388 quod
3194 1314 3491 1387 nequiverit
3504 1311 3667 1367 reverti

2138 1416 2195 1470 in
2215 1415 2518 1479 civitatem,
2542 1418 2601 1467 et
2620 1412 2818 1466 tollere
2836 1408 3232 1463 vestimentum
3257 1421 3433 1465 suum,
3447 1406 3561 1473 quia
3576 1400 3668 1456 nul-

2135 1505 2254 1559 lum
2278 1500 2789 1557 misericordiamm
2816 1505 3041 1567 tempus
3072 1495 3201 1549 erit.
3223 1494 3321 1548 sed
3346 1492 3588 1555 vindictae,
3609 1488 3669 1543 ita

2135 1598 2201 1648 ut
2226 1610 2330 1647 nec
2357 1588 2777 1663 praegnantibus
2803 1590 3118 1658 parcerent,
3142 1600 3245 1638 nec
3271 1579 3607 1641 lactantiibus,
3627 1582 3670 1631 et

457 1677 616 1744 illud,
631 1677 806 1731 donec
822 1675 1230 1731 consummatio
1244 1676 1343 1729 ﬁat
1362 1675 1746 1731 mundi.Unde
1765 1677 1913 1731 idem
1931 1694 2056 1748 pro-
2070 1696 2116 1754 Β
2135 1683 2261 1736 ideo
2291 1680 2545 1751 utrisque
2567 1696 2647 1733 va:
2675 1677 2929 1732 futurum
2958 1673 3112 1728 dicit.
3146 1672 3238 1727 Sic
3261 1670 3457 1741 quippe
3475 1684 3534 1721 ac
3555 1667 3595 1720 si
3617 1665 3671 1720 ad

455 1767 626 1838 pheta
646 1784 657 1819 :
683 1766 1115 1829 Consummatio,
1130 1763 1330 1834 inquit,
1348 1766 1577 1817 dabitur
1590 1780 1754 1833 super
1774 1767 2055 1819 desolatio-

456 1872 581 1909 nem
597 1857 904 1908 Jerusalem
921 1856 997 1917 (II
1026 1853 1193 1907 Thess.
1212 1867 1277 1920 Il,
1294 1853 1342 1914 ά,
1357 1849 1431 1919 8).
1455 1853 1615 1917 Quod
1627 1853 1674 1906 si
1694 1853 2054 1907 remditicabi-

454 1948 551 1998 tur
568 1942 775 1997 ibidem
788 1941 1080 2013 templum,
1096 1940 1461 1995 aediﬁcabitur
1471 1941 1658 2009 ei.0ui
1670 1943 1997 1997 adversatur
2006 1948 2055 1997 et

454 2034 921 2100 extollitursupra
938 2047 1097 2085 omne
1113 2031 1257 2099 quod
1268 2031 1648 2095 diciturlleus,
1662 2036 1759 2084 aut
1771 2033 1915 2099 quod
1929 2034 2057 2087 coti-

458 2125 515 2174 tu
524 2136 571 2186 r,
580 2125 641 2174 ut
661 2121 839 2174 sedeat
858 2121 920 2173 in
933 2121 1147 2186 templo,
1162 2117 1487 2188 hujusmodi
1502 2118 1798 2172 ostendere
1812 2120 2059 2187 se,quasi

451 2210 526 2261 sit
543 2209 903 2271 Deus.989
915 2208 1077 2273 Quem
1093 2207 1361 2259 Dominus
1370 2209 1523 2260 Jesus
1544 2209 1833 2273 inter/tciet
1849 2210 2055 2275 spiritu

454 2298 569 2350 oris
584 2297 694 2361 sui,
707 2300 755 2349 et
772 2297 1010 2348 destruet
1023 2297 1065 2348 it
1071 2296 1398 2348 lustratione
1412 2296 1677 2349 adventus
1687 2298 1778 2349 sui
1783 2294 1911 2350 .Sed
1929 2300 1986 2348 et
1996 2294 2056 2349 in

456 2383 652 2438 eodem
674 2382 913 2437 civitatis
930 2384 1051 2437 loco
1071 2399 1218 2437 nunc
1232 2383 1423 2437 fanum
1445 2384 1881 2438 Sarracenorum
1901 2383 2054 2438 estin

456 2472 688 2526 modum
703 2472 917 2543 templi,
940 2472 997 2525 in
1014 2487 1123 2544 quo
1141 2473 1329 2525 nullus
1345 2472 1665 2527 Iudaeorum
1686 2473 1857 2526 audet
1881 2473 2054 2526 intro-

2136 1771 2288 1842 ipsos
2308 1769 2529 1824 Judagos
2549 1766 2799 1838 loquitur
2821 1763 3114 1827 Dominus,
3137 1760 3235 1832 qui
3255 1760 3323 1813 de
3347 1756 3565 1813 Sabbato
3585 1754 3673 1824 glo-

2136 1859 2463 1914 riabantur:
2499 1857 2661 1911 Orate
2690 1871 2757 1909 ne
2787 1857 2882 1922 ﬁat
2909 1854 3050 1922 fuga
3077 1859 3261 1905 vestra
3291 1849 3455 1901 hieme
3479 1847 3547 1900 cel
3571 1844 3673 1899 Sab-

2138 1950 2278 2010 bato,
2311 1945 2535 2018 quando
2563 1960 2674 1998 non
2705 1946 2928 2014 oportet
2962 1955 3132 2009 agere
3161 1938 3249 1993 vel
3278 1935 3545 1991 ambulare
3580 1931 3675 2003 plus

2139 2053 2309 2108 quam
2331 2033 2560 2091 Sabbati
2575 2037 2662 2087 est
2682 2031 2810 2097 iter,
2829 2035 2887 2084 et
2906 2029 2964 2083 in
2979 2028 3171 2082 hieme
3193 2025 3411 2098 quando
3424 2021 3676 2095 pessimum

2139 2131 2223 2179 est
2247 2140 2346 2196 per
2372 2123 2562 2193 fugam
2584 2120 2823 2175 salutem
2848 2132 3125 2189 quaerere.
3154 2116 3255 2170 Est
3270 2120 3454 2168 tamen
3472 2108 3678 2196 quaedam

2137 2195 2271 2284 fuga
2312 2210 2604 2266 hominum
2651 2207 2959 2263 secundum
3004 2210 3348 2277 praeceptum
3393 2198 3545 2255 Verbi
3582 2195 3674 2259 Dei,

2140 2319 2309 2374 quam
2339 2316 2561 2371 semper
2587 2297 2787 2352 sectari
2816 2300 3057 2367 oportet.
3094 2293 3256 2349 Unde
3283 2297 3341 2347 et
3369 2290 3549 2344 beatus
3563 2287 3677 2374 AAm-

2136 2372 2355 2445 brosius
2382 2389 2451 2443 de
2478 2388 2612 2458 fuga
2635 2385 2823 2440 saeculi
2854 2384 2994 2437 duos
3022 2381 3239 2453 optime
3267 2377 3504 2435 condidit
3526 2372 3676 2428 libros.

2136 2480 2316 2545 Quam
2363 2477 2459 2548 qui
2495 2473 2802 2546 arripuerit
2826 2473 3036 2542 fugam,
3069 2470 3276 2524 melior
3302 2474 3405 2533 est,
3435 2479 3584 2537 quam
3606 2459 3678 2531 qui

453 2560 557 2615 ire.
574 2560 719 2616 Nam
745 2568 803 2615 et
821 2561 879 2615 in
899 2561 1019 2632 ipso
1046 2562 1167 2615 loco
1188 2578 1298 2631 quo
1323 2562 1529 2616 Sancta
1547 2568 1867 2616 sanctorum
1892 2561 2048 2632 prius
2133 2584 2247 2623 non
2273 2566 2438 2637 fugit,
2473 2564 2608 2635 quia
2640 2564 2860 2632 majora
2886 2559 3169 2631 delinquit
3196 2557 3448 2630 quisque,
3482 2569 3569 2625 per
3600 2550 3680 2604 hoc

451 2650 627 2716 fuere,
659 2651 909 2705 Adriana
935 2650 1294 2721 imperatoris
1323 2651 1600 2722 equestris
1629 2657 1837 2718 statua,
1874 2667 2051 2721 usque
2134 2656 2283 2729 quod
2310 2671 2422 2709 non
2443 2653 2607 2724 fugit.
2637 2653 2708 2706 Et
2727 2651 2852 2705 ideo
2873 2649 3006 2720 quia
3033 2664 3265 2719 semper
3283 2643 3582 2716 fugiendum
3599 2644 3679 2700 est,

450 2739 510 2794 in
531 2745 861 2811 praesentem
882 2739 1053 2802 diem,
1083 2740 1290 2794 dicitur
1310 2745 1495 2794 erecta
1515 2741 2056 2811 permanere.Cazte-
2138 2744 2397 2799 Christus
2453 2740 2727 2797 Dominus
2764 2754 2862 2793 sex
2910 2736 3111 2792 statuit
3148 2735 3417 2799 civitates,
3462 2730 3526 2784 ad
3575 2739 3683 2798 quas

449 2845 578 2883 rum
596 2829 939 2884 abominatio
954 2829 1262 2883 secundum
1280 2835 1525 2882 veterem
1549 2829 1916 2898 Scripturam,
1940 2827 2055 2880 ido-
2141 2832 2237 2903 qui
2258 2829 2561 2901 deliquerit
2582 2844 2713 2883 reus
2733 2827 2926 2897 fugere
2949 2823 3136 2889 debet,
3161 2823 3263 2878 sed
3291 2838 3401 2876 non
3419 2820 3474 2873 in
3487 2814 3683 2903 Sabbato

452 2919 570 2973 lum
602 2924 991 2989 nuncupatur;
1025 2922 1082 2971 et
1112 2918 1237 2971 ideo
1265 2917 1493 2970 additur
1512 2915 1892 2981 desolationis,
1922 2915 2055 2986 quia
2138 2900 2361 2990 quando
2385 2900 2505 2990 jam
2538 2916 2887 2988 requiescere
2914 2912 3082 2968 debet
3127 2912 3191 2967 in
3226 2909 3434 2982 requie,
3464 2919 3619 2975 neque

452 3006 511 3061 in
532 3008 782 3061 desolato
802 3007 1011 3076 templo
1029 3011 1086 3059 et
1106 3005 1377 3059 destituto
1393 3010 1561 3075 atque
1578 3005 1820 3069 deserto,
1840 2998 2053 3057 idolum
2069 3010 2113 3068 (Ἰ
2139 2989 2322 3064 hieme
2344 2989 2566 3080 quando
2596 3022 2709 3061 non
2737 3005 2886 3068 licet,
2919 3002 3051 3074 quia
3072 3000 3258 3071 frigus
3273 3016 3366 3055 eos
3393 3010 3568 3052 omnes
3592 2989 3687 3080 inli-

453 3094 665 3165 absque
694 3094 863 3148 dubio
883 3112 917 3147 a
938 3093 1206 3148 Romanis
1225 3092 1532 3164 repositum
1554 3099 1655 3147 est.
1680 3094 1878 3163 Neque
1899 3093 2050 3147 enim
2132 3076 2383 3152 delitatis
2411 3097 2532 3163 jam
2565 3098 2743 3161 tenet,
2775 3108 2914 3163 quos
2944 3090 3110 3144 modo
3142 3089 3241 3144 Sol
3267 3084 3491 3159 iustitiae
3523 3097 3619 3136 non
3640 3076 3686 3130 il-

453 3188 583 3236 ante
602 3182 917 3254 passionem
942 3181 1168 3236 Domini
1191 3191 1275 3239 (ut
1293 3181 1522 3251 quidam
1545 3186 1766 3252 putant)
1788 3199 1823 3235 a
1843 3182 2044 3245 Pilato,

453 3270 539 3325 vel
570 3287 605 3325 a
633 3270 882 3341 quolibet
908 3270 1038 3336 alio,
1060 3270 1164 3323 hoc
1188 3270 1480 3340 impletum
1502 3276 1588 3324 est
1607 3270 1830 3340 quando
1850 3269 2052 3324 statuit

454 3357 761 3429 imaginem
782 3358 1015 3413 Caesaris
1038 3358 1096 3412 in
1116 3358 1345 3428 templo,
1367 3358 1497 3412 licet
1516 3363 1574 3411 et
1591 3358 1694 3411 hoc
1709 3356 2049 3411 abominatio

455 3452 621 3502 esset.
665 3447 928 3517 Alioquin
971 3446 1105 3518 quid
1148 3452 1235 3500 est
1278 3446 1426 3517 quod
1464 3446 1738 3500 Dominus
1767 3452 1957 3501 monet
1993 3451 2051 3500 et

451 3536 589 3591 dicit
604 3555 616 3590 :
634 3537 775 3591 Cum
794 3537 1045 3590 videritis
1056 3537 1209 3589 abom
1218 3538 1524 3590 inationem
1539 3537 1890 3590 desolationis
1899 3540 2052 3589 stan-

455 3631 581 3691 tem,
604 3630 663 3679 et
686 3608 906 3689 caetera,
940 3623 1049 3678 nisi
1079 3624 1228 3695 quod
1250 3624 1427 3678 Lucas
1452 3628 1696 3678 testatur
1720 3629 1856 3678 tunc
1879 3623 2050 3678 fuisse

448 3714 679 3778 factum,
700 3713 923 3785 quando
944 3729 1139 3767 eversa
1171 3719 1257 3768 est
1283 3712 1682 3767 Hierusalem?
1710 3711 1922 3767 Idcirco
1947 3728 2050 3766 nec

451 3810 585 3860 ante
604 3804 921 3876 passionem
951 3802 1153 3858 factam
1177 3802 1348 3857 fuisse
1378 3801 1717 3856 credendum
1736 3806 1839 3865 est,
1864 3818 2047 3873 neque

452 3892 522 3947 ad
551 3894 719 3947 ﬁnem
745 3891 949 3957 saeculi,
970 3891 1056 3945 vel
1085 3889 1231 3944 circa
1257 3890 1446 3955 tinem,
1472 3889 1751 3944 aestimare
1780 3888 2046 3942 debemus

451 3982 720 4046 futuram,
739 3999 861 4052 qua:
875 3982 995 4051 jam
1016 3979 1353 4050 incompleta
1372 3984 1474 4033 est.
1493 3978 1561 4032 Et
1580 3993 1902 4048 quanquam
1925 3976 2047 4048 ipsa

452 4069 813 4125 desolationis
833 4068 1195 4130 abominatio,
1218 4073 1449 4138 propter
1472 4065 1865 4120 obscuritatem
1889 4065 2043 4132 dicti,

453 4158 563 4213 alio
591 4156 842 4228 quolibet
870 4156 1035 4211 modo
1065 4162 1236 4227 queat
1263 4155 1501 4225 intelligi
1528 4174 1539 4222 ;
1578 4161 1714 4209 tunc
1743 4160 1935 4209 tamen
1963 4154 2049 4208 fa-

2130 3187 2355 3241 lustrat.
2381 3186 2523 3239 Nam
2557 3199 2658 3255 pro
2688 3197 2756 3236 eo
2778 3180 2925 3251 quod
2947 3178 3252 3233 Matthaeus
3271 3182 3329 3231 et
3355 3175 3556 3230 Marcus
3572 3168 3689 3222 dixe-

2131 3280 2267 3329 runt
2295 3292 2308 3328 :
2344 3276 2451 3342 Qui
2480 3276 2542 3327 in
2566 3287 2700 3339 agro
2732 3273 2857 3333 erit,
2892 3284 3005 3322 non
3035 3272 3351 3321 revertatur
3378 3268 3515 3318 retro
3539 3260 3687 3312 tollere

2134 3366 2522 3419 vestimentum
2552 3375 2739 3423 suum,
2785 3355 3037 3428 apertius
3077 3355 3260 3409 Lucas
3288 3352 3370 3407 ait
3398 3369 3410 3405 :
3446 3349 3502 3405 Et
3527 3346 3613 3417 qui
3640 3344 3688 3395 in

2131 3451 2467 3521 regionibus,
2494 3464 2607 3502 non
2636 3450 2852 3501 intrent
2880 3448 2942 3499 in
2964 3446 3173 3509 eadem,
3199 3445 3335 3513 quia
3356 3442 3463 3494 dies
3486 3439 3601 3490 sunt
3624 3435 3689 3485 ul-

2134 3541 2300 3593 tionis
2340 3537 2419 3600 hi,
2460 3540 2521 3588 ut
2566 3536 2909 3602 impleantur
2956 3533 3149 3585 omnia
3194 3546 3316 3600 qua
3361 3528 3553 3594 scripta
3585 3522 3687 3574 sunt

2134 3629 2281 3689 (Luc.
2310 3638 2429 3689 XXI,
2468 3620 2570 3691 12).
2610 3621 2740 3675 Haec
2780 3619 2985 3673 idcirco
3013 3617 3146 3683 dixi,
3185 3623 3253 3671 ut
3294 3613 3556 3682 intelligat
3581 3623 3688 3681 pru-

2131 3721 2270 3774 dens
2288 3718 2481 3783 lector,
2505 3714 2654 3785 quod
2671 3714 2741 3767 de
2760 3730 2876 3767 una
2896 3712 3208 3781 eademque
3221 3726 3283 3764 re
3308 3706 3468 3763 simul
3489 3702 3581 3757 toti

2128 3808 2456 3878 loquuntur.
2499 3784 2569 3859 Et
2615 3808 2853 3875 possunt
2897 3805 3278 3871 congruenter
3310 3796 3444 3852 satis
3487 3784 3685 3856 intelligi

2127 3894 2512 3967 spiritualiter,
2532 3892 2681 3964 quod
2702 3892 2759 3945 in
2775 3889 3036 3945 omnibus
3048 3884 3500 3943 tribulationibus
3520 3884 3596 3935 est
3617 3891 3685 3931 ca-

2128 3984 2387 4044 vendum,
2420 3998 2490 4036 ne
2513 3981 2639 4052 quis
2673 3980 2925 4035 devictus
2953 3977 3285 4048 cupiditate.
3319 3975 3404 4029 vel
3431 3972 3584 4027 ullius
3606 3981 3686 4036 ge-

2128 4089 2263 4128 nere
2273 4068 2730 4133 celsitudinis,'de
2750 4068 3095 4123 sublimitate
3107 4065 3271 4120 bonae
3291 4063 3412 4118 vitae
3430 4052 3689 4115 descendat

2129 4163 2201 4217 ad
2236 4162 2520 4217 carnalem
2550 4160 2743 4220 vitam,
2780 4166 2881 4212 aut
2907 4156 3005 4227 qui
3034 4153 3335 4227 profecerit
3363 4153 3421 4206 in
3447 4144 3687 4204 anteriora

454 4249 603 4298 ctam
632 4242 805 4296 fuisse
833 4243 1174 4297 credendum
1209 4248 1296 4296 est
1340 4242 1564 4312 quando
1602 4242 1875 4296 Dominus
1902 4258 2047 4312 pra":-
2065 4284 2113 4342 D
2132 4268 2192 4305 se
2222 4250 2551 4311 extendens,
2574 4246 2884 4301 deﬁciendo
2913 4262 2945 4299 a
2976 4245 3121 4299 bono
3140 4241 3445 4315 proposito,
3466 4237 3519 4291 in
3541 4236 3687 4342 postf-

454 4332 627 4400 diXit;
661 4336 719 4386 et
744 4331 1001 4386 eamdem
1031 4330 1384 4401 Ρνορδθίίαω
1428 4335 1564 4383 tunc
1601 4330 1876 4400 expletam
1900 4347 2045 4393 esse.
2065 4317 2113 4342 υ
2132 4340 2285 4395 riora
2314 4338 2525 4393 redeat.
2561 4336 2721 4401 Quod
2751 4335 2798 4389 si
2829 4335 2888 4389 in
2917 4334 3071 4389 omni
3097 4329 3462 4387 tribulatione
3484 4317 3687 4379 cavenda

454 4421 679 4494 quando
723 4422 844 4494 ipse
886 4436 1011 4474 eam
1042 4418 1372 4489 explendam
1399 4417 1676 4490 praescivit
1717 4424 1775 4473 et
1811 4436 2047 4490 praemo-

454 4512 600 4567 nuit.

530 4605 681 4659 Tunc
700 4606 799 4673 qui
826 4606 889 4657 in
913 4603 1105 4658 Juda’a
1124 4607 1255 4655 sunt
1282 4603 1510 4670 fugiant
1538 4602 1610 4655 ad
1640 4606 1863 4667 montes,
1884 4606 1931 4655 et
1952 4605 2053 4671 qui

456 4694 521 4747 in
550 4697 679 4746 tecto
703 4707 814 4746 non
835 4691 1117 4746 descendat
1137 4691 1357 4759 aliquid
1378 4694 1564 4744 tollere
1580 4691 1642 4743 de
1661 4690 1820 4743 domo
1846 4706 1967 4744 sua.
1984 4691 2049 4744 In

459 4780 663 4853 quibus
690 4785 809 4834 tam
839 4778 944 4834 iste
977 4795 1144 4851 quam
1166 4778 1261 4833 alii
1287 4778 1398 4833 duo
1426 4778 1495 4832 de
1524 4777 1881 4833 festinatione
1903 4776 2049 4847 fugae

454 4871 795 4934 Judzeorum,
830 4868 1010 4939 magis
1038 4867 1210 4922 fuisse
1240 4873 1598 4939 praeceptum,
1623 4883 1791 4938 quam
1812 4866 1881 4919 de
1902 4870 2048 4919 tem-

456 4958 689 5031 poribus
715 4956 1058 5022 Antichristi,
1082 4956 1306 5026 quando
1334 4957 1520 5011 nullus
1551 4955 1658 5010 erit
1684 4955 1839 5009 locus
1864 4957 1954 5025 (ut
1989 4954 2049 5008 in

458 5038 792 5119 Apocalypsi
813 5046 1067 5115 legimusi
1098 5062 1207 5117 quo
1227 5046 1467 5100 crudelis
1495 5060 1608 5099 non
1638 5042 1902 5097 desaeviat
1929 5060 2050 5114 per-

459 5139 671 5193 secutio
731 5138 800 5192 Et
842 5137 968 5191 ideo
1012 5152 1126 5189 non
1159 5136 1229 5189 de
1258 5135 1389 5206 fuga
1430 5135 1579 5190 illius
1607 5134 1877 5205 temporis
1902 5134 2050 5187 acci-

458 5228 747 5299 piendum.
775 5226 1000 5298 quando
1029 5224 1215 5279 nescio
1244 5224 1292 5279 si
1334 5240 1565 5295 corpore
1608 5224 1756 5278 ullus
1804 5225 2049 5296 eﬂugere

460 5320 629 5387 queat
648 5317 879 5379 malum,
898 5314 1047 5384 quod
1067 5319 1201 5367 tunc
1223 5313 1279 5366 in
1296 5313 1461 5366 terris
1476 5312 1683 5383 ubique
1698 5313 1822 5368 erit.
1837 5314 2049 5369 Idcirco

460 5403 683 5476 planius
719 5403 791 5457 ad
821 5401 1166 5457 obsidionem
1194 5400 1347 5454 illius
1377 5400 1592 5455 miserae
1633 5400 1891 5469 civitatis,
1925 5419 2049 5474 quae

449 5492 608 5549 dicta
635 5496 768 5548 sunt
810 5491 1122 5557 referimus,
1170 5490 1393 5563 quando
1431 5494 1581 5545 stare
1610 5490 1815 5547 dicitur
1840 5493 1899 5547 in
1928 5493 2048 5547 loco

2129 4434 2280 4491 sunt,
2304 4431 2513 4498 quanto
2543 4423 2723 4495 magis
2751 4422 2810 4476 in
2840 4423 2938 4476 illa
2964 4421 3190 4493 praecipi
3211 4418 3421 4482 debuit,
3445 4430 3555 4486 qum
3583 4404 3685 4463 talis

2129 4521 2187 4571 et
2209 4521 2370 4570 tanta
2400 4515 2589 4568 futura
2627 4510 2996 4567 denuntiatur
3029 4509 3112 4563 illi
3140 4508 3375 4571 civitati,
3407 4501 3573 4576 qualis
3596 4510 3685 4551 non

2129 4604 2237 4659 fuit
2253 4603 2325 4658 ab
2347 4602 2527 4666 initio,
2543 4617 2725 4672 neque
2742 4599 2872 4653 ﬁet?
2887 4599 2957 4653 Et
2978 4597 3026 4652 si
3048 4598 3106 4652 in
3119 4596 3232 4651 ista
3254 4592 3493 4667 speciali,
3511 4588 3683 4660 quanto

2129 4692 2311 4763 magis
2331 4692 2389 4746 in
2410 4690 2505 4744 illa
2520 4687 2769 4758 generali
2787 4686 3165 4752 tribulatione,
3185 4701 3310 4757 quae
3332 4678 3607 4737 novissima
3620 4672 3685 4763 fu:

2129 4758 2258 4836 tura
2277 4786 2365 4835 est
2392 4779 2453 4833 in
2483 4776 2729 4834 Ecclesia
2752 4781 2947 4831 sancta
2968 4775 3071 4829 Dei
3095 4774 3153 4828 in
3180 4778 3300 4828 toto
3330 4770 3460 4825 orbe
3485 4758 3683 4821 diffusa?

2126 4875 2260 4937 99
2276 4877 2308 4934 Ι
2345 4868 2488 4933 Quia
2518 4867 2599 4923 sic
2627 4868 2806 4923 Lucas
2830 4866 2947 4920 hmo
2975 4864 3085 4918 duo
3106 4860 3353 4934 capitula
3382 4859 3449 4913 de
3474 4859 3618 4915 tecto,
3639 4852 3683 4902 et

2130 4960 2199 5015 de
2229 4974 2388 5028 agro,
2423 4974 2489 5012 eo
2518 4957 2639 5011 loco
2668 4972 2900 5010 narrare
2932 4953 3168 5017 videtur,
3199 4957 3264 5006 ut
3301 4946 3513 5022 possint
3536 4937 3684 5028 magis

2129 5049 2201 5102 ad
2222 5024 2360 5101 illud
2385 5046 2650 5101 ultimum
2670 5043 2985 5099 antichristi
3010 5050 3231 5112 tempus
3260 5035 3470 5101 referri,
3494 5024 3682 5104 quando

2132 5135 2397 5192 Pharisaei
2436 5135 2777 5207 quaesierunt
2815 5150 2851 5187 a
2876 5131 3131 5192 Domino,
3166 5127 3388 5200 quando
3420 5121 3682 5207 veniet

2128 5242 2304 5298 gnum
2334 5202 2471 5280 Deii
2502 5225 2618 5279 Nec
2646 5221 2873 5287 mirum,
2893 5219 3201 5292 praesertim
3229 5233 3355 5271 cum
3381 5214 3493 5269 hac
3518 5202 3682 5278 regula

2131 5315 2547 5386 Scripturamm
2568 5312 2660 5378 sit,
2677 5317 2742 5365 ut
2752 5311 2822 5365 de
2832 5310 3073 5364 adventu
3093 5305 3297 5363 Christi
3315 5307 3681 5386 nonnunquam

2130 5385 2515 5458 inditl‘erenter
2528 5402 2810 5472 loquatur,
2824 5399 2958 5454 dum
2978 5396 3278 5469 aliquando
3294 5395 3352 5449 in
3368 5406 3476 5447 una
3493 5385 3683 5479 ead}???

2133 5508 2241 5564 que
2269 5490 2549 5548 sententia
2568 5489 2647 5545 sic
2664 5488 2916 5559 loquitur
2932 5487 3003 5542 de
3021 5485 3200 5559 primo
3225 5483 3462 5539 adventu
3477 5473 3676 5533 Christi,
