3872 6158
200 237 306 296 809

912 241 1292 298 EXPOSITIO
1333 243 1410 298 IN
1447 244 1890 300 MATTH/EUM.
1935 276 1999 287 —
2039 247 2176 302 LIB.
2221 249 2314 317 XI,
2357 249 2514 305 CAP.
2556 250 2752 305 XXIV.

3360 255 3467 312 810

201 366 265 414 ut
295 361 552 431 quaedam
581 362 874 416 referenda
897 364 1014 418 sint
1039 366 1109 418 ad
1139 366 1298 420 illum
1327 367 1610 432 ultimum,
1643 359 1700 422 et
1729 369 1798 422 de
1817 370 2031 439 Aquod
2061 371 2196 425 dicit
2222 371 2510 438 Dominus,
2542 389 2619 427 va:
2643 375 3078 442 praegnantibus,
3102 393 3214 430 non
3241 377 3310 431 de
3333 377 3470 432 feta-

200 447 400 502 ultimo
418 448 499 502 sic
516 454 579 502 ut
599 450 852 520 quaedam
870 452 1162 506 sentiendo.
1176 453 1290 507 sint
1319 455 1388 508 de
1411 455 1609 526 primo.
1639 457 1798 510 Unde

200 538 510 590 cavendum
532 544 618 591 est
636 538 693 591 in
710 539 986 605 omnibus,
1019 557 1088 594 ne
1105 541 1245 596 forte
1265 559 1386 612 quae
1417 544 1484 596 de
1506 545 1686 613 primo
1711 545 1797 597 di-

199 631 406 679 cuntur
433 627 504 678 ad
533 628 843 681 secundum
868 630 1195 692 referamus,
1225 637 1281 684 et
1311 649 1432 701 quae
1456 633 1525 685 de
1554 633 1797 686 secundo

199 714 268 766 ad
309 715 578 784 primum,
631 716 792 769 sicuti
838 717 941 770 hoc
982 719 1102 772 loco
1151 720 1404 773 fecerunt
1448 721 1618 773 etiam
1649 721 1798 774 docti

199 803 321 855 viri.
354 803 779 868 Verumtamen,
798 805 1004 872 utdixi,
1036 805 1172 876 quia
1197 813 1535 877 praeceptum
1566 814 1668 873 est,
1704 809 1798 878 qui

197 891 259 943 in
291 891 486 944 Judaaa
512 897 662 955 sunt,
686 899 749 945 ut
765 893 979 962 fugiant
1001 895 1071 947 ad
1095 902 1335 964 montes,
1364 913 1463 950 seu
1490 903 1708 962 caetera,
1743 903 1799 950 et

199 979 271 1031 ad
292 979 697 1033 desolationem
718 982 931 1051 templi,
952 989 1004 1035 et
1023 984 1091 1035 ad
1109 983 1358 1038 futurum
1385 991 1604 1055 tempus
1635 985 1797 1039 Anti-

200 1067 416 1133 christi,
455 1073 509 1121 et
535 1069 607 1121 ad
636 1085 858 1122 omnem
883 1070 1323 1136 tribulationem,
1358 1090 1479 1142 qua:
1509 1074 1574 1126 fit
1602 1074 1660 1126 in
1690 1072 1798 1127 Ec-

198 1156 370 1209 clesia
387 1156 669 1226 pertinere
690 1163 891 1227 potest,
917 1164 973 1212 et
987 1166 1182 1213 contra
1203 1161 1391 1214 omnia
1406 1161 1799 1216 haereticorum

201 1245 470 1314 dogmata
489 1261 751 1315 perversa
774 1265 786 1313 ;
823 1264 944 1316 quae
972 1265 1099 1302 cum
1112 1249 1415 1304 viderimus
1433 1256 1582 1304 stare
1601 1251 1660 1303 in
1680 1251 1800 1303 loco

203 1339 417 1398 sancto,
452 1333 559 1386 hoc
585 1339 672 1387 est
699 1334 758 1387 in
795 1335 1059 1401 Ecclesia,
1090 1342 1147 1390 et
1192 1353 1251 1390 se
1299 1338 1590 1391 ostendere
1640 1355 1705 1391 ac
1752 1338 1801 1391 si

202 1421 406 1486 Deum,
459 1420 728 1475 debemus
775 1423 845 1476 de
891 1424 1082 1478 Judzea
1128 1423 1318 1495 fugere
1363 1427 1433 1479 ad
1463 1431 1699 1484 montes.
1735 1443 1800 1480 ex

205 1508 410 1578 quibus
430 1509 623 1564 veniat
650 1510 915 1564 auxilium
936 1511 1115 1566 nobis.
1135 1513 1251 1566 Hoc
1271 1520 1373 1578 est,
1392 1515 1626 1567 dimissa
1655 1514 1799 1568 occi-

204 1596 375 1651 dente
403 1598 591 1651 littera
611 1607 669 1653 et
685 1599 917 1653 Judaica
946 1601 1239 1669 pravitate,
1264 1608 1321 1655 et
1349 1603 1800 1673 apprOpinquare

1879 475 2005 512 rum
2031 475 2199 513 onere
2229 460 2380 524 dicit,
2414 477 2596 530 neque
2626 462 2695 515 de
2723 464 3023 531 gravedine
3052 463 3376 530 liberorum,
3408 466 3469 518 in

1880 546 2079 616 quibus
2127 547 2438 601 benedictio
2485 551 2870 613 conﬁrmatur,
2913 553 3010 605 sed
3056 553 3124 606 de
3168 553 3470 622 gravedine

1881 640 2232 704 peccatorum
2265 642 2322 690 et
2349 637 2556 690 ventris
2586 654 2772 702 onere,
2798 656 2925 692 cum
2955 641 3182 708 ﬂagitiis
3213 646 3270 694 et
3295 641 3471 695 scele-

1880 723 2032 776 ribus
2057 730 2477 794 praegravantur
2505 726 2722 779 animae.
2761 727 2972 789 Quibus
3001 729 3256 782 imminet
3284 747 3381 795 vae,
3406 746 3472 784 eo

1880 813 2025 882 quod
2046 814 2347 866 noluerunt
2365 813 2422 866 in
2445 814 2547 866 viri
2564 815 2799 868 formam
2820 816 3079 882 transire,
3098 823 3154 870 et
3172 817 3472 872 virtutibus

1880 900 2152 966 roborari,
2193 901 2291 954 sed
2325 918 2546 971 semper
2575 903 2871 956 muliebria
2891 905 3122 970 sectari;
3156 922 3219 958 ac
3250 922 3350 975 per
3369 908 3475 960 hoc

1881 1005 2036 1059 aeque
2087 990 2156 1042 de
2206 996 2446 1060 utroque
2503 1007 2636 1043 sexu
2681 991 3083 1062 accipiendum,
3118 1010 3242 1046 cum
3280 1000 3475 1063 partus

1882 1077 2093 1147 peccati
2123 1077 2268 1130 male
2299 1079 2566 1143 nutritur,
2601 1086 2658 1132 et
2698 1085 2850 1132 totus
2887 1080 3054 1134 homo
3092 1081 3246 1135 intus
3275 1081 3476 1136 forisve

1883 1165 2127 1235 pessima
2151 1165 2482 1219 delictorum
2519 1166 2811 1220 vexatione
2835 1169 3194 1223 confunditur
3229 1173 3286 1223 et
3331 1185 3476 1240 prie-

1881 1258 2164 1322 gravatur.
2183 1255 2357 1306 Porro
2379 1255 2446 1307 de
2467 1252 2830 1308 tribulatione
2855 1272 2974 1324 quae
3000 1261 3134 1310 tunc
3149 1258 3339 1311 futura
3354 1262 3478 1312 erat

1881 1341 1941 1395 in
1971 1341 2182 1405 Iudaea,
2215 1346 2272 1395 et
2299 1342 2481 1395 adhuc
2509 1342 2699 1395 futura
2727 1348 2812 1395 est
2838 1343 2895 1395 in
2924 1349 3041 1397 toto
3067 1345 3217 1410 orbe,
3245 1346 3364 1414 jam
3385 1360 3479 1398 sa-

1881 1430 1953 1484 tis
1984 1430 2196 1483 dictum
2227 1434 2330 1485 est.
2354 1431 2422 1482 Et
2450 1431 2563 1483 nisi
2595 1431 2827 1482 breviati
2848 1433 3210 1496 fm‘ssentdies
3241 1435 3350 1497 illi,
3366 1448 3481 1485 non

1883 1520 2032 1585 ﬁeret
2068 1521 2222 1570 salva
2263 1519 2444 1570 omnis
2473 1532 2620 1581 caro,
2670 1519 2761 1570 sed
2793 1523 3016 1585 propter
3055 1522 3238 1572 electos
3275 1520 3483 1572 brevia-

1885 1606 2098 1658 buntur
2134 1606 2246 1657 dies
2295 1607 2404 1658 illi.
2439 1603 2695 1658 Diximus
2739 1606 2858 1674 jam
2897 1621 3069 1675 supra
3111 1606 3257 1676 quod
3304 1607 3484 1660 Lucas

204 1685 496 1739 montibus
516 1687 758 1751 aeternis,
778 1687 846 1740 de
868 1688 1070 1757 quibus
1099 1705 1201 1743 nos
1231 1689 1512 1744 illuminet
1534 1690 1805 1744 mirabili-
1827 1677 1872 1735 B
1889 1692 2189 1762 patefaciat
2215 1693 2320 1745 hoc
2350 1693 2490 1758 loco,
2524 1693 2670 1762 quod
2699 1699 2847 1746 esset
2894 1693 3165 1747 incertum
3217 1700 3484 1748 utrumne

205 1778 296 1827 ter
319 1775 633 1842 Dominus;
671 1781 982 1830 etmanere
1018 1783 1239 1847 Oportet
1278 1778 1336 1831 in
1365 1784 1511 1832 tecto
1551 1785 1719 1849 atque
1748 1779 1806 1833 in
1888 1781 1958 1832 ad
2011 1780 2197 1834 saaculi
2247 1781 2439 1845 ﬁnem,
2500 1796 2572 1832 an
2627 1781 2697 1833 ad
2755 1781 3226 1850 expugnationem
3277 1782 3483 1836 Hieru-

207 1861 436 1916 domate
458 1864 699 1917 ccelestis
720 1864 1123 1934 intelligentiae,
1151 1883 1378 1936 quonon
1395 1867 1807 1937 possintignita
1889 1869 2063 1921 salem
2112 1868 2418 1938 pertineret
2489 1868 2637 1938 quod
2709 1867 2920 1921 dictum
2985 1875 3071 1922 est
3137 1870 3206 1922 de
3274 1869 3485 1924 abomi-

209 1949 420 2004 diaboli
444 1952 634 2020 jacula
680 1954 986 2022 pervenire.
1031 1955 1146 2008 Nec
1178 1955 1514 2009 descendere
1550 1956 1809 2010 convenit
1891 1957 2116 2010 natione
2163 1956 2542 2020 desolationis,
2575 1962 2632 2009 et
2687 1957 2836 2026 quod
2882 1956 3094 2014 dictum
3152 1957 3221 2010 de
3281 1957 3482 2012 abbre-

209 2044 264 2092 et
288 2039 490 2092 tollere
522 2041 737 2110 aliquid
765 2041 834 2094 de
881 2042 1046 2094 domo
1076 2043 1511 2097 conversationis
1540 2044 1802 2114 antiquae,
1889 2045 2131 2098 viatione
2185 2045 2404 2098 dierum
2463 2051 2690 2114 propter
2748 2044 2978 2103 electos.
3048 2045 3191 2108 Quia
3245 2047 3349 2100 etsi
3417 2064 3486 2102 ea

208 2144 313 2181 nec
344 2143 597 2198 quazrere
622 2146 744 2199 qua;
772 2135 922 2183 retro
965 2136 1114 2195 sunt,
1168 2132 1266 2184 sed
1310 2131 1488 2202 magis
1536 2149 1722 2186 serere
1749 2133 1810 2186 in
1888 2137 2084 2198 993
2108 2133 2227 2203 ipse
2256 2149 2369 2186 non
2406 2133 2560 2197 dixit,
2593 2132 2734 2185 dixit
2769 2138 2960 2186 tamen
2988 2133 3235 2203 apertius
3263 2135 3375 2188 alia
3415 2136 3486 2190 de

210 2233 348 2286 agro
378 2233 546 2286 quem
571 2217 853 2272 benedixit
879 2218 1170 2286 Dominus,
1201 2225 1264 2274 ut
1290 2220 1536 2275 fructum
1571 2221 1692 2275 vitae
1723 2238 1808 2276 ca.
1893 2222 1997 2275 hoc
2018 2221 2157 2291 ipso,
2192 2237 2314 2290 quae
2335 2237 2507 2290 supra
2535 2225 2749 2284 notare,
2769 2226 2938 2290 atque
2975 2221 3047 2275 ad
3069 2221 3178 2275 ista
3205 2223 3488 2292 pertinere

209 2305 436 2375 piamus
463 2322 531 2359 ex
553 2322 638 2359 eo.
1045 2308 1048 2310 ⁷
1894 2309 2247 2363 monstravit.
2265 2308 2475 2363 Idcirco
2487 2308 2739 2378 quamvis
2750 2309 3055 2362 secundum
3071 2311 3324 2380 regulam
3343 2327 3488 2382 pra:-

293 2396 374 2447 l’ae
403 2399 590 2447 autem
607 2397 1080 2463 pragnantz‘buset
1104 2400 1480 2452 nutrientibus
1502 2399 1815 2451 inillz'sdic-
1895 2397 2104 2462 fatain,
2153 2403 2271 2450 tam
2317 2397 2570 2467 quazdam
2626 2397 2908 2466 pertinere
2964 2403 3173 2467 queant
3213 2398 3284 2452 ad
3326 2399 3489 2454 Anti-

214 2484 334 2534 bus.
372 2482 518 2545 Quia
545 2499 658 2536 non
698 2484 920 2554 expedit
942 2484 1286 2554 fugientibus
1312 2486 1552 2556 gravedo
1580 2485 1809 2552 ventris,
1895 2485 2090 2538 christi
2123 2491 2395 2555 tempora,
2427 2483 2680 2554 quaedam
2706 2485 2776 2538 ad
2803 2485 3146 2539 eversionem
3175 2486 3490 2558 Hierosoly-

213 2575 268 2623 et
309 2585 456 2623 onus
485 2569 789 2624 liberorum
828 2572 1306 2642 parvissimorum.
1338 2575 1532 2644 Neque
1562 2574 1712 2627 enim
1742 2573 1814 2626 ad
1897 2573 2409 2643 morum,quzedam
2430 2572 2500 2625 ad
2518 2577 2842 2642 utrumque,
2866 2589 2978 2626 non
2996 2579 3187 2627 tamen
3207 2573 3491 2644 ambigere

213 2674 341 2710 eam
387 2658 577 2727 fugam
607 2660 944 2714 conveniunt
986 2662 1096 2715 ista
1125 2678 1246 2731 qua:
1278 2662 1423 2715 facta
1470 2666 1554 2714 est
1596 2668 1731 2715 tunc
1756 2662 1814 2714 in
1896 2662 2163 2715 debemus
2192 2661 2414 2732 quando
2456 2677 2648 2714 eversa
2675 2667 2761 2714 est
2801 2661 3172 2724 Hierusalem,
3222 2660 3392 2714 fuisse
3431 2662 3491 2714 in

212 2746 431 2811 Iudaea,
466 2763 647 2817 neque
678 2749 748 2801 ad
795 2765 889 2802 eos
940 2749 1035 2818 qui
1070 2751 1264 2804 volunt
1291 2751 1534 2820 effugere
1570 2750 1816 2820 pericula
1897 2750 1992 2803 illo
2017 2751 2221 2820 populo
2249 2750 2452 2802 electos
2492 2749 2612 2814 Dei,
2642 2749 2737 2818 qui
2767 2765 2832 2802 ex
2861 2748 3279 2802 circumcisione
3310 2749 3492 2802 credi-

211 2833 622 2888 tribulationis.
656 2837 799 2899 Quia
823 2853 901 2890 vae
930 2837 1040 2891 illis
1071 2837 1407 2892 animalibus
1455 2855 1577 2907 qua
1613 2854 1723 2891 non
1755 2839 1814 2890 in
1897 2839 2114 2902 derant,
2149 2838 2261 2891 sive
2288 2837 2514 2890 fuerant
2537 2837 2821 2903 credituri,
2850 2837 3010 2890 electi
3046 2853 3113 2891 ex
3143 2836 3494 2906 praescientia

215 2922 528 2992 perfectum
561 2923 762 2989 virum,
789 2925 1058 2979 virtutum
1097 2929 1355 2996 germina
1393 2927 1811 2997 produxerunt;
1843 2927 1998 2997 “Dei
2028 2931 2157 2979 ante
2190 2925 2386 2978 mundi
2432 2925 2906 2987 constitutionem,
2948 2929 3177 2995 pr0pter
3207 2941 3346 2995 quos
3373 2925 3495 2978 bre-

217 2984 342 3080 quae
363 3028 480 3065 non
503 3012 610 3065 nisi
641 2984 801 3066 initia
825 3013 1034 3068 habent
1059 2984 1207 3077 ﬁdei,
1239 3021 1304 3068 ut
1342 2984 1485 3068 lacte
1527 2984 1818 3084 indigeant
1839 2984 1883 3044 δ’
1899 3015 2186 3068 viarentur
2216 3014 2335 3067 dies
2362 3013 2463 3078 illi,
2496 3021 2561 3066 ut
2586 2984 2902 3067 tolerabilia
2924 2984 3074 3066 mala
3095 2984 3315 3070 fierent.
3339 3014 3498 3069 Sicut

215 3100 645 3168 magistrorum.
690 3102 758 3154 Et
796 3108 981 3172 potest
1026 3103 1136 3156 dici
1165 3103 1313 3174 quod
1342 3102 1400 3156 in
1430 3103 1816 3174 persecutione
1900 3103 2032 3157 etin
2047 3101 2394 3172 temporibus
2413 3101 2746 3154 Antichristi
2763 3101 3215 3167 fiendum,nemo
3246 3101 3341 3172 qui
3373 3119 3496 3156 am-

213 3188 574 3254 Antichristi,
603 3189 748 3242 sicut
777 3206 878 3243 nec
906 3189 967 3243 in
1014 3191 1269 3244 Romana
1305 3191 1644 3261 captivitate,
1675 3208 1816 3262 prae-
1898 3189 2088 3260 bigat;
2131 3190 2278 3259 quod
2307 3194 2364 3242 et
2389 3190 2633 3242 Joannes
2652 3189 2710 3242 in
2738 3189 3072 3260 Apocalypsi
3091 3206 3194 3244 sua
3226 3190 3493 3246 declarat.

215 3283 461 3346 gnantes
484 3283 540 3331 et
559 3278 873 3332 nutrientes
893 3279 1040 3332 uteri
1069 3285 1125 3332 et
1154 3280 1396 3333 ﬁliorum
1427 3280 1646 3334 sarcina
1675 3297 1817 3350 prae-
1900 3278 2009 3332 Sed
2039 3277 2400 3347 quaerendum
2431 3277 2710 3347 quomodo
2753 3277 3040 3330 breviandi
3090 3279 3351 3333 dicantur
3389 3280 3496 3350 ipsi

214 3364 438 3433 gravati
467 3365 783 3436 expeditam
812 3367 1110 3437 quiverunt
1139 3367 1334 3437 fugam
1365 3367 1590 3434 habere,
1606 3373 1662 3421 et
1691 3368 1816 3421 ideo
1899 3367 2017 3419 dies
2042 3384 2053 3432 ;
2101 3370 2292 3419 utrum
2330 3381 2567 3418 numero
2613 3364 2846 3444 breviati
2877 3369 3010 3418 sunt
3035 3371 3136 3419 aut
3160 3365 3496 3420 breviabun-

217 3454 482 3523 sequitur
507 3471 518 3506 :
545 3454 709 3508 Orate
726 3461 910 3508 autem
929 3461 993 3508 ut
1021 3472 1133 3508 non
1153 3459 1251 3522 ﬁat
1274 3458 1409 3524 fuga
1427 3461 1618 3519 992
1639 3461 1816 3509 vestra
1898 3460 1994 3507 tur
2019 3454 2184 3522 (sicut
2215 3453 2443 3523 quidam
2475 3452 2835 3516 existimant),
2870 3469 2943 3506 an
2971 3453 3050 3506 sic
3093 3453 3496 3509 breviabuntur

218 3541 396 3594 hieme
414 3545 496 3594 vel
517 3542 765 3596 Sabbato.
791 3542 934 3606 Quia
953 3543 1011 3596 in
1031 3544 1214 3598 hieme
1236 3545 1509 3614 asperitas
1538 3544 1819 3598 etduritia
1900 3543 2017 3596 suis
2055 3542 2250 3612 spatiis
2297 3540 2404 3610 ipsi
2442 3541 2582 3606 dies,
2623 3541 2769 3594 sicut
2793 3540 2940 3594 facta
2969 3546 3074 3606 est,
3125 3548 3322 3597 orante
3361 3544 3496 3597 Jesu

217 3629 466 3699 frigoris,
503 3630 572 3682 ad
603 3630 932 3684 solitudines
956 3631 1196 3685 velocius
1220 3633 1506 3701 fugere,et
1530 3633 1589 3685 in
1611 3632 1817 3685 monti-
1900 3631 2070 3696 Nave,
2124 3629 2343 3698 longior
2387 3629 2550 3681 dies?
2597 3628 2967 3698 Nequaquam
3015 3629 3191 3697 igitur
3229 3630 3332 3683 hoc
3356 3635 3493 3700 puto

219 3716 321 3771 bus
353 3717 707 3787 desertisque
737 3719 871 3772 locis
900 3719 1124 3773 latitare
1150 3737 1261 3773 non
1283 3720 1576 3790 permittit.
1597 3721 1662 3773 In
1684 3719 1819 3773 Sab-
1900 3719 2047 3788 quod
2077 3717 2318 3771 debeant
2345 3721 2632 3770 momenta
2658 3721 2978 3785 temporum
3009 3716 3234 3782 mutari,
3261 3733 3325 3770 eo
3345 3717 3492 3788 quod

216 3804 350 3859 bato
379 3822 532 3868 vero,
563 3812 663 3859 aut
685 3807 1026 3876 trangressio
1055 3807 1193 3877 legis
1219 3809 1345 3873 erit,
1376 3809 1422 3861 si
1452 3808 1601 3861 exire
1631 3808 1702 3860 ad
1729 3807 1817 3860 fu-
1900 3806 2168 3875 scriptum
2198 3804 2436 3874 legimus
2473 3819 2484 3852 :
2516 3805 2875 3858 Ordinatione
2908 3809 3004 3856 tua
3028 3810 3334 3870 perseverat
3353 3807 3488 3858 dies.

217 3909 350 3962 gam
382 3894 683 3963 voluerint,
705 3900 979 3967 autJnors
1005 3896 1323 3962 imminens,
1349 3897 1394 3950 si
1423 3895 1812 3950 remanserint.
1899 3895 2204 3964 Propterea
2218 3891 2418 3946 melius
2429 3893 2918 3961 juxtatemporum
2940 3891 3268 3961 qualitatem
3285 3892 3493 3948 sentire

220 3981 383 4043 Quod
413 3989 756 4052 praeceptum
795 3987 852 4036 et
887 3985 958 4037 ad
989 3984 1265 4038 excidium
1302 3985 1815 4054 Hierosolymorum
1901 3981 2188 4046 debemus,
2219 3978 2566 4032 abbreviatos
2591 3978 2726 4042 dies,
2763 3994 2876 4031 non
2908 3995 3174 4033 mensura
3198 3979 3488 4046 horarum,

219 4071 490 4140 pertinet,
523 4076 581 4124 et
609 4071 679 4125 ad
723 4071 1055 4126 Antichristi
1090 4078 1365 4142 tempora,
1399 4089 1613 4125 necnon
1662 4077 1718 4125 et
1747 4071 1818 4124 ad
1901 4070 1998 4123 sed
2027 4084 2291 4135 numero;
2326 4084 2438 4121 non
2487 4067 2634 4136 quod
2663 4066 2733 4120 de
2763 4082 2930 4120 cursu
2960 4067 3230 4145 temporis
3258 4068 3494 4124 detracti

217 4158 414 4227 fugam
436 4159 626 4212 saeculi
649 4159 804 4212 omni
819 4159 1158 4226 Christiano;
1178 4177 1249 4214 ne
1276 4166 1411 4214 tunc
1436 4159 1663 4230 incipiat
1681 4159 1819 4212 velle
1901 4159 2032 4224 sint,
2052 4158 2150 4212 sed
2170 4157 2301 4228 quia
2320 4173 2385 4210 ex
2403 4155 2670 4226 qualitate
2686 4154 2991 4208 imminuti.
3013 4156 3158 4209 Nam
3174 4161 3232 4209 et
3249 4156 3493 4211 Ezechiae

217 4244 435 4316 fugere,
483 4247 707 4317 quando
751 4249 873 4316 jam
906 4263 1018 4300 non
1066 4247 1213 4314 licet,
1261 4248 1346 4301 vel
1387 4247 1608 4317 quando
1647 4246 1821 4300 nimia
1836 4298 1882 4317 π
1903 4246 2218 4317 quindecim
2240 4244 2389 4299 aucti
2406 4245 2668 4297 dicuntur
2687 4243 2840 4310 anni,
2862 4259 2976 4297 non
2998 4244 3069 4297 ad
3090 4261 3316 4298 cursum
3341 4249 3458 4298 tem
3481 4272 3497 4284 ο

217 4298 450 4404 pr:ssus
496 4298 799 4404 asperitate
845 4298 1282 4405 aegritudinis'et
1323 4298 1671 4401 infidelitate,
1699 4298 1884 4404 jamD
1902 4298 2071 4406 poris,
2091 4335 2188 4388 sed
2206 4335 2277 4399 ei,
2300 4333 2388 4387 cui
2419 4331 2592 4386 futuri
2632 4337 2796 4384 erant
2823 4331 2955 4384 anni
2977 4332 3048 4385 ad
3071 4332 3245 4386 vitam
3277 4333 3490 4390 donati.

219 4438 334 4475 non
356 4423 552 4492 possit.
579 4423 813 4477 Constat
839 4423 1011 4492 igitur
1033 4425 1151 4477 haec
1178 4431 1456 4494 praecepta
1483 4425 1659 4493 magis
1689 4440 1820 4493 pro-
1904 4425 1994 4479 Sic
2015 4425 2220 4494 quippe
2236 4427 2291 4475 et
2309 4423 2367 4475 in
2381 4419 2860 4474 benedictionibus
2873 4419 3104 4473 dicitur:
3131 4422 3492 4488 Longitudine

219 4509 548 4564 verbialiter
561 4510 741 4576 dicta;
780 4511 911 4581 quia
938 4513 1204 4566 nonnulla
1232 4529 1424 4566 eorum
1453 4513 1522 4565 ad
1550 4512 1817 4577 litteram,

219 4614 327 4652 nec
356 4600 636 4654 rationem
663 4600 794 4654 facti
814 4600 1060 4671 dictique
1073 4601 1351 4671 recipiunt
1379 4601 1702 4664 humanam,
1719 4617 1822 4654 nec

219 4685 659 4758 intelligentiam
689 4688 954 4742 divinam.
999 4689 1266 4752 Quaenam
1304 4689 1446 4742 ratio
1476 4695 1562 4742 est
1587 4705 1700 4742 non
1728 4689 1822 4742 de-

221 4775 491 4829 scendere
512 4776 584 4829 de
603 4780 749 4829 tecto
769 4793 897 4830 cum
919 4793 1022 4830 nec
1043 4776 1197 4830 abire
1218 4777 1424 4847 poterit
1434 4793 1534 4830 nec
1554 4777 1816 4847 effugere,

223 4862 271 4914 si
302 4863 366 4916 in
389 4868 537 4917 tecto
569 4870 668 4918 aut
695 4865 753 4917 in
782 4865 947 4918 domo
985 4866 1324 4935 persteterit,
1358 4865 1478 4919 etsi
1507 4865 1563 4918 in
1583 4865 1820 4919 Sabbato

220 4951 312 5004 vel
340 4951 525 5005 hieme
563 4953 695 5022 fuga
731 4953 1061 5023 contigerit;
1094 4971 1204 5008 non
1234 4955 1425 5008 littera
1454 4953 1815 5018 observanda,

223 5039 325 5092 sed
348 5041 637 5094 moralitas
657 5057 841 5096 rerum
856 5058 1077 5113 semper
1100 5043 1159 5096 in
1176 5041 1434 5096 omnibus
1453 5042 1816 5096 observanda.

221 5127 316 5182 Ita
351 5133 410 5180 et
436 5144 562 5182 cum
587 5129 669 5182 ait
699 5147 711 5180 :
759 5130 833 5182 νιυ
877 5131 1315 5197 praegnantibus,
1351 5129 1821 5183 considerandum

222 5215 372 5286 quid
392 5215 637 5269 conditio
649 5233 810 5270 sexus
822 5217 1263 5286 etgenerationis
1279 5217 1414 5270 ordo
1427 5217 1819 5287 promeruerit.

221 5304 274 5358 Ν
281 5304 357 5356 isi
388 5303 548 5368 forte,
571 5305 701 5375 quia
727 5325 894 5362 sexus
924 5313 981 5361 et
1002 5311 1134 5362 aetas
1165 5307 1463 5360 mulierum
1494 5307 1553 5359 in
1578 5306 1676 5358 tali
1694 5305 1826 5358 inci-

225 5392 424 5445 derint
450 5398 699 5463 tempore
732 5412 841 5466 quo
883 5396 1104 5467 proprie
1147 5395 1222 5450 sit
1262 5412 1457 5450 earum
1485 5393 1821 5458 maledictio,

224 5494 351 5534 non
386 5496 448 5535 ex
489 5474 668 5552 culpa,
703 5484 852 5554 quod
892 5484 1056 5547 absit.
1096 5485 1195 5540 sed
1224 5500 1288 5539 ex
1333 5489 1552 5539 eventu.
1606 5483 1673 5537 Et
1700 5481 1824 5537 ideo

517 5578 778 5643 PATROL.
809 5579 988 5644 CXX.

1903 4515 2122 4566 dierum
2142 4511 2447 4578 adimplebo
2463 4526 2525 4562 eu
2535 4526 2586 4561 m
2605 4510 2772 4579 (Psal.
2790 4525 2874 4572 xc,
2898 4508 2923 4560 1
2936 4507 2988 4576 6)
3007 4527 3018 4573 ;
3044 4508 3176 4578 quia
3194 4508 3328 4562 dum
3347 4508 3496 4562 bona

1901 4601 2018 4654 vita
2032 4599 2266 4670 quisque
2286 4597 2641 4666 adimpletur,
2658 4597 2856 4665 plenus
2883 4595 3101 4649 dierum
3129 4613 3249 4650 esse
3267 4597 3490 4651 dicitur.

1904 4690 1974 4742 Et
1997 4689 2122 4741 ideo
2147 4703 2272 4740 cum
2318 4686 2468 4738 mala
2491 4684 2711 4737 dierum
2742 4684 2966 4738 illorum
3011 4684 3352 4750 breviantur,
3385 4686 3495 4756 ipsi

1904 4777 2023 4830 dies
2043 4777 2170 4846 jure
2198 4773 2427 4827 breviati
2453 4772 2734 4825 dicuntur.
2769 4771 3046 4826 Dicuntur
3089 4773 3238 4826 enim
3283 4779 3340 4827 et
3377 4773 3495 4827 dies

1903 4865 2037 4919 mali
2065 4865 2122 4917 in
2155 4861 2458 4932 Scripturis
2479 4859 2696 4922 divinis,
2724 4876 2836 4912 non
2861 4861 3009 4930 quod
3031 4877 3132 4930 per
3151 4879 3210 4915 se
3240 4861 3347 4932 ipsi
3375 4862 3494 4916 dies

1903 4953 2037 5006 mali
2065 4953 2196 5014 sint,
2230 4950 2326 5004 sed
2357 4966 2424 5003 ca
2452 4955 2585 5001 sunt
2622 4948 2769 5001 mala
2799 4964 2920 5018 quae
2949 4949 3090 5003 ﬁunt
3118 4949 3175 5002 in
3205 4949 3310 5006 eis.
3350 4950 3492 5020 Ergo

1903 5058 2029 5096 cum
2059 5041 2179 5110 ipsa
2204 5037 2676 5108 repromittuntur
2700 5035 3032 5103 abbreviari,
3058 5043 3121 5090 ut
3144 5038 3257 5092 Deo
3285 5038 3495 5092 donan-

1903 5136 1979 5195 te,
2011 5129 2207 5181 saltem
2239 5143 2338 5196 per
2367 5124 2746 5189 tolerantiam,
2778 5125 2963 5179 minus
2987 5126 3304 5179 sentiantur
3333 5125 3489 5192 mali,

1905 5232 2016 5270 non
2033 5215 2313 5268 immerito
2336 5212 2861 5278 breviatidicuntur,
2886 5229 3014 5266 cum
3042 5213 3278 5282 qualitas
3299 5230 3495 5270 eorum

1905 5305 2257 5367 immutatur,
2291 5306 2354 5354 ut
2394 5300 2490 5371 qui
2522 5300 2655 5353 mali
2692 5300 2868 5354 futuri
2906 5305 3085 5363 erant,
3127 5301 3235 5354 nisi
3291 5319 3326 5355 a
3381 5303 3495 5357 Deo

1906 5391 2310 5454 breviarentur,
2343 5389 2476 5443 boni
2515 5395 2572 5442 et
2617 5389 2909 5460 tranquilli
2954 5391 3113 5442 fiant.
3149 5390 3235 5455 Et,
3269 5396 3333 5444 ut
3359 5391 3493 5454 dixi,

1910 5481 2086 5535 Lucas
2108 5479 2215 5534 ista
2236 5494 2348 5534 non
2369 5477 2526 5546 dixit,
2552 5477 2649 5533 sed
2672 5477 2966 5534 Mattheus
2998 5483 3053 5532 et
3083 5477 3332 5534 Marcus:
3360 5494 3498 5548 quos

3181 5577 3261 5661 26.
