3872 6158
461 314 567 372 815
1236 306 1292 361 S.
1333 301 1713 359 PASCHASII
1749 297 2111 356 RADBERTI
2149 298 2454 357 ABBATIS
2491 298 2987 356 CORBEIENSIS.
3544 307 3620 365 816

458 453 587 493 cere
600 435 796 491 ﬁdem:
828 435 937 489 Nos
963 433 1063 501 qui
1078 432 1334 494 vivimus,
1359 430 1458 496 qui
1475 427 1689 479 residui
1698 440 1909 490 sumus,
1934 439 2047 477 non
2063 423 2412 493 Ajudicatus
2441 428 2544 491 est,
2578 429 2636 479 et
2654 423 2804 478 unde
2835 422 2995 477 abiit.
3032 420 3227 477 Nescio
3273 422 3434 494 itaque
3457 426 3496 479 si
3515 429 3626 485 ullus

452 528 853 595 prmeniemus
872 538 955 576 eos
983 523 1083 589 qui
1100 520 1469 580 dormierunt,
1487 516 1578 567 sed
1591 516 1761 567 simul
1780 529 1907 567 cum
1936 515 2051 566 illis
2131 512 2327 582 possit,
2364 517 2462 567 aut
2485 512 2618 565 velit
2655 516 2928 575 astruere,
2961 510 3009 563 si
3031 511 3232 564 Paulus
3260 516 3311 565 et
3334 514 3488 567 czeteri
3511 533 3630 571 sum-

458 618 525 667 in
544 615 779 668 nubibus
801 612 1022 667 obviam
1037 609 1269 661 Domino
1288 604 1628 671 rapiemur(1
1656 603 1828 655 Thess.
1847 616 1920 661 1v,
1943 600 2047 670 16).
2133 601 2212 653 mi
2232 601 2431 667 sancti,
2465 600 2719 671 rapiendi
2737 605 2871 653 sunt
2892 615 3139 662 sursum,
3162 598 3376 667 obviam,
3396 603 3516 671 quod
3540 621 3630 658 om-

454 703 527 757 Et
552 702 678 755 ideo
708 716 819 753 non
848 697 1003 760 dixit,
1031 693 1349 761 ubicunque
1389 695 1585 754 999
1628 690 1800 744 fuerit
1826 705 2047 758 corpus,
2133 704 2231 741 nes
2260 689 2430 742 simili
2470 689 2654 753 modo,
2688 694 2819 741 ante
2849 686 3127 757 judicium
3163 693 3439 758 peractum,
3466 691 3631 746 elevan-

452 789 571 843 illic
618 784 1107 856 congregabuntur
1132 780 1380 833 vultures
1418 784 1475 832 et
1504 778 1671 845 corvi,
1720 778 1817 832 sed
1859 778 2050 830 volens
2130 777 2186 830 di
2217 777 2330 831 sint
2367 794 2401 831 a
2427 782 2600 842 terra,
2630 782 2688 830 et
2732 775 2975 829 debeant
3019 775 3102 828 ire
3134 792 3433 847 quocunque
3457 780 3526 843 (ut
3546 780 3636 849 qui-

453 876 749 931 ostendere
778 873 980 926 electos
1009 885 1159 936 suos,
1193 883 1433 938 quorum
1460 867 1727 936 juventus
1758 870 1821 919 ut
1847 865 2048 935 aquilae
2129 866 2260 919 dam
2275 864 2939 935 volunt)judicandi.Sed,
2960 868 3023 917 ut
3042 863 3301 918 Isaiasait
3321 866 3638 920 :Dominusad

450 964 637 1019 fuerat
677 962 959 1026 innovata,
993 972 1198 1028 eosque
1244 954 1572 1025 magniﬁcos
1615 958 2048 1024 praemonstrans
2124 955 2408 1022 judicium
2424 956 2600 1007 veniet
2619 969 2746 1006 cum
2769 953 2990 1006 senibus
3014 955 3211 1021 populi
3228 955 3313 1005 sui
3335 954 3446 1020 (Isa.
3473 959 3535 1019 lii,
3563 953 3637 1023 14).

449 1051 603 1105 ultra
641 1064 835 1103 omnes
864 1062 1012 1111 aves,
1045 1042 1297 1104 eximios,
1329 1042 1522 1112 quales
1551 1042 1672 1095 Vult
1701 1058 1824 1095 esse
1857 1056 2050 1094 omnes
2134 1041 2585 1112 Caeterum,quod
2610 1040 2706 1095 alii
2737 1040 2930 1094 dicunt
2958 1039 3055 1094 ubi
3074 1038 3643 1111 fuerintcorporainmo-

449 1139 548 1212 qui
577 1136 913 1192 commortui
940 1139 999 1188 et
1025 1132 1357 1204 consepulti,
1390 1136 1819 1185 resurrexerunt
1837 1146 1965 1183 cum
1982 1146 2047 1184 eo
2132 1130 2435 1195 numentis,
2464 1135 2564 1183 aut
2582 1129 2641 1183 in
2669 1134 2840 1195 terra,
2872 1128 2988 1181 illic
3008 1128 3209 1182 animae
3228 1134 3446 1183 venturae
3468 1129 3573 1195 sint,
3604 1136 3645 1184 et

451 1228 525 1282 ad
553 1227 745 1281 vitam.
781 1223 996 1293 Quibus
1013 1221 1237 1293 proprie
1257 1224 1407 1275 recte
1427 1219 1599 1273 dicit:
1628 1220 1727 1274 Ubi
1739 1221 1910 1286 fuerit
1934 1235 2050 1273 cor-
2129 1218 2356 1289 propria
2384 1234 2620 1289 corpora
2652 1223 2991 1287 recepturae;
3024 1217 3276 1287 quamvis
3301 1232 3472 1270 verum
3501 1219 3561 1271 sit
3588 1218 3648 1272 ita

439 1332 549 1387 pus
568 1316 691 1369 illic
708 1313 1189 1380 congregabantur
1214 1313 1262 1362 et
1289 1311 1508 1377 aquila.
1542 1306 2051 1377 Congregabuntur
2130 1322 2271 1372 esse,
2303 1322 2417 1360 non
2440 1311 2633 1360 tamen
2672 1320 3018 1376 consequens
3056 1301 3151 1359 est
3179 1309 3242 1359 ut
3286 1305 3382 1359 hoc
3421 1304 3523 1359 loco
3550 1305 3649 1360 inde

446 1410 641 1459 autem
663 1400 818 1467 dicit,
849 1398 980 1469 quia
1008 1396 1338 1467 angelorum
1357 1395 1554 1449 ofﬁciis
1569 1395 1919 1448 deducentur
1940 1395 2050 1449 for-
2129 1395 2279 1448 istud
2297 1395 2535 1449 dicatur.

444 1497 504 1545 te
533 1491 606 1545 ad
630 1490 817 1543 locum
857 1485 1134 1558 passionis
1173 1483 1400 1549 Christi,
1428 1500 1538 1554 quo
1562 1483 1935 1537 descensurus
1964 1487 2050 1537 est
2198 1482 2403 1538 Statim
2434 1487 2623 1536 autem
2638 1488 2756 1550 post
2788 1483 3209 1536 tribulationem
3235 1483 3440 1535 dierum
3467 1482 3650 1535 illorum

448 1579 522 1634 ad
547 1583 748 1644 terras,
778 1575 911 1646 quia
937 1574 1068 1627 inde
1091 1571 1248 1639 abiit,
1281 1576 1339 1626 et
1360 1571 1437 1625 ibi
1452 1571 1808 1641 judicaturus
1840 1575 1943 1635 est,
1984 1575 2050 1624 ut
2128 1573 2206 1624 sol
2233 1572 2637 1637 obscurabitur,
2670 1576 2718 1624 et
2752 1573 2891 1624 luna
2920 1585 3033 1624 non
3062 1570 3216 1624 dabit
3245 1572 3420 1623 lumen
3443 1584 3594 1633 suum,
3618 1572 3653 1621 et

440 1668 564 1738 jam
590 1680 764 1736 supra
789 1662 920 1729 dixi,
949 1662 1099 1732 quod
1126 1666 1185 1714 et
1228 1660 1393 1714 multi
1422 1659 1819 1713 credunt.lnde
1838 1658 1887 1711 si
1917 1658 2105 1738 qui—_
2130 1662 2298 1713 stellae
2326 1660 2519 1713 cadent
2546 1660 2610 1712 de
2639 1661 2783 1723 caelo,
2816 1663 2864 1711 et
2895 1661 3129 1712 virtutes
3157 1661 3401 1713 calorum
3426 1671 3658 1710 commou-

446 1727 578 1809 dem
595 1727 894 1808 etsanctus
908 1727 1159 1816 Hilarius
1185 1748 1282 1802 ait:
1309 1747 1592 1801 Claritatis
1623 1749 1672 1817 ej
1682 1764 1745 1800 us
1774 1747 2045 1800 adventus
2061 1727 2108 1787 Β
2131 1749 2359 1813 buntur,
2385 1752 2432 1801 et
2456 1751 2589 1800 tunc
2609 1747 2827 1815 parebit
2853 1749 3081 1814 signum
3103 1748 3215 1815 ﬁlii
3229 1747 3451 1799 hominis
3476 1747 3531 1798 in
3545 1747 3654 1797 calo.

2132 1835 2239 1889 Ubi
2289 1834 2535 1889 ostendit
2568 1839 2695 1905 post
2720 1833 3112 1888 tribulationes
3143 1833 3456 1888 Antichristi
3476 1847 3660 1903 parvum

2132 1930 2357 1994 tempus
2385 1924 2661 1989 futurum,
2693 1938 2822 1976 cum
2849 1922 2931 1975 ait
2969 1922 3183 1987 statim,
3223 1937 3492 1993 quousque
3515 1920 3660 1973 veniat

2130 2012 2249 2065 dies
2273 2011 2491 2081 judicii.
2526 2011 2792 2074 Quamvis
2820 2011 3049 2081 quidam
3078 2010 3215 2065 velit
3259 2010 3545 2080 intelligere
3566 2012 3663 2080 post

2129 2100 2551 2155 tribulationem
2568 2099 2948 2170 apostolorum
2960 2099 3351 2169 parvissimum
3366 2097 3663 2151 intervallum

2129 2188 2401 2254 futurum,
2447 2188 2625 2242 donec
2655 2188 2714 2240 in
2744 2187 3046 2241 vindictam
3070 2189 3254 2242 crucis
3282 2185 3477 2241 Christi
3492 2184 3665 2238 veniret

444 1842 560 1897 illic
584 1836 1115 1912 exspectabitur,ubi
1134 1835 1295 1889 nobis
1306 1835 1545 1906 gloriam
1564 1834 1894 1889 aeternitatis
1916 1830 2048 1905 pas-

443 1932 602 1985 sione
620 1944 900 1999 corporeae
913 1924 1266 1990 humilitatis,
1301 1928 1567 1994 cperatus
1593 1924 1849 1977 est.Nam
1869 1928 1927 1977 et
1944 1924 2050 1977 Lu-

441 2036 534 2074 cas
554 2017 805 2089 apertius
833 2016 940 2071 hoc
965 2014 1046 2069 ita
1074 2029 1195 2066 esse
1219 2012 1441 2066 videtur
1470 2012 1924 2077 ostendere,cum
1944 2011 2044 2075 ait,

446 2106 595 2178 quod
644 2105 1058 2174 interrogantes
1095 2099 1373 2171 discipuli,
1410 2101 1507 2154 Ubi
1536 2102 1766 2153 Domine
1793 2106 1817 2152 Ρ
1844 2098 2047 2169 quibus

441 2194 751 2249 Dominus:
804 2194 902 2247 Ubi
942 2193 1119 2258 fuerit
1175 2204 1371 2257 corpus
1410 2191 1531 2242 illic
1563 2189 2047 2255 congregabantur

441 2285 642 2351 aquilas
677 2281 830 2348 (Luc.
894 2293 1030 2344 xvn,
1084 2278 1194 2347 37).
1237 2278 1470 2332 Certum
1511 2274 1718 2345 quippe
1766 2280 1870 2341 est,
1915 2274 2047 2345 quia

438 2368 678 2440 apostoli
708 2368 777 2422 de
797 2368 916 2421 loco
942 2367 1310 2436 interrogant.
1336 2364 1496 2428 Quod
1526 2363 1660 2416 siad
1693 2380 1758 2417 ea
1787 2380 1911 2434 quae
1932 2364 2044 2417 Lu-

438 2473 534 2512 cas
564 2456 850 2527 praemisit,
874 2455 1101 2510 dicunt:
1124 2455 1222 2509 Ubi
1248 2455 1500 2520 Domine,
1534 2470 1662 2507 cum
1697 2453 1779 2506 ait
1806 2470 1816 2504 :
1860 2454 2045 2506 Erunt

435 2546 544 2600 duo
570 2548 635 2598 in
659 2560 814 2613 agro,
840 2560 987 2597 unus
1029 2547 1365 2607 assumetur,
1402 2547 1451 2595 et
1498 2545 1641 2595 alter
1672 2544 2040 2609 relinquetur,

433 2631 584 2686 idem
612 2637 716 2686 est.
751 2632 897 2696 Quia
914 2632 1020 2685 hoc
1035 2631 1409 2700 interrogant,
1434 2646 1545 2701 quo
1576 2628 1945 2683 assumendus
1973 2628 2048 2681 sit
2128 2629 2441 2701 praesertim
2453 2645 2580 2683 cum
2592 2628 2765 2682 Isaias
2779 2628 2928 2682 dicat
2949 2645 2962 2682 :
2980 2630 3122 2696 Quia
3141 2632 3250 2683 erit
3274 2632 3372 2683 tua:
3388 2630 3537 2693 luna,
3560 2627 3671 2679 sicut

433 2720 532 2776 ille
556 2738 721 2787 unus,
766 2725 824 2774 et
851 2720 1123 2776 Dominus
1149 2738 1161 2773 :
1203 2720 1302 2773 Ubi
1324 2720 1502 2785 fuerit
1537 2734 1751 2786 corpus,
1774 2720 1893 2771 illic
1912 2732 2046 2771 con-
2132 2720 2556 2782 luxsolis,ctlua:
2569 2718 2700 2770 solis
2718 2719 2859 2770 sicut
2873 2718 3184 2785 lumseptem
3197 2718 3417 2770 dierum
3442 2717 3552 2782 (Isa.
3571 2727 3668 2774 ω,

436 2812 821 2879 gregabuntur
866 2812 1087 2878 aquila,
1147 2822 1387 2877 quarum
1443 2806 1763 2876 aquilarum
1828 2804 2035 2870 unitas,
2121 2804 2365 2875 26).Etsi
2392 2805 2511 2858 haec
2554 2805 2725 2858 aliam
2762 2803 3291 2874 interpretationem
3328 2803 3557 2874 recipere
3580 2815 3676 2871 pos-

435 2898 772 2953 universitas
799 2902 887 2951 est
913 2900 1257 2959 sanctorum,
1290 2893 1387 2965 qui
1414 2893 1648 2963 remigio
1669 2893 1885 2946 alarum
1908 2909 2039 2946 sua—
2122 2894 2252 2960 sint,
2286 2909 2643 2964 nequaquam
2672 2893 2847 2946 stella:
2875 2892 2945 2946 de
2983 2893 3121 2946 coelo
3175 2898 3329 2947 recte
3369 2891 3553 2945 cadere
3588 2903 3676 2941 cre-

438 3002 568 3041 rum
593 2984 861 3049 subvecti,
891 2983 953 3037 in
993 2981 1201 3037 Christi
1228 2997 1459 3051 corpore
1486 2981 1788 3035 sociantur.
1820 2981 1890 3033 Et
1915 2980 2039 3035 ideo
2122 2983 2364 3049 duntur;
2393 2981 2491 3035 sed
2518 2981 2580 3034 in
2606 2980 3026 3051 comparatione
3045 2997 3192 3035 verae
3221 2980 3381 3045 lucis,
3407 2978 3578 3034 omnia
3599 2991 3681 3030 om-

440 3070 864 3127 irrationalibus
910 3070 1102 3124 avibus
1149 3069 1322 3123 sumit
1367 3069 1705 3140 exemplum,
1749 3085 1872 3140 quae
1898 3084 2102 3147 non--C
2122 3072 2307 3125 lorum
2334 3069 2638 3123 luminaria
2660 3070 2739 3123 sic
2759 3070 2952 3124 futura
2970 3070 3383 3141 prophetantur
3411 3084 3444 3122 a
3461 3065 3677 3128 Domino,

440 3175 735 3230 nunquam
770 3157 960 3224 etiam,
984 3163 1147 3212 trans
1175 3156 1355 3211 maria
1375 3156 1684 3211 odorantur
1721 3162 1778 3210 et
1826 3155 2043 3226 conspi-
2124 3175 2190 3213 ac
2212 3159 2260 3212 si
2287 3157 2603 3212 tenebrosa.
2628 3159 2755 3212 Non
2783 3156 2843 3211 in
2859 3175 2964 3212 sua
2993 3158 3328 3224 natura,sed
3356 3157 3426 3211 ad
3450 3155 3685 3225 fulgorem

442 3247 600 3303 ciunt
641 3246 932 3312 cadavera,
966 3246 1038 3300 ad
1067 3262 1191 3317 quae
1234 3244 1579 3298 transvolare
1619 3260 1732 3298 non
1762 3245 1936 3315 piget,
1978 3248 2043 3298 ut
2125 3252 2347 3302 aeterna:
2374 3246 2516 3301 lucis
2544 3250 2872 3317 comparata
2896 3246 3058 3300 valde
3081 3245 3324 3300 obscura
3348 3250 3525 3300 erunt.
3555 3239 3685 3307 Quod

442 3333 747 3389 multitudo
775 3333 1121 3388 credentium
1142 3333 1319 3388 multo
1339 3333 1518 3404 magis
1534 3332 1800 3386 festinare
1815 3349 1927 3386 non
1946 3332 2046 3386 du-
2127 3336 2175 3390 si
2196 3336 2280 3389 sol
2318 3334 2444 3401 iste,
2478 3334 2575 3404 qui
2600 3350 2749 3387 nunc
2777 3350 2878 3405 per
2897 3338 3083 3388 totum
3115 3333 3314 3389 orbem
3342 3333 3532 3388 rutilat
3547 3336 3597 3385 et
3617 3343 3688 3383 re-

441 3422 585 3477 bitet
615 3422 686 3477 ad
724 3438 874 3489 eum,
923 3423 1083 3492 cujus
1115 3421 1305 3492 fulgur
1332 3421 1444 3475 exit
1472 3420 1543 3474 ab
1573 3420 1822 3487 Oriente,
1859 3426 1917 3474 et
1950 3437 2049 3474 co-
2130 3423 2406 3494 splendet,
2454 3438 2557 3477 nec
2610 3438 2725 3476 non
2754 3428 2811 3476 et
2856 3423 3008 3487 luna,
3051 3438 3176 3492 quae
3206 3423 3508 3477 secundum
3535 3417 3693 3473 estiu—

444 3516 637 3566 ruscat
662 3527 763 3582 per
787 3526 1010 3565 omnem
1040 3510 1365 3575 Ecclesiam,
1384 3508 1443 3563 in
1472 3525 1583 3579 qua
1607 3525 1809 3579 corpus
1838 3510 1959 3578 ejus
1996 3514 2053 3562 et
2134 3512 2371 3577 minare,
2397 3516 2566 3581 atque
2593 3511 2784 3576 stellae,
2815 3526 2937 3581 quze
2961 3510 3034 3563 ad
3070 3510 3339 3565 solatium
3374 3508 3545 3563 noctis
3577 3506 3693 3559 dats:

445 3600 675 3671 sanguis
693 3599 1021 3654 immolatur
1041 3603 1098 3653 et
1115 3598 1378 3664 sumitur,
1402 3613 1580 3668 usque
1595 3597 1654 3651 in
1670 3595 2047 3652 Occidentem.
2141 3604 2291 3666 sunt,
2350 3615 2452 3653 seu
2500 3605 2558 3653 et
2586 3615 2780 3653 omnes
2821 3599 3057 3652 virtutes
3086 3599 3382 3662 etelomm.
3405 3613 3535 3668 quas
3561 3607 3695 3662 auge.

2138 3689 2322 3742 lorum
2361 3687 2752 3741 multitudines
2777 3686 3169 3756 intelligimus,
3210 3687 3273 3740 in
3302 3686 3535 3740 adventu
3571 3678 3697 3735 Chri-

2139 3776 2212 3829 sti
2260 3780 2318 3829 et
2373 3775 2444 3829 ad
2492 3776 2769 3845 fulgorem
2814 3775 2956 3844 ejus,
3005 3774 3125 3828 haec
3174 3774 3371 3828 omnia
3409 3770 3698 3834 assimilata,

2147 3869 2385 3929 ιθοι
2408 3863 2570 3932 quasi
2596 3879 2710 3934 prae
2730 3862 2908 3916 nimia
2937 3862 3215 3929 claritate,
3248 3863 3311 3916 in
3336 3861 3699 3931 caliginemre-

2128 2276 2400 2331 desolatio
2438 2276 2655 2347 templi,
2682 2281 2739 2329 et
2758 2275 3032 2346 dispersio
3061 2276 3399 2330 Judaaorum.
3427 2274 3565 2338 Quod
3580 2287 3665 2326 non

2128 2370 2215 2420 est
2263 2381 2629 2435 consequens,
2672 2369 2903 2435 propter
2946 2380 3014 2417 ea
3043 2381 3167 2435 quae
3201 2368 3500 2435 sequuntur
3532 2378 3542 2414 :
3590 2359 3660 2415 Sol

2127 2455 2531 2519 obscurabitur,
2564 2457 2614 2506 et
2642 2456 2781 2507 luna
2811 2468 2923 2506 non
2953 2454 3107 2506 dabit
3148 2454 3337 2506 lumen
3366 2467 3535 2515 suum,
3563 2453 3665 2511 etc.,

2131 2559 2253 2613 quae
2282 2558 2394 2595 non
2413 2546 2549 2611 puto
2588 2540 2660 2594 ad
2689 2539 3120 2594 diminutionem
3163 2539 3391 2595 luminis
3417 2536 3667 2609 pertinere,

447 3689 574 3744 Scio
602 3693 794 3742 tamen
810 3687 880 3741 de
909 3687 1013 3740 hac
1041 3685 1385 3757 expositione
1433 3684 1652 3755 aliquos
1678 3684 1958 3749 dubitare,
2000 3688 2057 3738 et

447 3778 612 3849 plura
635 3775 895 3848 objicere,
918 3792 1041 3846 quae
1067 3774 1226 3828 facile
1255 3773 1606 3827 refelluntur.
1655 3772 1763 3837 Qui
1803 3773 1937 3826 dum
1966 3788 2057 3825 vo-

446 3866 576 3920 lunt
610 3881 808 3919 sensus
856 3862 1157 3917 catholicos
1212 3878 1500 3927 evacuare,
1542 3877 1704 3914 suam
1751 3861 2056 3914 ostendunt

448 3953 811 4024 imperitiam.
837 3952 1039 4022 Sicque
1066 3952 1173 4005 hoc
1197 3950 1497 4021 accipiunt,
1527 3950 1686 4020 quasi
1714 3948 2056 4015 dicatur,ubi
2137 3951 2504 4023 putabuntur,
2540 3951 2676 4021 quid
2711 3955 2914 4021 putant
2942 3951 3039 4021 qui
3080 3951 3386 4021 supercilio
3443 3953 3612 4003 erecto
3656 3961 3702 3998 se

448 4040 661 4096 fuerint
680 4040 1199 4094 hostiaeJudaeorum
1222 4044 1279 4092 et
1297 4038 1527 4109 sanguis
1540 4037 2052 4103 victimarum,illic,
2140 4045 2360 4093 sanctos
2389 4038 2755 4106 arbitrantur,
2788 4044 2845 4093 et
2872 4039 3236 4110 praesentiam
3256 4039 3403 4093 tanti
3428 4035 3633 4108 judicis,
3651 4047 3701 4084 ac

453 4128 526 4182 ad
551 4128 759 4182 caedem
785 4132 841 4181 et
864 4128 1233 4181 vastationem
1261 4127 1479 4181 miserae
1522 4126 1785 4195 civitatis,
1816 4127 2055 4180 Romani
2137 4128 2186 4182 si
2212 4128 2395 4182 securi
2414 4128 2482 4181 de
2505 4144 2607 4181 sua
2630 4126 2873 4197 justitia,
2900 4144 3014 4181 non
3032 4126 3370 4182 formidant.
3394 4119 3704 4191 Quoniamin

459 4215 755 4270 velociores
783 4214 984 4283 aquilis
1014 4215 1138 4268 coeli
1167 4215 1803 4283 congregabuntur.Sed
1823 4232 1924 4268 nos
1944 4232 2058 4269 me-
2137 4233 2202 4271 eo
2244 4216 2535 4270 tremendo
2585 4216 2797 4286 judicio
2848 4231 3014 4270 nemo
3068 4232 3305 4271 securus
3346 4215 3469 4270 erit.
3504 4214 3567 4267 Et
3600 4222 3704 4263 cum

456 4303 568 4359 lius
593 4302 833 4356 dicimus
861 4302 930 4355 de
966 4302 1193 4355 homine
1227 4302 1481 4355 Christo:
1514 4302 1832 4374 ubicunque
1862 4303 2052 4368 fuerit,
2070 4355 2118 4375 π
2135 4305 2316 4374 gloria
2345 4305 2619 4359 claritatis
2647 4306 2769 4375 ejus
2801 4304 3087 4371 effulserit,
3122 4321 3294 4359 nemo
3313 4321 3374 4359 se
3394 4301 3708 4375 aliquidesse

457 4407 561 4446 seu
596 4389 694 4445 ubi
734 4406 933 4461 passus
954 4393 1055 4454 est,
1065 4395 1122 4443 et
1139 4389 1464 4455 resurrexit,
1489 4395 1547 4444 et
1565 4391 1713 4444 unde
1731 4355 1980 4446 discendit
1997 4355 2057 4447 ίιί
2070 4355 2120 4413 Ι)
2135 4355 3503 4464 gagaigg“.;.;‘;,;;.ra‘nézeugma—agis;
3513 4385 3704 4462 poterit.

461 4480 685 4545 coelum,
713 4477 862 4550 quod
901 4476 995 4531 ille
1041 4476 1103 4530 in
1130 4476 1539 4531 resurrectione
1568 4478 1769 4544 carnis,
1818 4480 2060 4534 debeant
2141 4498 2244 4535 nec
2269 4483 2569 4553 respicere,
2602 4499 2772 4552 quam
2801 4494 2953 4547 eum,
2995 4481 3091 4553 qui
3119 4487 3258 4536 tunc
3285 4482 3440 4537 solus
3470 4476 3709 4550 gloriosus

461 4567 685 4638 aquilae.
725 4566 782 4619 id
813 4570 900 4619 est
925 4564 1125 4632 sancti,
1175 4565 1505 4635 congregari
1544 4582 1579 4619 a
1609 4573 1853 4637 quatuor
1884 4568 2061 4622 ventis
2143 4570 2453 4641 apparebit.
2473 4570 2560 4623 Ad
2587 4572 2748 4641 cujus
2777 4570 3081 4624 adventum
3109 4570 3244 4624 solis
3275 4568 3581 4624 obscuritas
3598 4577 3712 4635 pm-

460 4654 605 4720 coeli,
635 4653 896 4724 deinceps
923 4659 981 4707 et
1010 4670 1131 4707 esse
1147 4669 1275 4708 cum
1286 4653 1663 4708 Domino.Nec
1688 4656 1791 4709 hoc
1817 4655 1899 4709 ita
1917 4656 2059 4724 dico,
2144 4660 2383 4726 dicatur,
2426 4659 2662 4713 defectio
2705 4660 2872 4726 lunae,
2925 4658 3434 4725 stellarum‘casus,
3475 4656 3710 4710 virtutum

460 4746 529 4798 ut
548 4742 799 4812 ignorem
830 4757 1000 4812 quam
1032 4741 1261 4795 diversae
1294 4742 1584 4812 Opiniones
1611 4759 1677 4796 ex
1699 4744 1804 4797 hoc
1834 4760 2061 4798 nascen-
2144 4749 2417 4803 caelorum
2448 4748 2767 4815 commotio,
2813 4754 2871 4802 et
2894 4747 3157 4802 salutaris
3184 4747 3337 4818 signi
3361 4744 3615 4808 ostensio,
3640 4740 3709 4793 la-

460 4837 558 4886 tur
585 4845 771 4884 sensu.
801 4829 872 4884 Et
898 4830 1023 4884 ideo
1048 4847 1215 4885 nemo
1253 4847 1343 4885 me
1363 4830 1688 4901 praescribat
1711 4837 1960 4897 I000
1988 4832 2058 4887 de
2139 4837 2410 4891 mentatio
2436 4841 2493 4891 et
2512 4838 2767 4907 planctus
2787 4835 3039 4890 omnium
3055 4835 3317 4906 gentium
3343 4832 3588 4907 ;quando
3605 4828 3711 4885 mis-

458 4918 602 4985 loco,
632 4934 705 4972 ne
732 4916 871 4972 mihi
898 4918 1204 4990 quidquam
1236 4919 1513 4989 suspicari
1543 4919 1726 4984 liceat,
1767 4920 1917 4988 quod
1944 4919 2058 4973 for-
2141 4940 2307 4978 surus
2337 4929 2423 4979 est
2449 4925 2678 4994 angelos
2711 4940 2841 4978 suos
2866 4940 2996 4978 cum
3012 4924 3167 4992 tuba,
3200 4930 3261 4978 et
3290 4940 3427 4978 voce
3460 4916 3712 4992 magnam!

459 5013 519 5064 te
540 5006 822 5062 afﬁrmare
850 5006 1060 5072 diﬂ‘ero,
1106 5007 1215 5061 nisi
1244 5007 1303 5061 in
1332 5013 1605 5078 quantum
1634 5007 1692 5060 in
1718 5007 1926 5061 talibus
1945 5007 2059 5079 opi-
2141 5013 2559 5084 congregandos
2577 5012 2780 5067 electos
2799 5028 2949 5066 suos.
2967 5014 3035 5067 In
3068 5012 3273 5084 quibus
3290 5011 3537 5083 profecto
3560 5005 3713 5062 verbis

458 5096 635 5153 nandi
664 5095 808 5149 ratio
835 5094 1001 5149 nobis
1024 5095 1371 5150 occasionem
1398 5095 1627 5168 praebet;
1656 5096 1726 5151 de
1754 5113 1864 5166 quo
1889 5096 2056 5152 etiam
2142 5100 2394 5171 quamvis
2422 5101 2503 5155 ita
2528 5100 2782 5167 dixerim,
2816 5106 2979 5156 tanta
3007 5100 3320 5156 obscuritas
3351 5105 3455 5165 est,
3502 5104 3563 5153 ut
3597 5092 3714 5150 nihil

461 5187 521 5239 et
537 5182 597 5235 in
620 5182 756 5236 locis
775 5182 976 5253 quibus
995 5183 1464 5255 oportuerit,quid
1490 5185 1698 5239 sentire
1718 5185 1893 5255 possit
1911 5186 2058 5256 quis-
2140 5186 2208 5240 de
2238 5187 2324 5241 his
2355 5205 2389 5240 a
2415 5205 2697 5259 quoquam
2740 5189 2956 5259 aliquid
3006 5195 3219 5244 temere
3260 5187 3468 5242 debeat
3498 5180 3714 5239 deﬁniri.

462 5284 653 5339 quam,
682 5274 932 5340 tangam.
953 5270 1095 5335 Quia
1114 5272 1217 5325 etsi
1238 5289 1298 5326 se
1329 5272 1523 5326 beatus
1545 5274 1752 5327 Paulus
1773 5275 2057 5345 apostolus
2145 5276 2289 5329 Nam
2312 5276 2542 5346 quidam
2572 5277 2785 5342 dicunt,
2813 5278 2964 5347 quod
2986 5278 3131 5332 sicut
3149 5276 3208 5330 in
3238 5277 3506 5348 passione
3535 5267 3719 5328 Christi

459 5356 521 5412 in
548 5373 676 5414 aere
705 5357 926 5413 obviam
939 5359 1180 5426 Christo,
1199 5376 1392 5413 amore
1428 5360 1625 5415 ductus
1656 5363 1798 5431 ejus,
1829 5362 2054 5433 rapien-
2138 5363 2271 5417 etin
2292 5364 2710 5435 dispensatione
2730 5366 2910 5419 crucis
2939 5366 3055 5420 sole
3086 5364 3386 5419 deﬁciente
3415 5380 3452 5417 a
3506 5360 3712 5420 lumine,

460 5448 596 5504 dum
611 5443 874 5514 afﬁrmat,
905 5464 1019 5501 una
1036 5463 1165 5501 cum
1207 5448 1324 5501 suis
1352 5448 1838 5515 consortibus,non
1864 5457 2052 5505 tamen
2136 5452 2381 5506 tenebrae
2415 5452 2575 5508 facta:
2603 5459 2737 5507 sunt
2763 5470 2932 5524 super
2960 5469 3181 5509 omnem
3226 5458 3468 5518 terram,
3500 5450 3577 5505 sic
3596 5446 3719 5502 etin

464 5538 708 5624 dfuegat
730 5535 877 5610 quod
992 5535 1157 5624 terris
1184 5540 1453 5593 venturus
1478 5535 1554 5591 sit
1566 5536 1945 5608 adjudicium,
1961 5538 2056 5620 ubi
2138 5540 2378 5621 adventu
2409 5542 2638 5613 Christi,
2672 5547 2980 5615 apparente
3016 5543 3078 5601 in
3102 5540 3240 5598 coelo
3263 5540 3393 5613 ipso
3434 5538 3718 5620 eodemque
