3872 6158
192 263 305 322 817
384 324 389 325 ,

908 269 1288 330 EXPOSI'I‘IO
1327 276 1407 334 IN
1443 277 1888 338 MA'I'I‘HEUM.
1932 309 1995 319 —
2036 279 2172 334 LIB.
2217 281 2312 349 XI,
2357 282 2520 340 CAP.
2564 281 2762 338 XXIV.

3370 288 3477 348 818

195 390 359 461 signo
401 391 506 447 ﬁlii
537 392 803 461 hominis,
833 396 1055 452 deﬁciet
1077 413 1272 453 rursus
1311 401 1444 456 solis
1473 404 1685 471 lumen,
1725 403 1940 464 acAad
1969 404 2072 457 hoc
2099 408 2361 475 paratum
2390 407 2596 472 venire,
2618 412 2683 461 ut
2697 406 2999 463 ulciscatur
3027 424 3085 463 se
3130 410 3200 465 de
3231 411 3474 469 inimicis

194 479 401 533 deinde
430 481 579 536 luna
612 488 670 537 et
714 484 1025 551 stellarum,
1064 502 1178 557 pra
1225 489 1404 544 multa
1445 492 1699 561 claritate
1737 499 1794 547 et

194 566 405 622 virtute
436 568 583 638 signi
613 571 781 625 illius.
810 573 880 626 Et
907 572 954 627 si
992 574 1074 626 sol
1111 575 1438 632 obscuratus
1479 580 1667 646 fuerit,
1709 582 1793 634 vel

195 655 481 715 defectum
503 674 721 729 passus,
741 661 989 731 quandiu
1011 661 1197 726 fuerit,
1215 680 1329 719 non
1359 667 1566 721 mirum
1592 669 1641 721 si
1660 670 1797 722 luna

193 750 253 799 et
281 749 478 814 stella,
503 764 625 819 qua
654 749 943 819 pr0prium
971 750 1161 804 lumen
1190 767 1301 805 non
1329 753 1555 821 habent,
1580 756 1796 809 nullum

191 837 446 905 poterint
490 837 743 907 proferre
783 837 1136 907 splendorem
1184 839 1431 895 luminis.
1463 843 1579 896 Nec
1606 848 1797 899 tamen

193 924 276 976 sic
307 940 520 979 casura
570 925 745 978 stella
775 925 844 978 de
874 925 1011 979 coelo
1040 931 1190 980 recte
1226 928 1507 995 dicuntur,
1562 932 1660 985 sed
1706 948 1798 986 se-

193 1012 445 1067 cundum
466 1012 715 1067 defectus
734 1030 864 1067 suos
882 1013 1352 1083 tenebrescere,et
1373 1033 1485 1071 non
1505 1034 1795 1090 apparere.

194 1100 359 1165 Quod
384 1119 452 1156 ex
479 1102 628 1156 Isaia
655 1102 724 1156 ad
754 1102 982 1173 plenum
1007 1107 1086 1167 ,et
1104 1104 1277 1169 Joele,
1301 1109 1359 1158 et
1386 1107 1672 1177 prophetis
1705 1125 1799 1179 ap-

192 1188 438 1260 probare
463 1195 716 1255 conetur,
735 1206 975 1261 quorum
1001 1191 1323 1246 testimonia
1350 1194 1603 1249 curiosus
1621 1196 1797 1250 lector

192 1277 386 1332 videat
404 1284 462 1332 et
488 1282 891 1349 perscrutetur,
925 1284 1192 1334 utrumne
1222 1281 1292 1335 ad
1320 1282 1569 1337 litteram
1600 1284 1679 1337 sic
1705 1285 1795 1339 in-

194 1364 453 1435 telligere
481 1370 755 1436 Oporteat,
787 1382 861 1420 an
888 1366 1032 1420 sicut
1051 1384 1223 1439 supra
1241 1369 1642 1442 diximus,quia
1671 1389 1792 1427 cre-

192 1451 447 1507 dendum
476 1470 591 1509 non
619 1459 723 1519 est,
756 1455 905 1525 quod
926 1455 1100 1509 stella
1130 1473 1340 1523 casurae
1377 1459 1508 1525 sint,
1551 1478 1789 1534 quarum

190 1541 528 1611 magnitudo
557 1558 593 1595 a
621 1542 966 1613 sapientibus
995 1545 1181 1598 saculi
1213 1546 1383 1601 etiam
1405 1552 1566 1603 tanta
1585 1549 1791 1605 dicitur

1874 493 2008 546 suis.
2033 493 2100 546 Et
2126 498 2262 548 tunc
2289 494 2508 564 parebit
2531 496 2754 565 signum
2784 496 2911 550 Filii
2938 498 3183 553 hominis
3209 501 3270 555 in
3302 502 3463 556 coelo.

1878 580 2038 643 Quod
2058 582 2301 651 profecto
2316 583 2539 652 signum
2570 584 2749 637 crucis
2776 589 2862 638 est
2887 586 3111 656 signum
3134 606 3146 655 ;
3179 604 3291 642 non
3324 591 3473 660 quod

1873 668 1990 736 jam
2031 669 2279 723 futurum
2328 671 2541 741 aliquid
2588 671 2883 741 signiﬁcet,
2918 675 3016 728 sed
3052 680 3117 728 ut
3155 676 3342 746 ipsum
3371 677 3470 748 qui

1878 756 2171 811 cruciﬁxus
2224 763 2312 811 est
2353 758 2413 812 in
2479 776 2641 813 cruce
2698 760 2926 815 humilis
2987 764 3294 833 gloriosum
3347 782 3471 820 esse

1879 846 2156 910 ostendat,
2208 852 2483 916 quatenus
2534 865 2598 902 ex
2636 849 2740 902 hoc
2777 865 2906 903 cum
2956 852 3111 905 omni
3158 853 3474 922 gratiarum

1881 933 2099 987 actione
2131 934 2291 988 electi
2320 937 2632 1005 gaudeant;
2664 937 2821 1008 impii
2845 943 3035 992 autem
3070 944 3127 993 et
3151 946 3472 1011 peccatores

1879 1021 2105 1075 videant
2133 1039 2297 1093 quem
2319 1030 2777 1095 contempserunt
2807 1026 3100 1093 humilem,
3142 1045 3252 1099 quo
3290 1032 3473 1100 magis

1880 1108 2126 1163 doleant.
2149 1111 2308 1165 Unde
2320 1112 2574 1183 sequitur
2600 1136 2611 1169 :
2637 1115 2704 1168 Et
2727 1118 2861 1167 tunc
2880 1116 3149 1183 plangent
3168 1131 3353 1171 omnes
3371 1121 3473 1172 tri-

1881 1198 1977 1250 bus
1997 1204 2173 1251 terrae.
2194 1198 2310 1252 Illa
2330 1215 2572 1270 namque
2587 1200 2767 1253 tribus
2792 1217 2914 1271 qua
2934 1203 3114 1272 magis
3133 1209 3471 1260 amaverunt

1875 1290 2084 1339 terram
2118 1302 2287 1357 quam
2325 1288 2547 1355 calum,
2579 1293 2636 1341 et
2662 1289 2787 1342 ideo
2830 1290 2890 1343 in
2931 1294 3084 1344 terra
3127 1292 3348 1347 misera
3378 1310 3470 1347 re-

1873 1380 2225 1429 manserunt.
2257 1374 2499 1430 Diversa
2528 1376 2805 1446 siquidem
2830 1377 3011 1432 tribus
3043 1385 3274 1451 propter
3292 1381 3471 1436 diver-

1873 1461 2099 1516 sitatem
2127 1463 2493 1531 meritorum;
2546 1465 2680 1534 quia
2708 1480 2812 1518 nec
2862 1471 3104 1532 [003
3142 1467 3203 1522 in
3250 1468 3470 1524 inferno

1870 1566 1985 1604 una
2010 1552 2262 1605 omnium
2289 1556 2702 1606 tormentorum
2726 1553 2967 1623 qualitas
2983 1554 3119 1621 erit;
3152 1555 3248 1609 ubi
3277 1573 3337 1611 se
3357 1573 3472 1612 me-

188 1647 312 1684 esse
344 1636 561 1701 quanta
581 1636 668 1685 est
693 1636 868 1685 terra.
900 1632 1006 1686 Ubi
1034 1633 1081 1686 si
1109 1638 1196 1688 tot
1233 1635 1552 1701 ceciderint,
1583 1643 1648 1692 ut
1675 1639 1789 1693 alia
1870 1640 1978 1693 rito
1997 1640 2283 1710 plangent,
2308 1641 2442 1711 quia
2469 1641 2561 1694 hic
2586 1658 2646 1695 se
2669 1642 2815 1695 male
2842 1642 3228 1713 perdiderunt.

188 1719 474 1785 omittam,
507 1736 616 1789 quo
662 1720 865 1774 cadant
914 1721 1069 1776 locus
1119 1738 1230 1776 non
1278 1723 1413 1795 erit,
1444 1725 1659 1780 Rursus
1689 1714 1852 1780 aliiB
1938 1728 2005 1780 Et
2026 1730 2623 1795 tuncvidebuntﬁtium
2646 1730 2887 1783 hominis
2902 1734 3205 1785 venientem
3225 1733 3290 1785 in
3310 1734 3473 1787 nubi-

187 1812 325 1861 sunt
365 1808 464 1878 qui
505 1808 717 1874 dicunt,
764 1809 912 1879 quod
949 1826 1015 1863 ex
1059 1812 1497 1882 conflagratione
1523 1814 1784 1882 incendii,

190 1912 301 1966 quo
328 1896 578 1950 mundus
606 1897 1072 1961 concremabitur,
1095 1915 1159 1952 ac
1180 1900 1227 1953 si
1253 1917 1318 1954 ex
1345 1902 1535 1955 multis
1566 1902 1789 1971 ignibus

187 1984 400 2049 fumus,
434 1990 498 2039 ut
530 1985 753 2050 assolet,
790 2002 854 2039 ex
881 1986 1011 2056 igne
1037 1988 1312 2057 plurimus
1358 1990 1792 2045 condensabitur

189 2080 247 2129 et
297 2075 599 2129 extolletur
633 2091 813 2145 usque
839 2076 909 2129 ad
938 2092 1222 2131 summum
1268 2079 1556 2143 calorum,
1601 2080 1681 2134 ita
1729 2087 1793 2135 ut

186 2168 363 2218 tanta
392 2163 507 2217 sint
532 2162 795 2229 tenebra,
829 2180 900 2217 ne
929 2165 1014 2218 sol
1041 2170 1141 2219 aut
1168 2167 1320 2234 luna,
1356 2184 1453 2222 seu
1473 2169 1667 2233 stella,
1702 2170 1791 2224 lu-

188 2269 315 2306 cere
346 2256 594 2323 queant;
647 2252 797 2323 quod
835 2253 1064 2307 omnino
1111 2254 1518 2325 inconsequens
1547 2258 1789 2325 videtur,

190 2342 325 2411 quia
369 2346 645 2411 quantum
683 2340 791 2394 iste
818 2341 964 2411 ignis
991 2344 1268 2412 pracedat
1314 2350 1444 2398 ante
1488 2346 1789 2401 adventum

188 2430 418 2483 Domini
444 2445 558 2483 non
586 2428 723 2483 satis
746 2435 997 2500 apparet.
1015 2430 1170 2485 Licet
1198 2436 1255 2485 et
1273 2433 1341 2486 de
1369 2434 1475 2487 hoc
1508 2434 1630 2503 ipso
1661 2434 1790 2504 igne

188 2518 451 2572 nonnulli
478 2518 693 2572 diverse
721 2519 985 2572 sentiant.
1021 2519 1154 2583 Qua
1180 2521 1341 2590 signa
1360 2521 1468 2575 nisi
1493 2523 1791 2577 Matthaus

190 2613 248 2661 et
270 2614 308 2671 ι
325 2608 742 2672 ﬂonarcus
751 2612 880 2678 post
892 2607 1312 2662 tribulationem
1329 2609 1547 2663 dierum
1565 2611 1790 2665 illorum

189 2695 560 2761 addidissent,
576 2696 796 2761 melius,
820 2696 964 2750 sicut
980 2696 1207 2768 quidam
1233 2698 1443 2763 volunt,
1460 2698 1791 2769 spiritaliter

190 2781 259 2836 de
287 2783 540 2837 Ecclesia
581 2785 960 2855 acciperemus
991 2803 1002 2837 :
1039 2785 1188 2855 quod
1217 2785 1427 2840 factum
1465 2791 1551 2840 est
1578 2787 1636 2840 in
1666 2788 1790 2857 ipsa

192 2872 603 2942 persecutione,
633 2878 689 2926 et
706 2878 841 2927 tunc
869 2874 952 2927 sol
974 2873 1207 2943 justitia
1236 2874 1295 2928 in
1327 2876 1632 2929 multorum
1663 2892 1789 2929 cor-

1872 1817 1969 1869 bus
1998 1817 2117 1869 cali
2143 1833 2269 1869 cum
2300 1820 2504 1870 virtute
2532 1833 2741 1885 magna
2765 1824 2814 1870 et
2842 1822 3148 1886 majestate.
3177 1820 3337 1875 Tunc
3365 1836 3471 1875 au-

1870 1906 1985 1956 tem
2018 1904 2279 1973 praﬁniti
2307 1904 2576 1974 temporis
2592 1904 2918 1959 adverbium
2946 1911 3049 1972 est,
3069 1911 3127 1960 et
3143 1923 3257 1961 non
3285 1913 3473 1979 potest

1872 1992 2149 2062 respicere
2179 1992 2285 2045 nisi
2314 1993 2385 2045 ad
2422 1993 2562 2046 illud
2590 1994 2930 2063 praﬁnitum
2959 1999 3183 2065 tempus
3209 2013 3222 2061 ;
3254 2000 3312 2049 et
3338 1996 3465 2051 ideo

1873 2080 2296 2150 diligentissime
2337 2081 2779 2152 perquirendum
2824 2082 2896 2135 ad
2926 2082 3073 2152 quod
3122 2083 3240 2136 haec
3278 2084 3471 2138 omnia

1872 2169 2193 2239 respiciant.
2226 2170 2370 2223 Nam
2398 2175 2456 2223 et
2483 2186 2655 2239 supra
2678 2170 2939 2224 similiter
2966 2170 3213 2241 positum
3240 2175 3327 2225 est
3358 2191 3369 2225 :
3401 2172 3470 2227 Et

1877 2264 2010 2313 tunc
2036 2262 2304 2327 plangent
2326 2274 2509 2313 omnes
2540 2260 2718 2312 tribus
2741 2258 3086 2321 terra.Quod
3115 2274 3259 2329 pene
3274 2275 3471 2314 omnes

1870 2347 2051 2417 magis
2077 2347 2145 2401 ad
2177 2348 2347 2400 ﬁnem
2377 2347 2564 2401 saculi
2589 2363 2729 2417 quos
2757 2352 2812 2400 et
2842 2362 2945 2416 ego
2974 2352 3198 2401 secutus
3219 2363 3347 2401 sum
3378 2363 3472 2402 re-

1870 2435 2142 2488 tulerunt.
2172 2435 2280 2488 Sed
2311 2434 2357 2487 si
2386 2434 2572 2488 omnis
2606 2434 3027 2488 circumstantia
3064 2434 3319 2489 lectionis
3338 2451 3475 2490 con-

1873 2523 2168 2588 sideretur,
2189 2527 2247 2575 et
2269 2523 2738 2592 evangelistarum
2766 2523 2989 2577 collatio
3019 2523 3166 2577 facta
3183 2523 3369 2590 fuerit,
3390 2524 3476 2578 ni-

1872 2611 1987 2664 mia
2008 2611 2311 2664 difﬁcultas
2358 2611 2643 2676 nascitur;
2697 2615 2963 2665 utrumne
3007 2611 3078 2664 ad
3103 2611 3245 2666 illud
3273 2612 3473 2666 excidii

1870 2706 2093 2770 tempus
2121 2699 2239 2752 hac
2266 2699 2455 2752 omnia
2474 2698 2771 2752 referenda
2797 2699 2930 2765 sint,
2959 2715 3032 2752 an
3062 2699 3134 2752 ad
3162 2698 3472 2754 adventum

1872 2788 2196 2842 Salvatoris.
2228 2787 2370 2851 Quia
2399 2787 2447 2839 si
2472 2786 2544 2840 ad
2590 2787 2752 2839 illum
2788 2788 3126 2853 referantur,
3175 2788 3237 2840 in
3279 2786 3474 2841 multis

1871 2892 2055 2931 sermo
2098 2875 2321 2929 excedit
2360 2874 2597 2940 divinus,
2635 2879 2691 2928 et
2721 2876 2939 2944 majora
2967 2880 3154 2929 movet
3190 2891 3361 2945 quam
3401 2876 3474 2930 ad

190 2959 359 3014 dibus
378 2960 454 3014 sit
471 2960 820 3026 obscuratus,
842 2962 938 3032 qui
972 2966 1139 3015 antea
1160 2961 1220 3016 in
1240 2962 1318 3015 eis
1334 2963 1580 3032 primum
1600 2964 1785 3018 lucere
1809 3020 1848 3034 Α
1872 2965 2011 3019 illud
2039 2968 2261 3034 tempus
2280 2963 2562 3034 pertinere
2590 2962 2902 3017 videantur.
2935 2964 3080 3017 Nam
3113 2968 3172 3017 et
3188 2964 3357 3034 paulo
3382 2964 3474 3018 in-

191 3054 577 3103 consueverat.
610 3050 754 3114 Quia
772 3054 906 3104 tunc
934 3049 1212 3120 siquidem
1238 3051 1465 3122 plurimi
1494 3068 1529 3105 a
1559 3052 1786 3122 regione
1805 3049 1850 3081 υ
1872 3052 2044 3107 ferius
2072 3052 2154 3106 ita
2181 3052 2317 3105 dicit
2349 3070 2361 3104 :
2388 3052 2525 3105 Cum
2562 3053 2813 3105 videritis
2843 3053 2952 3105 haec
2978 3055 3172 3105 omnia
3199 3055 3343 3119 ﬁeri.
3377 3053 3468 3107 Sic

190 3137 475 3205 deﬁcient,
526 3143 583 3192 et
629 3139 780 3192 clara
825 3138 962 3193 ﬁdes
998 3139 1057 3192 in
1095 3139 1176 3193 eis
1222 3138 1613 3194 obscurabitur
1640 3141 1788 3195 nube
1869 3157 2113 3212 namque
2141 3140 2277 3194 dicit
2301 3139 2461 3210 quasi
2489 3139 2678 3193 omnia
2696 3139 2832 3205 hac,
2872 3155 2995 3210 qua
3027 3140 3286 3210 superius
3315 3157 3473 3196 com-

188 3226 438 3296 perﬁdia
461 3226 697 3281 obtecta.
731 3227 849 3281 Nec
875 3226 1081 3280 mirum
1110 3226 1301 3297 igitur,
1334 3228 1380 3282 si
1407 3233 1532 3299 post
1558 3228 1787 3284 tribula-
1870 3234 2275 3293 memorantur,
2309 3228 2548 3297 intelligi
2569 3227 2721 3281 velit.
2776 3228 2845 3281 Et
2872 3233 3008 3282 tunc
3040 3228 3128 3282 his
3170 3228 3254 3282 ita
3286 3229 3474 3297 dictis,

188 3313 404 3369 tionem
435 3314 656 3370 dierum
679 3316 927 3382 illorum,
968 3315 1227 3370 dicantur
1252 3315 1558 3383 obscurari,
1592 3322 1650 3371 et
1677 3334 1791 3372 non
1875 3318 1956 3371 ait
1974 3322 2101 3388 post
2124 3318 2242 3370 hac
2271 3331 2286 3368 :
2319 3316 2515 3371 Scitote
2544 3320 2681 3385 quia
2702 3332 2870 3384 prope
2897 3320 2974 3370 est
3002 3319 3066 3370 in
3077 3319 3300 3385 januis.
3346 3318 3476 3372 Non

187 3406 477 3457 transacta
508 3407 629 3457 tota
668 3403 766 3457 illa
808 3403 1214 3474 persecutione,
1252 3404 1506 3458 accident
1534 3403 1660 3470 ista,
1694 3404 1793 3458 sed
1878 3406 2026 3477 quod
2057 3405 2185 3458 ﬁnis
2210 3404 2397 3458 saeculi
2420 3405 2540 3473 jam
2572 3404 2665 3473 sit,
2708 3404 2855 3458 sicut
2882 3420 2950 3458 ea
2982 3420 3185 3459 sonare
3213 3405 3478 3461 videntur

190 3491 321 3561 quia
351 3492 630 3562 pracedet
658 3497 724 3546 ut
749 3496 1019 3562 sequatur
1037 3492 1410 3562 quorumdam
1438 3492 1796 3559 defectio,an-
1879 3511 2001 3565 qua
2023 3493 2314 3564 pramisit,
2352 3494 2449 3547 sed
2481 3493 2613 3563 quia
2634 3509 2802 3562 prope
2829 3499 2905 3546 est
2934 3498 2993 3547 et
3019 3496 3084 3546 in
3100 3496 3402 3563 januis,ac
3428 3494 3479 3548 si

189 3586 419 3652 tequam
466 3580 739 3635 serenitas
784 3580 1133 3646 restituatur,
1188 3585 1261 3647 et,
1287 3581 1420 3651 quia
1461 3597 1561 3650 per
1598 3597 1793 3635 omnes
1874 3582 2129 3648 introitu,
2161 3586 2227 3634 ut
2254 3581 2502 3634 ﬁniatur.
2544 3580 2704 3635 Unde
2731 3586 2867 3634 tunc
2895 3580 3038 3634 forte
3069 3581 3309 3635 sciemus
3335 3582 3472 3652 quia

190 3648 308 3721 dies
336 3648 465 3722 illos
512 3668 595 3722 ita
639 3669 754 3733 ﬁet,
790 3668 915 3722 ideo
942 3674 1071 3739 post
1106 3668 1165 3722 in
1191 3648 1402 3722 eisdem
1432 3648 1627 3722 diebus
1670 3670 1786 3736 ﬁet,
1874 3687 2046 3742 prope
2073 3674 2176 3736 est,
2227 3685 2353 3722 cum
2385 3669 2685 3723 viderimus
2714 3684 2827 3723 non
2865 3669 2920 3721 al
2959 3685 3071 3739 qua
3113 3685 3330 3734 eorum,
3351 3648 3472 3723 sed

192 3756 415 3826 quando
442 3772 557 3811 non
585 3757 737 3811 aliud
767 3773 937 3827 quam
966 3756 1212 3811 tenebrae
1243 3762 1427 3812 erunt.
1468 3758 1539 3811 Et
1574 3758 1698 3811 ideo
1729 3758 1790 3811 in
1871 3760 1989 3814 hac
2019 3758 2209 3813 omnia
2236 3774 2358 3828 qua
2383 3774 2555 3828 supra
2582 3757 2731 3811 dicta
2753 3761 2903 3810 sunt.
2934 3757 2999 3810 In
3028 3755 3230 3826 quibus
3263 3761 3322 3810 et
3358 3756 3465 3810 hoc

192 3844 290 3909 eis,
337 3844 495 3910 luna,
546 3861 669 3915 qua
718 3850 804 3899 est
836 3845 1099 3910 Ecclesia,
1151 3861 1265 3899 non
1313 3844 1540 3899 habebit
1594 3846 1786 3900 lumen
1868 3853 1970 3914 est,
2026 3848 2160 3919 quia
2196 3852 2331 3900 tunc
2372 3846 2608 3900 virtutes
2649 3845 2918 3899 calorum
2964 3843 3356 3910 movebuntur,
3410 3848 3470 3897 et

191 3948 372 3998 suum,
400 3937 460 3986 et
486 3933 660 3987 stella
684 3934 753 3987 de
782 3934 919 3987 calo
958 3933 1177 3999 cadent,
1213 3949 1341 3986 cum
1370 3934 1533 3987 multi
1559 3935 1655 4005 qui
1681 3951 1787 4004 pu-
1868 3942 2004 3992 tunc
2025 3936 2294 3990 videbunt
2313 3935 2537 4004 signum
2566 3934 2667 3987 ﬁlii
2694 3932 3031 3987 hominis.Et
3049 3937 3182 3986 tunc
3207 3933 3473 4001 videbunt

190 4019 457 4075 tabantur
491 4021 691 4086 sancti,
736 4021 1142 4075 tentationibus
1181 4021 1329 4087 victi,
1380 4038 1493 4075 non
1533 4023 1592 4076 in
1650 4023 1787 4076 coelo
1871 4028 2056 4094 ﬁlium
2072 4026 2313 4078 hominis
2330 4026 2635 4077 venientem
2656 4025 2720 4074 in
2737 4023 2975 4075 nubibus
2990 4023 3108 4075 cati
3126 4036 3252 4074 cum
3266 4023 3476 4074 virtute

192 4109 286 4163 sed
314 4110 373 4163 in
395 4114 553 4163 terra
580 4108 912 4163 scribentur.
944 4110 1016 4163 Et
1034 4109 1164 4180 quia
1191 4110 1251 4163 in
1281 4112 1666 4180 persecutione
1694 4128 1788 4165 eos
1869 4129 2075 4181 magna
2103 4118 2151 4167 et
2180 4116 2479 4181 majestate.
2505 4111 2575 4165 Et
2592 4116 2727 4164 tunc
2750 4112 2930 4163 mittet
2956 4111 3176 4177 angelos
3196 4125 3320 4163 suos
3344 4124 3473 4163 cum

193 4211 349 4251 amor
370 4198 498 4251 vita
528 4198 716 4268 hujus,
744 4214 778 4251 a
802 4199 925 4252 luce
957 4214 1080 4268 qua
1110 4198 1366 4253 Christus
1396 4203 1498 4264 est,
1533 4199 1783 4266 exclusit,
1871 4203 2001 4255 tuba
2024 4208 2073 4255 et
2102 4217 2221 4254 voce
2250 4216 2476 4267 magna,
2512 4205 2564 4253 et
2589 4200 2996 4266 congregabunt
3033 4199 3222 4251 electos
3274 4200 3390 4266 ejus
3435 4212 3472 4250 a

192 4300 253 4338 ac
288 4285 337 4339 si
380 4286 556 4340 stella
598 4286 667 4339 de
724 4287 862 4340 calo
904 4286 1104 4340 cadere
1153 4286 1435 4343 dicuntur.
1498 4287 1786 4358 Siquidem
1802 4335 1850 4359 η
1870 4295 2109 4358 quatuor
2127 4291 2361 4353 ventis,a
2384 4290 2620 4341 summis
2640 4288 2899 4359 calorum
2920 4301 3090 4353 usque
3110 4286 3185 4338 ad
3205 4287 3470 4355 terminos

192 4372 425 4428 Abraha
448 4374 661 4429 dictum
688 4380 775 4429 est
808 4394 820 4428 :
854 4376 979 4429 Erit
1030 4391 1209 4429 semen
1241 4381 1401 4428 tuum
1443 4379 1585 4429 sicut
1623 4372 2079 4444 stellaueorum,
2109 4394 2209 4431 seu
2237 4382 2457 4431 catera.
2492 4376 2626 4440 Qua
2641 4375 2831 4430 omnia
2859 4373 3105 4446 profecto
3118 4373 3179 4427 in
3194 4373 3300 4427 hac
3322 4373 3466 4427 hora

194 4465 309 4516 cali
357 4464 506 4533 (Gen.
555 4477 688 4528 mi,
738 4462 836 4529 l7;
887 4478 1036 4529 xxvr,
1066 4462 1176 4533 24).
1211 4463 1319 4517 Sed
1344 4464 1477 4534 quia
1509 4463 1785 4519 acerbitas
1866 4466 2169 4521 novissima
2196 4465 2346 4533 facit,
2379 4465 2608 4519 veniens
2636 4465 2696 4518 in
2740 4464 2856 4518 suis
2892 4461 3165 4516 membris
3191 4466 3466 4533 tanquam

194 4551 593 4620 persecutionis
629 4557 687 4605 et
714 4568 874 4605 amor
918 4552 1105 4605 saculi
1156 4553 1407 4606 carnales
1453 4569 1703 4623 quosque
1752 4570 1787 4607 a
1866 4556 1926 4609 in
1972 4554 2121 4609 nube
2170 4571 2394 4625 magna,
2438 4554 2810 4607 fructiﬁcante
2849 4551 3095 4605 Ecclesia
3134 4554 3304 4621 atque
3341 4565 3465 4605 cre-

198 4639 301 4692 ﬁde
330 4640 548 4706 evulsit,
581 4639 721 4700 dure
750 4640 818 4694 de
847 4640 985 4694 calo
1012 4641 1068 4693 in
1090 4645 1302 4694 terram
1332 4646 1523 4707 ruunt,
1557 4641 1703 4695 sicut
1730 4647 1787 4696 et
1867 4649 2076 4709 scente,
2108 4644 2282 4697 donec
2312 4642 2678 4711 Evangelium
2706 4640 2766 4694 in
2786 4639 3047 4694 universo
3079 4638 3291 4692 mundo
3315 4654 3463 4693 com-

197 4725 308 4796 ipse
338 4728 433 4798 qui
464 4729 537 4781 de
575 4728 833 4799 supernis
882 4728 1127 4793 sedibus,
1185 4744 1249 4782 ac
1294 4729 1504 4798 fulgur,
1553 4730 1781 4784 corruit.
1868 4729 2118 4798 pleatur,
2152 4733 2209 4781 et
2235 4726 2569 4798 pradicetur
2597 4725 2657 4778 in
2684 4723 2942 4778 omnibus
2977 4722 3266 4793 gentibus.
3304 4722 3467 4787 Quod

196 4813 350 4869 Unde
366 4816 639 4870 Dominus
661 4830 672 4863 :
710 4818 978 4881 Videbam,
992 4817 1199 4888 inquit,
1220 4817 1489 4872 Satanam
1508 4821 1651 4872 sicut
1670 4819 1785 4886 ful-
1870 4831 2006 4868 sane
2022 4814 2384 4884 Evangelium
2404 4813 2571 4883 capit
2591 4829 2657 4866 ex
2675 4828 2784 4882 quo
2801 4810 3102 4882 pradicare
3119 4810 3379 4871 voluit,et
3388 4808 3467 4863 di-

197 4917 301 4968 gur
337 4905 398 4957 de
435 4907 561 4959 caelo
583 4904 864 4958 cadentem
881 4905 1035 4976 (Luc.
1064 4921 1118 4969 χ,
1147 4905 1263 4973 18);
1284 4909 1342 4958 et
1372 4923 1383 4958 :
1422 4907 1654 4959 Virtutes
1686 4922 1777 4961 coe-
1863 4905 2407 4958 cere:Pcenitentiam
2422 4900 3217 4969 agite,appropinquabitenim
3232 4913 3471 4966 regnum

201 4990 377 5045 lorum
413 4994 901 5046 commovebuntur
932 4994 1079 5059 (Luc.
1106 5008 1223 5059 XXI,
1252 4992 1363 5060 26).
1386 4993 1592 5064 Utique
1613 5010 1647 5047 a
1664 4994 1781 5064 glo-
1867 4993 2127 5046 caelorum
2152 4990 2368 5060 (Matth.
2390 4987 2815 5056 Iv,17).Idcirco
2846 4987 2916 5041 ab
2938 4986 3163 5041 exordio
3192 4985 3468 5040 sermonis

198 5078 280 5131 ria
309 5081 413 5150 maj
420 5080 617 5134 estatis
644 5081 872 5147 Christi,
891 5081 1023 5135 licet
1034 5081 1085 5134 ei
1105 5098 1326 5152 semper
1337 5082 1604 5136 assistant
1620 5087 1678 5136 et
1700 5083 1784 5136 vi-
1866 5079 2141 5149 hujus,ita
2155 5079 2410 5149 quadam
2422 5077 2492 5131 ab
2502 5077 2590 5131 his
2600 5075 2780 5131 tribus
2793 5074 3147 5145 evangelistis
3157 5073 3305 5127 dicta
3314 5077 3467 5139 sunt,

200 5166 363 5222 deant
375 5170 686 5223 claritatem
699 5170 820 5239 ejus
845 5188 857 5236 ;
875 5170 1007 5240 quia
1025 5186 1151 5224 cum
1165 5170 1471 5223 surrexerit
1490 5174 1782 5240 percutere
1867 5172 1932 5220 ut
1945 5167 2015 5220 de
2035 5168 2158 5237 ejus
2176 5168 2417 5220 adventu
2430 5166 2573 5220 forte
2592 5165 2743 5218 dicta
2757 5163 3130 5229 inveniantur,
3156 5160 3203 5214 si
3221 5159 3464 5229 diligen-

201 5254 403 5321 orbem,
441 5264 501 5311 et
538 5258 862 5328 disperdere
904 5263 1222 5328 peccatores
1260 5274 1325 5312 ex
1370 5274 1454 5322 eo,
1504 5258 1690 5311 nescio
1741 5259 1788 5312 si
1871 5257 1985 5310 tius
2006 5255 2153 5308 inter
2180 5271 2239 5308 se
2262 5255 2466 5308 collata
2493 5253 2905 5316 discutiantur;
2934 5256 2991 5305 et
3016 5249 3269 5320 quadam
3292 5247 3469 5320 perti-

200 5342 342 5397 ullus
370 5346 697 5415 angelorum
720 5346 780 5400 in
805 5362 908 5401 sua
928 5347 1262 5416 gloriabitur
1294 5346 1654 5411 conscientia,
1671 5347 1788 5400 suis
1872 5361 2009 5398 nere
2028 5343 2099 5397 ad
2130 5343 2283 5396 illam
2314 5342 2655 5397 eversionem
2677 5340 3193 5411 Hierosolymorum
3218 5355 3230 5390 :
3255 5338 3473 5408 reliqua

202 5433 432 5487 conﬁsus
450 5434 788 5488 viribus.Vel
801 5434 1173 5489 movebuntur
1184 5437 1419 5490 virtutes
1438 5435 1703 5488 calorum
1716 5435 1787 5488 ad
1870 5438 2082 5497 tamen,
2102 5437 2202 5486 aut
2220 5432 2290 5486 ad
2303 5433 2406 5486 hoc
2434 5431 2714 5503 pertinere
2732 5429 3042 5501 probantur
3060 5427 3208 5499 quod
3225 5425 3474 5497 quotidie

204 5518 466 5577 ultionem
484 5522 1005 5591 inimicorum,cum
1026 5523 1262 5579 viderint
1271 5523 1520 5595 judicem
1536 5522 1789 5577 omnium
1871 5520 2025 5575 venit
2052 5520 2112 5574 in
2137 5535 2369 5590 corpore
2388 5536 2510 5587 suo,
2545 5519 2692 5590 quod
2722 5523 2807 5572 est
2835 5516 3099 5584 Ecclesia,
3138 5514 3209 5570 de
3241 5529 3351 5585 quo
3377 5509 3475 5564 ad-
