3872 6158
416 295 520 357 823

1168 294 1225 351 S.
1268 290 1648 349 PASCHASII
1685 290 2046 347 RADBERTI
2084 288 2385 346 ABBATIS
2423 285 2911 345 CORBEIENSIS.

3532 288 3613 349 8%

418 427 538 478 tur.
568 418 847 487 Quoniam
876 417 983 492 ipsi
1008 422 1074 473 ut
1100 417 1293 484 stella),
1324 417 1437 471 imo
1465 421 1531 471 ut
1556 416 1657 482 sol,
1689 416 1748 470 in
1777 415 1872 469 illa
1889 432 2011 487 per—
2033 417 2073 475 Α
2094 414 2409 476 Matthaeus,
2461 413 2712 467 Hebraeis
2758 414 2854 483 qui
2891 410 3239 466 crediderant
3277 411 3376 467 hoc
3415 413 3618 487 Evange-

417 516 594 583 petua
620 509 935 565 aaternitate
962 506 1245 563 lucebunt.
1278 506 1347 560 Et
1374 506 1498 559 ideo
1529 521 1643 558 non
1668 504 1949 557 immerito
1980 520 2015 557 a

420 600 657 657 summis
685 599 953 654 caelorum
981 596 1336 666 colliguntur,
1353 599 1416 647 ut
1437 593 1494 647 in
1515 594 1870 646 ﬁrmamento
1890 591 2013 645 coeli

420 691 740 754 ﬁrmentur,
774 692 831 741 et
853 701 1031 756 usque
1057 684 1127 737 ad
1156 683 1427 737 terminos
1456 698 1670 746 eorum,
1706 697 1771 734 ex
1799 681 1888 734 his
1917 680 2013 750 qui

421 776 666 849 presciti
694 779 826 830 sunt
847 779 903 827 et
931 771 1330 843 praedestinati,
1361 787 1432 824 ne
1457 770 1605 823 ullus
1634 769 1847 823 alienus
1865 769 2014 822 inve-

421 866 633 920 niatur.
675 862 935 932 Legimus
960 864 1148 914 autem
1177 859 1237 913 in
1264 859 1642 913 Numerorum
1671 856 1832 923 libro,
1865 856 2014 927 quod

424 951 720 1007 duodecim
736 949 919 1003 tribus
938 948 1182 1001 ﬁliorum
1205 946 1379 1001 Israel
1401 962 1527 999 cum
1551 944 1767 999 exirent
1783 945 1852 997 de
1862 949 2017 998 terra

420 1039 669 1110 Egypti,
703 1038 852 1092 circa
893 1035 1275 1090 sanctuarium
1316 1034 1419 1088 Dei
1468 1050 1503 1087 a
1552 1038 1793 1104 quatuor
1834 1033 2015 1104 plagis

420 1128 545 1182 cceli
565 1125 1130 1181 castrametabantur.
1158 1124 1229 1177 Et
1246 1123 1370 1176 ideo
1391 1122 1481 1175 hic
1511 1121 1643 1192 quia
1671 1121 1821 1174 illius
1835 1122 2015 1190 ﬁgura

419 1216 779 1287 adimpletur,
808 1229 923 1268 non
951 1212 1161 1282 absque
1185 1226 1388 1280 magno
1418 1209 1703 1280 mysterio,
1722 1225 1755 1262 a
1773 1214 2015 1279 quatuor

418 1304 601 1359 ventis
628 1303 754 1357 coeli
784 1300 1112 1371 congregari
1142 1298 1423 1352 dicuntur.
1475 1297 1629 1352 Sicut
1675 1302 1732 1351 et
1775 1297 1834 1350 in
1880 1297 2013 1350 Eze-

422 1393 602 1447 chiele
639 1408 674 1445 a
718 1394 961 1460 quatuor
986 1386 1167 1442 ventis
1218 1386 1460 1456 Spiritus
1496 1401 1665 1456 super
1692 1384 2013 1439 interfectos

421 1486 604 1535 morte
639 1478 929 1533 insufﬂare
951 1474 1201 1546 jubetur.
1236 1475 1305 1528 Et
1335 1474 1476 1527 forte
1505 1473 1630 1527 ideo
1658 1474 1738 1527 sic
1758 1472 2011 1543 jubetur,

421 1574 481 1623 et
507 1569 588 1621 sic
615 1565 815 1620 facturi
853 1568 985 1619 sunt
1012 1563 1219 1633 angeli,
1262 1567 1328 1616 ut
1372 1562 1516 1616 sicut
1541 1566 1674 1615 tunc
1712 1577 1746 1614 a
1775 1566 2016 1631 quatuor

420 1655 603 1710 ventis
629 1656 1111 1715 castrametantes,
1147 1651 1203 1704 in
1233 1651 1485 1705 Iudaeam
1531 1655 1589 1703 et
1625 1649 1683 1703 in
1716 1649 2014 1703 haeredita-

2094 502 2232 556 lium
2260 502 2525 567 scribens,
2575 502 2702 555 ideo
2745 502 2923 555 solam
2968 501 3279 569 ﬁculneam,
3318 502 3619 574 Synagogam

2094 590 2319 657 scilicet,
2346 591 2534 661 posuit
2552 590 2910 661 proprietatis
2935 590 3138 660 gratia,
3171 606 3240 644 ne
3268 589 3433 661 ipsam
3458 598 3621 662 praete-

2094 679 2249 733 riret.
2275 679 2418 743 Quia
2440 696 2566 732 cum
2596 694 2790 733 omnes
2810 678 3037 732 arbores
3057 678 3294 732 fructum
3318 680 3622 749 protulerint,

2094 768 2150 822 id
2179 776 2266 822 est
2291 784 2417 822 cum
2443 767 2731 837 plenitudo
2774 767 3048 837 gentium,
3099 771 3233 820 tunc
3277 768 3445 821 omnis
3484 770 3625 824 Israel

2095 857 2281 911 salvus
2309 858 2424 910 fiet.
2454 858 2635 910 Antea
2669 871 2799 909 vero
2839 871 3007 926 quam
3042 856 3160 909 haec
3188 854 3340 921 ﬁant,
3366 872 3512 911 nemo
3536 858 3623 925 hic,

2096 951 2195 999 aut
2216 945 2347 1011 illic,
2375 944 2525 998 dicat
2555 960 2676 998 esse
2706 944 3012 1007 Christum,
3044 960 3210 998 nemo
3238 961 3336 998 nos
3363 952 3629 1015 perterreat

2097 1050 2167 1104 qu
2175 1034 2257 1087 asi
2272 1033 2443 1087 instet
2451 1033 2571 1086 dies
2586 1031 2827 1086 Domini.
2848 1032 2990 1096 Quia
3003 1032 3112 1101 nisi
3133 1033 3370 1103 primum
3386 1034 3484 1086 ista
3502 1036 3627 1099 ﬁant,

2095 1138 2452 1192 nequaquam
2485 1121 2684 1174 veniet.
2725 1120 2834 1174 Sed
2874 1136 3000 1174 cum
3047 1120 3195 1175 facta
3223 1120 3438 1185 fuerint,
3464 1126 3628 1188 scitote,

2094 1210 2296 1281 inquit,
2330 1213 2464 1278 quia
2479 1225 2645 1277 prope
2673 1214 2748 1262 est
2776 1224 3010 1275 regnum
3037 1209 3154 1262 Dei.
3187 1209 3245 1263 Si
3272 1209 3481 1280 quidem
3496 1227 3634 1282 prope

2094 1298 2153 1353 in
2166 1299 2271 1353 hac
2293 1298 2495 1352 ultima
2509 1297 2666 1363 hora,
2682 1297 2780 1351 sed
2801 1312 2966 1363 nemo
2988 1314 3117 1351 vere
3136 1297 3282 1351 dicet
3295 1314 3451 1368 quam
3466 1316 3632 1370 prope;

2097 1387 2229 1458 quia
2271 1386 2499 1441 omnino
2540 1401 2653 1439 non
2700 1390 2789 1439 est
2838 1386 3075 1455 alicujus
3106 1402 3256 1439 nosse
3309 1392 3531 1455 tempora
3574 1392 3636 1441 rel

2096 1481 2515 1544 momentaque?
2524 1477 2688 1529 Pater
2695 1476 2881 1543 posuit
2911 1477 2972 1527 in
2988 1489 3091 1527 sua
3096 1479 3353 1543 potestate
3373 1474 3496 1546 (Act.
3519 1488 3552 1541 ῐ,
3578 1475 3635 1545 7).

2098 1563 2364 1634 Sequitur
2392 1582 2404 1615 :

2172 1653 2253 1706 Ita
2274 1657 2321 1705 et
2337 1668 2428 1708 nos
2443 1667 2571 1705 cum
2590 1652 2840 1704 videritis
2857 1650 2964 1704 hac
2978 1653 3169 1704 omnia
3181 1653 3323 1718 ﬁeri,
3355 1653 3521 1705 scitote
3533 1654 3641 1720 quia

418 1750 539 1799 tem
558 1742 782 1798 Domini
800 1757 902 1813 per
919 1741 947 1795 J
952 1757 1108 1794 esum
1127 1738 1432 1793 introducti
1453 1742 1610 1805 sunt;
1634 1738 1713 1791 sic
1735 1743 1792 1791 et
1819 1753 1853 1790 a
1872 1753 2012 1807 qua—
2032 1724 2080 1783 B
2092 1757 2258 1810 prope
2286 1746 2361 1794 est
2390 1743 2454 1794 in
2466 1741 2685 1809 januis.
2720 1740 2837 1792 Hoc
2867 1743 2952 1792 est
2976 1739 3124 1809 quod
3149 1755 3323 1810 supra
3335 1739 3579 1805 dicebam,
3593 1743 3642 1793 ut

423 1839 555 1887 tuor
568 1830 746 1885 ventis
767 1828 951 1899 angeli
967 1826 1388 1898 congregabunt
1401 1827 1605 1880 electos
1619 1825 1744 1879 Dei.
1767 1827 1814 1879 A
1832 1826 2012 1879 ventis

420 1926 613 1975 autem
644 1935 757 1972 non
793 1916 1052 1983 terrenis,
1078 1915 1176 1968 sed
1202 1914 1518 1969 coelestibus
1556 1914 1734 1968 sancti
1762 1915 2012 1984 Evange-

417 2009 500 2075 lii,
523 2008 581 2061 id
610 2012 696 2061 est
722 2022 757 2060 a
785 2004 1020 2059 summis
1043 2003 1311 2057 caelorum
1328 2019 1508 2073 usque
1525 2003 1597 2056 ad
1623 2003 1896 2056 terminos
1916 2019 2011 2057 eo-

418 2113 580 2163 rum;
608 2100 674 2149 ut
703 2093 773 2148 ab
792 2095 925 2147 Jesu
943 2091 1168 2146 Christo
1182 2091 1420 2145 Domino
1448 2095 1640 2144 nostro
1667 2091 2010 2161 congregati,

2094 1829 2372 1899 intelligat
2407 1829 2653 1899 prudens
2684 1828 2858 1881 lector
2887 1843 3009 1899 quae
3032 1827 3261 1894 omnia;
3293 1828 3537 1898 quiahaec
3552 1845 3646 1882 om-

2094 1917 2191 1971 nia
2217 1934 2340 1987 quae
2392 1917 2610 1987 prolata
2652 1921 2781 1970 sunt
2820 1932 2855 1969 a
2885 1915 3160 1986 principio
3208 1915 3643 1986 interrogationis,

2093 2022 2207 2059 non
2238 2006 2309 2058 ad
2337 2005 2719 2075 apostolorum
2760 2009 3015 2075 tempora
3057 2005 3344 2075 pertinere
3382 2003 3647 2075 probantur

2095 2094 2265 2149 etiam
2286 2111 2388 2148 nec
2403 2094 2474 2148 ad
2495 2099 2706 2148 nostra.
2736 2093 2880 2158 Quia
2897 2093 2957 2147 in
2976 2094 3080 2147 hoc
3100 2099 3374 2165 tempore,
3402 2095 3542 2149 nulla
3559 2094 3646 2147 alia

418 2185 735 2257 percipiant
763 2182 1014 2236 divinam
1045 2185 1103 2234 et
1127 2195 1319 2234 veram
1346 2179 1731 2233 haereditatem
1760 2179 1819 2233 in
1839 2178 2010 2233 cmlis.
2096 2188 2229 2237 sunt
2253 2183 2362 2237 nisi
2393 2182 2695 2237 seditiones
2719 2187 2776 2236 et
2821 2181 2986 2247 bella,
3029 2182 3219 2236 clades
3253 2188 3311 2236 et
3355 2183 3647 2253 pestilentiae

492 2274 573 2327 Ab
592 2273 787 2326 arbore
806 2272 939 2337 ﬁcus
954 2271 1143 2341 discite
1161 2269 1490 2338 parabotam
1508 2286 1525 2331 ;
1542 2283 1665 2320 cum
1675 2271 1799 2336 jam
1820 2264 2016 2321 ramus

2105 2273 2311 2343 utique,
2345 2277 2403 2326 et
2428 2271 2701 2325 inaudita.
2734 2269 2947 2334 Quibus
2974 2270 3239 2325 omnibus
3259 2272 3420 2325 malis
3445 2272 3650 2326 atrocius

402 2364 540 2431 ejus
582 2365 732 2413 tener
759 2359 952 2425 fuerit,
986 2362 1037 2410 et
1057 2357 1197 2424 folia
1223 2359 1380 2422 nata,
1411 2357 1562 2409 scitis
1588 2357 1720 2423 quia
1746 2370 1910 2423 prope
1943 2361 2019 2409 est
2097 2363 2320 2416 videtur
2350 2362 2456 2415 hoc
2500 2361 2734 2425 malum,
2783 2359 2916 2430 quia
2948 2359 3285 2429 refrigerata
3319 2366 3405 2414 est
3446 2359 3653 2413 charitas

422 2453 576 2505 aestas
600 2466 616 2501 .'
639 2449 720 2500 ita
740 2453 788 2500 et
808 2461 897 2500 vos
907 2460 1034 2499 cum
1059 2445 1308 2497 videritis
1327 2444 1436 2496 Ιιιτο
1453 2445 1643 2495 omnia
1662 2445 1803 2509 ﬁeri,
1836 2445 2020 2496 scitote
2101 2455 2159 2505 et,
2177 2450 2387 2504 abolita
2410 2466 2542 2503 vera
2562 2449 2721 2515 ﬁdes,
2735 2465 2799 2502 ex
2820 2447 3023 2518 quibus
3036 2448 3291 2502 nascitur
3314 2448 3547 2519 quotidie
3561 2464 3654 2501 om-

420 2539 554 2607 quia
568 2550 735 2604 prope
762 2539 837 2588 est
867 2536 931 2587 in
948 2530 1294 2600 januis.Ubi
1324 2531 1501 2584 Lucas
1521 2530 1601 2583 ait
1629 2548 1641 2582 :
1680 2532 1852 2584 Videte
1863 2534 2021 2598 ﬁcul-

2105 2538 2267 2593 nibus
2293 2536 2603 2602 tribulatio,
2633 2542 2689 2590 et
2703 2537 2887 2590 omnis
2901 2536 3175 2590 desolatio
3196 2537 3422 2591 civium.
3446 2538 3657 2607 Quapro-

418 2638 583 2680 neam
606 2628 659 2676 et
687 2638 872 2675 omnes
901 2622 1121 2674 arbores
1152 2638 1169 2672 :
1196 2635 1321 2672 cum
1344 2620 1663 2687 producunt
1694 2635 1761 2672 ea:
1799 2636 1852 2673 se
1880 2621 2011 2686 fru-

2105 2634 2222 2702 pter
2241 2627 2484 2696 singula,
2515 2630 2581 2678 ut
2603 2641 2747 2695 saepe
2771 2624 2984 2679 dictum
3008 2630 3112 2691 est,
3143 2626 3265 2679 suis
3295 2624 3659 2679 consideranda

424 2718 595 2777 ctum,
644 2713 795 2765 scitis
833 2712 967 2778 quia
1016 2723 1184 2778 prope
1237 2712 1313 2761 est
1348 2711 1501 2760 aestas
1549 2709 1695 2773 (Luc.
1736 2721 1851 2772 xxx,
1896 2707 2009 2777 29).

2105 2723 2230 2773 sunt
2247 2713 2617 2786 temporibus,
2633 2717 2691 2766 et
2713 2712 3113 2783 distinguenda
3138 2714 3300 2780 locis,
3335 2731 3404 2767 ne
3423 2714 3555 2768 forte
3567 2729 3657 2767 om-

421 2801 583 2865 Quod
611 2804 917 2869 utrumque
941 2796 1155 2850 dictum
1181 2813 1216 2849 a
1242 2795 1526 2849 Salvatore
1562 2811 1729 2849 nemo
1758 2795 2009 2865 ambigit.

2105 2807 2192 2862 nia
2220 2820 2342 2875 quae
2360 2819 2459 2874 per
2476 2802 2597 2856 haec
2611 2800 2777 2855 unius
2796 2801 3009 2855 ultimae
3034 2802 3185 2856 horae
3212 2803 3397 2873 spatia
3410 2802 3657 2873 complen-

419 2890 492 2944 Et
520 2889 646 2942 ideo
677 2887 810 2957 quia
835 2885 1011 2939 futuri
1033 2883 1303 2954 temporis
1322 2882 1587 2953 parabola
1612 2887 1715 2948 est,
1748 2882 2016 2938 debemus
2098 2895 2171 2948 da
2206 2897 2358 2953 sunt,
2411 2891 2482 2944 ad
2519 2905 2695 2943 unum
2740 2888 2942 2958 aliquis
2973 2889 3107 2941 velit
3144 2890 3405 2960 redigere
3438 2896 3651 2960 tempus.

420 2976 759 3044 investigare
790 2973 925 3043 quid
949 2988 1096 3026 unus
1126 2987 1322 3025 eorum
1366 2988 1467 3041 per
1499 2972 1676 3024 solam
1720 2972 2015 3026 ﬁculneam
2038 3027 2078 3053 η
2099 2982 2244 3047 Quia
2272 2980 2419 3051 quod
2440 2978 2531 3053 ait
2555 2997 2571 3031 :
2600 2980 2770 3046 Prope
2789 2981 2867 3031 est
2892 2979 2954 3029 in
2974 2980 3193 3045 januis,
3230 2994 3342 3032 non
3373 2978 3661 3049 simpliciter

420 3064 582 3131 velit;
616 3063 750 3132 quid
780 3062 925 3115 alter
945 3077 1047 3131 Per
1074 3060 1369 3113 501111198"!
1415 3064 1472 3113 et
1501 3075 1602 3130 Per
1628 3076 1822 3113 omnes
1851 3059 2016 3113 arbO-
2037 3059 2080 3087 υ
2100 3072 2310 3125 dictum
2337 3073 2440 3132 est,
2462 3067 2559 3121 sed
2579 3070 2777 3136 argute
2792 3065 2960 3118 nimis
2975 3070 3040 3119 ut
3058 3065 3346 3136 intelligas
3365 3067 3543 3120 omnia
3567 3067 3660 3119 haec

425 3167 539 3205 res.
567 3151 713 3204 Nam
733 3150 870 3202 ficus
881 3153 939 3202 et
954 3163 1148 3201 omnes
1168 3147 1416 3212 arbores,
1438 3147 1497 3200 in
1516 3152 1770 3218 tempore
1789 3148 2015 3213 hiemis,
2102 3174 2224 3228 qua;
2248 3158 2392 3210 ﬁunt
2414 3155 2483 3209 ab
2502 3154 2666 3208 initio
2698 3152 3108 3230 praedicationis
3136 3154 3273 3207 Jesu
3303 3154 3504 3208 Christi
3528 3154 3581 3206 in
3595 3153 3663 3223 δα.

425 3256 491 3294 ac
514 3239 562 3292 Si
593 3240 863 3291 emortua!
892 3235 1169 3301 Videntur,
1217 3235 1471 3305 quamvis
1500 3235 1723 3289 Vitalem
1750 3236 2019 3290 Virtutem
2101 3246 2229 3300 nuis
2250 3244 2439 3299 omnia
2457 3259 2595 3304 esse,
2624 3242 2682 3295 id
2702 3246 2788 3295 est
2805 3241 2863 3295 in
2892 3240 3128 3295 introitu
3157 3242 3219 3295 in
3247 3258 3360 3312 quo
3388 3244 3553 3297 intrat
3570 3257 3664 3296 om-

422 3327 673 3382 habeant
701 3325 874 3401 inse,
901 3324 999 3378 sed
1028 3323 1188 3377 valde
1218 3322 1620 3377 absconditam.
1653 3325 2018 3379 Postmodum
2103 3335 2189 3389 nis
2220 3332 2463 3388 Ecclesia
2491 3330 2673 3385 eundo
2706 3335 2764 3384 et
2808 3330 3083 3400 portando
3124 3331 3349 3385 semina
3382 3348 3509 3397 sua;
3540 3347 3667 3385 mm-

426 3431 578 3483 vero,
612 3430 745 3469 cum
791 3413 875 3467 sol
918 3411 1215 3466 incaluerit
1257 3417 1314 3465 et
1350 3412 1715 3467 illustraverit
1758 3413 1882 3467 illas
1920 3430 2022 3468 suo
2106 3439 2274 3494 quam
2303 3427 2470 3490 ιθι
2497 3426 2534 3485 ι
2565 3420 2648 3473 ire
2663 3435 2906 3485 cessans,
2928 3434 3220 3489 nunquam
3235 3419 3669 3474 intrare.Etideo

427 3509 677 3575 aspectu,
696 3501 991 3572 frigusque
1019 3500 1332 3565 recesserit.
1365 3517 1496 3554 mox
1523 3500 1705 3555 Vitalis
1729 3502 1906 3555 Virtus
1932 3519 2023 3556 re-
2105 3512 2223 3566 haec
2250 3511 2443 3565 omnia
2463 3526 2585 3579 quae
2618 3510 2763 3562 ﬁunt
2787 3507 2954 3572 mala,
2981 3508 3261 3579 praeconia
3283 3513 3417 3563 sunt
3431 3514 3485 3562 et
3513 3506 3669 3562 nuntii

425 3593 529 3648 dit.
580 3591 779 3661 Sicque
822 3589 1006 3643 calore
1047 3588 1199 3655 solis,
1230 3589 1352 3658 jam
1398 3590 1693 3660 complutaa
1728 3589 2021 3655 imbribus,
2106 3600 2276 3654 unius
2304 3598 2469 3664 mali;
2500 3613 2621 3667 qua:
2651 3612 2782 3650 vero
2811 3595 2955 3650 bona
2986 3601 3043 3650 et
3069 3597 3185 3651 Deo
3215 3602 3463 3669 accepta,
3486 3596 3670 3651 semina

426 3683 583 3736 intus
620 3678 903 3751 parturire
940 3677 1216 3748 incipiunt
1252 3682 1310 3732 et
1346 3678 1684 3748 germinare,
1726 3678 1927 3732 deinde
1965 3680 2025 3733 in
2111 3693 2243 3743 sunt
2278 3693 2336 3741 et
2381 3686 2595 3740 fructus
2622 3685 2789 3739 unius
2820 3683 2971 3739 boni,
3002 3684 3218 3739 Tamen
3250 3702 3381 3740 cum
3420 3687 3531 3740 haec
3553 3685 3673 3738 ﬁunt

425 3785 661 3842 germen
685 3783 1002 3837 erumpere.
1033 3781 1097 3820 ac
1122 3770 1441 3837 turgescere
1473 3766 1531 3820 in
1559 3768 2025 3837 gemmam,iam-
2110 3776 2230 3830 dies
2252 3774 2477 3829 Domini
2506 3790 2679 3844 prope
2709 3778 2793 3827 est
2813 3772 2872 3826 in
2902 3773 3114 3843 januis,
3140 3789 3212 3827 ne
3257 3774 3434 3828 ullum
3471 3773 3673 3844 recipiat

429 3874 539 3931 que
566 3860 944 3929 praetereunte
967 3872 1156 3920 verno,
1192 3856 1363 3909 ﬂante
1388 3855 1632 3920 favonio,
1663 3854 1940 3926 incipiunt
1967 3856 2021 3910 in

2107 3864 2310 3928 furem,
2343 3868 2401 3917 et
2427 3879 2498 3916 ne
2527 3862 2706 3915 ullum
2733 3862 2952 3931 rejiciat
2983 3862 3224 3932 justum.
3260 3864 3332 3917 Et
3376 3863 3496 3917 ideo
3524 3862 3673 3915 donec

426 3963 616 4002 ramos
643 3961 881 4016 gemma:
913 3943 1156 4014 prodire,
1190 3959 1256 3997 ex
1279 3942 1402 4013 ipsa
1435 3942 1750 3997 valetudine
1785 3942 1938 4009 solis,
1972 3949 2030 3998 et
2112 3953 2222 4006 ista
2250 3952 2396 4006 ﬁunt
2416 3966 2584 4020 prope
2613 3953 2676 4003 in
2694 3953 2896 4018 januis
2924 3955 3020 4015 est,
3059 3967 3131 4004 ne
3160 3951 3264 4005 ulli
3294 3952 3551 4006 introitus
3571 3949 3673 4003 vitae

431 4035 566 4090 folia
597 4049 916 4106 procreare,
946 4032 1027 4085 ita
1054 4036 1119 4085 ut
1164 4030 1484 4085 teneritudo
1524 4046 1812 4085 ramorum
1843 4035 2031 4087 exten-
2113 4041 2313 4109 longus
2360 4038 2614 4092 videatur
2640 4056 2653 4091 :
2681 4040 2857 4093 Amen
2888 4039 3007 4092 dico
3034 4041 3199 4105 vobis,
3245 4056 3360 4094 non
3403 4039 3671 4109 praeteribit

432 4123 621 4187 datur,
655 4127 714 4175 et
746 4121 960 4176 fructus
983 4124 1336 4189 procreetur;
1369 4119 1559 4190 sicque
1587 4120 1652 4174 fit
1678 4120 1952 4191 paulatim
1967 4127 2032 4175 ut
2111 4131 2390 4197 generatio
2433 4128 2558 4193 haec,
2590 4128 2755 4180 donec
2799 4128 2992 4180 omnia
3037 4130 3196 4194 fiant.
3229 4126 3378 4182 Ecce
3418 4140 3673 4198 quousque

432 4227 501 4264 ex
528 4210 650 4279 ipso
675 4208 873 4261 effectu
904 4206 1167 4260 arborum
1208 4223 1307 4260 seu
1355 4207 1743 4275 ﬁculnearum,
1776 4210 2031 4279 proxima
2111 4215 2441 4286 complenda
2490 4219 2623 4269 sunt
2668 4214 2859 4267 omnia
2905 4230 3027 4284 qua;
3067 4215 3342 4285 praedicta
3384 4221 3527 4270 sunt,
3569 4213 3671 4276 Hic,

432 4296 785 4393 intelligatur
802 4298 984 4348 aestas.
1003 4294 1194 4393 ‘Supra
1218 4310 1464 4393 namque
1489 4295 1728 4393 dixerat,
1760 4298 2030 4393 praedica-
2046 4335 2096 4393 D
2113 4321 2318 4376 quaeso,
2352 4305 2490 4374 ﬁgat
2515 4303 2641 4374 pius
2664 4302 2888 4356 auditor
2904 4308 3171 4370 mentem,
3193 4310 3253 4357 et
3272 4305 3547 4375 intelligat
3566 4301 3675 4374 quia

432 4385 589 4440 bitur
636 4383 742 4437 hoc
790 4381 1141 4450 evangelium
1188 4381 1347 4450 regni
1388 4381 1448 4434 in
1485 4383 1747 4438 universo
1793 4388 2023 4443 mundo.

443 4479 490 4540 ι
499 4478 565 4537 0
575 4476 694 4538 ιθ
712 4469 821 4525 Sed
830 4468 1015 4523 adhuc
1024 4468 1230 4522 misera
1243 4469 1538 4538 Synagoga
1550 4470 1868 4526 Judaeorum
1878 4476 2031 4546 ,quia

434 4561 619 4616 hiems
664 4564 767 4626 est,
808 4561 1035 4611 mortua
1074 4558 1226 4627 jacet
1269 4556 1390 4610 sine
1428 4556 1633 4627 fructu,
1669 4564 1725 4614 et
1764 4561 1885 4616 sine
1914 4565 2031 4619 ulla

434 4648 717 4717 viriditate
748 4646 898 4700 ﬁdei.
925 4645 1016 4700 Sic
1035 4650 1093 4699 et
1112 4644 1366 4716 plurimae
1391 4651 1607 4716 gentes,
1643 4650 1896 4718 quamvis
1914 4652 2029 4707 Deo

436 4737 657 4791 favente
682 4734 958 4806 pluriores
989 4733 1345 4800 crediderint,
1382 4734 1589 4805 frigore
1622 4736 1806 4791 nimiae
1835 4739 2030 4794 infide-
2078 4748 2087 4754 '

438 4818 617 4883 litatis
644 4827 916 4881 hactenus
956 4832 1322 4897 premuntur;
1351 4827 1423 4881 ad
1454 4843 1592 4898 quas
1622 4829 1890 4885 nimirum
1916 4832 2033 4887 haec

438 4907 709 4989 parabola
738 4915 1042 4970 Salvatoris
1074 4915 1268 4986 procul
1291 4915 1460 4970 dubio
1502 4917 1747 4987 respicit.
1775 4918 2031 4974 Primum

436 5010 504 5061 ut
529 5020 658 5059 cum
687 5004 809 5074 ipsa
836 5004 1075 5057 ﬁculnea
1104 5004 1446 5068 Judaeorum,
1477 5006 1723 5059 calorem
1750 5005 1903 5060 verbi
1931 5008 2032 5062 Dei

438 5092 731 5165 receperit,
765 5097 823 5146 et
869 5092 953 5145 sol
995 5092 1249 5162 justitiae,
1298 5093 1553 5147 Christus
1600 5094 1875 5159 videlicet,
1907 5111 2034 5150 eam

438 5181 807 5238 illustraverit
856 5196 958 5234 suo
1001 5180 1232 5246 lumine,
1264 5186 1321 5235 et
1364 5182 1681 5236 cmlestibus
1717 5183 2036 5254 irrigaverit

442 5270 623 5339 aquis,
657 5286 722 5324 ac
749 5269 799 5323 si
827 5269 1010 5323 hieme
1039 5274 1325 5323 transacta
1348 5270 1574 5325 vitalem
1609 5273 1884 5343 receperit
1908 5274 2034 5344 Spi-

442 5357 638 5422 ritum,
666 5358 783 5426 jam
813 5362 949 5412 tunc
975 5357 1253 5427 completo
1283 5358 1581 5428 Evangelio
1627 5360 1687 5414 in
1723 5366 1841 5415 toto
1880 5362 2032 5427 orbe,

445 5460 641 5499 omnes
662 5444 889 5513 arbores
914 5446 983 5500 de
1002 5462 1081 5511 se,
1115 5445 1174 5498 id
1194 5449 1277 5499 est
1297 5462 1490 5500 omnes
1510 5453 1724 5517 gentes,
1749 5449 2035 5504 viriditate

443 5532 577 5587 ﬁdei
605 5538 848 5606 recepta,
881 5534 1105 5605 parient
1117 5533 1352 5605 justitiae
1376 5534 1610 5590 fructus.
1628 5536 2033 5593 Verumtamen

2110 4410 2221 4448 non
2244 4393 2547 4462 praeteribit
2567 4393 2675 4445 haec
2700 4394 2999 4459 generatio,
3013 4393 3182 4446 donec
3198 4398 3396 4448 omnia
3415 4393 3526 4447 haec
3539 4395 3673 4459 ﬁant.

2108 4482 2413 4536 Videamus
2439 4480 2685 4550 primum
2714 4496 2836 4550 quia
2861 4479 2935 4532 sit
2970 4481 3264 4550 generatio
3310 4482 3461 4549 haec;
3504 4477 3675 4535 deinde

2112 4569 2247 4640 quid
2266 4568 2361 4637 sit,
2374 4584 2486 4622 non
2510 4570 2832 4636 praeteribit,
2851 4568 2939 4620 vel
2955 4568 3099 4622 sicut
3117 4568 3214 4622 alii
3236 4570 3456 4623 codices
3474 4567 3671 4628 habent,

2112 4673 2225 4711 non
2252 4654 2539 4713 transibit.
2584 4656 2728 4719 Quia
2772 4655 3057 4725 praeterire
3086 4657 3171 4710 vel
3197 4658 3463 4723 transire,
3502 4660 3591 4711 aut
3620 4652 3676 4706 de

2110 4746 2232 4800 loco
2260 4745 2331 4799 ad
2358 4744 2542 4798 locum
2572 4749 2675 4809 est,
2709 4749 2807 4797 aut
2835 4744 2904 4798 de
2929 4761 3029 4798 suo
3054 4749 3207 4799 statu
3236 4746 3310 4799 ad
3340 4745 3491 4800 aliud
3516 4749 3676 4798 trans-

2114 4833 2339 4887 mutari.
2373 4832 2533 4896 Quod
2571 4832 2617 4886 si
2642 4832 2710 4886 de
2733 4833 3095 4902 generatione
3123 4833 3449 4888 Judzeorum
3477 4833 3670 4892 dicitur,

2113 4926 2299 4992 potest
2328 4920 2565 4992 quilibet
2595 4921 2829 4991 simplex
2864 4921 3140 4975 aestimare
3177 4923 3494 4992 praemissas
3532 4921 3677 4975 dicto-

2113 5026 2238 5064 rum
2266 5008 2572 5063 sententias
2601 5008 2673 5062 ad
2703 5008 3139 5063 destructionem
3186 5010 3675 5081 Hierosolymorum

2115 5098 2416 5169 pertinere,
2449 5102 2506 5151 et
2529 5097 2599 5150 ad
2618 5114 2712 5150 eos
2740 5103 2962 5151 tantum
2976 5098 3214 5166 Iudaeos,
3238 5098 3335 5169 qui
3365 5099 3423 5152 in
3452 5103 3675 5165 tempore

2115 5186 2210 5239 illo
2240 5185 2556 5256 passionem
2582 5185 2789 5240 Christi
2816 5186 3093 5253 viderunt,
3124 5187 3283 5257 quasi
3305 5188 3403 5240 illa
3416 5181 3676 5256 generatio

2116 5290 2229 5327 non
2258 5273 2514 5327 debuerit
2543 5274 2849 5344 praeterire,
2891 5274 3219 5346 priusquam
3243 5276 3458 5330 veniret
3484 5274 3679 5327 destru-

2117 5361 2227 5415 ctio
2253 5361 2403 5415 illius
2426 5361 2646 5416 miserae
2674 5363 2934 5417 civitatis.
2956 5364 3066 5418 Sed
3086 5364 3271 5418 nescio
3300 5363 3349 5418 si
3375 5366 3593 5417 verbum
3620 5355 3679 5410 ad

2116 5450 2347 5504 verbum
2392 5453 2583 5505 omnia
2631 5451 2747 5506 haec
2791 5452 3010 5523 possint
3055 5453 3253 5524 exponi
3281 5452 3352 5506 de
3389 5450 3501 5517 illa,
3535 5446 3599 5501 ab
3624 5460 3679 5499 eo

2115 5539 2327 5594 scilicet
2353 5540 2495 5605 loco,
2524 5538 2622 5596 ubi
2649 5540 2748 5607 ait,
2779 5540 2977 5596 videtis
3012 5542 3130 5597 haec
3172 5539 3379 5608 omnia,
3425 5551 3591 5608 usque
3613 5532 3674 5586 ad
