3872 6158
154 316 255 375 825

859 316 1240 374 EXPOSITIO
1277 317 1356 374 IN
1397 315 1843 374 MATTHEU'M.
1886 347 1950 359 —
1990 318 2127 374 LIB.
2169 318 2265 386 XI,
2308 319 2466 377 CAP.
2504 320 2700 379 XXIV.

3306 312 3412 373 826

157 442 323 507 illum,
341 455 511 510 prope
528 446 603 496 est
630 445 691 495 in
707 443 925 511 januis.
958 441 1216 496 Forsitan
1246 458 1378 512 ergo
1407 441 1464 495 in
1495 441 1727 513 quibus-
1748 444 1799 503 A
1814 443 1952 498 mini
1967 461 2077 499 non
2097 445 2393 500 transient.
2421 446 2565 510 Quia
2592 446 2757 502 verba
2781 462 2903 519 quae
2926 444 3225 501 Salvatoris
3254 445 3406 515 sunt.

148 531 266 586 dam
293 530 430 584 locis
451 535 732 600 poterunt,
748 530 807 583 in
839 529 1173 601 quibusdam
1192 531 1420 585 omnino
1444 548 1557 585 non
1578 537 1730 602 pote-

147 624 290 675 runt.
329 619 491 683 Quod
510 619 557 672 si
581 619 936 682 tentaverint,
968 619 1103 672 satis
1129 620 1499 695 coangustati,
1520 619 1725 685 nescio,

147 708 190 762 si
207 706 352 778 quod
373 707 667 761 conveniat
690 707 891 772 dicere,
912 707 1217 777 potuerint.
1254 708 1463 761 Idcirco
1485 724 1607 772 nos,
1631 712 1731 761 aut

145 812 304 850 unam
332 796 756 865 generationem
803 796 1053 850 omnium
1104 796 1398 849 hominum
1452 795 1522 849 ab
1552 796 1731 849 Adam

145 900 310 955 usque
341 885 413 937 ad
440 885 599 937 illum
627 885 888 938 ultimum
920 885 1206 938 hominem
1242 902 1253 936 :
1297 890 1396 938 aut
1422 901 1487 937 ex
1515 884 1731 939 duabus

143 972 590 1043 generationibus
606 973 925 1026 Judazorum
953 972 1165 1027 scilicet
1183 977 1239 1026 et
1257 973 1531 1043 gentium,
1560 990 1731 1027 unam

143 1061 499 1131 intelligimus
547 1060 864 1126 Ecclesiam,
920 1061 989 1115 de
1032 1061 1235 1132 quibus
1277 1062 1541 1116 Salomon
1598 1062 1724 1116 ait:

143 1150 419 1204 General-io
447 1151 618 1214 vadit,
651 1154 699 1202 et
725 1152 1005 1216 generatio
1034 1153 1180 1203 venit
1202 1151 1468 1218 (Eccle..1,
1487 1151 1562 1219 4).
1590 1150 1732 1214 Quia

142 1237 371 1309 populus
419 1236 740 1290 Iudaeorum
772 1237 866 1307 qui
897 1237 1003 1291 fuit
1045 1254 1147 1292 suo
1194 1238 1253 1292 in
1292 1243 1563 1309 tempore,
1606 1240 1726 1309 jam

141 1325 284 1390 abiit,
318 1332 379 1379 et
404 1325 557 1378 natio
600 1325 875 1395 gentium,
923 1342 1138 1379 necnon
1168 1332 1225 1380 et
1250 1326 1570 1380 Judaoorum
1600 1328 1727 1398 plu-

141 1414 272 1467 rima
290 1429 360 1467 ex
383 1418 565 1484 parte,
588 1413 659 1466 ad
689 1413 858 1467 ﬁdem
881 1414 1091 1467 Christi
1113 1415 1280 1480 venit,
1306 1415 1401 1485 qui
1424 1415 1592 1469 simul
1614 1432 1727 1469 una

138 1518 259 1556 voce
285 1502 517 1556 dicunt:
540 1503 788 1567 Domine,
812 1504 1099 1570 refugium
1119 1505 1300 1570 factus
1320 1520 1371 1557 es
1401 1505 1553 1557 nobis
1581 1521 1616 1557 a
1644 1522 1729 1571 ge-

141 1593 416 1644 neratione
463 1595 511 1643 et
528 1593 890 1665 generatione
935 1591 1097 1659 (Psal.
1142 1606 1370 1657 LXXXIX,
1413 1593 1492 1661 1).
1548 1591 1728 1655 Quam

138 1679 293 1732 simul
323 1695 499 1732 unam
517 1678 939 1748 generationem
964 1679 1110 1732 Deus
1133 1696 1278 1733 unus
1301 1684 1387 1733 est
1410 1680 1505 1750 qui
1522 1680 1729 1750 justiﬁ-

1811 548 1923 587 non
1953 533 2293 601 transibunt,
2338 536 2604 606 quoniam
2633 536 2806 607 ipsius
2836 534 3065 608 propria
3098 537 3249 598 sunt,
3281 547 3404 601 quae

1811 628 2117 692 operantur
2142 640 2310 687 nunc,
2346 629 2404 677 et
2440 641 2663 695 semper
2691 625 2749 679 in
2777 626 2917 695 ipso,
2952 625 3012 678 in
3058 639 3188 695 quo,
3219 626 3284 676 ut
3323 621 3406 674 ita

1809 710 2026 780 loquar,
2058 711 2361 765 ineffabilia
2393 717 2449 765 et
2480 714 2823 784 sempiterna
2856 718 3011 767 sunt.
3040 711 3193 765 Alias
3217 713 3409 764 autem

1812 797 2060 852 humana
2088 799 2256 852 verba
2278 816 2566 871 quousque
2586 802 2913 872 imperfecta
2936 806 3087 865 sunt,
3107 798 3275 853 verba
3292 814 3406 851 non

1812 892 1989 954 sunt;
2053 904 2181 941 cum
2238 905 2366 942 vero
2423 889 2669 959 perfecta
2724 890 2951 955 fuerint,
3004 891 3126 959 jam
3177 887 3406 941 omnino

1812 980 1981 1043 sunt;
2004 976 2170 1030 verba
2191 981 2379 1030 autem
2406 978 2504 1031 Dei
2534 995 2646 1033 non
2676 984 2912 1049 possunt
2940 994 3053 1031 non
3084 993 3223 1030 esse.
3257 977 3405 1030 Nam

1813 1065 2058 1118 humana
2078 1081 2142 1118 ex
2163 1065 2478 1119 conditione
2499 1067 2795 1120 creationis
2816 1083 2949 1131 suae,
2976 1066 3109 1137 quia
3129 1065 3197 1118 de
3226 1063 3403 1118 nihilo

1811 1153 2021 1207 habent
2049 1154 2336 1207 exordium
2365 1154 2422 1207 in
2454 1171 2532 1218 se,
2566 1155 2690 1208 ideo
2722 1155 2960 1210 redeunt
2986 1155 3046 1209 in
3090 1153 3403 1207 necessitu-

1810 1242 1958 1295 dinis
1988 1258 2101 1295 suae
2148 1242 2464 1312 appulsum,
2507 1248 2572 1296 ut
2618 1259 2730 1296 non
2777 1243 2909 1296 sint.
2958 1242 3166 1297 Christi
3214 1245 3407 1294 autem

1811 1330 1996 1394 verba,
2023 1347 2088 1383 ex
2110 1331 2423 1385 aeternitate
2452 1335 2602 1395 nata,
2622 1331 2677 1385 id
2699 1347 2920 1402 semper
2944 1330 3002 1384 in
3027 1347 3088 1384 se
3117 1329 3407 1383 continent

1809 1418 2052 1483 virtutis,
2087 1424 2151 1472 ut
2180 1425 2463 1475 maneant.
2495 1420 2677 1483 Quam
2705 1419 3043 1474 sententiam
3072 1418 3143 1472 ad
3168 1419 3406 1471 interro-

1808 1507 2096 1576 gationem
2142 1507 2547 1578 discipulorum
2603 1507 2825 1562 videtur
2872 1506 3097 1560 inferre.
3133 1505 3278 1569 Quia
3324 1504 3406 1557 illi

1793 1594 2297 1665 interrogaverunt
2315 1595 2383 1649 de
2412 1595 2980 1665 structuralapidum,
3014 1599 3183 1659 [0|
3198 1597 3259 1658 3
3283 1607 3408 1662 pro-

1809 1683 1968 1754 ponit
1997 1684 2077 1738 cis
2098 1685 2246 1755 quod
2268 1684 2578 1739 durabilius
2605 1685 2893 1738 ﬁrmatum
2922 1688 3008 1737 est
3036 1682 3238 1736 coelum
3254 1686 3407 1734 tran-

139 1773 251 1833 cat;
281 1767 768 1821 circumcisionem
798 1767 1007 1821 scilicet
1042 1784 1108 1820 ex
1137 1768 1265 1833 ﬁde,
1300 1774 1356 1822 et
1386 1769 1720 1839 praeputium
1742 1770 1937 1838 Bsire,
1966 1778 2023 1826 et
2067 1773 2192 1827 ideo
2235 1778 2427 1827 monet
2464 1790 2535 1827 ne
2590 1773 2735 1827 mira
2783 1772 3042 1825 videatur
3082 1771 3163 1824 eis
3210 1768 3404 1839 templi

138 1872 228 1927 per
252 1856 427 1909 ﬁdem
454 1854 584 1909 Jesu
611 1854 838 1909 Christi.
874 1855 1007 1918 Quae
1040 1855 1328 1924 generatio
1360 1856 1500 1909 Novi
1529 1857 1726 1910 Testa-

136 1943 319 2010 menti,
357 1960 482 2014 quae
503 1948 636 1997 tunc
664 1949 786 1997 erat
816 1943 872 1996 in
894 1934 1044 1996 facie
1054 1950 1111 1997 et
1130 1944 1187 1997 in
1217 1950 1515 2014 conspectu
1540 1945 1725 1999 Salva-

137 2032 279 2095 toris,
311 2048 432 2085 non
462 2031 769 2102 praeteribit
816 2032 887 2084 ad
940 2032 1064 2085 illas
1114 2038 1336 2087 aeternae
1364 2032 1491 2087 vitai
1533 2032 1726 2088 beatas

137 2120 551 2192 promissiones,
582 2122 748 2174 donec
792 2121 908 2175 haec
939 2124 1129 2175 omnia
1157 2126 1297 2189 ﬁant
1345 2138 1466 2192 quae
1507 2123 1727 2177 locutus

138 2214 213 2262 est
235 2209 533 2273 Dominus,
562 2208 621 2261 id
651 2212 736 2262 est
785 2214 1089 2280 antequam
1121 2209 1379 2264 Christus
1436 2211 1623 2264 veniat
1666 2212 1726 2265 in

135 2296 406 2364 nubibus;
439 2301 743 2368 antequam
766 2297 990 2367 signum
1026 2299 1148 2368 ejus
1178 2298 1237 2352 in
1263 2299 1404 2352 ccelo
1435 2304 1721 2371 appareat,

136 2392 432 2456 antequam
448 2386 633 2456 angeli
664 2386 964 2441 mittantur
984 2404 1111 2441 cum
1136 2386 1272 2441 tuba
1290 2387 1412 2451 Dei,
1437 2393 1495 2441 et
1516 2390 1725 2443 mortui

136 2480 448 2544 resurgant.
466 2475 548 2528 Ne
574 2479 674 2528 aut
701 2473 796 2529 isti
827 2475 923 2545 qui
942 2481 1077 2529 tunc
1100 2476 1161 2529 iu
1189 2492 1355 2529 carne
1382 2482 1565 2541 erunt,
1590 2494 1727 2547 prae-

135 2562 352 2615 veniant
393 2567 635 2627 [0'2
664 2577 765 2615 eos
806 2562 901 2633 qui
932 2563 1301 2617 resurrecturi
1348 2568 1499 2629 sunt,
1543 2580 1725 2635 neque

136 2649 221 2718 qui
246 2656 553 2719 resurgent
580 2650 651 2703 ad
682 2650 835 2704 illam
859 2651 1080 2705 beatam
1110 2651 1303 2716 vitam,
1329 2652 1485 2722 prius
1504 2658 1726 2723 prater-

136 2737 299 2803 ibunt,
334 2740 512 2792 donec
540 2739 657 2792 haec
683 2742 873 2793 omnia
901 2740 1156 2809 ﬁant..Et
1182 2740 1291 2794 ista
1334 2746 1418 2793 est
1440 2757 1571 2794 vera
1600 2758 1727 2795 con-

136 2826 294 2880 clusio
315 2827 735 2881 sententiarum
764 2827 884 2894 Dei,
908 2828 980 2881 ad
1011 2845 1180 2899 quam
1212 2829 1473 2883 universa
1501 2846 1728 2883 concur-

137 2921 272 2969 runt.
300 2916 378 2970 Et
406 2916 510 2970 hoc
546 2915 688 2969 forte
718 2920 803 2970 est
822 2915 879 2969 in
898 2917 1089 2984 januis
1133 2933 1272 2983 esse,
1314 2933 1441 2971 cum
1470 2918 1585 2972 haec
1614 2935 1728 2972 om-

1808 1860 2131 1925 destructio,
2185 1878 2313 1915 cum
2344 1867 2398 1915 et
2457 1862 2677 1930 majora
2723 1861 3002 1914 elementa
3052 1857 3397 1923 transibunt,

1807 1948 1974 2001 verba
2011 1954 2199 2003 autem
2231 1951 2372 2019 ejus,
2414 1949 2471 2002 in
2511 1949 2715 2019 quibus
2767 1949 3104 2019 promiserat
3149 1946 3229 1999 eis
3284 1962 3407 2015 quae

1807 2035 1998 2090 futura
2017 2042 2168 2101 sunt,
2201 2039 2390 2092 ﬁrmat
2421 2038 2571 2108 quod
2602 2053 2911 2107 nunquam,
2944 2051 3014 2089 ne
3055 2035 3213 2093 ﬁant,
3244 2037 3406 2086 tran-

1809 2124 2019 2179 sibunt.
2052 2126 2161 2180 Sed
2217 2125 2402 2179 divina
2448 2126 2506 2179 in
2539 2125 2761 2179 Christo
2817 2139 3040 2194 semper
3067 2122 3218 2177 idem
3251 2125 3402 2185 sunt,

1808 2228 1989 2283 neque
2018 2214 2240 2273 evenire
2269 2231 2380 2268 non
2410 2219 2663 2284 possunt,
2697 2229 2819 2284 quze
2848 2212 2906 2266 in
2935 2212 3057 2283 ipso
3086 2210 3236 2264 dicta
3261 2214 3318 2263 et
3344 2209 3406 2261 ﬁ-

1807 2302 1928 2355 nita
1957 2306 2105 2356 sunt.
2142 2303 2273 2356 Ideo
2304 2302 2399 2373 qui
2434 2303 2550 2356 vult
2576 2301 2768 2355 venire
2799 2300 2869 2354 ad
2897 2316 2964 2353 ea
2990 2315 3113 2371 quae
3148 2300 3400 2361 manent,

1807 2395 2058 2445 transeat
2084 2391 2192 2444 ista
2220 2407 2342 2461 quae
2363 2389 2647 2455 labuntur,
2678 2395 2735 2443 et
2753 2394 3075 2461 praetereat;
3111 2387 3245 2457 quia
3273 2385 3403 2439 nul-

1807 2479 1895 2532 lus
1915 2480 1983 2533 ad
2010 2496 2076 2533 ea
2095 2480 2337 2533 transire
2359 2485 2562 2550 potest,
2585 2479 2761 2532 donec
2784 2479 2864 2531 illi
2890 2479 3007 2532 haec
3027 2476 3218 2530 omnia
3240 2476 3403 2529 ﬁant.

1810 2569 1879 2621 De
1919 2570 2005 2621 die
2032 2573 2218 2621 autem
2250 2571 2351 2621 illa
2380 2574 2430 2621 et
2459 2569 2597 2621 hora
2641 2583 2796 2620 nemo
2849 2570 2967 2632 scit,
3004 2582 3172 2633 neque
3219 2565 3409 2629 angeli

1808 2659 2084 2720 calorum,
2118 2659 2233 2709 nisi
2253 2657 2415 2709 Pater
2431 2659 2597 2709 solus.
2631 2655 2736 2709 Ubi
2770 2655 2933 2708 multi
2958 2653 3174 2707 codices
3194 2650 3406 2704 habent

1809 2744 1956 2814 quod
1987 2761 2168 2813 neque
2188 2744 2378 2806 Filius,
2413 2744 2548 2797 etin
2570 2744 2755 2798 Marco
2786 2743 2866 2796 ita
2895 2741 3150 2795 habetur.
3185 2741 3300 2794 Nec
3316 2743 3405 2791 ta-

1808 2849 1939 2886 men
1965 2833 2215 2887 additum
2235 2839 2321 2886 est
2340 2833 2396 2886 in
2427 2833 2561 2898 ullo,
2584 2848 2765 2903 neque
2796 2832 2945 2885 filius
2969 2829 3233 2894 hominis,
3256 2824 3405 2898 quod

1808 2921 2089 2975 Feliciana
2115 2921 2341 2975 haeresis
2372 2921 2428 2974 in
2454 2938 2555 2975 suo
2595 2921 2857 2990 dogmate
2888 2920 3012 2973 ideo
3033 2917 3266 2982 addidit,
3299 2916 3403 2968 ho-

138 3003 392 3058 niafacta
417 3003 661 3071 fuerint;
695 3005 829 3075 quia
856 3010 1007 3070 tunc,
1041 3022 1105 3059 ac
1143 3006 1190 3058 si
1217 3005 1277 3059 in
1308 3005 1642 3072 meditullio,
1669 3007 1787 3099 idc
1811 3010 1996 3073 minis,
2046 3015 2110 3064 ut
2162 3010 2404 3074 doceret,
2457 3009 2762 3063 secundum
2831 3007 2980 3078 quod
3041 3007 3209 3059 homo
3258 3008 3400 3058 erat.

139 3098 229 3157 est,
276 3092 339 3149 in
371 3093 561 3162 januis
590 3093 776 3163 positi,
824 3109 928 3148 nec
965 3094 1037 3148 ad
1064 3094 1231 3147 istam
1268 3094 1469 3160 redire,
1504 3111 1608 3149 nec
1655 3095 1727 3149 ad
1749 3092 1786 3099 “
1808 3114 1923 3152 non
1954 3114 2117 3152 nosse
2144 3098 2292 3152 diem
2323 3098 2483 3151 illum
2512 3104 2570 3151 et
2590 3098 2806 3151 horam.
2830 3096 3037 3149 Volens
3054 3092 3408 3169 introducere

136 3183 274 3237 illam
297 3183 626 3255 pervenire,
654 3183 775 3238 sine
802 3184 991 3238 divino
1016 3186 1271 3238 examine
1301 3190 1533 3256 queunt.
1565 3185 1725 3249 Quod
1806 3186 2002 3240 fraude
2030 3204 2150 3252 sua,
2187 3186 2319 3257 quia
2343 3203 2454 3241 non
2484 3191 2675 3240 nosset
2704 3202 2825 3257 quae
2854 3185 3003 3239 Deus
3030 3184 3202 3237 Pater
3230 3181 3409 3246 novit,

136 3274 178 3326 si
194 3274 396 3344 aliquis
427 3289 532 3326 nos
556 3278 839 3326 coarctare
865 3273 1101 3327 voluerit
1123 3273 1192 3327 de
1222 3274 1355 3327 solis
1386 3274 1593 3329 Judaeis
1621 3275 1725 3329 hoc

139 3361 354 3427 dictum,
389 3361 615 3415 noverit
640 3361 773 3432 quia
802 3367 858 3415 et
882 3362 1006 3432 ipsa
1033 3362 1207 3427 natio,
1240 3362 1336 3416 ubi
1364 3364 1451 3416 vel
1479 3362 1594 3423 ubi.
1620 3363 1726 3417 etsi

137 3450 393 3522 dispersa,
431 3449 619 3503 adhuc
650 3449 915 3503 manebit.
945 3451 1024 3503 De
1081 3467 1193 3521 qua
1226 3451 1455 3521 quidam
1504 3453 1729 3505 firmare

140 3544 400 3593 conantur
428 3538 490 3591 in
522 3538 917 3608 praedicatione
947 3538 1080 3592 Eliae
1109 3544 1166 3592 et
1194 3539 1403 3603 Enoch,
1425 3540 1573 3609 quod
1603 3556 1731 3593 cen-

140 3634 246 3680 tum
270 3626 654 3698 quadraginta
683 3631 924 3697 quatuor
947 3627 1124 3680 millia
1152 3644 1218 3680 ex
1247 3627 1508 3680 omnibus
1546 3627 1729 3681 tribu-

138 3713 249 3779 bus,
281 3716 500 3786 signati
528 3715 689 3785 signo
722 3714 922 3781 crucis,
971 3720 1029 3768 et
1070 3732 1134 3768 ex
1179 3715 1438 3769 omnibus
1467 3716 1729 3786 gentibus

140 3806 420 3875 aggregati
475 3803 533 3857 in
563 3802 773 3867 Judaea,
826 3803 1052 3857 credere
1096 3802 1355 3867 debeant,
1389 3803 1588 3874 Sicque
1631 3821 1733 3859 nec

140 3891 267 3962 ipsa,
302 3911 407 3947 nec
436 3909 787 3947 successores
812 3908 1025 3958 eorum,
1069 3908 1172 3946 nec
1209 3892 1305 3962 qui
1338 3891 1397 3944 in
1442 3908 1609 3945 carne
1640 3892 1730 3945 in-

143 3982 277 4035 venti
316 3970 556 4044 fuerint,
587 3982 658 4034 ad
699 3982 861 4034 illum
893 3981 1160 4034 saeculum
1191 3980 1348 4051 prius
1387 3979 1727 4047 transibunt,

144 4086 297 4139 quam
324 4071 449 4125 hac
480 4070 673 4123 omnia
696 4071 851 4123 fiant.
885 4070 1042 4123 Tunc
1066 4069 1112 4122 si
1137 4068 1380 4138 quidem,
1414 4069 1502 4122 his
1534 4069 1615 4122 ita
1643 4086 1733 4122 ex-

144 4158 353 4228 plicitis,
387 4164 457 4212 ut
485 4158 753 4229 praedicta
774 4162 924 4222 sunt,
958 4156 1329 4227 praeteribunt
1348 4156 1556 4225 singuli
1575 4158 1736 4226 juxta

142 4247 466 4300 meritorum
514 4262 749 4300 suorum
777 4246 943 4311 facta,
981 4245 1049 4298 ad
1096 4261 1198 4298 sua
1226 4245 1360 4298 olim
1390 4244 1494 4298 sibi
1548 4244 1671 4298 loca
1701 4262 1737 4299 a

144 4332 368 4390 Domino
394 4339 734 4406 praeparata.
764 4332 925 4387 Unde
954 4333 1210 4403 sequitur
1243 4351 1256 4387 :

203 4423 407 4477 Caium
437 4428 488 4476 et
518 4428 670 4475 terra
701 4423 1042 4484 transibunt,
1073 4423 1237 4474 verba
1270 4426 1455 4475 autem
1480 4437 1598 4475 mea
1623 4437 1735 4475 non

149 4514 430 4565 transient.
488 4511 749 4580 Congrue
789 4508 926 4563 satis
957 4509 1168 4563 dictum
1199 4514 1302 4576 est,
1353 4513 1419 4562 ut
1446 4510 1737 4563 translatis

146 4597 569 4657 habitatoribus.
601 4598 673 4652 ad
709 4597 975 4652 ultimum
1004 4597 1379 4651 transferatur
1399 4601 1456 4650 et
1483 4596 1607 4667 ipsa
1635 4597 1735 4651 do-

146 4700 275 4739 mus.
303 4687 421 4741 Sed
442 4686 600 4757 prius
629 4687 771 4739 forte
801 4685 1079 4754 judicium
1106 4685 1213 4738 erit
1242 4684 1301 4737 in
1332 4683 1582 4755 quolibet
1609 4701 1737 4755 spa-

144 4772 215 4827 tio
239 4775 515 4846 temporis
548 4774 635 4827 vel
663 4778 949 4827 momento
982 4791 995 4838 ;
1035 4779 1092 4825 et
1132 4778 1267 4826 tunc
1292 4777 1484 4826 calum
1514 4778 1562 4826 et
1589 4777 1739 4826 terra

150 4864 483 4926 transibunt,
516 4879 631 4916 non
664 4868 728 4915 ut
758 4878 869 4915 non
897 4862 1030 4927 sint,
1061 4861 1159 4915 sed
1188 4867 1251 4914 ut
1288 4861 1403 4914 sint
1428 4861 1487 4914 in
1517 4862 1736 4926 melius,

148 4950 337 5004 caelum
369 4967 603 5013 novum,
633 4956 692 5003 et
734 4955 889 5003 terra
913 4966 1073 5015 nova,
1105 4955 1170 5003 ut
1199 4949 1573 5003 transferendi
1604 4950 1738 5011 sint,

149 5038 232 5106 qui
254 5038 547 5093 immutati
572 5038 782 5093 fuerint
803 5043 859 5092 et
896 5038 1231 5108 incorrupti.
1270 5038 1428 5091 Unde
1469 5044 1525 5091 et
1548 5037 1739 5091 Domi-

147 5141 241 5181 nus
270 5128 329 5181 in
359 5127 699 5198 Apocalypsi
725 5128 955 5181 Joannis
989 5145 1000 5179 :
1033 5128 1161 5181 Ecce
1186 5128 1350 5194 facio,
1387 5127 1589 5198 inquit,
1620 5144 1741 5181 om-

150 5217 237 5266 nia
276 5231 424 5268 nova
452 5219 628 5285 (Apoc.
662 5231 772 5279 xm,
807 5215 877 5279 5).
912 5215 980 5268 Et
1025 5214 1151 5267 ideo
1201 5230 1369 5284 quam
1400 5214 1541 5267 bene
1583 5215 1734 5281 dicit,

134 5302 270 5378 quia
286 5303 584 5372 generatio
606 5303 723 5357 haec
741 5319 853 5356 non
868 5301 1247 5372 pertransibit,
1274 5302 1599 5372 priusquam
1623 5304 1740 5357 haec

149 5393 332 5445 omnia
352 5393 497 5445 ﬁant
532 5392 602 5446 Et
629 5408 756 5445 cum
786 5391 1005 5461 expleta
1029 5390 1258 5455 fuerint,
1292 5396 1427 5443 tunc
1456 5390 1585 5460 ipsi,
1604 5406 1668 5444 ac
1693 5391 1740 5443 si

149 5477 200 5532 in
213 5480 413 5549 januis
442 5480 605 5550 positi
627 5479 1053 5550 pertransibunt
1079 5479 1150 5531 ad
1174 5478 1310 5536 alia.
1338 5479 1407 5532 Et
1427 5478 1474 5532 si
1499 5478 1607 5532 ista
1629 5495 1746 5532 om-

1807 3275 1932 3328 ideo
1951 3274 2276 3345 adoptivum
2290 3292 2391 3329 seu
2410 3274 2847 3345 nuncupativum
2864 3272 3051 3344 potius
3066 3272 3271 3325 Filium
3289 3268 3409 3335 Dei,

1810 3379 1977 3433 quam
1990 3363 2300 3433 pr0prium.
2316 3365 2395 3417 Ac
2408 3380 2508 3433 per
2516 3364 2621 3417 hoc
2632 3380 2826 3430 caecus,
2841 3362 2975 3417 dum
2989 3377 3103 3414 non
3112 3359 3265 3413 videt
3276 3356 3411 3429 quid

1811 3451 1981 3519 dicat,
2013 3452 2153 3505 duos
2178 3452 2298 3504 vult
2318 3451 2377 3505 in
2406 3468 2519 3505 uno
2541 3452 2849 3521 eodemque
2872 3449 3092 3504 Christo
3117 3447 3412 3502 ostendere

1811 3539 1972 3592 filios.
1997 3539 2154 3603 Quod
2172 3556 2449 3609 nusquam
2470 3540 2528 3593 in
2545 3539 2698 3593 omni
2723 3539 2866 3592 serie
2883 3538 3305 3608 Scripturarum
3326 3535 3410 3588 in-

1812 3627 2019 3692 venies,
2048 3633 2110 3681 ut
2133 3627 2311 3698 possis
2333 3629 2545 3697 ﬁngere
2566 3627 2866 3697 aliquando
2891 3642 3083 3680 verum
3096 3625 3298 3689 Deum,
3313 3622 3414 3676 ali-

1815 3716 2038 3785 quando
2053 3732 2168 3769 non
2189 3732 2381 3769 verum
2402 3732 2412 3766 :
2433 3722 2491 3769 et
2509 3715 2812 3785 aliquando
2831 3729 3022 3767 verum
3045 3718 3102 3766 et
3116 3711 3411 3782 proprium

1814 3804 2019 3858 Filium
2030 3804 2213 3870 Dei,et
2223 3803 2524 3874 aliquando
2536 3820 2647 3856 non
2658 3801 2962 3866 verum,vel
2976 3798 3086 3853 non
3100 3798 3409 3870 prOprium,

1816 3892 1912 3945 sed
1926 3909 2147 3962 semper
2157 3908 2351 3946 verum
2366 3892 2541 3945 Deum
2553 3896 2628 3955 ,et
2638 3890 2926 3961 proprium
2938 3889 3138 3942 Filium
3153 3886 3273 3951 Dei,
3283 3890 3413 3939 ante

1816 3987 2039 4052 partum
2058 3987 2115 4035 et
2131 3985 2258 4052 post
2271 3986 2497 4051 partum
2517 3979 2780 4049 Virginis.
2802 3977 2962 4032 Unde
2985 3976 3213 4045 etVirgo
3233 3974 3413 4028 Maria

1815 4085 1924 4122 non
1942 4069 2100 4133 duos,
2127 4069 2222 4121 sed
2242 4084 2414 4121 unum
2438 4068 2539 4121 Dei
2555 4067 2761 4121 Filium
2781 4067 2850 4119 de
2869 4083 2927 4119 se
2940 4066 3139 4136 genuit
3158 4063 3414 4117 incarna-

1817 4162 1959 4223 tum,
1993 4156 2124 4210 licet
2151 4161 2206 4210 et
2234 4156 2292 4209 in
2321 4156 2425 4210 hoc
2451 4155 2621 4209 verbo
2649 4155 2908 4224 insurgat
2951 4153 3136 4219 Arius,
3168 4152 3415 4222 gaudeat

1820 4245 2145 4309 Eunomius,
2171 4244 2350 4314 quasi,
2374 4244 2505 4315 quia
2524 4244 2752 4313 ignorat
2773 4260 2895 4313 quae
2916 4242 3084 4296 Pater
3106 4240 3276 4305 novit,
3300 4255 3415 4293 non

1820 4333 1997 4404 possit
2025 4333 2075 4386 ei
2097 4349 2218 4386 esse
2237 4333 2485 4403 aequalis.
2512 4333 2722 4387 Contra
2750 4348 2888 4402 quos
2916 4329 3157 4384 breviter
3189 4344 3416 4399 respon-

1818 4421 2085 4485 dendum,
2115 4421 2247 4492 quia
2263 4421 2451 4474 omnia
2468 4437 2591 4491 quae
2617 4421 2765 4473 facta
2782 4424 2913 4473 sunt
2940 4435 3040 4490 per
3064 4418 3270 4488 ipsum,
3285 4433 3414 4470 vere

1821 4512 1984 4577 (teste
2022 4509 2337 4578 Evangelio)
2368 4508 2513 4561 facta
2544 4512 2700 4572 sunt,
2738 4513 2794 4561 et
2845 4507 2903 4560 in
2945 4506 3067 4577 ipso
3100 4506 3216 4559 vita
3252 4508 3415 4558 erant

1821 4601 2125 4666 antequam
2144 4597 2361 4649 ﬁerent.
2380 4596 2594 4650 Idcirco
2613 4612 2711 4666 per
2724 4596 2910 4665 ipsum
2923 4600 2979 4649 et
2993 4600 3248 4665 tempora
3270 4592 3418 4646 facta

1823 4691 1972 4749 sunt,
2001 4684 2134 4754 quia
2162 4685 2500 4755 sempiterna
2524 4701 2637 4737 non
2665 4690 2825 4749 sunt;
2847 4690 2908 4737 et-
2923 4683 2969 4736 si
2998 4683 3143 4736 facta
3162 4687 3295 4736 sunt
3316 4697 3418 4752 per

1823 4773 2090 4843 ipsum,et
2106 4772 2253 4842 quod
2271 4772 2329 4825 in
2345 4773 2465 4842 ipso
2483 4773 2596 4825 vita
2612 4777 2735 4824 erat
2753 4777 3057 4841 antequam
3070 4772 3289 4831 ﬁerent,
3303 4785 3417 4823 non

1824 4866 2009 4933 potest
2039 4861 2298 4930 ignorare
2328 4859 2475 4929 quod
2499 4859 2616 4929 ipse
2644 4858 2793 4923 fecit,
2817 4864 2874 4912 et
2890 4859 3110 4929 quodin
3139 4858 3260 4929 ipso
3277 4873 3419 4911 sem-

1823 4965 1925 5020 per
1951 4954 2074 5001 erat
2095 4954 2399 5017 antequam
2428 4948 2602 5000 ﬁeret.
2627 4947 2773 5000 Nam
2791 4951 2848 4999 et
2880 4947 3029 4999 inter
3056 4946 3245 5000 omnia
3271 4951 3417 4999 tem-

1823 5053 1963 5108 pora
1990 5053 2112 5107 qua:
2139 5036 2285 5089 facta
2313 5040 2462 5100 sunt,
2514 5035 2633 5088 dies
2655 5035 2855 5104 judicii
2887 5040 2970 5088 est
3004 5054 3016 5102 ;
3071 5051 3237 5105 quem
3267 5034 3418 5087 diem

1822 5125 2014 5196 procul
2035 5124 2203 5178 dubio
2218 5124 2334 5194 ipse
2362 5124 2653 5177 constituit
2674 5129 2729 5177 et
2750 5122 2896 5176 fecit.
2922 5124 3035 5176 Nec
3052 5127 3238 5192 potest
3267 5122 3420 5191 igno-

1822 5230 1946 5266 rare
1964 5229 2087 5283 qua:
2108 5213 2261 5265 novit
2289 5213 2458 5265 Pater
2478 5212 2575 5282 qui
2600 5217 2752 5265 totus
2774 5212 2830 5265 in
2855 5212 3019 5265 Patre
3045 5217 3146 5271 est,
3171 5215 3228 5263 et
3251 5211 3421 5263 Pater

1822 5301 1880 5355 in
1906 5317 2009 5367 eo;
2042 5316 2223 5370 neque
2275 5299 2417 5353 scire
2465 5317 2587 5370 quae
2627 5300 2797 5353 habet
2830 5301 2997 5353 Pater
3033 5304 3090 5351 et
3134 5314 3238 5352 sua
3265 5305 3417 5367 sunt,

1826 5389 2092 5459 quoniam
2126 5388 2316 5441 omnia
2345 5404 2468 5458 quae
2503 5389 2671 5442 Pater
2699 5388 2885 5453 habet,
2938 5387 3109 5440 habet
3138 5390 3195 5439 et
3224 5386 3420 5452 Filius,

1828 5477 1959 5548 quia
1979 5475 2170 5530 omnia
2188 5476 2238 5529 ei
2263 5492 2298 5529 a
2317 5476 2482 5530 Patre
2503 5476 2711 5530 tradita
2740 5481 2891 5531 sunt.
2915 5475 3074 5539 Quod
3090 5475 3139 5529 si
3159 5475 3423 5529 ultimum

152 5568 240 5621 nia
264 5567 613 5636 transibunt,
647 5568 780 5639 quia
808 5566 1197 5635 mutabuntur,
1221 5566 1388 5622 verba
1415 5572 1604 5623 autem
1632 5568 1746 5622 Do-
1828 5566 1976 5620 diem
2006 5566 2321 5634 ignorasset
2348 5565 2522 5620 Filius
2563 5565 2759 5636 utique
2788 5565 3103 5634 ignorasset
3130 5568 3188 5618 et
3215 5562 3420 5633 penul-
