3872 6158
376 281 391 299 ι
487 252 584 311 831

1239 254 1299 311 S.
1338 250 1717 309 PASCHASII
1754 249 2115 307 RADBERTI
2152 248 2457 306 ABBATIS
2497 248 2995 307 CORBEIENSIS.

3578 250 3653 309 832

489 377 839 432 infructuosa
866 376 1006 447 legis
1036 392 1207 448 opera
1253 375 1535 442 sectanda,
1566 374 1937 445 relinquetur,
1967 376 2143 435 mo-A
2165 391 2262 429 sus
2289 375 2477 429 omnia
2505 374 2896 446 mquanimiter
2914 376 3116 441 ferens,
3152 378 3339 429 cuncta
3355 376 3654 445 communiat;

488 466 610 521 lens
642 471 699 520 et
720 467 943 520 volvens
972 466 1250 520 incassum
1279 464 1502 536 lapidea
1545 480 1698 517 saxa.
1741 468 1985 529 |0|9
2015 464 2082 517 Et

492 556 626 625 quia
644 556 764 608 sine
784 555 1066 608 frumento
1095 554 1241 623 quod
1267 553 1523 606 Christus
1543 558 1645 617 est,
1662 551 1815 605 illam
1843 552 2081 622 girando

488 644 740 707 trahunt,
765 645 975 697 nullam
1005 642 1246 696 cmlestis
1274 641 1383 694 cibi
1412 641 1649 694 farinam
1672 640 2082 693 faciunt.Porro

491 732 601 787 duo
627 732 683 785 in
714 733 873 795 lecto,
909 730 1162 784 eamdem
1197 728 1472 799 passionis
1497 728 1800 782 Dominicee
1829 728 2083 798 requiem

490 820 810 890 praedicant,
839 818 985 872 circa
1011 834 1180 888 quam
1211 817 1398 882 ﬁdem,
1422 833 1537 870 una
1565 816 1836 869 confessio
1863 822 1948 869 est
1975 816 2085 870 hie-

489 908 789 961 reticorum
821 912 990 976 atque
1015 906 1445 972 catholicorum;
1478 904 1575 958 sed
1626 905 1759 974 quia
1807 904 2082 958 unitatem

489 995 672 1048 Patris
720 1000 777 1048 et
821 995 968 1059 Filii,
1003 1000 1059 1049 et
1093 995 1547 1048 communionem
1577 1009 1771 1046 eorum
1811 993 2080 1063 Spiritum

489 1088 764 1150 sanctum,
786 1084 1033 1137 haeretici
1061 1099 1236 1137 unum
1259 1083 1437 1136 Deum
1460 1098 1571 1135 non
1591 1082 2079 1146 credunt,idcirco,

487 1170 621 1240 quia
649 1171 796 1224 male
816 1172 1073 1240 credunt,
1098 1176 1155 1224 et
1178 1172 1339 1241 pejus
1368 1170 1581 1237 vivunt;
1601 1170 1876 1239 siquidem
1896 1170 2084 1223 catho-

483 1257 625 1312 licus
652 1259 711 1312 in
741 1260 851 1313 ﬁde
880 1266 938 1314 et
965 1276 1133 1330 opere
1180 1264 1517 1323 assumetur,
1553 1263 1610 1311 et
1662 1258 1807 1311 alter
1829 1258 2085 1312 videlicet

486 1347 803 1413 haereticus,
836 1348 970 1401 dum
1002 1347 1353 1418 requiescere
1382 1346 1604 1400 videtur
1634 1346 1690 1399 in
1741 1347 1846 1399 hac
1875 1346 2083 1400 Christi

489 1436 709 1506 requie,
739 1452 804 1489 ac
833 1436 879 1489 si
909 1436 966 1489 in
999 1435 1161 1500 lecto,
1206 1435 1336 1505 quia
1375 1435 1523 1488 male
1561 1434 1712 1499 vivit,
1745 1441 1811 1488 ut
1865 1435 1997 1501 dixi,
2030 1440 2087 1488 et

487 1524 648 1594 pejus
677 1524 859 1589 docet,
877 1522 1303 1593 relinqueturin
1323 1522 1439 1575 suis
1469 1522 1751 1575 erroribus
1779 1521 2081 1577 involutus.

2162 475 2197 511 a
2216 460 2418 515 timore
2437 463 2752 533 concipiens
2768 463 2959 517 anima
2983 468 3045 517 ut
3057 463 3305 534 spiritum
3319 462 3490 517 salutis
3502 465 3661 534 pariat.

2165 548 2297 611 Qua:
2325 549 2595 604 nimirum
2625 551 2774 604 mola
2796 551 2931 604 dum
2953 550 3095 605 bene
3124 550 3344 604 inferius
3368 552 3665 623 superiusque

2165 636 2441 703 ﬁrmatur,
2468 644 2525 691 et
2553 644 2703 691 recte
2732 639 2988 702 vertitur,
3021 644 3240 693 tantum
3267 644 3329 692 ut
3360 639 3597 693 Christum
3624 641 3668 693 in

2164 740 2224 777 se
2247 725 2436 779 anima
2462 727 2710 780 ruminet
2725 731 2782 779 et
2800 732 2966 792 terat,
2990 743 3273 798 nunquam
3294 743 3325 780 a
3342 726 3503 781 fructu
3523 728 3671 782 farina

2163 829 2339 867 vacua
2366 819 2572 879 manet,
2609 820 2665 869 et
2716 816 2840 869 ideo
2875 816 3004 870 talis
3055 822 3364 870 assumetur
3388 816 3563 881 anima,
3588 832 3671 870 non

2164 900 2502 972 ubicunque,
2524 902 2621 956 sed
2643 908 2769 973 post
2792 902 3012 957 labores
3040 904 3110 956 ad
3132 904 3392 973 requiem;
3411 904 3561 957 altera
3576 920 3673 957 vero

2166 989 2295 1059 quia
2324 990 2382 1043 in
2407 990 2647 1044 circuitu
2677 992 2834 1062 impii
2866 992 3174 1057 ambulant,
3203 992 3330 1045 licet
3349 991 3569 1045 videatur
3590 1007 3675 1044 mo-

2166 1077 2300 1143 lere,
2333 1078 2465 1132 dum
2510 1085 2758 1134 sectatur
2796 1097 2917 1151 quae
2963 1080 3161 1134 mundi
3215 1085 3359 1141 sunt,
3390 1080 3496 1133 sine
3539 1079 3677 1133 fructu

2164 1182 2335 1219 vacua
2368 1167 2735 1238 relinquetur.
2763 1169 2830 1222 Et
2849 1168 2974 1222 ideo
3001 1170 3135 1240 quia
3149 1169 3205 1222 in
3235 1169 3371 1222 lecto
3392 1168 3545 1221 nimia
3567 1168 3679 1220 inﬁr-

2164 1254 2360 1309 mitate
2384 1255 2632 1327 depressi
2661 1273 2855 1311 omnes
2876 1258 3152 1327 jacemus,
3185 1257 3317 1310 dum
3346 1262 3487 1310 vacat
3512 1262 3559 1310 et
3573 1261 3681 1309 tem-

2167 1359 2272 1415 pus
2302 1348 2406 1410 est,
2442 1343 2782 1399 invocandus
2813 1351 2898 1399 est
2946 1346 3197 1399 medicus
3227 1344 3490 1410 salutaris,
3519 1360 3576 1398 ne
3611 1343 3682 1396 diu

2166 1428 2376 1481 mortui
2400 1429 2708 1498 jaceamus.
2728 1430 3091 1495 Invocandus,
3110 1435 3177 1484 ut
3194 1429 3339 1483 dicat
3358 1429 3526 1483 nobis:
3552 1429 3683 1497 Surge

2167 1522 2216 1570 et
2256 1521 2379 1573 totte
2407 1520 2706 1585 grabatum.
2740 1526 2920 1585 tuum,
2962 1527 3009 1574 et
3050 1521 3185 1574 vade
3221 1524 3283 1573 in
3311 1522 3517 1573 domum
3550 1524 3684 1572 tuam.

491 1610 701 1665 Probat
713 1612 886 1681 igitur
900 1612 1003 1665 hoc
1014 1612 1083 1665 de
1098 1611 1444 1680 agricultura
1456 1611 1593 1665 illud
1605 1612 2083 1681 Geneseos,quan-

2170 1608 2360 1676 (Marc.
2386 1624 2440 1672 η,
2458 1606 2510 1674 9,
2532 1606 2639 1676 11).
2657 1608 2801 1671 Quia
2819 1609 3328 1679 impraesentiarum
3343 1625 3495 1663 nemo
3512 1607 3611 1661 siue
3627 1605 3687 1659 in-

498 1697 569 1751 do
586 1699 723 1752 Cain
746 1705 800 1752 et
821 1700 939 1753 Noe
958 1699 1391 1753 introducuntur
1409 1699 1790 1769 agricultores.
1805 1699 1913 1753 Sed
1944 1699 2085 1752 alter
2100 1695 2144 1704 ’⁷
2168 1695 2453 1761 ﬁrmitate,
2490 1712 2654 1749 nemo
2684 1697 2805 1750 sine
2835 1697 3069 1766 grabato
3100 1697 3272 1751 vadit.
3300 1697 3405 1751 Sed
3425 1712 3553 1750 unus
3576 1710 3689 1749 assu-

493 1801 709 1849 eorum,
752 1787 807 1840 id
839 1791 925 1840 est
953 1788 1074 1840 Noe
1106 1787 1396 1857 operarius
1422 1791 1606 1849 terrae,
1638 1787 1697 1840 in
1739 1804 1873 1857 agro
1915 1787 2084 1857 hujus

488 1875 684 1928 mundi
722 1874 1076 1939 constitutus,
1111 1875 1423 1929 assumitur
1468 1892 1502 1927 a
1534 1876 1771 1929 Domino
1814 1892 1928 1929 una
1957 1892 2082 1929 cum

487 1963 604 2017 suis
634 1963 1108 2034 cooperatoribus,
1134 1963 1229 2033 qui
1255 1964 1377 2032 ejus
1405 1968 1572 2016 erunt
1592 1963 1829 2029 similes;
1849 1968 1905 2016 et
1920 1963 2084 2018 relin-

486 2052 681 2122 quitur
708 2053 847 2106 Cain
877 2052 1170 2124 operarius
1194 2058 1375 2115 terrae,
1410 2068 1525 2105 una
1540 2069 1664 2106 cum
1691 2053 1806 2106 suis
1835 2054 2084 2122 sequaci-

483 2140 608 2195 bus.
644 2141 751 2204 Qui
783 2142 888 2195 etsi
920 2142 1065 2195 male
1095 2140 1319 2207 obtulit,
1350 2142 1511 2211 pejus
1559 2141 1777 2209 divisit;
1812 2142 2075 2213 peccavit,

486 2245 591 2282 nec
619 2230 831 2299 quievit
859 2235 923 2283 ut
953 2235 1197 2284 cessaret
1216 2245 1464 2300 peccare.
1494 2230 1582 2283 Sic
1611 2234 1668 2283 et
1690 2230 1758 2283 de
1788 2230 2084 2284 animabus

487 2316 785 2371 hominum
813 2317 1239 2387 intelligendum
1266 2317 1625 2379 molentibus,
1650 2318 1745 2388 qui
1775 2318 1929 2387 gravi
1952 2334 2086 2388 pon-

490 2405 622 2459 dere
652 2412 1002 2476 premuntur,
1036 2412 1092 2460 et
1135 2406 1192 2459 in
1224 2406 1456 2459 circuitu
1503 2405 1812 2473 ambulant,
1835 2408 2081 2477 corporis

492 2494 755 2565 operibus
785 2494 1089 2548 obczecatze.
1125 2495 1373 2557 Quarum
1399 2510 1513 2547 una
1543 2511 1664 2564 quae
1686 2494 1825 2548 bene
1851 2496 2083 2549 verterit

490 2583 638 2637 hanc
667 2583 874 2635 molam
904 2588 966 2635 ut
995 2598 1197 2652 panem
1228 2582 1485 2635 comedat
1511 2582 1813 2647 caelestem,
1837 2599 2083 2638 assume-

491 2677 615 2738 tur;
657 2660 833 2725 altera
862 2687 992 2724 vero
1024 2687 1147 2740 quae
1176 2670 1547 2741 permanserit
1581 2688 1724 2725 caeca
1773 2672 1841 2723 ad
1873 2672 2080 2724 molam

492 2760 862 2831 relinquetur,
893 2759 1129 2829 girando
1173 2759 1230 2811 in
1278 2776 1382 2811 sua
1409 2758 1673 2812 caecitate.
1696 2760 1958 2829 Alioquin
1989 2760 2085 2813 ille

496 2850 733 2903 Samson
753 2848 1092 2901 fortissimus
1112 2863 1399 2917 nunquam
1422 2847 1490 2900 ad
1510 2847 1655 2899 hanc
1679 2848 1884 2900 molam
1906 2848 2085 2901 venis-

2166 1782 2361 1849 mitur,
2386 1800 2511 1838 cum
2545 1785 2845 1840 miseretur
2876 1785 3127 1840 medicus
3148 1786 3176 1839 J
3181 1802 3327 1851 esus,
3351 1790 3405 1839 et
3421 1785 3548 1838 alter
3566 1783 3692 1837 relin-

2167 1871 2358 1941 quitur
2372 1873 2476 1926 Dei
2496 1874 2649 1943 justo
2675 1874 2906 1941 judicio;
2940 1874 3070 1945 quia
3093 1890 3290 1928 omnes
3308 1875 3365 1928 in
3391 1890 3493 1928 uno
3513 1873 3629 1926 lecto
3651 1874 3692 1924 et

2163 1960 2267 2013 sub
2295 1977 2410 2014 una
2434 1961 2762 2016 inﬁrmitate
2784 1964 3113 2034 premimur.

2245 2051 2473 2118 Vigilate
2489 2066 2633 2118 ergo,
2651 2054 2783 2119 quia
2797 2055 3012 2105 nescitis
3022 2068 3132 2120 qua
3147 2053 3286 2106 liora
3306 2053 3553 2105 Dominus
3569 2054 3694 2103 vester

2164 2143 2431 2192 venturus
2442 2144 2535 2192 est.
2552 2139 2762 2193 Audiat
2776 2140 3014 2194 Faustus
3030 2140 3387 2203 Manichaaus,
3404 2138 3523 2210 quia
3538 2137 3696 2192 calum-

2164 2226 2355 2281 niatur
2391 2228 2639 2298 Moysen,
2675 2245 2784 2298 quo
2815 2234 2913 2282 aut
2940 2229 3060 2299 ipse
3097 2245 3214 2283 non
3250 2229 3324 2284 sit
3350 2230 3549 2282 locutus
3572 2242 3626 2280 ea
3646 2224 3697 2278 de

2166 2331 2245 2380 se,
2263 2315 2423 2386 quasi
2446 2315 2517 2369 de
2538 2316 2670 2381 alio,
2687 2333 2808 2387 qum
2828 2317 3098 2388 loquitur;
3123 2324 3227 2373 aut
3253 2323 3400 2372 certe
3428 2317 3481 2370 in
3512 2328 3697 2386 persona

2163 2404 2342 2474 Moysi
2361 2404 2504 2458 alius
2521 2405 2707 2458 nescio
2738 2406 2862 2475 quis
2892 2407 3158 2461 mendose
3190 2407 3447 2471 ediderit,
3477 2404 3598 2458 dixit
3622 2403 3700 2457 Do-

2166 2489 2353 2543 minus
2376 2490 2445 2543 ad
2465 2491 2715 2561 Moysen,
2736 2507 2863 2544 cum
2886 2492 3006 2562 ipse
3036 2493 3288 2563 profecto
3309 2493 3377 2545 de
3405 2508 3479 2555 se,
3495 2488 3627 2560 quasi
3648 2487 3698 2539 de

2168 2576 2278 2629 alio
2308 2577 2590 2646 loquatur.
2625 2578 2694 2632 Et
2719 2579 2851 2649 quia
2897 2580 3265 2650 Evangelium
3319 2579 3522 2650 recipit,
3551 2576 3699 2630 audiat

2168 2665 2468 2719 Dominum
2484 2666 2587 2720 hoc
2598 2666 2718 2720 loco
2731 2667 2800 2721 de
2815 2668 3213 2738 seloquentem
3225 2686 3291 2723 ac
3303 2670 3349 2721 si
3369 2669 3435 2722 de
3445 2667 3560 2720 alio.
3574 2666 3697 2727 Nam,

2169 2759 2230 2807 ut
2258 2755 2619 2810 manifestum
2666 2762 2771 2822 est,
2803 2752 3048 2828 praesens
3077 2764 3203 2811 erat
3242 2774 3428 2812 coram
3474 2751 3702 2825 discipulis

2167 2858 2294 2896 cum
2310 2844 2667 2914 loquebatur:
2687 2848 2829 2913 Quia
2850 2849 3067 2900 nescitis
3078 2849 3302 2915 quando
3316 2848 3566 2901 Dominus
3575 2846 3704 2895 vester

494 2943 599 3011 set,
620 2937 728 2990 nisi
750 2937 908 3007 prius
926 2936 1168 3005 gratiam
1192 2935 1434 3004 Spiritus
1456 2935 1653 3001 sancti,
1677 2935 1878 2989 deinde
1894 2936 2084 2989 oculos
2110 2992 2147 3011 η
2165 2938 2433 2987 venturus
2462 2940 2554 2988 est.
2590 2934 2659 2988 Et
2684 2951 2796 2989 non
2830 2934 2928 3000 ait,
2966 2935 3100 3005 quia
3146 2935 3375 2989 nescitis
3403 2932 3603 3005 quando
3625 2944 3701 2999 ego

493 2992 849 3095 perdidisset.
884 2992 1028 3093 Ergo
1059 3029 1117 3077 et
1160 2992 1269 3076 dub
1314 3023 1367 3076 in
1403 3023 1546 3076 lecto
1575 2992 1857 3078 dicuntur.
1881 3025 1945 3078 In
1976 3040 2085 3094 quo
2107 2992 2434 3075 Cventurus
2450 3022 2797 3090 sim,cumde
2819 2992 3002 3093 seipsd
3025 3024 3376 3094 loqueretur.
3394 2992 3496 3088 Qui
3510 2992 3704 3093 profecto

494 3111 688 3167 morbo
740 3111 1086 3165 infirmitatis
1112 3127 1309 3165 omnes
1359 3127 1667 3164 versamur.
1703 3112 1783 3165 De
1812 3129 1922 3182 quo
1951 3129 2086 3166 sane
2166 3109 2365 3163 modus
2384 3110 2649 3181 loquendi
2665 3110 2721 3164 in
2737 3110 3038 3182 Scripturis
3051 3111 3228 3166 sacris
3248 3110 3705 3165 usitatissimusest.

492 3201 637 3254 lecto
666 3199 841 3254 David
866 3215 1097 3269 gemens
1135 3198 1355 3252 dicebat
1388 3216 1399 3252 :
1432 3201 1637 3253 Lavabo
1680 3216 1782 3268 per
1833 3203 2085 3269 singulas
2169 3184 2436 3261 Quamvis
2465 3197 2668 3268 aliquis
2696 3198 2865 3253 altius
2894 3199 3043 3252 hunc
3064 3198 3251 3253 locum
3270 3200 3404 3253 velis
3428 3196 3705 3264 intelligere,

495 3293 670 3343 noctes
709 3292 907 3342 lectum
936 3304 1137 3353 meum,
1174 3290 1441 3353 Iacrymis
1474 3290 1605 3341 meis
1630 3292 1873 3342 stratum
1904 3306 2085 3343 meum
2170 3286 2316 3356 quod
2342 3286 2468 3340 ideo
2500 3287 2580 3340 sic
2607 3287 2830 3351 dixerit,
2852 3288 2985 3357 quia
3012 3288 3196 3341 adhuc
3220 3287 3424 3341 absens
3443 3289 3555 3339 erat
3580 3283 3707 3354 prout

496 3377 685 3444 rigabo
716 3378 881 3442 (Psal.
906 3392 979 3440 vi,
1013 3378 1082 3445 7).
1118 3376 1188 3429 Et
1216 3375 1350 3428 alibi
1381 3375 1469 3429 cui
1510 3375 1782 3430 voluerit:
1817 3379 2085 3431 Dominus
2169 3379 2291 3427 erat
2314 3375 2458 3428 Deus
2483 3375 2712 3428 verbum
2740 3391 2774 3428 a
2797 3375 3056 3429 cordibus
3090 3375 3511 3447 discipulorum.
3543 3370 3708 3428 Idcirco

494 3464 770 3532 misereri,
802 3480 953 3533 opem
973 3466 1117 3532 ferat
1145 3480 1310 3532 super
1339 3468 1537 3518 tectum
1563 3466 1769 3518 doloris
1789 3469 1923 3533 ejus.
1952 3468 2086 3520 Uni-
2168 3462 2534 3531 signiﬁcative
2553 3462 3018 3516 dixeritfuturum
3032 3462 3185 3516 verbi
3207 3463 3505 3517 adventum
3524 3460 3576 3513 in
3590 3455 3711 3511 intel-

494 3570 733 3618 versum,
762 3552 964 3623 inquit,
982 3558 1224 3606 stratum
1256 3556 1372 3620 ejus
1410 3556 1640 3606 versasti
1663 3557 1725 3606 in
1756 3557 2088 3621 inﬁrmitate
2168 3550 2375 3603 lectum
2413 3556 2645 3615 I02]
2683 3550 3104 3621 discipulorum,
3122 3552 3259 3622 quia
3288 3552 3530 3605 nondum
3549 3545 3710 3602 eratin

495 3645 611 3709 ejus
629 3640 807 3711 (Psal.
832 3656 922 3706 XL,
955 3639 1062 3710 41).
1085 3640 1164 3695 De
1191 3657 1303 3710 qua
1330 3640 1677 3703 inﬁrmitate,
1704 3640 1810 3694 nisi
1838 3658 1938 3711 per
1956 3657 2087 3710 gra-

493 3729 635 3784 tiam
665 3729 873 3783 Christi
901 3745 1067 3783 nemo
1090 3729 1354 3782 salvatur.
1384 3730 1448 3783 In
1476 3746 1585 3799 quo
1622 3728 1891 3782 nimirum
1922 3730 2084 3791 lecto,

496 3818 627 3890 quia
647 3834 812 3872 omne
837 3834 1016 3887 genus
1043 3818 1351 3871 humanum
1378 3818 1547 3887 jacet,
1574 3834 1718 3871 unus
1746 3823 2082 3883 assumatur,

495 3914 561 3961 ut
583 3908 933 3962 convalescat
974 3906 1042 3960 de
1098 3907 1427 3960 inﬁrmitate
1483 3906 1787 3975 languoris,
1818 3911 2087 3976 operante

496 3994 902 4065 benignissimo
936 3995 1239 4059 Salvatore,
1278 4002 1334 4049 et
1372 3996 1516 4049 alter
1543 3994 1892 4065 relinquetur
1932 3996 2085 4064 justo

495 4083 597 4136 Dei
614 4084 847 4151 judicio,
866 4084 923 4136 in
947 4084 1142 4137 mortis
1172 4084 1548 4154 corruptione.
1582 4084 1661 4137 Ac
1691 4083 1909 4153 perhoc
1930 4083 2089 4152 quid-

497 4169 632 4238 quid
662 4176 747 4222 est
772 4171 831 4223 in
873 4186 1027 4239 agro,
1074 4172 1288 4224 excolat
1315 4176 1371 4223 et
1398 4171 1645 4224 elaboret
1674 4188 1873 4242 agrum
1900 4187 2083 4224 suum.

496 4256 986 4327 Agrum,inquam,
1001 4258 1058 4311 in
1080 4274 1192 4326 quo
1213 4274 1326 4311 non
1350 4265 1435 4311 est
1450 4260 1750 4313 thesaurus
1773 4259 1868 4330 qui
1898 4260 2088 4312 inven-

2168 3654 2334 3692 sensu
2361 3655 2576 3705 eorum,
2595 3639 3067 3709 quemadmodum
3090 3646 3213 3693 erat
3239 3635 3711 3702 futurus.Quoniam

2169 3726 2313 3780 sicut
2341 3744 2441 3797 per
2468 3727 2616 3781 hunc
2645 3728 2826 3781 locum
2856 3727 3123 3793 insinuat,
3158 3729 3415 3798 quotidie
3444 3728 3501 3781 in
3524 3724 3713 3795 vigilan-

2167 3814 2317 3868 tibus
2347 3810 2614 3885 Operatur
2641 3816 2789 3869 diem
2824 3817 3096 3870 adventus
3126 3816 3238 3883 sui,
3272 3818 3407 3871 dum
3460 3817 3512 3869 in
3540 3812 3713 3867 anima-

2166 3902 2270 3957 bus
2298 3920 2491 3957 eorum
2520 3904 2615 3974 qui
2645 3904 3035 3958 illuminantur
3062 3922 3097 3958 a
3122 3905 3341 3977 lumine
3372 3902 3616 3966 veritatis,
3642 3913 3714 3951 ve-

2167 3992 2271 4056 nit,
2293 3997 2350 4046 et
2370 3992 2654 4046 illuminat
2676 4008 2770 4046 eas
2794 3992 3009 4046 lumine
3028 3993 3304 4047 claritatis
3329 4010 3460 4047 suae.
3480 3984 3713 4058 Quidquid

2170 4084 2272 4145 est,
2294 4081 2443 4150 quod
2460 4080 2717 4151 superius
2746 4081 2963 4134 dixerat
2990 4081 3059 4134 de
3090 4081 3338 4135 adventu
3360 4097 3478 4146 suo,
3498 4076 3628 4151 quod
3645 4074 3715 4128 do-

2170 4173 2391 4235 cuerat;
2427 4174 2484 4222 et
2533 4186 2633 4223 cur
2672 4169 2933 4223 celaverit
2970 4169 3117 4223 diem
3149 4173 3208 4223 et
3263 4171 3462 4224 horam
3489 4169 3712 4222 adventum

2171 4257 2278 4321 sui,
2310 4261 2491 4310 totum
2543 4257 2634 4311 hic
2674 4258 2974 4323 concludit,
3003 4274 3128 4311 cum
3179 4258 3264 4312 ait
3299 4277 3312 4312 :
3357 4260 3586 4326 Vigilate,
3612 4253 3716 4321 quia

496 4351 589 4399 tus
617 4344 843 4412 emitur,
878 4362 1042 4415 quem
1068 4345 1351 4398 benedixit
1372 4347 1671 4411 Dominus;
1705 4365 1872 4417 quem
1905 4350 2079 4413 Isaac,
2106 4338 2389 4398 Dnescitis
2419 4347 2563 4399 diem
2592 4350 2642 4399 et
2670 4348 2886 4399 horam.
2919 4347 2997 4400 Ac
3026 4345 3073 4399 si
3099 4346 3253 4401 dicat
3286 4364 3301 4401 :
3334 4347 3465 4401 Ideo
3491 4342 3621 4397 volui
3643 4353 3716 4391 vos

496 4451 561 4488 ac
584 4434 632 4488 si
655 4434 872 4504 alonge
896 4450 962 4486 ex
990 4434 1159 4486 odore
1176 4432 1423 4485 sentiens
1445 4432 1657 4486 aiebat:
1682 4435 1808 4487 Ecce
1828 4437 1959 4487 odor
1973 4438 2084 4502 ﬁlii

495 4527 605 4578 mei
628 4526 769 4577 sicut
799 4525 932 4575 odor
958 4524 1088 4589 agri
1111 4524 1268 4589 pleni
1297 4521 1442 4590 (Gen.
1468 4536 1592 4586 xvu,
1622 4519 1734 4589 27);
1772 4522 1904 4592 quia
1929 4523 1987 4576 in
2018 4540 2083 4576 eo

494 4616 628 4665 sunt
645 4628 840 4665 omnes
859 4609 1110 4663 thesauri
1130 4608 1417 4680 sapientize
1437 4617 1606 4680 atque
1626 4610 1890 4675 scientiae,
1916 4627 2085 4680 quem

500 4704 747 4764 I020
778 4698 1061 4752 benedixit
1096 4698 1389 4752 Dominus.
1420 4698 1527 4752 Sed
1566 4705 1623 4752 et
1677 4715 1877 4768 agrum
1918 4715 2082 4753 suum

492 4788 879 4858 unusquisque
911 4795 1179 4851 exerceat,
1210 4804 1279 4840 ne
1309 4787 1390 4840 illi
1420 4788 1610 4857 spinas
1639 4788 1723 4840 vel
1751 4786 1988 4840 tribulos
2018 4804 2082 4840 ex

494 4876 750 4931 ubertate
780 4876 982 4940 carnis,
1006 4875 1313 4940 luxurians,
1344 4882 1594 4945 generet.
1621 4875 1767 4938 Quia
1791 4880 1945 4928 terra
1973 4875 2085 4945 spi-

491 4983 595 5021 nas
622 4965 708 5018 vel
736 4963 970 5018 tribulos
987 4981 1280 5035 generans,
1299 4964 1536 5035 reproba
1555 4973 1658 5028 est,
1685 4969 1741 5017 et
1764 4963 2082 5017 maledictio

489 5055 762 5128 proxima.
795 5052 972 5107 Porro
1028 5054 1235 5116 anima,
1268 5070 1390 5122 quae
1414 5053 1485 5106 ad
1515 5053 1720 5107 molam
1761 5051 1940 5121 posita
1974 5056 2078 5115 est,

491 5144 657 5199 debet
683 5142 789 5196 sibi
833 5142 1179 5195 frumentum
1208 5157 1519 5211 aggregare
1566 5141 1741 5207 verbi,
1773 5145 1837 5193 ut
1864 5156 2085 5210 semper

491 5232 668 5286 molat
706 5232 982 5299 faciatque
1034 5230 1291 5293 farinam,
1326 5246 1424 5283 seu
1470 5246 1672 5300 panem
1723 5228 1938 5294 salutis,
1974 5244 2083 5298 quo

494 5319 639 5373 vivat
658 5325 714 5373 et
737 5319 973 5373 satietur
996 5317 1498 5388 quotidie'interior
1522 5320 1706 5372 homo.
1729 5319 1877 5372 Mola
1891 5323 2080 5371 autem

491 5424 556 5462 ac
583 5407 631 5460 si
658 5406 874 5461 duobus
901 5407 1068 5469 saxis,
1101 5406 1303 5459 timore
1344 5406 1556 5459 scilicet
1583 5412 1833 5460 vertatur
1881 5416 1938 5460 et
1963 5422 2078 5477 spe.

492 5496 581 5551 Ita
601 5500 666 5550 ut
680 5512 808 5567 spes
826 5510 1051 5567 semper
1067 5511 1288 5550 sursum
1304 5498 1454 5564 agat,
1468 5493 1638 5548 timor
1656 5495 1917 5549 deorsum
1936 5510 2087 5565 pres-

2166 4433 2398 4498 nescire,
2430 4438 2494 4486 ut
2521 4449 2745 4504 semper
2770 4434 3027 4503 vigiletis,
3069 4441 3126 4488 et
3154 4451 3384 4506 semper
3405 4432 3576 4506 parati
3604 4426 3714 4487 sitis.

2167 4521 2389 4591 quando
2417 4522 2677 4576 dominus
2718 4530 2906 4576 vester
2942 4528 3212 4577 venturus
3251 4530 3358 4589 est,
3406 4539 3475 4577 ne
3518 4516 3717 4575 tenebrae

2166 4610 2343 4662 noctis
2370 4610 2456 4662 vel
2481 4615 2677 4680 torpor
2703 4611 2885 4664 somni
2940 4626 3035 4664 vos
3083 4610 3376 4682 subrepat.
3406 4608 3557 4675 Quod
3599 4603 3717 4659 enim

2165 4697 2431 4766 apostolis
2459 4697 2610 4763 dicit,
2636 4698 2895 4752 omnibus
2912 4697 3107 4768 utique
3125 4699 3298 4767 dicit;
3329 4706 3387 4754 et
3409 4706 3717 4769 nequaquam

2164 4786 2264 4848 ait.
2295 4786 2427 4856 quia
2455 4788 2731 4840 nescimus
2759 4792 2826 4840 ut
2874 4804 2933 4841 se
2985 4789 3201 4842 nescire
3260 4789 3549 4842 conﬁrmet
3581 4781 3717 4854 (sicut

2164 4875 2410 4927 haeretici
2432 4875 2721 4929 occasione
2746 4881 2973 4946 accepta
2990 4877 3289 4945 garriunt),
3309 4876 3406 4931 sed
3425 4872 3647 4932 nescitis,
3669 4872 3718 4919 ut

2166 4978 2225 5015 se
2255 4962 2324 5015 ab
2356 4962 2436 5015 eis
2488 4963 2765 5028 dissociet,
2799 4968 2857 5017 et
2886 4980 3016 5017 eum
3056 4964 3198 5018 scire
3241 4964 3569 5032 intelligant.
3603 4952 3716 5012 Illud

2165 5055 2353 5103 autem
2384 5050 2600 5115 scitote,
2625 5050 2758 5120 quia
2775 5054 2824 5104 si
2842 5054 3005 5105 sciret
3028 5052 3459 5119 paterfamilias,
3484 5064 3583 5118 qua
3609 5047 3716 5098 hora

2164 5141 2264 5206 fur
2292 5138 2526 5194 veniret.
2558 5140 2816 5205 vigilaret
2862 5142 3055 5206 utique
3085 5143 3131 5191 et
3158 5155 3267 5193 non
3307 5142 3505 5192 sineret
3542 5130 3718 5203 perfodi

2165 5227 2391 5279 domum
2419 5242 2600 5279 suam.
2632 5226 2852 5279 Inducit
2899 5227 3072 5296 igitur
3119 5227 3443 5298 parabolam
3473 5226 3651 5279 domus
3675 5224 3717 5271 et

2164 5313 2322 5379 furis,
2357 5320 2422 5369 ut
2444 5315 2907 5384 patremfamilias
2936 5316 3137 5370 domus
3175 5321 3400 5370 moneat
3425 5313 3637 5382 vigilare
3669 5312 3714 5359 et

2166 5403 2447 5456 custodire
2476 5420 2578 5457 sua
2597 5420 2718 5473 quae
2748 5404 2807 5456 in
2828 5403 2995 5458 domo
3034 5411 3183 5459 sunt.
3209 5405 3341 5468 Quae
3371 5402 3605 5474 profecto
3637 5410 3716 5467 pa-

2165 5490 2362 5545 rabola
2381 5507 2574 5546 omnes
2603 5491 2789 5562 tangit
2813 5493 2911 5563 qui
2940 5494 3071 5548 ﬁdei
3100 5496 3450 5548 sacramenta
3488 5498 3718 5560 perceptis
