3872 6158
152 244 254 305 833

861 246 1242 323 EXPOSITIO
1280 247 1360 302 IN
1398 246 1843 304 MATTILEUM.
1878 276 1943 288 —
1982 247 2119 303 LIB.
2161 248 2256 315 XI,
2303 248 2461 304 CAP.
2503 250 2700 306 XXIV.

3315 254 3419 313 834

150 374 299 437 runt,
329 371 572 425 maxime
600 376 791 426 tamen
818 374 1145 444 praepositos
1176 377 1233 427 et
1265 377 1510 429 rectores
1540 374 1730 429 Eccle-
1748 375 1799 434 A
1821 372 1947 427 Non
1971 373 2125 427 enim
2154 373 2421 444 apostolis
2449 374 2560 429 ista
2583 374 2663 429 sic
2689 373 2825 429 dicit
2841 374 3300 448 Dominus,quasi
3328 397 3423 435 eos

153 459 375 525 siarum,
394 458 598 530 quibus
619 477 730 515 non
753 461 934 514 solum
955 478 1056 532 pro
1078 478 1357 527 se,verum
1380 463 1552 518 etiam
1572 468 1630 517 et
1648 482 1749 535 pro

153 547 409 602 omnibus
437 548 667 618 vigilare
696 554 917 620 oportet
937 556 994 603 et
1021 550 1285 605 sollicitos
1316 567 1456 605 esse.
1508 552 1652 614 Quia
1677 554 1748 607 ad

150 636 296 708 ipsos
328 637 573 707 respicit,
608 638 879 708 quidquid
894 640 1086 708 justus
1110 639 1286 708 judex
1325 640 1385 693 in
1416 638 1610 694 ovibus
1641 641 1748 695 sibi

154 724 378 778 creditis
399 725 888 779 minusinvenerit.
921 726 1131 780 Tamen
1154 726 1287 796 quia
1306 726 1565 781 omnibus
1594 729 1745 792 dicit,

152 819 371 884 oportet
387 813 579 866 animo
606 814 840 883 vigilare
862 814 1131 883 singulos,
1152 815 1510 870 etsollicitius
1529 833 1752 887 semper

151 906 336 955 mente
366 901 684 970 intendere,
707 917 778 954 ne
807 901 942 955 dum
970 900 1320 972 obtorpuerit
1354 903 1444 956 fur
1482 905 1670 959 veniat
1695 912 1753 960 et

151 987 427 1042 subtodiat
441 988 672 1042 domum
700 988 760 1042 in
780 988 1018 1058 caligine
1037 990 1318 1045 czecitatis.
1337 990 1750 1047 Paterfamilias

151 1084 336 1131 autem
370 1077 761 1148 unusquisque
810 1083 897 1130 est
952 1094 1066 1132 suae
1105 1079 1325 1133 domus.
1378 1080 1590 1134 Domus
1620 1096 1749 1134 vero

151 1170 340 1219 nostra
391 1164 582 1219 anima
616 1170 673 1219 et
719 1181 940 1235 corpus,
964 1165 1024 1219 in
1079 1182 1189 1236 qua
1234 1172 1547 1236 portamus,
1587 1170 1751 1239 juxta

152 1252 500 1323 Apostolum,
562 1253 885 1307 thesaurum
929 1258 1189 1308 nostrum
1238 1253 1645 1323 absconditum,
1685 1259 1749 1310 in

152 1343 287 1394 casis
307 1340 436 1394 istis
454 1342 736 1408 ﬁctilibus.
768 1341 952 1405 Quam
967 1358 1103 1396 sane
1132 1342 1362 1396 domum
1393 1342 1485 1397 fur
1503 1343 1562 1397 in
1584 1347 1748 1398 nocte

152 1428 394 1493 suﬂ‘odit,
414 1445 541 1484 cum
573 1434 673 1483 aut
691 1445 893 1499 corpus
924 1430 1270 1486 extrinsecus
1302 1431 1448 1486 vitiis
1501 1449 1750 1486 corrum-

151 1515 316 1586 pitur,
349 1522 454 1571 aut
470 1517 718 1571 animam
746 1517 1003 1582 interius,
1037 1536 1159 1589 quae
1199 1518 1428 1590 vigilare
1470 1520 1665 1574 debuit
1690 1525 1748 1574 et

152 1605 428 1660 custodire
457 1606 704 1671 domum,
721 1607 1025 1678 semetipsa
1051 1607 1309 1662 videlicet
1336 1608 1747 1679 opprimit,dia-

151 1691 304 1746 bolus
336 1694 613 1765 exspoliat
640 1700 698 1749 et
718 1694 976 1765 perfodit.
1038 1694 1199 1758 Quod
1230 1695 1277 1749 si
1306 1695 1476 1749 sciret
1525 1697 1747 1767 quando

153 1779 235 1833 tur
252 1781 492 1846 veniret,
514 1782 715 1835 ultima
735 1782 992 1845 videlicet
1010 1782 1130 1836 dies
1160 1782 1345 1837 obitus
1364 1784 1472 1847 sui,
1490 1787 1747 1850 vigilaret

1832 460 1951 515 dies
1974 462 2244 515 adventus
2265 463 2386 532 ejus
2413 462 2471 516 in
2494 478 2662 516 carne
2702 463 2777 517 sit
2803 463 3151 531 inventurus,
3183 472 3245 520 ut
3290 472 3424 522 tunc

1830 550 2012 619 parati
2034 550 2411 611 inveniantur,
2440 551 2535 604 sed
2563 567 2686 621 quae
2731 552 2868 605 dicit
2895 553 3154 608 omnibus
3183 554 3335 618 dicit,
3369 562 3426 610 et

1830 637 1909 691 sic
1935 638 2087 703 dicit,
2120 644 2185 691 ut
2228 655 2395 692 nemo
2452 655 2710 692 securum
2755 656 2815 693 se
2861 642 3076 696 reddat.
3119 643 3263 706 Quia
3282 644 3428 698 sicut

1831 726 2123 794 ignoratur
2153 726 2224 780 ab
2248 726 2505 780 omnibus
2538 727 2761 797 quando
2790 735 3058 783 venturus
3087 731 3163 784 sit
3184 732 3304 785 dies
3327 734 3425 801 ju-

1832 814 1962 867 dicii
1998 833 2009 868 :
2037 815 2118 867 ita
2137 820 2194 868 et
2219 814 2425 884 singuli
2456 815 2679 885 quando
2709 823 2979 871 venturus
3030 818 3105 871 sit
3157 819 3427 875 adventus

1832 903 2030 956 mortis
2053 919 2201 969 suae;
2232 908 2290 956 et
2312 903 2437 957 ideo
2470 903 2583 957 ait:
2618 905 2791 957 Estote
2832 908 3045 972 parati.
3090 907 3205 960 Hoc
3234 914 3319 962 est
3345 908 3427 963 di-

1832 1008 1975 1057 cere,
2000 991 2225 1061 vigilate
2253 991 2520 1045 adversus
2544 991 2775 1046 insidias
2790 992 2997 1047 diaboli
3021 1010 3121 1064 per
3148 994 3430 1051 abstinen-

1830 1080 1968 1138 tiam
2000 1079 2158 1146 mali,
2193 1086 2249 1133 et
2274 1080 2698 1133 meditationem
2720 1080 2875 1148 boni;
2899 1098 2970 1135 ne
3012 1081 3154 1136 forte
3182 1084 3272 1137 fur
3297 1090 3426 1139 tan-

1833 1185 2001 1239 quam
2021 1169 2080 1222 in
2104 1173 2265 1221 nocte
2285 1184 2380 1221 vos
2410 1168 2848 1238 comprehendat
2885 1176 2942 1223 et
2968 1170 3271 1226 subvertat.
3306 1174 3425 1227 Imo

1829 1257 2058 1327 vigilate
2088 1256 2333 1322 solliciti,
2370 1262 2431 1309 ut
2458 1256 2518 1309 in
2563 1272 2895 1327 quacunque
2918 1258 3058 1312 hora
3085 1260 3299 1314 venerit
3323 1261 3427 1315 Do-

1829 1345 2033 1411 minus,
2067 1349 2124 1398 et
2153 1351 2193 1409 1
2206 1348 2398 1409 023
2418 1344 2725 1414 pulsaverit
2745 1361 2847 1415 per
2866 1362 3254 1417 quamcunque
3274 1364 3428 1402 occa-

1829 1434 2044 1488 sionem
2072 1432 2288 1497 mortis,
2318 1432 2606 1485 confestim
2637 1431 2972 1501 singuli,sua
2993 1433 3051 1487 in
3071 1434 3162 1488 die
3193 1440 3250 1488 et
3267 1436 3424 1504 hora,

1829 1522 2138 1593 gaudentes
2164 1520 2420 1590 aperiant
2451 1520 2523 1573 ei.

1904 1611 2038 1675 Quis
2061 1614 2229 1677 putas
2248 1614 2322 1662 est
2336 1610 2511 1676 ﬁdelis
2526 1625 2711 1662 servus
2723 1613 2773 1661 et
2784 1610 3028 1677 prudens
3058 1626 3217 1677 quem
3234 1614 3431 1664 consti-

1832 1699 1941 1749 tuit
1966 1698 2236 1750 Dominus
2264 1712 2428 1765 super
2443 1699 2727 1763 familiam
2741 1713 2925 1764 suam,
2945 1702 3007 1750 ut
3022 1698 3107 1751 det
3120 1700 3235 1752 illis
3246 1702 3430 1754 cibum

1832 1787 1896 1836 in
1958 1788 2232 1851 tempore?
2277 1784 2461 1853 Supra
2507 1782 2728 1839 videtur
2779 1784 3121 1851 generaliter
3168 1786 3428 1843 omnibus

152 1873 338 1938 utique
362 1876 412 1924 et
434 1886 547 1924 non
566 1873 769 1924 sineret
779 1872 1000 1939 perfodi
1027 1873 1253 1925 domum
1273 1872 1606 1937 suam.Quid
1618 1888 1753 1942 ergo
1772 1874 1820 1934 B
1840 1870 2064 1935 dixisse,
2093 1886 2242 1924 nunc
2270 1875 2457 1923 autem
2478 1869 2796 1941 specialiter
2808 1871 2878 1924 ad
2902 1872 3199 1941 apostolos,
3230 1891 3330 1929 seu
3358 1875 3431 1930 ad

153 1963 232 2011 est
259 1971 271 2005 :
296 1959 429 2011 Non
458 1961 661 2012 sineret
705 1959 925 2026 perfodi
983 1960 1208 2013 domum
1236 1976 1397 2014 suam
1426 1967 1449 2013 ?
1486 1962 1754 2032 Nunquid

150 2043 347 2114 aliquis
370 2043 522 2097 diem
543 2043 758 2109 mortis,
785 2060 906 2114 quae
927 2048 1199 2115 tanquam
1210 2044 1302 2099 fur
1318 2045 1526 2100 dicitur
1543 2046 1749 2113 venire,

153 2133 356 2202 poterit
377 2149 637 2188 revocare
653 2150 723 2187 ne
746 2133 930 2187 veniat
952 2134 1112 2189 ?Non
1131 2134 1349 2204 utique.
1373 2134 1481 2189 Sed
1504 2134 1654 2189 aliud
1669 2139 1756 2189 est

153 2221 396 2292 pulsanti
426 2222 648 2292 aperire
677 2221 905 2289 ostium,
933 2222 1085 2276 aliud
1115 2236 1247 2276 vero
1276 2239 1390 2277 non
1416 2239 1518 2293 per
1546 2223 1753 2277 ostium

153 2307 302 2364 bona
329 2310 656 2380 vigilantiae,
678 2310 772 2364 sed
803 2327 904 2381 per
931 2315 1216 2382 torporem
1246 2316 1303 2364 et
1330 2311 1752 2382 oppressionem

153 2397 503 2463 delictorum,
531 2398 712 2452 furem
745 2405 776 2464 Ι
791 2404 985 2464 (ηπ
1009 2399 1326 2453 admittere.
1343 2399 1485 2452 Hinc
1499 2405 1602 2462 est,
1628 2400 1756 2453 cha-

153 2486 382 2553 rissimj,
415 2487 564 2557 quod
593 2486 912 2556 aliquando,
944 2502 1071 2540 cum
1117 2487 1238 2556 jam
1288 2480 1439 2541 mors
1471 2488 1657 2557 pulsat
1684 2488 1755 2542 ad

156 2575 359 2629 ostium
394 2591 462 2628 ac
489 2575 537 2628 si
562 2574 670 2641 fur,
700 2575 830 2645 quia
862 2574 1018 2645 prius
1068 2575 1423 2629 adversarius
1455 2575 1613 2629 bonis
1640 2592 1753 2628 cm-

154 2663 386 2718 lestibus
415 2663 809 2734 exspoliaverit
834 2679 957 2728 nos,
990 2663 1139 2734 quod
1166 2679 1290 2717 eam
1314 2669 1431 2717 tam
1455 2663 1613 2717 inviti
1639 2681 1758 2718 sus-

1837 1965 2081 2013 rectores
2116 1958 2495 2024 ecclesiarum,
2516 1962 2573 2011 et
2592 1958 2661 2011 ad
2675 1958 3006 2028 apostolicos
3022 1960 3170 2015 viros
3191 1980 3203 2028 ;
3228 1962 3429 2032 quibus

1835 2048 1952 2102 haec
1999 2046 2266 2119 parabola
2294 2046 2421 2100 ideo
2472 2046 2768 2116 specialius
2820 2046 3100 2117 dirigitur,
3132 2054 3197 2103 ut
3223 2056 3433 2120 quanto

1834 2136 1961 2206 plus
1987 2135 2203 2190 caeteris
2231 2151 2290 2188 se
2322 2134 2636 2205 percepisse
2658 2134 2926 2203 gaudent,
2938 2140 3097 2189 tanto
3125 2135 3181 2191 in
3199 2138 3433 2193 redden-

1834 2224 1906 2277 da
1934 2224 2169 2289 ratione,
2200 2240 2301 2295 pro
2334 2239 2395 2277 se
2424 2227 2481 2276 et
2526 2222 2668 2288 aliis,
2703 2222 3055 2277 sollicitiores
3074 2240 3296 2296 semper
3324 2226 3433 2280 exi-

1836 2318 2007 2368 stant.
2042 2312 2201 2376 Quod
2227 2313 2434 2366 Petrus
2462 2310 2567 2364 sibi
2598 2310 2825 2381 suisque
2853 2328 3191 2382 cognoscens
3226 2314 3430 2370 dixisse

1836 2401 2207 2468 consortibus,
2226 2400 2375 2471 apud
2397 2401 2624 2465 Lucam,
2646 2399 2961 2471 interrogat
2987 2402 3206 2457 dicens:
3235 2403 3323 2459 Ad
3337 2420 3432 2458 nos

1836 2492 1981 2543 hanc
2004 2491 2333 2558 parabotam
2364 2490 2521 2554 dicis,
2556 2504 2635 2542 an
2664 2494 2712 2541 et
2739 2490 2814 2541 ad
2839 2491 3017 2542 alios?
3044 2492 3186 2553 (Luc.
3218 2505 3319 2558 xu,
3352 2493 3430 2560 4).

1836 2578 1960 2632 Duo
1980 2577 2260 2647 siquidem
2280 2576 2337 2629 in
2353 2575 2737 2646 dispensatore
2758 2577 3082 2646 requirit,ut
3097 2579 3277 2633 fidelis
3294 2580 3369 2633 sit
3379 2585 3459 2638 et.

1838 2665 2105 2736 prudens.
2140 2664 2249 2718 Sed
2275 2669 2465 2717 tamen
2509 2664 2639 2717 licet
2666 2681 2836 2734 parva
2862 2665 3155 2720 videantur
3181 2668 3297 2721 haec
3324 2668 3435 2723 duo

154 2750 410 2823 cipimus.
443 2753 520 2806 At
552 2763 679 2806 γεΓο
703 2751 834 2805 boni
861 2752 1030 2817 servi,
1061 2751 1288 2805 Domini
1340 2751 1427 2806 sui
1458 2751 1624 2821 longe
1662 2752 1759 2806 diu
1841 2754 2179 2819 temerariis,
2213 2754 2363 2807 inter
2390 2754 2597 2807 multos
2626 2754 3038 2824 dispensatores
3080 2756 3305 2811 difficile
3349 2765 3435 2814 est

160 2841 548 2912 praestolantes
574 2840 902 2906 adventum,
934 2840 1046 2894 laeti
1077 2856 1203 2895 cum
1243 2839 1550 2910 pulsaverit
1577 2841 1649 2894 ad
1678 2857 1763 2895 os-
1843 2844 2091 2904 invenire
2123 2842 2456 2913 prudentem
2479 2841 2661 2895 virum
2690 2846 2747 2894 et
2782 2842 3025 2898 ﬁdelem.
3056 2844 3125 2898 Et
3142 2844 3286 2910 ideo,
3307 2861 3372 2899 ac
3390 2846 3438 2900 si

152 2930 286 2985 tium
314 2930 603 3000 aperiunt,
639 2934 696 2983 et
740 2929 1053 3000 suscipiunt
1106 2946 1255 2983 eum.
1309 2930 1633 3000 Suscipiunt
1659 2945 1761 2982 au-
1844 2929 2347 2993 dubitative,dixit:
2379 2930 2506 2995 Quis
2522 2934 2687 2997 putas
2708 2934 2781 2982 est
2808 2932 2983 2996 ﬁdelis
3014 2948 3202 2986 servus
3220 2939 3270 2987 et
3292 2948 3435 3001 pru-

162 3025 266 3074 tem
295 3019 432 3091 quia
454 3018 638 3089 parati
668 3024 848 3072 erant.
891 3018 1050 3073 Unde
1070 3018 1223 3072 aliud
1253 3022 1356 3083 est,
1387 3017 1467 3071 sic
1495 3018 1756 3072 ultimum
1778 3026 1821 3087 ο
1844 3021 1974 3073 dens
1992 3025 2015 3073 ?
2033 3019 2177 3082 Quia
2197 3017 2482 3072 rarissime
2501 3017 2798 3072 invenitur.
2822 3018 3059 3089 Propter
3084 3020 3230 3090 quod
3252 3019 3439 3074 aiebat

166 3108 306 3162 diem
324 3106 650 3161 venientem
673 3106 943 3176 excipere,
977 3106 1159 3177 eique,
1183 3106 1297 3160 imo
1338 3106 1513 3176 judici
1540 3106 1763 3160 Christo
1842 3108 2173 3180 Apostolus:
2195 3108 2279 3162 Ita
2297 3122 2392 3160 nos
2408 3108 2680 3159 existi-met
2719 3107 2876 3160 homo
2896 3112 2954 3160 ut
2975 3111 3263 3162 ministros
3282 3110 3438 3164 Chri-

167 3197 365 3251 ostium
396 3194 643 3267 aperire,
676 3194 829 3249 aliud
857 3194 988 3249 velis
1015 3196 1242 3261 nolisve,
1267 3211 1332 3248 ac
1355 3194 1403 3249 si
1439 3195 1656 3249 hostem
1677 3195 1764 3249 vel
1845 3200 1937 3262 sti,
1970 3202 2018 3249 et
2046 3197 2443 3263 dispensatores
2474 3197 2873 3262 mysteriorum
2894 3196 3008 3249 Dei.
3027 3198 3128 3250 llic
3146 3200 3274 3264 jam
3298 3212 3439 3264 quae-

166 3286 338 3339 furem
387 3283 713 3338 admittere.
753 3284 899 3337 Nam
946 3283 1202 3337 Christus
1245 3283 1355 3337 nisi
1405 3299 1506 3354 per
1556 3283 1764 3337 ostium
1846 3287 2000 3338 ritur
2030 3286 2179 3336 inter
2204 3284 2620 3350 dispensatores,
2663 3287 2723 3334 ut
2752 3283 2929 3349 ﬁdelis
2966 3286 3089 3351 quis
3114 3287 3439 3338 inveniatur

167 3373 327 3427 etiam
350 3371 589 3443 pulsans
608 3386 721 3424 non
737 3371 890 3424 venit
916 3370 986 3424 ad
1008 3370 1254 3424 animam
1279 3388 1292 3435 ;
1322 3370 1415 3423 fur
1441 3385 1571 3424 vero
1604 3374 1661 3423 et
1686 3371 1765 3424 la-

168 3466 250 3515 tro
263 3460 549 3527 diabolus,
570 3458 797 3512 aliunde
816 3459 1123 3513 ascendens
1143 3458 1405 3529 perfodit,
1419 3463 1476 3512 et
1494 3459 1767 3529 exspoliat

170 3565 305 3605 eam.
338 3549 455 3604 Sed
481 3555 540 3601 et
568 3548 689 3618 ipsa
715 3547 834 3601 dies
862 3547 1064 3601 ultima
1117 3546 1409 3616 languenti
1438 3546 1639 3601 animai
1677 3546 1767 3600 fur

171 3645 248 3692 est
266 3643 323 3692 et
349 3639 521 3701 latro,
559 3636 760 3689 idcirco
788 3651 889 3706 per
908 3636 1115 3689 ostium
1138 3634 1297 3689 bonae
1338 3634 1488 3699 ﬁdei,
1519 3635 1616 3688 sed
1654 3634 1769 3688 fur-

170 3727 262 3782 tim
282 3729 453 3782 malis
473 3726 807 3780 obczecatam
838 3725 1028 3779 effodit
1054 3731 1112 3779 et
1136 3724 1338 3778 evertit
1365 3741 1487 3777 eam
1517 3740 1551 3778 a
1579 3740 1771 3794 corpo-

172 3835 245 3885 re,
275 3824 334 3871 et
363 3816 577 3872 evellit.
608 3816 755 3869 Nam
775 3821 833 3868 et
859 3814 915 3867 in
945 3814 1055 3867 alia
1074 3813 1341 3884 parabola
1384 3812 1589 3866 dicitur
1619 3830 1630 3865 :
1664 3815 1772 3880 Qui

173 3923 275 3961 non
332 3910 520 3960 intrat
552 3920 654 3972 per
709 3906 931 3968 ostium,
993 3902 1127 3972 quia
1172 3905 1268 3955 ille
1318 3903 1418 3968 fur
1447 3906 1520 3955 est
1550 3906 1597 3954 et
1628 3904 1770 3955 latro

174 3997 317 4062 (Joan
370 4011 430 4059 x,
470 3991 550 4062 l).
590 3992 790 4046 Pastor
818 3996 903 4045 est
929 3995 1117 4045 autem
1147 3990 1237 4044 cui
1273 3989 1535 4043 ostiarius
1565 3989 1766 4059 aperit.

176 4082 309 4147 Quia
332 4080 613 4137 Dominus
631 4080 830 4134 domus
860 4078 1199 4133 ﬁducialiter
1219 4094 1320 4148 per
1332 4078 1567 4147 januam
1596 4077 1773 4131 intrat

176 4171 286 4241 ipse
311 4171 421 4225 sibi
450 4168 716 4224 ostiarius
744 4172 802 4222 et
830 4166 1059 4230 ostium,
1089 4172 1155 4221 ut
1188 4172 1510 4220 remuneret
1536 4165 1773 4235 vigilan-

178 4265 304 4325 tem,
333 4260 433 4330 qui
457 4264 576 4313 tam
606 4258 764 4312 ltetus
790 4273 855 4310 ac
901 4255 1138 4327 pervigil
1167 4254 1413 4325 suscepit
1437 4254 1771 4307 venientem.

1850 3374 1900 3443 (I
1918 3373 2039 3426 Cor.
2056 3385 2132 3437 1v,
2157 3374 2204 3437 t,
2226 3369 2306 3439 2).
2331 3368 2508 3423 Multa
2534 3376 2668 3424 sunt
2691 3370 2839 3423 enim
2870 3387 2991 3440 quae
3020 3371 3078 3426 in
3115 3372 3202 3426 his
3223 3371 3439 3426 duabus

1846 3464 2186 3514 concurrunt
2214 3456 2534 3521 virtutibus,
2567 3473 2691 3527 quae
2713 3458 2945 3527 longum
2981 3464 3067 3512 est
3085 3475 3438 3518 enumerare.

1847 3548 2061 3604 Idcirco
2087 3562 2281 3600 eorum
2309 3550 2467 3598 tanta
2484 3545 2688 3598 raritas
2710 3545 2967 3613 habetur,
3003 3554 3068 3601 ut
3097 3548 3182 3602 vix
3201 3550 3269 3604 de
3297 3553 3441 3607 mul-

1848 3638 1922 3691 tis
1950 3652 2096 3689 unus
2123 3633 2461 3688 inveniatur.
2506 3633 2638 3686 Rari
2667 3650 2909 3703 namque
2952 3641 3085 3689 sunt
3112 3638 3208 3705 qui
3261 3641 3441 3710 magis

1850 3724 2027 3778 velint
2056 3722 2262 3777 servire
2292 3722 2573 3775 conservis
2602 3722 2737 3785 suis,
2772 3738 2939 3791 quam
2977 3723 3254 3778 dominari
3282 3745 3295 3793 ;
3326 3744 3443 3783 ma-

1849 3812 2047 3882 gisque
2076 3810 2338 3881 prodesse
2368 3824 2534 3879 quam
2558 3808 2925 3879 praeesse.Qui
2942 3808 3081 3862 nihil
3108 3811 3260 3867 aliud
3272 3830 3442 3884 quam

1852 3901 2011 3954 lucra
2038 3898 2241 3963 divina,
2300 3897 2594 3951 commoda
2648 3903 2818 3967 atque
2859 3897 3131 3953 utilitates
3157 3899 3260 3955 sibi
3288 3920 3441 3959 com-

1851 3988 2006 4043 missi
2027 3987 2236 4063 populi,
2262 3992 2327 4040 ut
2369 3986 2510 4039 nihil
2547 3984 2839 4039 subtrahat
2866 3984 3049 4039 cibum
3079 3967 3138 4042 in
3168 3994 3440 4063 tempore,

1855 4076 1951 4146 qui
1967 4075 2219 4129 omnium
2242 4078 2345 4128 est.
2367 4073 2642 4137 Quoniam
2670 4073 2942 4143 quidquid
2962 4074 3132 4131 habet
3150 4078 3446 4152 episcopus

1856 4181 1970 4218 non
2017 4169 2133 4217 tam
2168 4162 2276 4216 sibi
2314 4161 2521 4216 habere
2550 4161 2734 4228 debet,
2768 4178 2937 4232 quam
2986 4165 3280 4235 omnibus;
3315 4169 3448 4240 quia

1858 4252 2111 4307 omnium
2134 4256 2220 4305 est
2239 4251 2357 4322 ipse
2372 4256 2435 4304 ut
2459 4251 2667 4304 serviat
2684 4250 2978 4305 universis.
3002 4255 3199 4308 Beatus
3225 4259 3317 4311 ille
3340 4275 3452 4313 ser-

179 4348 284 4402 Fur
299 4353 497 4402 autem
528 4362 642 4400 non
668 4361 767 4416 per
794 4344 1109 4398 naturalem
1133 4342 1292 4397 bonae
1305 4342 1427 4397 vitze
1456 4341 1771 4410 introitum,
1792 4332 1951 4394 Deus
1982 4357 2142 4409 quem
2171 4356 2296 4394 cum
2349 4342 2555 4393 venerit
2593 4340 2863 4393 Dominus
2911 4344 3045 4409 ejus,
3077 4346 3349 4400 invenerit
3371 4351 3451 4405 sic

183 4436 269 4489 sed
290 4436 453 4507 quasi
468 4434 567 4505 qui
592 4433 1011 4503 jamelfoderat
1038 4448 1161 4485 eam
1183 4430 1448 4501 primum,
1468 4430 1771 4496 naturalia,

182 4541 275 4579 seu
297 4524 430 4578 ﬁdei
450 4522 988 4589 aedificii,destruens
1016 4525 1073 4574 et
1095 4518 1423 4574 subvertens
1448 4518 1775 4573 fundamen-

184 4619 256 4679 ta,
281 4620 345 4667 ut
368 4629 473 4683 per
490 4612 643 4683 ipsas
671 4609 1017 4665 suﬂ'ossionis
1045 4612 1359 4679 aperturas,
1384 4623 1513 4661 cum
1560 4607 1775 4661 venerit

185 4702 380 4756 ultima
406 4700 550 4766 dies,
576 4716 640 4753 ac
659 4699 706 4753 si
734 4698 843 4765 fur,
863 4696 1591 4768 ingrediatur.Quapropter
1604 4712 1774 4766 quam

186 4789 346 4861 longa
364 4790 482 4844 vita
510 4787 773 4853 hominis,
800 4792 919 4840 tam
948 4786 1116 4855 longa
1143 4801 1266 4839 esse
1293 4783 1460 4838 debet
1482 4789 1541 4837 et
1558 4784 1667 4838 ista
1694 4784 1776 4838 vi-

185 4879 315 4949 gilia
341 4877 541 4932 noctis.
570 4876 679 4931 Sed
706 4875 839 4946 quia
866 4874 982 4928 rari
1007 4878 1138 4927 sunt
1167 4872 1261 4943 qui
1290 4888 1392 4943 per
1417 4877 1600 4926 totum
1629 4878 1777 4927 tem-

190 4983 287 5037 pus
310 4967 580 5022 continuo
611 4964 861 5035 vigilent,
893 4962 1202 5017 cavendum
1256 4966 1344 5015 est
1378 4966 1569 5016 tamen
1596 4959 1777 5015 modis

189 5055 464 5120 omnibus,
494 5070 566 5109 ne
617 5052 882 5107 ultimum
934 5056 1157 5122 tempus
1212 5055 1484 5120 tanquam
1538 5049 1630 5103 fur
1656 5050 1782 5103 dor-

191 5145 427 5199 mientes
453 5143 719 5207 inveniat,
754 5157 893 5212 quos
915 5141 1073 5211 prius
1096 5140 1238 5193 forte
1270 5155 1441 5209 quam
1488 5155 1634 5208 saepe
1662 5143 1785 5191 tan-

192 5248 357 5303 quam
383 5231 630 5286 tenebris
654 5230 941 5284 obvolutos
969 5229 1115 5282 male
1156 5228 1471 5297 deceperat.
1517 5226 1779 5296 Ideoque,

193 5320 394 5393 inquit,
426 5322 599 5375 Estote
626 5321 833 5389 parati,
865 5320 999 5386 quia
1028 5319 1248 5370 nescitis
1276 5331 1386 5383 qua
1414 5315 1551 5368 hora
1598 5316 1780 5368 Domi-

196 5425 297 5464 nus
326 5416 596 5463 venturus
628 5406 872 5471 est.Quia
890 5405 986 5477 qui
1015 5405 1326 5475 imparatus
1341 5407 1429 5457 est
1445 5418 1558 5456 non
1596 5406 1781 5473 potest

198 5504 256 5551 ut
277 5502 464 5555 furem
490 5513 605 5555 non
632 5496 883 5570 patiatur
905 5495 1074 5573 odiem
1102 5494 1374 5549 adventus
1419 5491 1617 5549 mortis
1641 5507 1773 5548 suae.

1850 4432 2165 4497 facientem,
2191 4428 2245 4481 id
2277 4433 2364 4481 est
2386 4426 2598 4480 cibaria
2643 4427 2864 4481 Domini
2900 4429 2987 4482 sui
3022 4434 3303 4488 conservis
3330 4435 3449 4491 suis

1852 4517 2160 4588 prudenter
2184 4532 2250 4570 ac
2271 4516 2513 4569 ﬁdeliter
2529 4515 2971 4585 dispensantem.
3002 4518 3072 4572 Et
3105 4535 3175 4573 ne
3202 4523 3363 4592 quasi
3388 4524 3453 4578 li-

1853 4605 1989 4660 bera
2018 4611 2181 4659 utens
2210 4608 2488 4675 potestate
2511 4603 2714 4674 (Lucas
2742 4604 2957 4658 addidit
2982 4605 3174 4662 dicens
3204 4627 3215 4662 :
3265 4612 3326 4665 Ut
3363 4614 3451 4668 det

1857 4697 1972 4749 illis
1998 4696 2175 4747 tritici
2204 4707 2525 4746 mensuram
2557 4688 2709 4762 [Luc.
2742 4706 2839 4758 xu,
2863 4692 2976 4763 42])
3005 4710 3076 4748 ne
3124 4702 3224 4751 aut
3252 4698 3333 4753 illi
3354 4699 3453 4756 det

1859 4780 1950 4835 cui
1980 4796 2092 4834 non
2125 4784 2366 4851 oportet,
2388 4782 2446 4831 et
2473 4781 2744 4847 quantum
2776 4794 2889 4832 non
2914 4786 3153 4850 oportet.
3187 4789 3245 4838 et
3280 4802 3351 4840 ne
3370 4786 3453 4842 illi

1859 4869 2155 4924 subtrahat
2175 4866 2323 4938 quod
2354 4865 2601 4936 expedit,
2632 4870 2690 4919 et
2718 4872 2991 4936 quantum
3021 4871 3260 4940 expedit,
3294 4874 3448 4943 dare;

1858 4959 1955 5013 sed
1976 4956 2234 5011 omnibus
2266 4954 2431 5025 (quod
2462 4954 2754 5025 prudentis
2809 4954 2911 5009 viri
2967 4962 3067 5026 est)
3108 4965 3165 5013 et
3218 4961 3453 5032 singulis

1863 5047 2149 5119 propriam
2203 5042 2501 5097 distribuat
2548 5058 2890 5110 mensuram,
2954 5051 3013 5099 et
3066 5049 3453 5106 universorum

1864 5138 2133 5204 agnoscat
2151 5132 2450 5203 qualitates
2470 5138 2777 5196 morum,et
2788 5133 3151 5203 capacitatem
3182 5154 3453 5196 sensuum

1866 5227 1923 5276 et
1941 5221 2291 5275 meritorum.
2324 5218 2500 5274 Amen
2529 5220 2647 5272 dico
2676 5221 2841 5285 vobis,
2874 5224 3017 5289 quod
3059 5240 3223 5292 super
3263 5232 3456 5284 omnia

1867 5312 2007 5364 bona
2034 5325 2136 5363 sua
2164 5311 2452 5362 constituet
2479 5322 2624 5360 eum.
2655 5307 2914 5362 Audeant
2937 5313 3224 5367 temerarii
3279 5322 3337 5371 et
3367 5334 3459 5373 su-

1861 5397 2178 5470 perbissimi
2206 5402 2481 5463 rectores;
2531 5395 2600 5449 de
2650 5396 2851 5466 quibus
2901 5414 3085 5470 nuper
3135 5402 3345 5460 dictum
3371 5412 3457 5462 est

1862 5490 2012 5561 quod
2039 5504 2186 5545 unus
2217 5502 2413 5543 eorum
2437 5484 2660 5554 dixerit,
2707 5486 2879 5542 etiam
2921 5493 2979 5544 et
3022 5490 3080 5547 in
3130 5493 3246 5550 suis
3298 5494 3453 5554 libris
