3872 6158
498 212 606 272 839

1273 207 1330 262 S.
1372 201 1751 261 PASCHASII
1787 198 2149 259 RADBERTI
2185 202 2490 261 ABBATIS
2528 198 3021 260 CORBEIENSIS.

3567 210 3642 269 840

498 339 646 393 Nam
674 341 733 391 et
777 334 1021 405 reliquas
1064 332 1312 403 quinque
1338 327 1798 384 irrationabiliter
1836 328 1967 382 licet
2007 328 2225 389 fa-Aei
2252 329 2443 383 anima
2491 327 2752 400 quaelibet
2797 345 2897 399 per
2926 328 3112 395 ﬁdem,
3145 332 3350 399 paratus
3373 334 3443 384 est
3476 348 3648 402 sponsus

497 431 628 480 tuas
661 428 905 490 I029
926 422 1166 491 virgines
1180 419 1436 480 dicimus,
1458 417 1587 487 quia
1609 432 1709 486 per
1729 416 1828 469 hos
1850 416 2097 486 quinque

499 531 717 579 sensus,
752 511 1211 582 qualitercumque
1241 506 1559 560 didicerunt
1583 504 1788 569 divina,
1818 511 1870 557 et
1900 509 2098 558 utcun-

501 619 608 672 que
636 604 965 670 receperunt
993 596 1224 651 verbum
1255 594 1355 647 Dei
1383 593 1498 646 sive
1526 594 1831 655 occasione,
1862 593 1973 646 sive
2002 609 2096 646 vc-

498 691 684 744 ritate.
730 688 888 752 Quia,
926 693 988 739 ut
1044 685 1123 737 ita
1170 683 1370 745 dicam,
1404 681 1785 749 virginiﬁcatae
1823 686 1956 734 sunt
1995 696 2095 750 per

496 778 724 832 verbum
759 775 877 839 Dei,
912 773 1000 827 cui
1045 773 1187 826 forte
1229 770 1607 833 crediderunt,
1640 768 1770 821 licet
1799 769 1920 821 sine
1959 784 2092 838 ope-

494 865 669 928 ribus,
699 863 787 916 vel
817 862 1043 916 credere
1073 877 1133 913 se
1183 859 1462 912 dixerunt.
1491 857 1625 911 Tale
1665 862 1750 909 est
1788 856 1937 909 enim
1968 872 2092 910 ver-

493 953 626 1006 bum
650 950 777 1016 Dei,
803 955 1157 1018 tantumque,
1181 952 1245 1000 ut
1267 962 1333 999 ex
1354 961 1456 998 sua
1475 944 1755 997 munditia
1784 949 1841 997 et
1864 943 2088 1007 virtute,

492 1038 875 1094 accommodet
899 1036 1176 1100 omnibus,
1206 1034 1302 1105 qui
1332 1050 1460 1087 eum
1489 1032 1819 1103 receperint,
1840 1037 1897 1085 et
1918 1048 2099 1087 reces-

491 1127 670 1180 serint
697 1126 767 1179 ab
792 1125 1070 1179 idolorum
1102 1123 1341 1185 cultura,
1361 1120 1446 1174 vel
1476 1120 1901 1183 elementorum,
1925 1124 1983 1172 et
2011 1135 2097 1171 ac-

492 1220 782 1271 cesserunt
806 1231 870 1268 ac
896 1214 945 1267 si
975 1229 1075 1283 per
1102 1211 1291 1274 ﬁdem,
1314 1209 1385 1263 ad
1413 1209 1592 1262 Deum
1618 1207 1819 1273 vivum,
1843 1206 2097 1276 quamvis

492 1320 606 1358 non
636 1303 847 1357 fuerint
874 1317 1047 1371 opera
1068 1298 1365 1353 subsecuta
1394 1296 1637 1366 pietatis,
1661 1300 1726 1349 ut
1750 1295 1989 1365 virgines
2014 1294 2096 1347 di-

492 1396 693 1444 cantur
722 1388 792 1442 ob
820 1388 987 1442 unius
1009 1386 1110 1441 Dei
1133 1385 1411 1447 notitiam,
1437 1383 1522 1436 vel
1543 1383 1711 1436 ﬁdem
1736 1381 2096 1452 professionis

492 1478 615 1543 Dei;
633 1493 871 1547 quorum
885 1491 1082 1529 sensus
1092 1490 1203 1526 non
1215 1472 1284 1526 ad
1296 1470 2097 1541 idolacoinquinantur,neque

494 1566 567 1620 ad
585 1565 866 1619 culturam
885 1566 1323 1631 constuprantur
1340 1559 1607 1613 falsorum
1623 1559 1888 1623 Deorum,
1905 1575 2097 1628 quam-

2178 418 2368 472 venire
2414 417 2630 471 obviam
2678 417 2749 471 ad
2792 417 3087 487 virginem,
3118 433 3333 487 eamque
3371 420 3653 490 susciperem

2177 522 2407 577 corpore
2435 523 2537 561 suo
2569 506 2707 576 (qua:
2729 512 2817 559 est
2834 506 3093 572 Ecclesia;
3117 506 3348 559 dulcibus
3372 508 3653 578 amplexibus.

2180 594 2357 648 (Unde
2383 594 2565 647 omnis
2590 593 2706 647 haec
2734 593 3002 663 parabola
3029 593 3097 646 de
3141 592 3223 646 his
3257 593 3429 646 melius
3459 594 3659 666 accipitur

2178 682 2504 752 virginibus,
2548 698 2669 752 quae
2700 680 2918 734 obviam
2951 681 3171 735 Christo
3206 682 3427 747 veniunt,
3450 688 3502 736 ut
3533 685 3661 738 susci-

2176 770 2403 840 piantur
2456 770 2605 822 infra
2662 769 2983 823 Ecclesiam.
3049 769 3313 832 Quoniam
3363 786 3499 823 nemo
3541 770 3661 840 digne

2175 873 2378 928 sponso
2433 857 2553 910 sine
2605 873 2809 927 sponsa
2857 857 3116 922 occurrit,
3165 874 3333 927 neque
3374 857 3434 910 ad
3473 874 3666 927 sponsam

2179 945 2416 1009 (beatam
2441 945 2651 999 scilicet
2675 943 3010 1012 Ecclesiam)
3037 945 3157 998 sine
3176 945 3380 999 Christo
3407 945 3663 1014 ingreditur.

2177 1034 2245 1088 Et
2263 1034 2387 1087 ideo
2407 1033 2547 1087 bene
2563 1033 2774 1086 dictum
2791 1039 2893 1099 est,
2916 1032 3048 1103 quia
3069 1036 3316 1087 exierunt
3336 1028 3519 1087 obuiam
3533 1050 3669 1101 sponso

2176 1126 2225 1175 et
2252 1137 2456 1189 sponsae
2482 1124 2711 1188 acceptis
2734 1122 3081 1189 lampadibus
3102 1124 3215 1174 suis
3236 1121 3427 1186 (Matth.
3447 1121 3566 1187 xxv).
3584 1122 3673 1176 Haec

2178 1226 2422 1280 namque
2455 1209 2699 1279 egressio
2727 1208 3044 1263 celebratur
3069 1208 3129 1262 in
3157 1209 3259 1262 hac
3285 1209 3413 1263 hora
3428 1208 3673 1273 novissima,

2178 1298 2356 1351 donec
2382 1302 2675 1351 occurrent
2721 1313 2916 1351 omnes
2959 1300 3022 1351 in
3064 1299 3330 1350 unitatem
3356 1298 3481 1363 ﬁdei.
3508 1296 3564 1350 Et
3583 1297 3677 1350 dum

2176 1389 2295 1442 haec
2330 1402 2490 1441 mora
2526 1386 2798 1450 tenditur,
2831 1393 2957 1458 post
3002 1392 3317 1457 perceptam
3359 1385 3523 1450 ﬁdem,
3545 1384 3681 1439 luceat

2178 1492 2404 1530 necesse
2430 1480 2516 1528 est
2544 1475 2735 1529 lumen
2761 1475 3009 1529 ﬁdelium
3040 1491 3229 1528 coram
3250 1472 3551 1536 hominibus,
3568 1479 3616 1525 ut
3632 1472 3681 1524 vi.

2178 1566 2374 1619 dentes
2393 1563 2540 1617 bona
2560 1580 2732 1633 opera
2753 1579 2967 1627 eorum,
2989 1562 3304 1632 gloriﬁcent
3320 1562 3518 1615 Patrem
3535 1560 3681 1621 Deum,

493 1653 577 1707 vis
598 1651 915 1707 defraudati
946 1668 981 1704 a
1001 1648 1170 1703 verbo
1199 1648 1507 1718 sapientiae,
1541 1646 1694 1699 intus
1722 1646 2088 1699 infatuentur.
2112 1669 2158 1728 Β
2179 1654 2275 1725 qui
2304 1658 2389 1707 est
2417 1652 2475 1706 in
2502 1652 2674 1705 caelis,
2716 1651 2834 1704 Hoc
2864 1649 3068 1721 quippe
3099 1654 3185 1704 est
3213 1649 3389 1704 οιειιω
3425 1648 3628 1718 πείρετε
3646 1647 3686 1699 in

494 1739 569 1794 Et
597 1741 906 1794 notandum
946 1738 1092 1809 quod
1125 1738 1220 1807 qui
1252 1753 1431 1790 unum
1460 1736 1530 1789 de
1560 1736 1807 1805 quinque
1836 1733 2090 1789 sensibus

494 1832 918 1898 constupratum
948 1824 1207 1880 habuerit
1234 1824 1305 1877 ab
1349 1823 1529 1888 idolis,
1569 1840 1638 1877 ne
1667 1823 1821 1892 virgo
1850 1822 2090 1891 dicatur,

491 1933 719 1971 necesse
750 1922 837 1970 est
880 1920 946 1969 ut
991 1918 1047 1967 et
1088 1914 1149 1967 in
1194 1913 1320 1966 aliis
1362 1910 1637 1973 sensibus,
1685 1926 1756 1964 ne
1798 1910 1949 1980 virgo
1997 1909 2087 1978 sit,

491 2004 904 2076 coinquinetur.
926 2001 1197 2057 Similiter
1218 2005 1276 2054 et
1301 2000 1396 2070 qui
1425 2016 1601 2053 unum
1622 2000 1821 2053 horum
1853 1998 2095 2069 pruden-

489 2100 609 2149 tem
636 2091 914 2157 habuerit,
933 2095 998 2144 ut
1015 2095 1278 2162 operetur
1298 2087 1599 2157 diligenter
1630 2104 1751 2157 quae
1780 2085 2092 2157 prudentia:

493 2188 646 2248 sunt,
678 2197 872 2235 omnes
912 2177 1115 2248 reliqui
1155 2194 1352 2232 sensus
1392 2175 1699 2247 prudentes
1729 2179 1918 2231 erunt.
1948 2173 2091 2238 Quia

494 2272 642 2325 sicut
668 2266 1053 2323 irrecessibilis
1082 2270 1168 2320 est
1193 2264 1446 2319 Christus
1471 2282 1505 2317 a
1529 2263 1712 2333 seipso
1738 2281 1751 2316 :
1784 2262 1863 2316 sic
1884 2268 1941 2316 et
1970 2278 2095 2316 sen-

495 2377 591 2413 sus
630 2374 823 2413 omnes
853 2355 1161 2411 secundum
1191 2352 1514 2407 interiorem
1552 2350 1857 2416 hominem,
1891 2350 2003 2404 imo
2035 2349 2094 2402 in

496 2448 832 2502 alterutrum
857 2463 916 2499 se
943 2443 1378 2513 subsequuntur.
1412 2440 1543 2495 Ideo
1572 2439 1619 2493 si
1648 2455 1821 2493 unum
1866 2438 1936 2492 de
1964 2455 2092 2492 sen-

494 2535 648 2590 sibus
676 2534 953 2589 introrsus
980 2530 1243 2586 habueris
1272 2529 1626 2600 prudentem,
1649 2532 1714 2580 ut
1740 2526 1896 2596 virgo
1916 2543 1950 2579 a
1974 2526 2090 2580 Deo

494 2622 887 2683 constituatur,
911 2634 1135 2674 necesse
1156 2623 1243 2671 est
1271 2622 1326 2670 et
1353 2616 1411 2669 in
1440 2615 1564 2669 aliis
1594 2613 1851 2668 sensibus
1876 2614 2094 2684 sapien-

492 2712 633 2766 tiam
656 2710 911 2765 Christus
936 2707 1203 2761 ell‘undat.
1237 2707 1540 2775 Propterea
1561 2720 1671 2757 non
1693 2708 1779 2757 est
1807 2702 1993 2756 videre
2020 2702 2090 2756 de

494 2800 741 2872 quinque
795 2796 1050 2852 sensibus
1103 2795 1162 2847 in
1220 2794 1443 2863 aliquo,
1499 2792 1798 2862 quemdam
1848 2790 2087 2855 fatuum,

494 2888 793 2960 quemdam
812 2891 999 2939 autem
1017 2883 1378 2955 prudentem;
1402 2880 1499 2933 sed
1518 2896 1711 2933 omnes
1728 2879 1974 2949 quinque
1994 2884 2093 2932 aut

2172 1742 2318 1797 vasis
2340 1741 2476 1805 suis,
2501 1740 2573 1793 ad
2604 1739 3013 1793 nutrimentum
3036 1739 3231 1793 aeterni
3269 1736 3495 1801 luminis,
3516 1741 3568 1789 ut
3588 1752 3688 1789 sem-

2172 1848 2275 1902 per
2300 1829 2490 1885 anima
2533 1833 2590 1882 et
2630 1844 2853 1898 corpus,
2886 1828 3022 1881 dum
3066 1826 3159 1880 hic
3186 1826 3399 1893 vivitur,
3429 1823 3688 1878 infundatur

2173 1919 2335 1973 bonis
2363 1915 2598 1981 actibus,
2631 1922 2697 1970 ut
2724 1915 2930 1969 habeat
2958 1916 3172 1986 jugiter
3201 1930 3384 1969 secum
3411 1914 3570 1967 oleum
3590 1910 3690 1965 laeti-

2174 2009 2286 2075 tiae,
2337 2012 2393 2061 ct
2433 2005 2704 2075 gaudium
2732 2003 2913 2058 sancti
2953 2003 3217 2074 Spiritus.
3251 2002 3404 2067 Quod
3429 2002 3585 2056 oleum
3608 2006 3697 2071 post

2174 2100 2495 2167 perceptam
2515 2094 2781 2164 gratiam,
2798 2092 3029 2163 reliquae
3054 2092 3316 2162 virgines,
3334 2107 3505 2145 secum
3530 2105 3694 2143 sumere

2174 2190 2231 2238 et
2259 2183 2508 2237 enutrirc
2555 2182 2688 2252 quia
2728 2180 3050 2243 noluerunt,
3078 2180 3248 2234 fatuae
3294 2180 3551 2234 dicuntur.
3582 2177 3697 2232 Unde

2177 2272 2383 2326 dicitur
2406 2271 2540 2341 quia
2566 2287 2631 2323 ex
2658 2270 2745 2323 his
2767 2269 3015 2340 quinque
3037 2272 3201 2322 erant
3229 2267 3413 2333 fatuae,
3433 2270 3486 2319 et
3509 2265 3696 2336 quinque

2176 2360 2501 2431 prudentes,
2524 2374 2718 2412 omnes
2732 2363 2923 2411 tamen
2939 2355 3202 2426 virgines,
3217 2361 3440 2426 propter
3449 2358 3701 2425 perceptam

2177 2448 2308 2503 ﬁdei
2344 2447 2588 2519 gratiam
2617 2465 2630 2512 ;
2680 2463 2749 2499 ex
2778 2462 2890 2516 qua
2915 2461 3028 2499 uno
3058 2444 3291 2499 nomine
3322 2442 3493 2497 omnis
3520 2438 3703 2495 Ecclesia

2174 2537 2329 2606 virgo
2350 2542 2436 2589 est
2464 2535 2773 2607 appellata;
2804 2534 2873 2587 de
2904 2549 3015 2604 qua
3037 2532 3341 2602 Apostolus
3369 2532 3448 2584 ait
3476 2547 3488 2581 :
3516 2529 3703 2598 Despon-

2174 2625 2291 2679 savi
2319 2641 2415 2678 vos
2440 2626 2547 2678 uni
2582 2626 2703 2677 viro
2738 2625 3013 2689 virginem
3044 2627 3256 2675 castam
3282 2621 3520 2674 exhibere
3547 2618 3706 2673 Christo

2172 2714 2253 2780 (II
2279 2713 2401 2767 Cor.
2430 2726 2509 2777 x1,
2540 2710 2615 2775 ‘2).
2646 2709 2925 2780 Adjunxit
2943 2710 3113 2763 etiam
3138 2714 3198 2763 et
3225 2708 3340 2762 ait:
3380 2708 3546 2760 Timeo
3571 2706 3708 2758 autem

2173 2818 2240 2854 ne
2258 2803 2401 2855 sicut
2420 2815 2635 2868 serpens
2651 2800 2823 2853 Evam
2841 2799 3054 2851 seduxit
3074 2800 3290 2851 astutia
3307 2812 3427 2861 sua,
3444 2797 3516 2848 sic
3532 2798 3574 2846 et
3590 2792 3712 2845 vestri

2171 2905 2359 2942 sensus
2380 2892 2819 2956 corrumpantur
2842 2887 3026 2953 (Ibid.,
3048 2884 3098 2952 3)
3123 2900 3159 2937 a
3180 2884 3438 2938 castitate
3458 2896 3568 2952 quae
3592 2876 3714 2932 estin

492 2977 799 3049 prudentes
829 2978 996 3027 erunt
1023 2971 1285 3039 virgines,
1312 2974 1412 3022 aut
1436 2984 1562 3021 vere
1590 2967 1775 3020 fatuae.
1801 2967 1946 3029 Quia
1973 2983 2086 3020 non
2103 2972 2146 3032 ί]
2167 2976 2410 3032 Christo,
2427 2976 2495 3030 Et
2518 2975 2643 3028 ideo
2663 2991 2777 3028 non
2797 2974 2866 3028 de
2886 2974 3018 3028 solis
3038 2972 3372 3042 virginibus,
3398 2987 3529 3042 quas
3548 2964 3709 3023 sancti.

493 3066 552 3119 in
580 3081 694 3118 uno
727 3061 953 3116 homine
976 3059 1065 3113 isti
1098 3059 1328 3113 affectus
1356 3072 1621 3110 sensuum
1643 3054 1713 3108 ab
1734 3055 1966 3108 invicem
1998 3071 2087 3108 se-

492 3158 783 3225 parantur.
817 3151 887 3204 Et
932 3148 1058 3201 ideo
1109 3146 1269 3208 bene,
1302 3160 1645 3216 quaecunque
1681 3143 1751 3196 ad
1794 3142 1960 3197 unius
1987 3142 2089 3196 Dei

491 3240 749 3296 notitiam
777 3234 1150 3309 pervenerint,
1189 3251 1289 3288 seu
1314 3233 1482 3287 ﬁdem
1511 3231 1722 3286 relictis
1748 3231 1935 3300 idolis,
1960 3247 2090 3301 per-

492 3333 781 3399 ceperunt,
813 3326 1057 3396 virgines
1080 3322 1438 3394 appellantur
1462 3339 1474 3378 :
1508 3321 1641 3391 quia
1667 3336 1777 3373 non
1806 3318 2088 3373 fornican-

490 3424 588 3472 tur
606 3432 732 3469 cum
755 3415 879 3480 diis,
900 3429 1081 3484 neque
1103 3411 1433 3482 polluuntur
1455 3426 1582 3463 cum
1612 3408 1792 3462 idolis.
1829 3408 1937 3462 Sed
1958 3408 2091 3478 quia

496 3507 578 3575 (ut
605 3504 737 3571 dixi)
776 3505 837 3559 in
881 3502 1107 3557 homine
1152 3498 1363 3570 gemini
1403 3503 1535 3551 sunt
1562 3496 1655 3550 isti
1684 3513 1900 3563 sensus,
1936 3496 2085 3567 jure,

493 3594 601 3649 ﬁde
630 3598 873 3664 recepta,
908 3591 1100 3644 decem
1126 3604 1247 3642 esse
1272 3586 1536 3641 dicuntur
1564 3584 1827 3654 virgines.

562 3685 688 3752 Quae
730 3683 1053 3749 accipientes
1096 3677 1369 3745 lampades
1397 3690 1545 3737 suas,
1578 3675 1831 3726 exierunt
1875 3673 2087 3725 obviam

488 3789 678 3842 sponso
709 3776 755 3825 et
780 3784 1001 3839 sponsae.
1026 3768 1092 3820 In
1121 3766 1225 3819 hac
1250 3762 1517 3835 parabola
1544 3777 1657 3814 non
1680 3761 1862 3814 solum
1892 3760 2084 3826 semel,

488 3861 584 3916 sed
624 3865 681 3915 et
725 3856 970 3913 secundo
1014 3854 1165 3909 exire
1212 3852 1430 3907 obviam
1473 3865 1677 3920 sponso
1706 3848 1988 3901 dicuntur.
2022 3848 2091 3901 Et

486 3949 613 4005 ideo
659 3948 971 4017 intelligere
1015 3942 1302 4007 debemus,
1337 3939 1486 4010 quod
1524 3937 1676 3991 aliud
1723 3936 1797 3990 sit
1840 3935 2088 4007 primum

489 4037 640 4092 exire
659 4052 760 4106 per
786 4034 954 4088 ﬁdem
976 4031 1193 4085 obviam
1218 4028 1440 4084 Christo
1470 4032 1526 4081 et
1554 4025 1828 4090 Ecclesiae,
1858 4030 1915 4078 et
1937 4024 2089 4078 aliud

488 4140 782 4193 resurgere
811 4122 869 4175 in
897 4117 1436 4174 consummationem
1467 4114 1674 4179 saeculi,
1703 4119 1760 4167 et
1788 4129 2089 4184 properare

491 4210 711 4267 obviam
731 4215 939 4263 aeterno
955 4205 1152 4277 judici,
1175 4211 1240 4259 ut
1264 4203 1499 4273 recipiat
1518 4202 1904 4272 unusquisque
1924 4206 2091 4272 prout

2169 3064 2444 3119 moniales
2471 3079 2753 3127 vocamus,
2783 3063 2889 3116 hac
2930 3061 3200 3133 parabola
3250 3063 3538 3131 ﬁguratur,
3567 3054 3647 3109 sed
3669 3052 3716 3105 de

2171 3153 2323 3208 omni
2353 3152 2629 3218 Ecclesia;
2681 3168 2814 3205 nam
2852 3151 2912 3205 in
2940 3166 3172 3221 corpore
3202 3150 3573 3221 virginitatem
3598 3141 3720 3215 pauci

2169 3241 2398 3305 habent,
2429 3240 2488 3294 in
2535 3240 2699 3294 corde
2746 3245 2936 3294 autem
2981 3255 3175 3293 omnes
3212 3238 3424 3293 habere
3451 3235 3647 3290 debent.
3672 3230 3721 3283 Et

2169 3329 2295 3384 ideo
2316 3346 2416 3400 per
2434 3345 2628 3383 omnes
2649 3327 2898 3398 quinque
2919 3343 3116 3381 sensus
3145 3333 3185 3392 ι
3198 3333 3331 3393 03
3346 3332 3382 3391 |
3418 3321 3642 3394 corporis
3658 3317 3724 3373 ab-

2171 3418 2438 3473 stinentia
2467 3416 2616 3471 bona
2643 3422 2748 3482 est,
2781 3420 2845 3470 ut
2883 3415 2954 3469 ab
2979 3414 3244 3469 omnibus
3273 3432 3336 3470 se
3363 3412 3564 3468 illicitis
3587 3407 3722 3463 absti-

2170 3511 2303 3560 neat
2331 3522 2489 3560 mens
2510 3506 2777 3558 humana.
2797 3504 2957 3558 Unde
2978 3503 3276 3574 virginitas
3304 3518 3509 3557 nomen
3538 3497 3724 3568 accepit.

2171 3599 2230 3647 et
2256 3610 2356 3664 per
2382 3594 2527 3647 hanc
2554 3592 3030 3663 incorruptionem
3060 3591 3247 3645 omnis
3279 3590 3523 3645 Ecclesia
3560 3582 3725 3643 Christi

2168 3682 2323 3751 virgo
2351 3682 2557 3735 dicitur
2586 3686 2643 3734 et
2672 3696 2896 3751 sponsa.
2920 3681 2989 3734 Et
3018 3696 3131 3733 non
3156 3680 3564 3749 qualiscunque
3590 3674 3723 3743 virgo,

2171 3770 2268 3824 sed
2290 3770 2561 3840 prudens;
2587 3769 2669 3822 ita
2693 3774 2887 3823 tamen
2906 3768 2954 3822 si
2979 3769 3100 3838 ejus
3120 3768 3473 3821 abstinentia
3494 3782 3529 3819 a
3546 3762 3671 3817 vitiis
3686 3760 3729 3812 in

2171 3858 2394 3912 laudem
2419 3858 2521 3913 Dei
2545 3857 2804 3912 reniteat.
2821 3856 3084 3927 Alioquin
3104 3856 3151 3909 si
3181 3861 3420 3927 pr0pter
3434 3852 3598 3920 aliud,
3615 3864 3731 3922 qua-

2171 3962 2390 4016 cunque
2411 3945 2632 3999 videtur
2649 3944 2797 3999 bona
2815 3945 3156 4015 agere,inter
3173 3944 3368 3999 fatuas
3389 3940 3728 4014 deputabitur,

2170 4051 2235 4088 eo
2265 4033 2412 4104 quod
2440 4033 2615 4087 salem
2636 4032 2923 4104 sapientiae
2952 4049 3065 4086 non
3092 4032 3325 4087 habeat.
3352 4031 3437 4087 Ob
3456 4045 3616 4101 quam
3637 4040 3735 4080 cau-

2170 4138 2291 4176 sam
2317 4122 2475 4176 fatua
2499 4121 2803 4187 invenitur,
2825 4121 2959 4191 quia
2987 4122 3177 4191 plures
3196 4120 3468 4174 videntur
3495 4116 3678 4171 habere
3692 4113 3737 4164 ﬁ-

2170 4209 2299 4263 dem
2328 4210 2448 4263 sine
2474 4207 2733 4279 operibus
2762 4226 2775 4275 ;
2807 4209 3089 4263 nonnullae
3118 4224 3252 4262 vero
3282 4208 3459 4262 etiam
3489 4203 3737 4259 abstinen-

488 4298 681 4373 gessit.
728 4297 874 4351 Nam
919 4295 1163 4365 primum
1202 4291 1351 4345 exire
1381 4289 1599 4343 obviam
1645 4290 1714 4353 ei,
1750 4295 1836 4344 est
1878 4290 1938 4343 in
1982 4280 2150 4343 hacD
2170 4298 2310 4351 tiam
2340 4297 2409 4351 ab
2435 4297 2643 4351 illicitis
2672 4302 2731 4351 et
2753 4297 2875 4368 ipsa
2895 4313 3066 4368 opera
3092 4296 3259 4362 bona’
3292 4296 3397 4350 sed
3417 4311 3528 4350 non
3550 4293 3741 4364 propter

489 4392 632 4446 hora
649 4387 969 4451 ῐιονίεδίωθιν
991 4400 1090 4455 Per
1111 4398 1275 4437 omne
1295 4387 1517 4451 tempus
1547 4379 1615 4433 ab
1647 4379 1809 4434 ίηίιίο
1847 4386 2093 4446 ιθειθ
2173 4387 2352 4441 Deum
2400 4385 2711 4452 sinceriter,
2758 4385 3013 4456 quamvis
3060 4384 3372 4439 laudabilia
3424 4384 3737 4437 censeantur.

489 4475 891 4534 incarnationis
916 4471 1144 4538 Christi,
1163 4469 1386 4541 quando
1405 4484 1644 4539 sponsus
1666 4473 1723 4521 et
1745 4485 1948 4538 sponsa
1974 4469 2084 4523 duo

491 4574 624 4622 sunt
659 4568 719 4621 in
747 4580 915 4620 carne
943 4578 1058 4617 una
1082 4579 1095 4628 ;
1128 4559 1350 4631 quando
1380 4556 1651 4612 Dominus
1680 4562 1871 4610 noster
1890 4557 1947 4611 in
1969 4574 2087 4611 cor-

488 4672 643 4728 pore,
676 4655 824 4709 Deus
852 4652 1031 4706 factus
1059 4654 1143 4703 est
1185 4648 1371 4702 homo.
1398 4647 1477 4700 Ac
1504 4661 1605 4716 per
1631 4645 1736 4699 hoc
1764 4651 1829 4700 ut
1855 4646 2085 4716 spiritus

489 4741 646 4796 carni
673 4755 930 4811 sponsus,
954 4737 1034 4790 ita
1075 4734 1299 4807 spiritui
1330 4751 1459 4788 caro
1489 4748 1695 4803 sponsa
1722 4738 1825 4787 est.
1855 4733 1957 4787 Cui
1985 4732 2084 4787 ob-

487 4829 635 4885 viam
660 4828 891 4882 veniunt
918 4825 1252 4896 accipientes
1282 4838 1495 4893 organa
1536 4838 1638 4875 sua
1666 4821 1964 4888 naturalia,
1994 4822 2086 4876 de-

487 4935 609 4975 cem
637 4916 899 4987 virgines,
920 4915 976 4968 id
1014 4919 1099 4968 est
1127 4928 1321 4967 omnes
1347 4912 1547 4966 animae
1573 4926 1700 4964 cum
1729 4908 1972 4979 primum
2001 4926 2087 4963 rc-

487 5012 759 5080 ceperunt
768 5003 962 5059 tubam
975 5002 1277 5056 salutarem
1296 5001 1650 5054 insonantem
1662 4995 1812 5051 verbi
1826 4997 1926 5051 Dei
1945 5014 2082 5067 prce-

487 5096 731 5157 conium,
763 5109 864 5163 per
895 5091 1081 5144 ﬁdem.
1104 5088 1486 5159 Egrediuntur
1515 5087 1741 5159 quidem
1770 5085 1838 5139 de
1869 5087 2080 5141 mundo

487 5190 546 5239 et
590 5183 658 5237 de
697 5180 980 5236 erroribus
1009 5178 1239 5235 deorum
1276 5177 1601 5240 multorum,
1634 5175 1823 5246 sicque
1848 5174 2081 5229 veniunt

488 5286 692 5343 sponso
723 5269 942 5323 obviam
971 5271 1028 5320 et
1056 5282 1295 5337 sponsae,
1326 5281 1426 5334 per
1450 5264 1693 5334 gratiam
1720 5280 1875 5317 novae
1919 5280 2080 5335 rege-

486 5359 813 5423 nerationis,
836 5364 901 5412 ut
929 5373 1121 5410 omnes
1150 5354 1540 5424 ingrediantur
1559 5353 1629 5407 ad
1649 5371 1805 5424 spem
1834 5353 2080 5424 primum

485 5449 662 5505 beatae
674 5441 1416 5508 immortalitatis.Quoniam
1434 5446 1498 5497 ut
1516 5440 1762 5513 primum
1778 5442 2083 5498 occurrerit

2168 4475 2327 4530 Unde
2355 4479 2415 4529 et
2442 4474 2690 4544 quinque
2721 4473 3118 4537 admittuntur,
3152 4473 3288 4544 quia
3319 4473 3619 4544 prudentes
3645 4466 3742 4520 fue-

2168 4569 2315 4629 rant,
2358 4568 2415 4617 et
2456 4562 2704 4634 quinque
2752 4562 3121 4633 repelluntur,
3168 4560 3308 4631 quia
3356 4561 3549 4615 fatuae.
3591 4558 3743 4610 Fatua

2166 4657 2370 4718 autem,
2403 4650 2533 4722 quia
2574 4654 2803 4719 acceptis
2851 4652 3219 4718 lampadibus,
3268 4666 3388 4704 non
3426 4646 3744 4716 sumpserunt

2166 4743 2346 4795 oleum
2401 4756 2582 4794 secum
2617 4758 2634 4804 ;
2683 4740 2978 4807 prudentes
3032 4753 3156 4792 vero
3207 4741 3537 4806 acceperunt
3595 4736 3742 4786 oleznn

2168 4830 2232 4882 in
2262 4831 2404 4883 vasis
2453 4845 2581 4882 cum
2623 4829 2990 4896 lampadibus.
3026 4825 3227 4880 Oleum
3274 4841 3529 4898 namque
3564 4822 3746 4876 fructus

2168 4922 2254 4970 est
2300 4916 2551 4987 spiritus.
2591 4916 2741 4970 Vasa
2782 4932 2911 4969 vero
2961 4914 3092 4968 licet.
3138 4914 3359 4981 ﬁctilia,
3410 4918 3599 4967 nostra
3636 4912 3747 4962 sunt

2162 5021 2417 5075 corpora,
2476 5005 2629 5059 intra
2679 5020 2919 5074 quorum
2974 5003 3185 5057 viscera
3235 5000 3628 5056 recondendus
3678 4997 3748 5049 est

2161 5080 2309 5146 idem
2356 5092 2569 5147 fructus
2614 5092 2746 5147 boni
2771 5091 2975 5162 operis.
3003 5092 3177 5145 Porro
3220 5090 3520 5160 lampades
3557 5086 3749 5141 anima-

2123 5187 2127 5190 ’
2161 5196 2289 5234 rum
2329 5180 2741 5251 splendentium
2772 5180 2966 5234 lumen
2996 5184 3100 5245 est,
3132 5195 3252 5250 quae
3284 5181 3641 5232 sacramento
3664 5172 3749 5226 ba-

2163 5269 2447 5338 ptismatis
2495 5269 2743 5336 indutae,
2805 5268 3234 5340 splenduerunt.
3298 5267 3445 5321 Ecce
3500 5266 3659 5319 fatua:
3705 5266 3751 5314 et

2162 5356 2405 5428 virgines
2449 5357 2732 5424 dicuntur,
2764 5362 2822 5411 et
2861 5357 3147 5428 lampades
3181 5356 3489 5426 accepisse,
3533 5362 3591 5408 et
3622 5352 3752 5405 ear!!-

2163 5450 2301 5500 runt
2361 5448 2579 5502 obviam
2628 5462 2820 5517 sponso
2873 5451 2922 5501 et
2985 5460 3217 5516 sponsa,
3274 5459 3415 5499 cum
3478 5436 3751 5514 prudenti~

3812 2926 3820 3305 ἰ
