3872 6158
185 186 283 255 841

886 225 893 231 -
920 184 1302 245 EXPOSITIO
1339 184 1418 240 IN
1454 182 1765 242 ΜΑἸἼῊᾹΞ

1846 188 1901 242 ΙΙ.
1943 218 2009 232 -
2046 190 2183 247 LIB.
2225 194 2322 260 XI,
2365 194 2539 251 CAP.‘
2562 197 2730 252 XXV.

3334 204 3442 265 842

184 322 296 376 bus.
322 317 469 383 Quid
504 324 661 387 ergo'
683 314 926 386 amplius
950 314 1363 386 requirendum
1391 314 1630 386 judicas,
1663 315 1771 369 nisi
1786 316 2106 411 Apadious.
2126 318 2496 389 Acceperunt,
2519 336 2586 374 ex
2612 321 2761 376 dono
2789 323 3006 393 gratiae,
3028 328 3086 381 et
3113 329 3443 411 recondide-

188 409 321 482 quod
342 408 539 462 oleum
569 421 681 459 non
711 404 1072 475 sumpserunt
1084 421 1295 470 secum,
1316 422 1387 459 ne
1401 405 1763 460 deﬁceretlu-

182 514 298 552 men
312 492 703 566 lampadarum
715 490 1123 547 accensum70b
1139 508 1308 565 quam
1324 508 1551 561 causam
1561 494 1766 563 solum-

183 574 526 640 modo'fatuze
562 582 845 636 dicuntur.
868 580 871 585 ’
893 582 964 635 Et
990 580 1115 634 ideo
1144 580 1454 646 sciendum,
1494 580 1627 650 quia
1652 598 1767 635 ma-

181 690 343 744 gnum
353 666 864 745 aliquidsigniﬁcat
875 670 980 724 hoc
1000 669 1204 739 oleum",
1225 675 1283 723 et
1301 669 1462 723 valde
1472 685 1761 740 magnum.

180 764 303 818 Oleo
332 777 578 832 namque
606 759 975 830 perungimur
1003 758 1062 812 in
1095 758 1448 829 baptismate,
1500 764 1567 812 ut
1610 758 1767 812 Chri-

179 852 335 907 stiani
356 851 631 905 dicamur.
652 849 788 905 Oleo
802 840 864 901 et
883 853 1186 919 perunctus
1208 856 1293 901 est
1318 847 1772 903 Salvatornoster

181 941 442 997 Christus.
468 940 550 993 De
577 955 689 1012 qua
707 937 973 992 unctione
992 936 1246 991 canimus
1275 936 1335 990 in
1361 936 1586 992 Psalmo
1616 956 1627 990 :
1656 938 1771 992 ’Πη-

181 1034 257 1084 sit
277 1035 324 1084 te
352 1031 510 1093 Deus,
542 1030 684 1083 Deus
714 1032 843 1080 tuus
880 1030 989 1081 oleo
1033 1027 1234 1081 latitia:
1274 1040 1389 1093 pra!
1430 1028 1767 1080 consortibus

183 1123 299 1175 tuis.
324 1119 444 1173 Hoc
472 1116 677 1187 quippe
705 1115 911 1179 oleum,
947 1115 1134 1169 oleum
1158 1112 1544 1168 exsultationis
1576 1118 1681 1178 est,
1708 1120 1767 1170 et

180 1208 396 1273 laetitiae,
420 1223 520 1278 pro
534 1222 643 1277 quo
660 1188 995 1275 David,quia
1012 1208 1357 1275 peccaverat,
1378 1210 1504 1258 orat
1525 1204 1713 1259 dicens
1745 1221 1757 1256 :

180 1297 339 1353 Redde
356 1296 503 1348 mihi
519 1297 769 1348 laetitiam
781 1295 1049 1347 salutaris
1064 1295 1151 1345 tui
1168 1298 1217 1346 et
1233 1294 1439 1360 spiritu
1453 1296 1765 1362 principali

181 1387 439 1452 conﬁrma
458 1374 549 1436 me
584 1384 750 1452 (Psal.
780 1398 830 1446 L,
864 1381 972 1449 14).
1006 1380 1170 1435 Forte
1198 1396 1330 1451 ergo
1350 1381 1455 1435 hoc
1473 1383 1660 1436 oleum
1676 1398 1765 1437 ex-

180 1470 491 1527 sultationis
519 1474 576 1523 et
592 1468 803 1523 laetitia:
823 1468 1064 1539 Spiritus
1080 1474 1306 1523 sanctus
1325 1475 1442 1533 est;
1473 1486 1640 1540 quem
1668 1469 1766 1541 qui

179 1576 281 1614 non
306 1558 482 1612 habet
503 1557 596 1611 hic
633 1572 747 1610 non
794 1551 881 1611 est
925 1556 1153 1622 Christi,
1205 1572 1388 1627 neque
1432 1557 1765 1612 charitatem

1845 409 1981 458 runt
2006 403 2066 459 in
2093 405 2239 460 vasis
2259 405 2377 461 suis
2396 424 2573 479 usque
2591 410 2663 464 ad
2682 416 2904 483 tempus
2922 430 3038 470 suae
3054 403 3439 487 inspectionis.

1836 492 1917 546 Et
1943 492 2070 547 ideo
2098 495 2402 565 prudentes
2417 497 2701 564 dicuntur,
2725 502 2859 571 quia
2883 520 3049 573 porro
3069 506 3446 576 praeviderunt

1847 579 1907 634 in
1944 588 2251 652 posterum,
2285 586 2435 655 quod
2472 603 2539 640 ex
2574 587 2720 642 dono
2755 592 2953 659 gratias
2990 594 3265 650 rationem
3311 602 3444 663 sunt

1847 668 2168 726 redditurae.
2211 672 2287 725 At
2314 689 2443 727 vero
2474 690 2587 728 non
2615 674 2695 735 sic
2718 676 2905 735 fatuae.
2938 680 3070 750 quia
3091 683 3255 752 juxta
3291 684 3445 740 Salo-
3477 692 3487 702 ’

1848 772 2073 812 monem
2097 759 2293 829 (Eccle.
2320 775 2372 825 x,
2404 761 2477 827 1),
2516 764 2710 818 Musca:
2738 770 3031 822 morientes
3066 773 3445 843 exterminant

1850 847 2183 901 suavitatem
2223 848 2357 915 olei,‘
2398 850 2475 910 id.
2511 855 2598 905 est
2642 854 2964 913 unctionem
3001 874 3115 928 qua
3158 868 3443 930 perunctaa

1828 941 1985 988 sunt
2037 952 2073 989 a
2126 936 2338 1007 Spiritu
2389 943 2600 993 sancto.
2662 941 2807 996 Nam
2840 944 3170 1015 ’χρησῃότητα
3212 948 3443 1018 Graecus

1828 1038 2056 1088 sermo,
2082 1028 2139 1077 et
2178 1024 2511 1079 suavitatem
2535 1026 2812 1096 signiﬁcat
2841 1035 2898 1095 et
2928 1033 3271 1107 unctionem,
3309 1053 3443 1092 nec-
3500 1060 3505 1063 Α

1846 1127 1960 1165 non
1978 1110 2298 1167 bonitatem
2329 1118 2387 1167 et
2410 1113 2722 1191 lenitatem,
2767 1134 2889 1188 quae
2917 1122 3106 1176 omnia
3141 1140 3243 1194 per
3268 1124 3445 1197 Spiri-

1826 1203 1967 1253 tum
2016 1205 2289 1279 sanctum
2324 1202 2674 1265 tribuuntur.
2727 1205 2907 1269 Quam
2958 1210 3092 1280 quia
3121 1213 3445 1287 noluerunt

1858 1292 2100 1353 .033
2144 1289 2433 1359 accipere,
2462 1306 2643 1362 neque
2698 1299 2991 1364 acceptum
3046 1314 3286 1371 servare,
3344 1304 3443 1359 sed

1830 1377 2206 1446 ,projecerunt
2218 1377 2419 1432 intima
2441 1395 2545 1433 sua
2566 1384 2887 1449 post~vanas
2913 1383 3107 1453 laudes
3120 1387 3439 1459 hominum,

1824 1464 2172 1535 ,favoresque
2200 1466 2368 1537 vulgi,
2401 1484 2590 1531 vucuae
2630 1478 3025 1545 remanserunt
3048 1473 3119 1545 ab
3151 1477 3307 1531 omni
3337 1460 3446 1549 cla-

1847 1552 2013 1607 ritate
2040 1554 2291 1624 luminis,
2312 1555 2462 1617 etab
2481 1558 2634 1611 omni
2653 1558 2834 1627 virore
2848 1553 3161 1622 charitatis;
3192 1610 3197 1613 .

179 1647 377 1703 Christi
408 1640 592 1700 habet.
617 1645 915 1710 Quoniam,
950 1645 1205 1699 Charitas
1236 1647 1335 1700 Dei
1362 1648 1565 1714 diffusa
1592 1652 1668 1701 est
1701 1651 1767 1702 in
1786 1663 1833 1723 Β
1923 1645 2785 1716 Moram'autemfacientesponso,
2805 1651 3446 1730 dormitaveruntomnes

180 1731 427 1790 cordibus
456 1738 679 1801 nostris,
719 1732 1128 1803 per'Spiritum
1165 1739 1440 1800 sanctum,
1479 1737 1769 1803 qui'datus

178 1830 246 1878 est
272 1826 430 1878 nobis
453 1824 622 1892 (Rom.
651 1840 705 1887 v,
841 1823 973 1877 Sine
1003 1838 1134 1893 qua,
1174 1822 1322 1877 sicut
1361 1824 1662 1894 Apostolus
1690 1825 1771 1880 ait

182 1914 230 1980 (Ι
264 1915 388 1968 Cor.
445 1926 568 1978 xm,
613 1910 691 1979 3),
721 1911 993 1983 quidquid
1034 1910 1295 1966 habuerit
1331 1912 1518 1976 homo,
1547 1914 1689 1968 nihil
1717 1913 1770 1968 ei

179 2001 421 2072 prodest.
453 2001 588 2065 Quae
629 2000 900 2054 nimirum
941 2000 1185 2063 Charitas
1222 2000 1426 2055 merito
1454 2017 1556 2072 per
1582 2003 1770 2057 oleum

178 2089 695 2161 signiﬁcatur.Quia
720 2089 867 2143 sicut
893 2089 1080 2144 oleum
1109 2089 1368 2143 omnibus
1391 2091 1772 2161 supereminet

178 2179 482 2249 liquoribus
514 2194 526 2228 :
559 2179 641 2233 ita
682 2174 745 2234 et
772 2179 1017 2257 charitas
1041 2178 1316 2233 universis
1343 2180 1660 2235 virtutibus.
1701 2182 1771 2236 Et

178 2268 291 2323 ideo
326 2269 401 2323 de
430 2268 528 2323 illa
552 2267 689 2322 dicit
712 2268 862 2322 idem
889 2268 1188 2339 Apostolus
1220 2269 1448 2336 Paulus,
1464 2271 1772 2342 superemi-

177 2357 483 2411 nentiorem
516 2362 553 2422 Ι
566 2361 759 2423 032
769 2359 921 2410 viam
931 2358 1241 2411 demonstro
1251 2358 1554 2422 vobisQuae
1564 2359 1772 2430 profec-

177 2450 230 2498 to
253 2445 342 2499 via
369 2461 477 2516 per
503 2445 844 2499 charitatem
872 2444 964 2498 hic
1000 2444 1509 2515 impraesentiarum
1539 2452 1774 2517 paratur

176 2538 228 2587 et
246 2534 654 2605 prae-sternitur,
668 2538 732 2588 ut
762 2533 1008 2605 prudens
1019 2533 1174 2604 virgo
1188 2535 1333 2588 terat
1351 2534 1537 2589 oleum
1556 2552 1768 2603 secum,

175 2626 227 2675 et
246 2622 442 2677 lumen
462 2623 610 2694 quod
625 2622 878 2677 luceatin
896 2623 1609 2695 perpetuum.Quapropter
1625 2624 1767 2679 bene

172 2727 264 2780 per
283 2712 476 2766 oleum
505 2727 614 2783 quo
643 2712 889 2766 charitas
906 2711 1191 2765 enutritur
1204 2698 1263 2765 et
1282 2711 1768 2784 diﬁ'unditur.Spi-

172 2799 303 2854 ritus
339 2806 577 2855 sanctus
604 2800 973 2871 signiﬁcatur,
1019 2816 1130 2870 quo
1174 2800 1559 2856 exhilarantur
1600 2804 1770 2858 corda

175 2889 540 2953 credentium,
573 2892 632 2943 et
659 2888 849 2943 omnia
876 2888 1151 2943 virtutum
1181 2905 1354 2959 opera
1373 2889 1764 2960 pinguescunt.

1851 1737 1902 1786 et
1920 1734 2291 1788 dormierunt.
2312 1734 2459 1797 Quid
2483 1740 2570 1799 est
2595 1737 2743 1806 quod
2758 1736 2893 1791 dicit
2903 1747 3132 1817 omnes?
3153 1742 3446 1823 Sapientes

1851 1820 2064 1875 scilicet
2091 1826 2150 1876 et
2174 1821 2360 1877 fatuae.
2394 1822 2465 1877 Et
2486 1824 2619 1894 quid
2645 1825 2956 1895 estdicere,
2988 1820 3446 1911 Dormitaperunt

1834 1916 1901 1965 .et
1929 1912 2323 1989 dormierunt?
2341 1911 2610 1983 Nunquid
2634 1913 3080 1991 dormitaverunt
3099 1922 3201 1999 est,
3228 1924 3292 1973 ut
3319 1922 3446 1994 qui-
3474 1990 3493 1993 ﬂ

1826 1998 1982 2053 -dam
2011 2000 2109 2066 ait,
2141 2006 2271 2054 ante
2300 2006 2540 2056 mortem
2566 2002 2961 2077 languescere?
2997 2005 3099 2060 Vel
3128 2007 3310 2079 qualis
3328 2015 3450 2079 Jest
3553 2065 3557 2068 .

1826 2104 2082 2143 somnus
2107 2088 2253 2143 iste?
2280 2090 2366 2144 Ne
2395 2089 2538 2144 forte
2563 2091 2828 2169 tardante
2856 2076 3058 2163 sponso
3092 2076 3247 2166 (quia
3269 2076 3449 2169 dabun-
3500 2080 3503 2081 ν

1822 2179 1953 2232 ιάαι
1978 2167 2613 2250 ίιιὶᾳιιίιεε)ιι“θῆιίεθεὸὶι
2639 2182 2883 2237 Charitas
2924 2173 3119 2240 eorum
3170 2167 3444 2251 omnium.

1854 2267 2015 2322 Sicne
2034 2267 2375 2323 intellecturi
2392 2286 2588 2324 sumus
2606 2287 2868 2337 somnum
2888 2271 3061 2328 istum
3080 2274 3105 2327 ?
3133 2274 3209 2330 Et
3230 2266 3336 2331 hoc
3351 2268 3444 2344 sit,
3494 2300 3501 2305 ’

1824 2392 1829 2397 -
1853 2354 1987 2426 quia
2022 2355 2397 2426 elanguerunt
2412 2356 2578 2427 prius
2604 2358 2691 2412 vel
2718 2358 3191 2435 dormitaverunt,
3216 2362 3275 2417 in
3297 2380 3451 2431 mor-

1822 2471 1827 2489 π
1853 2449 1970 2497 tem
2002 2444 2104 2510 ire,
2137 2446 2285 2516 quod
2327 2452 2414 2499 est
2441 2445 2625 2500 dicere
2644 2446 3030 2521 dormierunt.
3060 2444 3255 2519 Absit,
3268 2456 3335 2505 ut
3369 2452 3453 2507 ita

1824 2532 2205 2603 intelligatur
2232 2533 2365 2605 quia
2389 2539 2523 2588 sunt
2565 2533 2644 2588 ibi
2692 2536 3017 2606 prodentes.
3047 2539 3193 2603 Nam
3224 2538 3448 2610 quando

1822 2620 1986 2675 dixit
2016 2622 2278 2677 Dominus
2303 2640 2315 2674 :
2347 2624 2622 2689 Quoniam
2643 2626 2949 2701 abundavit
2969 2629 3261 2696 iniquitas,
3274 2631 3454 2699 pre/ri-

1832 2713 2009 2778 -gescit
2033 2711 2277 2765 charitas
2297 2715 2606 2769 multorum
2625 2714 2840 2779 (Matth.
2867 2729 3015 2783 xxiv,
3035 2714 3149 2787 12),
3186 2708 3335 2787 quod
3364 2710 3453 2787 est

1850 2798 2035 2851 dicere
2067 2797 2266 2853 defecit
2294 2799 2478 2853 oleum
2504 2801 3111 2878 multorum,continuo
3133 2796 3371 2875 subjecit
3394 2811 3453 2876 et

1849 2887 1930 2941 ait
1961 2904 1972 2940 :
2008 2888 2114 2954 Qui
2142 2893 2329 2941 autem
2367 2888 2796 2956 perseveraverit
2840 2907 3010 2960 usque
3039 2895 3103 2946 in
3132 2880 3329 2961 ﬁnem,
3361 2895 3452 2949 hic

174 2977 237 3031 Et
276 2978 405 3032 ideo
441 2978 831 3050 charitas,quaa
861 2977 1102 3049 Spiritus
1131 2978 1310 3032 sancti
1348 2979 1629 3049 pinguedo
1659 2985 1762 3048 est,
1781 2977 1826 3037 C
1846 2979 2030 3030 salvus
2049 2978 2176 3030 erit.
2209 2977 2563 3048 Quapropter
2600 2977 2906 3048 prudentes
2936 2980 3166 3035 fuerunt
3192 2981 3315 3036 ista;
3344 2982 3453 3037 vir-

175 3081 460 3138 nunquam
479 3066 683 3121 excidit
707 3085 720 3134 ;
755 3083 925 3138 quam
957 3067 1052 3138 qui
1080 3067 1352 3132 amiserit,
1381 3073 1510 3139 post
1534 3085 1768 3141 percep-

172 3158 279 3208 tam
292 3155 565 3226 gratiam,
580 3155 711 3210 licet
732 3155 991 3210 videatur
1009 3155 1212 3210 exiisse
1240 3173 1341 3227 per
1360 3157 1529 3211 ﬁdem
1550 3157 1769 3212 obviam

172 3258 363 3313 sponso
384 3261 461 3299 ac
494 3259 731 3315 sponsae,
759 3248 950 3298 tamen
980 3244 1132 3299 inter
1168 3245 1352 3300 fatuas
1380 3245 1764 3317 deputabitur.

170 3330 228 3385 In
255 3332 364 3387 ﬁde
387 3348 643 3403 namque
672 3349 868 3387 omnes
914 3333 1108 3387 decem
1149 3334 1476 3404 junguntur
1498 3334 1762 3405 virgines,

170 3435 283 3489 quae
307 3438 413 3492 per
433 3421 794 3490 sponsionem
822 3421 956 3475 ﬁdei
975 3438 1170 3476 omnes
1198 3428 1474 3477 conantur
1496 3423 1646 3477 exire
1675 3423 1769 3478 ob-

170 3507 305 3563 viam
334 3527 573 3582 sponso,
623 3515 680 3564 et
708 3511 868 3582 quasi
897 3510 1063 3565 corde
1101 3517 1421 3582 exspectare
1466 3512 1767 3568 adventum

170 3598 281 3665 ejus
300 3617 313 3662 ;
348 3599 458 3653 sed
469 3598 904 3670 quianegligunt
921 3615 1144 3669 servare
1164 3605 1483 3671 perceptam
1500 3601 1761 3671 gratiam,

170 3690 221 3739 et
242 3688 499 3742 enutrirc
528 3703 593 3741 ac
618 3703 840 3741 sumere
869 3704 1058 3743 secum
1080 3688 1233 3742 intus
1254 3688 1313 3743 in
1340 3688 1548 3753 animo,
1567 3691 1638 3744 ad
1650 3691 1767 3761 glo-

166 3774 298 3829 riam
314 3777 421 3831 Dei
449 3776 653 3842 Patris,
677 3777 862 3831 oleum
890 3776 1199 3842 charitatis,
1222 3777 1595 3833 infatuantur.
1628 3779 1766 3833 Pru-

169 3861 351 3919 dentes
376 3880 519 3919 vero
536 3881 650 3919 non
677 3865 859 3920 solum
882 3864 1509 3937 servaruntperceptam
1521 3867 1765 3937 gratiam

166 3950 220 4004 in
244 3953 580 4025 corporibus
607 3953 743 4021 suis,
763 3970 955 4008 verum
970 3954 1142 4009 etiam
1166 3954 1381 4024 jugiter
1406 3962 1766 4027 sumpserunt

170 4039 363 4107 oleum,
417 4047 481 4098 et
533 4046 1000 4098 coacervaverunt
1050 4042 1157 4096 sibi
1187 4059 1253 4096 ex
1300 4044 1447 4098 dono
1471 4044 1762 4117 charitatis

166 4127 402 4186 fructum
436 4131 704 4203 Spiritus,
737 4137 796 4186 et.
812 4131 940 4186 ideo
965 4132 1308 4203 computruit
1326 4133 1527 4202 jugum
1549 4133 1761 4202 peccati

169 4233 200 4270 a
224 4218 359 4275 facie
379 4221 515 4275 olei.
553 4220 699 4284 Quia
723 4220 784 4275 in
815 4220 1028 4291 Spiritu
1060 4225 1272 4281 sancto,
1314 4236 1427 4273 non
1453 4220 1637 4275 solum
1669 4237 1760 4275 re-

1848 3064 2027 3135 gines,
2060 3081 2182 3136 quae
2210 3071 2546 3136 acceperunt
2565 3066 2753 3120 oleum
2772 3067 2830 3121 in
2857 3067 3005 3145 vasis
3029 3069 3169 3135 suis,
3195 3076 3252 3125 et
3272 3087 3454 3127 serva-

1848 3159 2068 3220 verunt,
2114 3170 2180 3208 ac
2232 3161 2669 3225 permanserunt
2715 3155 2981 3233 usque'in
3010 3158 3217 3226 ﬁnem;
3250 3163 3308 3214 et
3324 3159 3452 3215 ideo

1850 3258 2081 3311 prorsus
2103 3241 2483 3296 admittuntur
2503 3242 2674 3308 intro,
2692 3244 2824 3314 quia
2840 3249 3050 3314 paratae
3070 3238 3451 3303 fuerunt.Non

1850 3347 1984 3400 ergo
2013 3330 2093 3384 eis
2121 3329 2369 3401 obrepsit
2389 3330 2570 3401 frigus
2603 3332 2866 3402 torporis,
2894 3349 3078 3404 neque
3107 3334 3367 3407 refriguit
3388 3337 3450 3391 in

1849 3418 1931 3473 eis
1961 3419 2224 3484 charitas,
2259 3419 2357 3473 sed
2384 3418 2644 3474 efferbuit
2671 3436 2848 3491 usque
2874 3421 2935 3475 in
2976 3423 3185 3490 ﬁnem;
3225 3430 3283 3479 et
3321 3410 3449 3480 ideo

1850 3507 2039 3577 sponsi
2058 3508 2266 3578 januze,
2290 3513 2356 3562 ut
2374 3508 2699 3585 introirent,
2721 3508 2896 3564 libere
2924 3515 3255 3581 patuerunt.
3275 3511 3351 3567 Et
3367 3512 3449 3568 di-

1848 3601 2001 3649 ctum
2021 3602 2109 3649 est
2143 3595 2245 3659 eis,
2275 3596 2420 3649 sicut
2444 3596 2525 3649 illi
2563 3596 2775 3667 optimo
2806 3614 2985 3662 servo,
3021 3601 3184 3653 Intra
3200 3602 3263 3653 in
3299 3616 3444 3668 gau-

1847 3687 2007 3739 dium
2052 3686 2279 3740 Domini
2319 3688 2422 3739 tui.
2456 3684 2602 3748 Quid
2625 3690 2711 3738 est
2739 3702 2871 3756 ergo
2901 3702 3001 3756 per
3027 3686 3173 3740 hanc
3201 3702 3440 3756 moram,

1848 3775 2024 3829 donec
2050 3774 2240 3827 tardat
2263 3790 2499 3844 sponsus
2550 3773 2761 3839 venire,
2815 3774 2948 3843 quia
2996 3774 3443 3833 dormitaverunt

1847 3879 2044 3917 omnes
2057 3867 2115 3916 et
2129 3860 2521 3917 dormierunt?
2547 3862 2763 3916 Moram
2784 3867 2975 3917 autem
3002 3879 3037 3916 a
3057 3864 3333 3937 principio
3354 3885 3443 3924 vo-

1846 3951 2082 4006 cationis
2112 3951 2367 4005 Ecclesiae
2397 3966 2571 4021 usque
2601 3950 2673 4005 ad
2710 3951 2882 4029 ﬁnem
2901 3952 3089 4006 saeculi
3112 3960 3263 4009 recte
3294 3957 3442 4012 acci-

1844 4040 2050 4111 pimus,
2077 4040 2257 4094 donec
2285 4039 2425 4093 hora
2452 4039 2752 4094 novissima
2768 4040 3078 4111 peragitur,
3100 4042 3161 4096 in
3190 4060 3303 4114 qua
3322 4061 3440 4100 om-

1844 4145 1944 4183 nes
1972 4128 2169 4205 mortis
2198 4144 2394 4183 somno
2432 4128 2748 4199 sopiuntur,
2788 4145 2956 4200 quam
3009 4147 3176 4186 nemo
3211 4132 3433 4202 evadit;

1842 4233 2009 4272 nemo
2037 4217 2253 4285 doctus,
2285 4234 2451 4272 nemo
2475 4216 2760 4286 indoctus;
2807 4235 2921 4273 non
2966 4220 3214 4291 prudens
3254 4212 3439 4296 neque

168 4306 486 4371 missionem
518 4325 690 4381 quam
729 4307 1097 4381 perceperant
1140 4313 1518 4373 servaverunt,
1568 4326 1827 4385 verum;
1846 4305 2159 4372 fatuus,sed
2179 4322 2374 4362 omnes
2393 4306 2624 4361 interim
2648 4307 2825 4362 donec
2848 4308 3291 4385 veniatsponsus
3320 4328 3434 4369 uno

171 4395 328 4451 etiam
344 4398 585 4469 egregia
602 4380 872 4452 virtutum
893 4395 1000 4450 sibi
1028 4412 1216 4467 opera,
1247 4402 1310 4451 ut
1329 4397 1584 4451 lucerent
1617 4414 1682 4453 ac
1712 4399 1761 4453 si
1777 4380 1825 4438 Π
1843 4395 1955 4449 ﬁne
1983 4395 2181 4449 mortis
2205 4395 2748 4459 claudentur.Quare
2771 4401 2963 4450 autem
2984 4380 3325 4461 dormientes
3345 4418 3436 4457 vo-

167 4480 448 4557 lampades
494 4486 777 4551 ardentes,
804 4485 922 4541 suis
942 4485 1001 4540 in
1030 4485 1177 4539 vasis
1205 4485 1595 4540 condiderunt.
1627 4487 1761 4551 Quae

169 4572 428 4629 nimirum
450 4590 586 4628 vasa
604 4568 775 4628 etiam
788 4574 909 4645 ipse
930 4573 1176 4645 quinque
1195 4591 1395 4629 sensus
1406 4575 1657 4646 corporis
1666 4592 1760 4631 ac-

167 4659 264 4732 cipi
287 4668 554 4734 possunt,
581 4663 641 4717 in
668 4662 873 4734 quibus
895 4662 1266 4718 condiderunt
1285 4664 1604 4734 largitatem
1628 4665 1756 4732 olei,

170 4764 323 4817 quam
353 4752 428 4807 de
447 4752 615 4807 ﬁrma
641 4757 806 4824 petra
818 4756 1115 4806 suxerant:
1147 4750 1231 4805 ita
1253 4757 1318 4806 ut
1341 4760 1399 4807 et
1420 4752 1527 4824 ipsi
1539 4770 1754 4820 sensus,

168 4837 279 4895 oleo
310 4840 553 4911 perfusi,
583 4841 654 4895 ad
682 4840 957 4912 spiritalia
980 4840 1307 4895 transirent.
1360 4842 1478 4898 Nec
1505 4843 1758 4913 projece-

165 4928 518 4983 ruutintima
536 4945 639 4983 sua
658 4928 920 4995 exterius,
950 4929 1048 4983 sed
1067 4929 1219 4983 intus
1248 4929 1355 4983 sibi
1385 4930 1445 4984 in
1474 4931 1761 4985 conscien-

166 5013 236 5069 tia
261 5016 688 5072 absconderunt
714 5021 935 5072 aeternae
961 5018 1087 5073 vitae
1114 5034 1367 5073 munera.
1428 5020 1508 5073 De
1557 5019 1760 5089 quibus

164 5104 403 5172 profecto
430 5105 782 5172 muneribus,
835 5105 968 5177 quia
1010 5107 1102 5160 hic
1140 5107 1461 5174 doluerunt,
1505 5109 1759 5162 Exsulta-

167 5191 291 5247 bunt
323 5198 389 5249 in
412 5195 604 5263 gloria
622 5200 673 5249 et
704 5196 1042 5249 lztabuntur
1072 5198 1135 5249 in
1165 5198 1437 5250 cubitibus
1457 5199 1575 5249 suis
1595 5196 1756 5267 (Psat.

163 5294 334 5349 CXLIX,
384 5284 467 5352 5),
514 5282 569 5337 id
609 5288 695 5338 est
728 5284 1116 5356 unusquisque
1170 5301 1366 5340 eorum
1415 5285 1484 5339 de
1535 5285 1764 5355 propria

164 5372 531 5426 conscientia.
549 5372 618 5427 Et
645 5374 955 5429 notandum
979 5373 1128 5445 quod
1147 5373 1354 5428 dicitur
1366 5373 1500 5445 quia
1525 5376 1762 5443 pruden-

165 5463 229 5513 tes
251 5463 518 5531 virgines
529 5468 848 5531 acceperunt
877 5466 1058 5519 oleum.
1086 5465 1151 5517 in
1174 5466 1317 5518 vasis
1334 5465 1761 5532 suis,cumlam-

402 5561 680 5624 PATROL-
725 5563 906 5626 CXX.

1842 4483 2084 4538 cantur?
2111 4484 2258 4546 Quia
2272 4500 2465 4538 omnes
2495 4483 2554 4537 in
2578 4483 2669 4538 die
2696 4501 2798 4538 suo
2809 4483 3110 4541 novissimo
3136 4489 3435 4544 resuscita-

1842 4571 2053 4627 buntur
2073 4572 2234 4650 quasi
2263 4589 2297 4626 a
2333 4588 2531 4626 somno
2562 4572 2911 4642 quotidiano,
2961 4579 3020 4628 et
3058 4574 3203 4635 vivae.
3237 4593 3434 4635 omnes

1840 4661 2215 4716 invenientur.
2234 4660 2389 4715 Licet
2415 4660 2663 4731 prudens
2688 4660 2764 4715 sit
2792 4661 2967 4737 virgo,
3002 4662 3077 4718 sit
3103 4663 3278 4732 fatua,
3308 4684 3430 4722 om-

1841 4766 1940 4805 nes
1967 4755 2159 4804 tamen
2200 4748 2399 4803 mortis
2426 4764 2687 4803 somnum
2737 4750 3049 4819 patientur;
3105 4754 3205 4809 sed
3247 4756 3434 4811 oleum

1840 4838 2202 4909 prudentium
2227 4838 2285 4891 in
2313 4837 2458 4891 vasis
2478 4837 2627 4907 quod
2646 4842 2935 4909 acceptum
2955 4845 3109 4895 estet
3123 4848 3429 4912 servatum,

1840 4929 1901 4982 in
1919 4933 2099 4982 morte
2127 4944 2238 4981 non
2267 4925 2488 4997 peribit.
2523 4923 2683 4990 Quod
2709 4931 2902 4981 autem
2925 4928 3077 4997 dicit,
3095 4932 3433 4988 Dormitave-

1840 5022 1979 5071 runt
2008 5033 2190 5071 omnes
2232 5021 2281 5069 et
2319 5017 2693 5081 dormierunt,
2726 5031 2881 5069 more
2922 5023 3113 5074 nostro
3142 5020 3428 5090 loquitur;

1842 5104 1977 5175 quia
2003 5104 2333 5158 sicut-nemo
2378 5103 2488 5157 nisi
2516 5119 2712 5157 somno
2739 5111 3137 5176 praegravatus,
3178 5108 3426 5166 dormit:
3464 5129 3468 5133 ·

1843 5193 1924 5247 ita
1948 5209 2113 5249 nemo
2140 5193 2251 5247 nisi
2280 5209 2347 5247 ex
2377 5191 2708 5246 inﬁrmitate
2734 5199 3035 5265 occupatus
3085 5196 3344 5265 moritur,
3377 5205 3436 5255 et

1843 5281 1948 5335 hoc
1968 5282 2043 5336 sit
2070 5281 2556 5353 dormitare,quod
2586 5286 2672 5335 est
2696 5279 3023 5339 inﬁrmitate
3042 5285 3300 5356 deprimi.
3325 5288 3437 5344 Sed

1808 5410 1815 5413 ι
1844 5370 2045 5426 melius
2072 5370 2213 5425 mihi
2239 5367 2477 5438 videtur,
2535 5373 2668 5445 quia
2711 5368 2948 5439 dixerat,
2990 5375 3436 5432 dormitaverunt

1844 5476 2047 5527 omnes,
2104 5465 2169 5515 ut
2220 5461 2682 5535 intelligeremus,
2719 5466 2853 5538 quia
2886 5465 2957 5520 de
2994 5465 3199 5522 mortis
3240 5479 3434 5519 somno

3122 5565 3200 5623 27
