3872 6158
497 193 610 265 8&3

1230 202 1233 203 ⁷
1296 202 1357 262 8.
1398 200 1779 262 PASCHASII
1815 199 2180 259 RADBERTI
2215 200 2520 260 ABBATIS
2554 203 3055 265 CORBEIENSIS.

3572 224 3641 282 ﬂii

512 333 759 400 ιθυέι
783 323 1143 404 loquebatur,
1171 332 1296 386 ldeo
1313 330 1589 401 reperisse
1616 327 1988 382 dormierunt.
2017 329 2098 381 Ac
2112 328 2165 387 Α
2180 327 2304 381 ideo
2322 328 2648 400 implebitur
2658 336 2794 387 tunc
2811 332 2951 387 illud
2972 333 3356 404 propheticum,
3369 341 3482 406 Quia
3498 349 3651 403 turbati

494 424 553 478 si
582 423 812 489 diceret,
840 422 967 476 ideo
988 422 1340 476 dormierunt
1368 420 1501 489 quia
1528 431 1675 482 mox,
1704 422 1770 471 ut
1795 418 2009 469 clamor
2024 416 2102 469 fa-
2180 428 2309 472 sunt
2341 436 2526 473 omnes
2560 424 2876 490 insipientes
2923 425 3088 477 corde
3124 424 3276 490 (Psal.
3311 444 3438 493 ων,
3464 430 3519 497 6).
3544 434 3595 487 Et,
3619 436 3654 489 si

487 516 631 568 ctus
661 516 765 576 est,
800 515 1162 567 surrexerunt
1188 523 1381 562 omnes
1418 523 1483 559 ac
1510 507 1578 559 de
1608 520 1847 560 sommo.
1892 506 1960 559 Et
1984 507 2099 559 haec

507 607 596 657 est
623 613 794 657 causa
830 612 1004 671 quare
1040 597 1259 662 dixerit,
1303 592 1752 648 dormitaverunt
1774 613 1787 661 ;
1810 595 1945 664 quia
1974 600 2101 665 post

2182 523 2460 577 quaereres
2479 511 2696 579 quare?
2716 511 2848 581 quia
2862 512 3007 567 nihil
3024 516 3339 568 invenerunt
3351 533 3499 573 omnes
3515 525 3663 577 viridi-

2178 599 2451 650 uz'tiarum
2474 601 2537 652 in
2560 602 2819 653 manibus
2845 603 2962 654 suis
2988 602 3202 671 (Ibid),
3221 603 3341 673 quia
3354 607 3504 661 nullas
3516 608 3661 664 horum

490 692 709 746 mortis
738 698 1016 752 somnum,
1049 700 1244 738 omnes
1282 688 1654 736 surrexerunt
1676 683 1747 735 ad
1781 697 1970 736 vocem
2001 683 2102 736 Dei
2180 700 2415 754 operum
2442 687 2701 742 lucernas
2728 688 2790 742 in
2817 689 3079 744 manibus
3116 690 3421 748 habuerunt.
3444 695 3571 751 Unde
3589 698 3668 752 Do-

504 779 759 843 viventis,
790 782 846 831 et
873 776 941 828 ad
970 773 1163 828 tubam
1203 771 1552 841 archangeli;
1581 770 1675 824 ubi
1710 771 2003 825 manifeste
2023 772 2105 825 in-

500 860 696 922 sinuat
706 865 854 936 quod
874 876 1042 917 nemo
1060 866 1149 915 est
1173 862 1271 931 qui
1298 859 1464 925 vivat,
1488 860 1583 930 qui
1612 875 1724 913 non
1743 860 1931 914 videat
1956 876 2103 914 mor-

500 960 639 1010 tem.
672 954 741 1008 Et
758 954 882 1007 ideo
903 953 983 1006 ait
1013 969 1024 1005 :
1059 952 1515 1005 Dormitaverunt
1548 965 1749 1012 omnes,
1781 956 1829 1002 et
1857 952 2099 1003 dormie-

482 1051 661 1099 runt.
706 1042 1019 1097 Prudentes
1052 1038 1265 1094 scilicet
1302 1043 1360 1093 et
1402 1038 1587 1101 fatuae,
1629 1053 1822 1091 omnes
1852 1038 2097 1091 domic-

499 1138 653 1189 runt.
685 1131 814 1186 Ecce
852 1132 1036 1184 media
1068 1135 1218 1183 nocte
1245 1131 1457 1182 clamor
1495 1129 1675 1194 factus
1716 1130 1810 1181 est.
1844 1127 1986 1190 Quid
2012 1133 2099 1180 est

499 1222 687 1278 media
694 1227 857 1276 nocte
869 1221 895 1274 ?
905 1219 1220 1290 Improvide
1233 1217 1455 1288 quando
1470 1230 1581 1270 non
1592 1220 1816 1286 sperata
1824 1216 2098 1285 r,quando

496 1312 728 1368 Omnino
756 1324 871 1364 non
900 1308 1165 1363 creditur.
1194 1308 1426 1361 Noctem
1444 1320 1583 1373 ergo
1616 1304 1803 1374 posuit
1823 1320 1923 1374 pro
1945 1305 2099 1373 igno-

480 1401 705 1466 rantia,
736 1399 871 1471 quia
907 1398 1094 1452 subito
1120 1396 1246 1458 erit.
1271 1401 1329 1449 et
1350 1394 1510 1465 quasi
1534 1394 1871 1463 intempesta
1909 1398 2090 1457 nocte,

472 1490 724 1562 quando
754 1488 1122 1559 gravissimus
1146 1502 1314 1556 sopor
1348 1489 1436 1537 est
1483 1483 1693 1536 securis
1721 1481 1997 1548 omnibus,
2029 1488 2095 1536 ut

2179 771 2367 826 minus
2396 791 2408 825 :
2436 775 2564 828 Sint
2592 778 2772 829 lumbi
2802 779 2971 830 vestri
2991 765 3291 845 praecincti,
3327 788 3369 834 et
3393 782 3580 839 lucerna
3599 801 3668 839 ar-

2174 861 2361 914 dentes
2389 864 2451 915 in
2481 866 2742 917 manibus
2754 866 2907 933 (Luc.
2938 881 3035 931 xu,
3068 865 3181 932 35).
3208 868 3511 940 Quapropter
3529 873 3566 927 si
3583 874 3672 942 quis

2181 948 2349 1004 habet
2392 952 2641 1005 animum
2696 953 3048 1024 virginalem,
3092 961 3153 1010 et
3196 965 3395 1013 amator
3416 966 3490 1014 est
3508 966 3672 1015 aeterne

2178 1038 2325 1101 vitae,
2340 1055 2452 1093 non
2481 1042 2853 1097 mediocribus
2881 1044 2957 1097 sit
2982 1050 3291 1109 contentus,
3310 1061 3419 1117 quae
3437 1048 3529 1102 cito
3547 1051 3675 1104 exole-

2180 1138 2342 1181 scant
2368 1128 2649 1198 operibus,
2668 1147 2739 1184 ne
2767 1134 2909 1185 forte
2928 1149 3053 1202 quae
3080 1134 3332 1189 videntur
3347 1135 3473 1190 bona
3486 1152 3576 1206 pra:
3590 1155 3678 1192 cau-

2179 1221 2331 1269 mate
2359 1224 2635 1272 arescant.
2670 1220 2740 1273 Et
2771 1236 2898 1274 cum
2949 1223 3181 1292 coeperit
3214 1224 3373 1293 iudex
3411 1223 3682 1295 singulorum

2180 1302 2459 1357 discutere
2475 1305 2864 1371 conscientias,
2888 1307 3179 1378 lampades
3196 1326 3314 1380 quae
3337 1310 3682 1366 videbantnrlu-

2178 1407 2324 1449 cere.
2344 1391 2532 1447 subito
2560 1394 3008 1464 exstinguuntur.
3040 1396 3186 1460 Quia
3205 1403 3326 1468 post
3344 1400 3685 1453 resurrectionis

2175 1480 2344 1539 diem.
2377 1482 2529 1535 nulla
2560 1482 2670 1536 erit
2687 1484 2808 1552 jam
2830 1486 3187 1555 promerendi
3216 1486 3688 1557 facultas,nisiquod-

494 1582 615 1652 jam
644 1596 815 1652 supra
835 1578 1047 1633 dictum
1079 1580 1182 1630 est.
1217 1576 1375 1629 Tunc
1402 1586 1504 1643 per
1534 1572 1860 1642 angelorum
1892 1573 2094 1626 clamo-
2174 1584 2394 1639 cunque
2422 1570 2783 1625 seminaverit
2819 1572 2987 1627 homo
3029 1573 3090 1627 in
3120 1574 3227 1629 hac
3250 1576 3375 1641 vita,
3405 1580 3585 1629 tuncet
3603 1591 3688 1628 me-

496 1684 615 1725 rem
637 1674 693 1724 et
719 1668 884 1723 tubas
904 1664 1335 1739 praecedentium
1352 1663 1625 1715 virtutum
1646 1661 1855 1714 Christi
1869 1676 2093 1715 resona-
2109 1654 2155 1714 Β
2172 1664 2257 1713 tet.
2280 1660 2339 1713 in
2358 1661 2474 1713 illa.
2507 1661 2576 1715 Et
2594 1661 2720 1715 ideo
2750 1663 3162 1732 responderunt
3196 1665 3480 1735 prudentes
3510 1671 3559 1718 et
3578 1664 3693 1718 dixe-

495 1757 596 1818 bat
623 1758 912 1818 adventus.
930 1756 1052 1811 Hoc
1080 1768 1324 1824 namque
1344 1752 1463 1805 loco
1491 1750 1691 1803 beatus
1715 1751 2090 1821 Hieronymus

496 1874 618 1912 esse
656 1851 1019 1909 traditionem
1060 1844 1381 1899 Judaeorum
1416 1840 1555 1894 dicit
1581 1839 1867 1893 Christum
1907 1840 2091 1893 media

466 1946 471 1951 ’
493 1952 657 2001 nocte
684 1945 987 1996 venturum
1014 1934 1075 1989 in
1098 1928 1779 1998 similitudinemEgyptii
1796 1928 2082 1999 temporis,

495 2033 720 2108 quando
746 2036 881 2085 tunc
908 2022 1123 2081 Pascha
1147 2019 1491 2108 celebratum
1520 2023 1636 2108 est:
1659 2022 1717 2069 et
1730 2017 2087 2108 ‘eiztermina-

460 2105 584 2179 ‘t—or
613 2122 806 2177 omnia
843 2113 1117 2189 percussit
1152 2107 1530 2181 primogenita
1575 2105 1984 2176 Egyptiorum,
2031 2111 2091 2160 et

468 2210 801 2289 'pertransit
816 2204 1089 2261 Dominus
1110 2198 1474 2289 tabernacula
1506 2210 1629 2289 quae
1658 2194 1792 2289 agni
1813 2195 2089 2289 sanguine

464 2282 717 2357 “inerant
739 2296 1079 2351 consecrata.
1106 2288 1268 2344 Unde
1294 2286 1538 2341 aestimat
1563 2284 1711 2337 idem
1737 2283 1933 2336 doctor
1969 2282 2086 2336 exi-

491 2391 660 2453 mius,
714 2391 771 2441 et
810 2380 1114 2439 traditione
1143 2376 1446 2449 apostolica
1485 2371 1835 2427 descendisse
1864 2388 1929 2425 ac
1957 2388 2087 2442 per-

487 2479 763 2536 mansisse
791 2472 881 2528 die
904 2469 1222 2540 vigiliarum
1246 2464 1489 2529 Paschte,
1512 2466 1576 2515 ut
1603 2474 1716 2514 non
1744 2465 1875 2513 ante
1906 2460 2085 2513 noctis

487 2568 736 2625 medium
762 2561 1032 2635 populum
1061 2556 1345 2611 dimittere
1372 2552 1556 2612 liceat,
1589 2553 1972 2619 eitspectantes
1991 2549 2085 2601 ad-

448 2652 459 2661 ’
482 2662 713 2712 ventum
739 2650 965 2715 Christi,
991 2652 1057 2702 ut
1084 2651 1381 2719 postquam
1410 2640 1549 2695 illud
1590 2646 1815 2709 tempus
1843 2636 2083 2691 transie-

488 2746 582 2812 rit,
628 2742 881 2800 securius
924 2736 1110 2792 cuncti
1154 2736 1497 2805 prmsumant
1532 2729 1680 2782 diem
1728 2728 1932 2780 festum
1963 2743 2086 2797 per-

480 2846 669 2906 agere.
701 2826 863 2887 Unde
888 2833 948 2882 et
974 2824 1270 2880 Psalmista
1294 2818 1511 2873 dicebat
1533 2837 1544 2870 :
1570 2819 1755 2906 Media
1774 2822 1929 2906 nocte
1955 2830 2085 2868 sur-

479 2900 676 2994 gebam
701 2921 774 2973 ad
800 2915 1168 2983 conﬁtendum
1200 2912 1302 2963 tibi
1334 2909 1493 2969 lPsal.
1514 2918 1699 2969 cxvm,
1730 2900 1839 2971 62).

2170 1754 2329 1802 runt:
2355 1751 2432 1802 Ne
2445 1751 2586 1816 forte
2602 1766 2716 1804 non
2732 1753 2977 1819 sufﬁciat
2994 1754 3148 1806 nobis
3160 1760 3209 1807 et
3222 1756 3382 1819 vobis,
3405 1756 3625 1822 itepotim
3642 1753 3694 1806 ad

2170 1841 2473 1903 uendentes,
2496 1845 2545 1892 et
2575 1843 2738 1893 eruite
2759 1842 2924 1895 vobis.
2948 1842 3321 1913 Nequaquam
3340 1843 3499 1913 igitur
3513 1840 3696 1910 virgines

2170 1925 2292 1981 istm
2315 1927 2672 1982 mediocriter
2699 1929 3003 1999 prudentes
3031 1931 3372 1987 aestimanda;
3410 1936 3555 1994 sunt;
3589 1943 3691 1998 quo-

2168 2016 2321 2070 niam
2350 2017 2436 2071 hae
2456 2023 2589 2071 sunt
2607 2034 2731 2088 quae
2759 2024 3138 2088 opportunum
3163 2028 3384 2091 tempus
3408 2017 3638 2091 epulandi
3654 2017 3697 2070 in

2168 2106 2486 2176 semetipsis
2510 2114 2891 2172 servaverunt,
2933 2109 3161 2178 quando
3210 2110 3270 2164 in
3313 2109 3484 2180 primo
3518 2120 3697 2160 occursu

2170 2195 2447 2249 Dominici
2494 2195 2782 2260 adventus,
2833 2197 3078 2252 multum
3126 2197 3235 2252 sibi
3264 2198 3444 2253 oleum
3468 2193 3701 2251 charitatis

2169 2288 2639 2337 coacervaverunt
2680 2284 2739 2339 in
2788 2285 3115 2354 corporibus
3164 2286 3306 2352 suis,
3327 2292 3387 2340 et
3419 2296 3701 2356 praeparave-

2170 2377 2306 2425 runt
2326 2387 2515 2425 secum
2542 2388 2784 2442 semper,
2799 2390 2927 2443 quae
2962 2375 3314 2445 sempiterna
3330 2380 3478 2438 sunt,
3503 2371 3698 2427 etesia-

2165 2462 2276 2514 stia
2297 2466 2658 2526 amaverunt;
2688 2466 2749 2514 et
2765 2478 2900 2526 non.
2930 2463 3076 2519 sicut
3103 2465 3296 2528 fatum.
3312 2463 3565 2518 dissolute
3581 2466 3705 2513 etne-

2160 2551 2439 2620 ἔίίὲζθῐηθε
2468 2551 2742 2613 vixerunt.
2771 2567 2897 2622 qua:
2922 2557 3146 2607 tantum
3174 2552 3530 2623 praesentium

2165 2640 2420 2693 tudinem
2439 2638 2758 2693 habuerunt
2774 2644 2832 2694 et
2842 2656 3056 2706 curam.
3079 2640 3444 2696 immemores
3464 2637 3710 2710 promisso-

2164 2744 2291 2781 rum
2320 2728 2442 2793 Dei,
2492 2728 2550 2781 in
2577 2728 2790 2782 nullam
2820 2742 2881 2783 se
2904 2730 3339 2787 resurrectionis
3366 2745 3517 2800 spem
3555 2732 3711 2781 exten-

2166 2817 2389 2870 derunt.
2423 2818 2493 2870 Et
2517 2821 2710 2870 tamen
2736 2833 2837 2870 nec
2863 2817 3003 2871 adeo
3023 2817 3417 2888 imprudentes
3437 2822 3604 2880 erant,
3615 2814 3716 2868 licet

2163 2913 2223 2959 et
2251 2906 2416 2958 fatua:
2446 2911 2653 2969 essent,
2684 2912 2749 2959 ut
2787 2922 2902 2960 non
2926 2906 3318 2977 intelligerent
3346 2905 3596 2978 quoniam
3618 2917 3715 2955 cum

560 3012 712 3063 Tunc
735 3006 1101 3059 surremerunt
1131 3014 1314 3052 omnes
1340 2998 1582 3063 virgines
1610 2996 1740 3059 ιίιιάτ,
1774 2998 1823 3046 et
1853 3008 2078 3045 ornave-
2092 3004 2137 3066 ί]
2159 2994 2370 3047 lumine
2384 2993 2657 3047 bonorum
2668 3010 2902 3064 operum
2913 2994 3194 3050 debebant
3206 2996 3291 3050 ire
3308 2995 3524 3051 obviam
3535 3004 3717 3063 sponso,

479 3103 621 3153 runt
651 3092 928 3163 lampades
956 3105 1103 3144 suas.
1147 3085 1458 3156 Lampades
1488 3088 1677 3136 autem
1708 3097 1741 3134 a
1775 3082 1967 3134 Grmco
1996 3081 2077 3134 di-

479 3190 702 3251 cuntur,
726 3177 875 3253 quod
894 3182 997 3244 est,
1034 3174 1243 3247 λάμψαι,
1275 3173 1333 3227 id
1363 3177 1465 3237 est,
1492 3175 1581 3225 est
1608 3187 1641 3223 a
1669 3170 1963 3241 splendore
1992 3168 2077 3222 vel

472 3268 714 3344 fulgore.
754 3266 914 3325 Unde
951 3263 1251 3337 Apostolus
1301 3263 1386 3331 (II
1412 3260 1531 3315 Cor.
1575 3263 1672 3328 Iv).
1724 3257 1789 3312 Ὁ
1829 3256 1978 3310 εἰπὼν
2026 3257 2076 3310 ὲκ

476 3361 679 3424 σκότους
724 3366 828 3432 φῶς
879 3357 1093 3427 λάμψαι,
1124 3351 1182 3407 id
1214 3357 1303 3405 est
1326 3350 1565 3420 fulgere.
1607 3350 1816 3404 Omnes
1849 3348 2074 3418 quidem

474 3452 860 3513 surrexerunt,
880 3438 982 3500 sed
1000 3442 1108 3498 illae
1126 3447 1350 3496 tantum
1370 3454 1645 3493 ornavem
1654 3444 1713 3492 nt
1732 3439 1948 3507 fulgore
1967 3452 2068 3491 suo

472 3538 765 3612 lampades
796 3550 945 3601 suas,
970 3550 1092 3605 qua:
1111 3532 1293 3585 oleum
1323 3544 1511 3583 secum
1533 3533 1835 3597 antequam
1867 3526 2069 3580 dormi-

472 3637 603 3685 rent
632 3628 965 3698 acceperant
990 3622 1050 3676 in
1068 3616 1322 3674 vasis.Ex
1346 3633 1455 3689 quo
1478 3616 1659 3669 nitore
1688 3612 1885 3685 gratiae
1911 3629 2074 3667 orna-

472 3722 677 3774 verunt
697 3715 929 3786 singulae
951 3727 1184 3783 quaeque
1207 3723 1405 3762 sensus
1431 3722 1582 3767 suos,
1597 3704 1653 3757 in
1666 3704 1867 3773 quibus
1886 3704 2070 3757 oleum

473 3807 719 3863 scientiae
748 3804 868 3869 Dei,
901 3808 959 3857 et
971 3816 1138 3872 opera
1169 3795 1458 3852 charitatis
1484 3793 1872 3856 reconderant,
1895 3797 1960 3845 ut
1978 3792 2074 3844 ha-

467 3897 672 3952 berent
697 3908 869 3967 Opera
893 3891 1165 3945 virtutum
1194 3886 1254 3940 in
1282 3882 1539 3938 manibus
1559 3882 1694 3935 suis.
1713 3881 1913 3950 quibus
1937 3886 2067 3933 ante

473 3992 748 4041 aeternum
770 3980 1020 4053 judicem
1040 3974 1415 4046 refulgerent;
1450 3970 1702 4042 quinimo
1743 3968 1814 4022 ab
1843 3983 1908 4020 eo
1940 3982 2069 4036 per-

473 4075 743 4143 ceperunt
797 4067 1149 4138 Splendorem
1186 4061 1399 4132 gloriae,
1451 4059 1541 4112 cui
1582 4055 2071 4111 commendaverat

474 4158 623 4213 bona
646 4156 795 4210 facta
824 4170 941 4208 sua.
986 4150 1057 4206 Et
1089 4152 1214 4205 ideo
1245 4150 1591 4218 singulorum
1640 4144 1893 4215 deposita
1935 4150 2071 4196 tunc

2157 3093 2217 3136 et
2230 3098 2428 3136 omnes
2442 3082 2731 3152 lampades
2744 3098 2874 3136 suas
2887 3083 3093 3138 habere
3108 3079 3722 3140 illuminatas.Videhant

2159 3171 2310 3224 enim
2344 3171 2609 3241 quoniam
2636 3171 2821 3226 minus
2849 3171 3133 3227 habebant
3158 3174 3359 3229 oleum
3397 3171 3528 3227 boni
3556 3167 3722 3240 operis.

2159 3261 2292 3330 quia
2320 3277 2386 3313 ex
2422 3261 2511 3314 his
2532 3276 2643 3314 non
2672 3267 2936 3316 curarent
2961 3262 3100 3316 dum
3125 3268 3361 3333 tempus
3388 3261 3514 3316 fuit.
3543 3260 3606 3314 Et
3624 3257 3724 3310 ideo

2152 3350 2270 3418 jam
2299 3348 2808 3420 propinquantibus
2834 3349 3100 3416 tenebris,
3120 3351 3423 3422 lampades
3439 3366 3557 3421 quae
3573 3347 3728 3401 lucem

2154 3438 2311 3507 prius
2337 3438 2686 3503 videbantur,
2711 3438 2828 3493 suis
2850 3439 2925 3493 ad
2951 3443 3175 3510 tempus
3189 3440 3426 3511 gaudiis
3452 3439 3726 3500 illustrat,

2152 3526 2618 3589 obscurabantur.
2653 3526 2785 3599 quia
2804 3526 3101 3582 deﬁciebat
3136 3529 3343 3584 oleum
3380 3522 3722 3599 jucunditatis

2149 3622 2211 3669 et
2237 3615 2472 3681 laetitiae;
2512 3615 2815 3685 oleumque
2854 3614 3162 3686 peccatoris
3212 3632 3335 3671 non
3379 3611 3729 3686 permulcebat

2153 3722 2265 3769 eas,
2300 3720 2480 3774 neque
2506 3703 2705 3757 alienis
2729 3704 2988 3760 laudibus
3016 3710 3240 3761 mentes
3282 3721 3487 3761 eorum
3525 3703 3736 3772 ιοω

2151 3791 2668 3864 impinguebantur.
2732 3792 2843 3846 Sed
2896 3793 3208 3863 prudentes
3268 3795 3409 3865 quia
3458 3793 3731 3865 prudentes

2146 3887 2330 3947 erant,
2364 3881 2535 3935 etiam
2563 3881 2871 3951 prudenter
2893 3881 3033 3936 dant
3055 3898 3407 3952 responsum
3451 3900 3468 3936 ε
3522 3882 3594 3937 Ne
3620 3883 3735 3949 forte

2148 3986 2263 4023 non
2291 3973 2534 4038 sufﬁciat
2578 3972 2731 4024 nobis
2770 3976 2820 4024 et
2869 3972 3037 4025 vobis.
3067 3970 3216 4034 Quia
3247 3972 3314 4027 in
3339 3973 3442 4027 illo
3472 3968 3736 4026 tremendo

2151 4059 2406 4112 examine
2420 4074 2584 4112 nemo
2594 4057 2931 4129 gloriabitur
2946 4076 3009 4115 se
3025 4065 3251 4117 castum
3278 4078 3385 4115 cor
3414 4060 3635 4123 habere,
3652 4070 3737 4113 nec

2151 4147 2268 4200 suis
2297 4146 2403 4200 sibi
2432 4147 2685 4201 sufﬁcere
2711 4147 2948 4211 meritis,
2977 4153 3192 4219 quanto
3236 4150 3434 4220 magis
3477 4149 3599 4205 aliis
3626 4147 3741 4202 dare

472 4247 739 4301 restituet
774 4256 939 4296 verus
976 4236 1170 4303 iudex,
1200 4237 1351 4306 apud
1379 4248 1544 4304 quem
1566 4250 1676 4286 non
1710 4239 1795 4331 est
1822 4231 2370 4332 exinani-Ddeheat,
2400 4234 2533 4305 quia
2558 4252 2673 4289 non
2696 4237 2811 4290 erit
2857 4236 3002 4291 forte
3031 4237 3183 4307 quod
3232 4239 3514 4295 omnibus
3536 4237 3740 4294 satiant.

473 4340 597 4389 tum
617 4332 801 4386 oleum
831 4344 1047 4389 eorum,
1070 4325 1167 4396 qui
1190 4324 1242 4377 ei
1273 4322 1669 4375 commiserant
1689 4319 1959 4374 virtutum
1982 4335 2069 4374 οι·-
2085 4319 2129 4332 ³⁴
2149 4319 2478 4393 Intelligunt
2495 4340 2740 4395 namque
2764 4324 2823 4379 in
2846 4325 2942 4379 illo
2968 4325 3231 4381 examine
3260 4329 3480 4384 alienis
3509 4327 3746 4399 aperibls

472 4426 758 4478 tramenta.
801 4418 880 4473 Ex
906 4415 1110 4487 quibus
1139 4410 1376 4482 receptis
1397 4427 1431 4462 a
1458 4409 1695 4463 Domino
1718 4424 1848 4462 cum
1876 4424 2067 4462 resur-

469 4517 610 4582 gent
633 4500 916 4564 ornabunt
942 4522 1001 4559 se
1017 4505 1169 4557 intus
1190 4502 1246 4555 in
1264 4498 1601 4554 conscientia
1619 4512 1928 4567 sensusque
1950 4498 2064 4551 ani-

472 4612 579 4653 mae
617 4597 914 4652 sustollent
940 4591 1010 4648 ad
1037 4592 1134 4646 illa
1156 4596 1369 4645 aeterna
1395 4587 1619 4657 gaudia,
1648 4585 1785 4656 quia
1803 4585 2069 4639 videbunt

444 4692 761 4758 gestorum
791 4699 982 4754 opera,
1014 4697 1139 4752 quae
1172 4698 1207 4733 a
1243 4678 1480 4733 Domina
1512 4676 1644 4729 olim
1674 4674 2068 4727 commiserant

475 4781 778 4844 antequam
798 4773 859 4826 in
884 4776 1127 4825 mortem
1157 4769 1323 4822 irent.
1356 4769 1425 4821 At
1462 4781 1586 4819 vero
1616 4766 1785 4831 fatim
1824 4768 2067 4827 3035

472 4864 809 4934 sapientibus
839 4861 1135 4914 dixerunt:
1168 4858 1301 4911 Date
1331 4857 1486 4909 nobis
1510 4856 1575 4907 de
1600 4857 1711 4906 oleo
1732 4855 2066 4920 vestro,quia

475 4952 753 5023 lampades
782 4953 979 5005 nostra:
990 4943 1625 5014 exstinguuntur.Porro
1645 4955 1767 5011 quae
1780 4940 2067 5010 lampades

471 5054 604 5097 suas
638 5042 973 5111 quaeruntur
1010 5034 1305 5104 exstingui,
1330 5031 1634 5087 ostendunt
1671 5047 1765 5085 eas
1810 5045 2067 5084 accensas

470 5124 755 5194 habuisse,
785 5131 845 5180 et
882 5123 1243 5189 illuminatas,
1293 5127 1352 5175 et
1393 5138 1457 5174 ex
1493 5126 1651 5191 parte
1702 5135 1798 5172 eas
1834 5118 2059 5173 luxisse.

468 5216 581 5272 Sed
628 5215 760 5288 quia
805 5231 919 5269 non
978 5210 1295 5267 habuerunt
1341 5226 1513 5280 opera
1557 5215 1846 5280 perpetua,
1880 5209 1937 5263 id
1975 5215 2062 5262 est

470 5319 642 5377 opera
665 5301 960 5359 charitatis
979 5307 1221 5366 aztcrnae,
1234 5315 1338 5352 nec
1354 5299 1678 5353 indeﬁciens
1700 5300 1910 5363 lumen,
1933 5299 2057 5353 ideo

468 5394 921 5464 exstinguuntur,
960 5390 1096 5462 quia
1124 5388 1517 5459 temporaliter
1558 5394 1819 5458 egerunt,
1861 5395 1919 5442 et
1966 5404 2062 5442 re-

2146 4430 2214 4466 ae
2246 4413 2461 4466 meritis
2497 4414 2781 4467 neminem
2829 4413 3252 4484 adiuvandum;
3291 4418 3436 4488 quia
3464 4415 3743 4485 unionigue

2147 4502 2425 4573 lampadis
2451 4518 2565 4556 suae
2594 4502 2781 4556 oleum
2805 4502 3013 4557 habere
3038 4519 3275 4559 necesse
3314 4513 3429 4563 est.
3452 4507 3606 4571 Quae
3632 4505 3747 4558 bor-

2146 4595 2343 4643 tantur
2370 4596 2434 4643 ut
2460 4594 2593 4643 eant
2641 4590 2715 4643 ad
2757 4591 3083 4658 emendum,
3114 4592 3161 4646 si
3187 4594 3281 4649 vel
3324 4611 3464 4650 sero
3486 4595 3747 4664 majorum

2146 4678 2364 4731 meritis
2391 4683 2735 4743 sanctorum,
2768 4678 2865 4748 qui
2898 4687 3324 4736 consueverant
3365 4682 3639 4754 pecunias
3662 4680 3754 4736 Do-

2146 4767 2286 4820 mini
2314 4765 2672 4832 distribuere,
2702 4766 2772 4819 ad
2801 4767 3303 4824 lucraanimarum
3332 4772 3564 4841 possint
3587 4771 3752 4839 impe-

2144 4862 2318 4921 trare,
2349 4854 2613 4925 deinceps
2648 4855 2939 4925 praeceptis
2963 4856 3067 4910 Dei
3110 4855 3520 4929 obsequendo,
3554 4864 3754 4915 utam

2146 4944 2475 5014 iampadum
2512 4944 2635 4997 luce
2667 4944 2860 5014 sponsi
2904 4944 3088 5014 dignae
3117 4945 3461 5003 efﬁciantur
3486 4946 3749 5004 occursui.

2146 5034 2303 5087 Alias
2319 5038 2509 5086 autem
2536 5032 2759 5087 illarum
2776 5033 3063 5102 virginum
3086 5035 3422 5105 lampades,
3435 5035 3757 5095 Danastiu-

2143 5122 2463 5193 guebantur
2489 5127 2793 5193 antequam
2827 5122 3161 5190 dormirent,
3190 5124 3340 5194 quia
3369 5143 3497 5181 non
3532 5126 3759 5180 deerunt

2143 5211 2338 5264 laudes
2366 5209 2679 5263 hominum.
2713 5210 2821 5264 Sed
2849 5210 2984 5281 quia
3009 5226 3142 5265 cum
3171 5216 3571 5281 mrrexerimt.
3603 5226 3759 5269 nemo

2142 5306 2227 5355 est
2255 5300 2354 5373 qui
2379 5299 2572 5353 laudet
2596 5316 2711 5366 eas,
2745 5300 2927 5355 omnis
2942 5300 3099 5357 rauim
3124 5301 3304 5356 homo
3333 5319 3588 5359 causam
3609 5317 3761 5359 suam

2143 5388 2493 5443 solummodo
2520 5392 2655 5442 tunc
2675 5388 3058 5459 parti-aetatem.
3078 5390 3264 5447 Nemo
3292 5390 3509 5463 itaque
3527 5379 3764 5463 erigqui

462 5482 876 5557 splenduerunt
919 5481 987 5535 in
1010 5478 1219 5535 saeculo
1256 5475 1524 5549 operibus
1563 5477 1943 5533 infructuosis.
1992 5477 2063 5531 Et
2136 5483 2276 5532 tunc
2298 5478 2372 5532 de
2411 5493 2474 5532 se
2512 5488 2631 5532 non
2657 5478 2889 5548 cogitet,
2918 5491 3087 5536 nemo
3106 5477 3210 5551 qui
3230 5479 3457 5541 deum
3480 5480 3766 5541 adulando
