3872 6158
170 259 281 326 845

921 257 1300 315 EXPOSITIO
1340 259 1418 314 IN
1455 257 1898 316 MA'I'I‘HIEUM.
1936 282 2002 297 -ι
2031 257 2166 314 LIB.
2211 257 2305 322 X1,
2342 259 2498 314 CAP.
2534 261 2700 315 XXV.

3335 266 3444 330 846

171 382 394 437 vendat.
426 384 495 444 Et
521 383 648 438 ideo
675 388 966 454 coeperunt
992 381 1281 454 lampades
1305 381 1543 434 deﬁcere
1573 396 1644 434 ne
1673 379 2125 448 lu-Aquomodo
2174 380 2432 434 Christus
2473 399 2731 454 sponsus,
2790 391 2848 442 et
2912 386 3172 466 Ecclesia,
3201 403 3340 444 uxor
3385 394 3446 447 et

173 476 390 527 carent.
447 472 715 542 Tuncque
751 473 921 527 fatua:
949 474 1283 524 convertunt
1331 486 1393 524 se
1421 469 1493 522 ad
1524 469 1770 540 quinque

1850 483 2057 538 sponsa
2083 474 2329 523 vocetur.
2379 470 2523 534 Quia
2551 473 2656 526 etsi
2693 474 2875 530 vocari
2904 491 3202 544 possumus
3240 478 3444 534 fratres

171 559 478 630 prudentes
503 579 516 614 :
550 562 681 615 Date
700 563 853 614 nobis
881 562 946 613 de
976 563 1086 613 oleo
1116 563 1308 612 vestro.
1345 558 1461 612 Hoc
1489 563 1766 629 quaerunt,
1851 556 2079 620 Christi,
2102 562 2271 628 atque
2290 558 2392 614 filii
2416 559 2536 625 Dei,
2567 577 2666 616 seu
2692 561 2748 616 in
2776 563 3010 618 invicem
3035 571 3092 619 et
3115 566 3223 636 ipsi
3243 565 3446 635 fratres

172 646 324 717 quod
362 653 769 703 consueverant
815 647 1001 702 alieno
1052 646 1173 700 oleo
1199 646 1404 711 lucere,
1438 650 1494 698 et
1522 661 1636 699 non
1665 662 1771 699 sua
1851 660 1917 698 ex
1945 645 2058 698 Deo
2088 647 2273 712 Patre,
2320 663 2486 701 nemo
2515 652 2700 703 tamen
2733 650 2876 704 alter
2902 668 3140 722 sponsus
3188 653 3445 714 Ecclesia:

170 735 406 806 propria
441 737 800 800 conscientia,
842 737 1167 806 alienasque
1194 733 1388 788 laudes
1419 736 1770 805 quaerereJle

167 828 376 894 potius,
409 825 693 894 inquiunt,
725 828 798 879 ad
826 827 1110 879 uendentes
1140 829 1188 878 et
1234 826 1393 878 emite
1431 825 1595 876 vobis.
1645 823 1771 877 Non

175 913 590 976 consulentium
611 915 754 981 forte
780 929 884 968 vox
910 919 996 967 est
1022 910 1152 978 ista,
1179 912 1276 966 sed
1294 910 1650 965 irridentium
1666 915 1768 976 est.

178 1002 328 1066 Quia
372 1002 652 1072 sapientia
705 1007 827 1056 erat
855 1002 913 1062 in
943 1001 1054 1054 illis
1095 999 1416 1070 virginibus,
1449 1004 1506 1054 et
1533 999 1658 1053 idco
1715 999 1774 1055 in

179 1085 393 1143 eisdem
418 1089 539 1160 ipsa
555 1089 891 1161 loquebatur
909 1088 1333 1160 sapientiaque
1352 1087 1526 1142 aliubi
1547 1088 1616 1142 de
1639 1089 1776 1142 stul~

178 1177 252 1244 tis
279 1177 509 1232 fatetur.
527 1179 637 1247 Ego
667 1181 729 1231 in
757 1180 994 1232 interitu
1014 1182 1186 1230 vestro
1209 1178 1389 1230 ridebo
1411 1179 1590 1242 (Prov.
1615 1176 1770 1245 1,26).

182 1262 331 1330 Quid
371 1265 546 1337 igitur
589 1265 795 1320 mirum
840 1265 889 1320 si
936 1265 1217 1336 sapientes
1263 1264 1537 1320 irrideant
1571 1264 1772 1333 fatuas,

181 1368 313 1407 cum
343 1358 402 1406 et
436 1353 560 1426 ipsa
583 1354 863 1424 sapientia
890 1353 1234 1408 subsannare
1264 1369 1358 1406 eas
1376 1353 1585 1408 fatetur
1604 1353 1775 1418 ?Quid

183 1446 270 1495 est
297 1457 432 1512 ergo
459 1442 664 1507 dicere,
708 1445 785 1497 [te
804 1445 876 1496 ad
901 1444 1185 1498 vendente:
1205 1448 1228 1493 7
1259 1441 1384 1507 nisi,
1423 1442 1556 1512 quia
1585 1441 1665 1496 sic
1693 1443 1778 1496 fa-

181 1545 312 1585 cere
340 1529 723 1594 consuevistis,
755 1535 813 1584 et
853 1529 979 1584 ideo
1008 1545 1119 1584 non
1152 1529 1370 1594 damus,
1406 1547 1471 1584 ne
1500 1532 1638 1596 forte
1669 1547 1780 1585 non

1854 749 2019 802 quam
2051 733 2211 786 Jesus
2243 735 2518 788 Christus.
2544 737 2701 790 Unde
2733 744 2789 790 et
2815 740 3057 793 Joannes
3069 741 3203 795 licet
3231 743 3445 811 amicus

1854 821 2043 892 sponsi
2071 821 2164 886 sit,
2181 839 2292 876 non
2310 827 2499 877 tamen
2530 841 2786 894 sponsus,
2811 843 2912 882 nec
2926 828 3073 882 ullus
3099 837 3442 888 sanctorum.

1856 909 1926 963 Et
1972 909 2098 963 ideo
2127 910 2286 964 valde
2328 911 2603 965 occultum
2635 919 2738 976 est,
2783 919 2840 970 et
2877 913 3102 970 difﬁcile
3142 917 3212 970 ad
3240 917 3447 974 intelli-

1855 997 2105 1068 gendum
2155 999 2433 1070 quomodo
2460 999 2648 1057 anima
2678 1002 2925 1058 humana
2947 1002 3114 1057 verbo
3142 1004 3243 1060 Dei
3273 1023 3446 1078 copu-

1856 1086 2004 1140 letur
2031 1091 2094 1140 ut
2113 1101 2316 1162 sponsa
2339 1087 2431 1156 sit,
2462 1087 2548 1141 vel
2578 1091 2855 1160 quomodo
2899 1092 3345 1150 commisceatur.
3379 1095 3450 1151 Et

1857 1179 2048 1230 tamen
2077 1174 2146 1228 ad
2179 1174 2278 1230 has
2307 1176 2534 1246 nuptias
2560 1193 2724 1233 nemo
2745 1179 2852 1234 nisi
2879 1197 3083 1250 sponsa
3110 1182 3447 1254 ingreditur.

1859 1262 2003 1326 Quid
2035 1263 2185 1318 enim
2215 1263 2527 1319 mirabilius
2551 1281 2678 1319 cum
2701 1266 2778 1321 sit
2802 1267 2940 1323 illud
2977 1270 3146 1337 Deus,
3175 1272 3450 1344 quidquid

1859 1359 1946 1408 est
1971 1353 2260 1418 Christus;
2284 1353 2359 1409 sit
2386 1354 2478 1408 ille
2509 1355 2742 1411 Creator
2769 1361 2827 1411 et
2853 1356 2950 1411 illa
2977 1364 3258 1429 creatura,
3276 1365 3334 1416 et
3361 1378 3453 1418 se-

1862 1442 2107 1497 cundum
2136 1443 2240 1497 hoc
2268 1443 2362 1498 ille
2395 1460 2632 1515 sponsus
2655 1450 2711 1500 et
2730 1445 2829 1498 illa
2846 1440 3087 1516 Sponsa;
3146 1448 3231 1504 vel
3261 1449 3346 1504 vir
3395 1456 3456 1519 et

1863 1548 2001 1586 uxor
2029 1531 2286 1586 Christus
2317 1537 2374 1588 et
2413 1533 2674 1588 Ecclesia.
2706 1533 2866 1589 Unde
2893 1536 3194 1605 Apostolus
3221 1536 3334 1596 ait:
3387 1539 3458 1605 Et

181 1621 430 1688 sufficiat
472 1621 625 1672 nobis
657 1624 704 1672 et
726 1620 895 1674 vobis.
927 1619 1328 1672 Verumtamen
1355 1624 1413 1672 et
1437 1619 1486 1672 si
1517 1619 1576 1672 in
1623 1624 1782 1688 parte
1865 1625 2028 1674 erunt
2052 1621 2161 1674 duo
2189 1623 2252 1674 in
2278 1637 2444 1676 carne
2475 1639 2592 1677 una
2624 1625 2677 1689 (Ι
2700 1623 2821 1677 Cor.
2845 1637 2920 1688 vi,
2944 1603 3080 1693 ‘16);
3115 1626 3230 1692 hoc,
3249 1603 3454 1698 inquit,

183 1710 253 1764 de
282 1709 409 1762 istis
445 1708 554 1763 dici
586 1715 822 1779 possunt
849 1709 976 1772 ista,
1007 1726 1129 1780 quae
1150 1707 1780 1779 semperlaudesadula-
1805 1712 1847 1772 Β
1869 1726 2136 1778 magnum
2151 1715 2224 1764 est
2251 1715 2683 1773 sacramentum,
2705 1728 2797 1779 ego
2825 1716 3011 1766 autem
3039 1715 3158 1768 dico
3170 1717 3233 1770 in
3247 1716 3462 1772 Christo

183 1800 332 1860 toria
358 1799 538 1869 magis
560 1816 730 1870 quam
753 1816 878 1854 vere
895 1799 1101 1854 habere
1121 1800 1416 1854 hominum
1438 1799 1779 1863 maluerunt,
1866 1806 1913 1856 ct
1969 1803 2032 1853 in
2061 1801 2298 1854 Ecclesia
2329 1799 2534 1870 (Ephes.
2567 1816 2620 1866 v,
2655 1798 2768 1869 32).
2809 1800 2927 1856 Hoc
2955 1801 3163 1874 quippe
3190 1820 3462 1874 maguum

185 1889 372 1944 multa
401 1887 513 1941 alia
539 1893 672 1943 sunt
699 1889 990 1958 praesentis
1021 1889 1147 1943 vitm
1181 1888 1494 1953 commoda,
1529 1903 1677 1941 curae
1720 1901 1786 1939 ac

185 1976 614 2044 sollicitudines,
643 1994 746 2048 pro
769 1977 976 2047 quibus
1007 1977 1375 2047 negliguntur
1399 1982 1620 2030 aeternae
1663 1975 1788 2029 vitae

186 2065 442 2136 praemia,
472 2066 544 2120 ad
565 2082 706 2135 quas
733 2081 1139 2135 nonnunquam
1181 2064 1561 2118 interveniunt
1598 2069 1791 2132 torpor

189 2160 250 2209 et
282 2154 527 2224 ignavia.
570 2154 730 2209 Unde
759 2154 944 2220 credo,
977 2154 1129 2224 quod
1169 2170 1282 2210 non
1308 2154 1377 2208 de
1406 2150 1791 2208 adulatoribus

191 2243 379 2297 solum
408 2241 574 2305 dicat,
610 2258 802 2296 verum
831 2242 1004 2296 etiam
1033 2247 1090 2296 et
1116 2242 1187 2296 de
1217 2241 1496 2304 omnibus,
1519 2239 1616 2310 qui
1639 2238 1793 2294 aliud

189 2331 396 2386 sectati
438 2335 592 2387 sunt.
641 2330 856 2394 Quibus
896 2329 1120 2396 dicitur,
1169 2329 1246 2383 ite
1292 2329 1478 2399 potius
1506 2328 1578 2381 ad
1608 2333 1792 2381 vestra

189 2420 458 2476 humum
487 2419 611 2474 vitta
638 2425 908 2474 consueta
929 2418 1239 2489 negotia,in
1266 2417 1470 2488 quibus
1498 2417 1681 2470 vivere
1700 2432 1785 2470 as-

187 2508 474 2572 suevistis,
529 2508 739 2564 idcirco
792 2507 1076 2562 vobiscum
1123 2508 1307 2562 oleum
1339 2506 1580 2577 Spiritus
1607 2503 1787 2560 sancti

190 2613 312 2654 non
340 2596 568 2651 tulistis.
591 2596 967 2660 Quamobrem
995 2613 1106 2650 non
1137 2596 1355 2660 damus,
1389 2611 1460 2649 ne
1506 2595 1649 2648 forte
1679 2609 1791 2648 non

191 2685 445 2741 sufficiat
470 2684 630 2740 nobis
660 2691 716 2740 et
745 2684 917 2751 vobis,
936 2686 1057 2754 jam
1088 2684 1310 2754 quando
1340 2688 1563 2753 tempus
1580 2699 1693 2737 non
1714 2687 1799 2736 est

203 2773 515 2846 praestandi
537 2789 639 2828 nec
659 2773 882 2827 emendi
905 2773 1023 2828 ulli.
1065 2773 1134 2828 Et
1147 2772 1272 2826 ideo
1283 2773 1418 2826 dum
1434 2777 1570 2826 eunt
1589 2787 1797 2837 emere,

206 2868 455 2935 .03!
490 2863 641 2928 venit
673 2880 932 2934 sponsus;
970 2863 1028 2918 id
1067 2869 1175 2927 est,
1213 2863 1349 2917 dum
1383 2868 1642 2932 quaerunt
1677 2877 1802 2916 sero

1868 1893 2306 1952 sacramentum,
2363 1904 2601 1957 magnus
2653 1888 2788 1943 dicit
2847 1891 3165 1960 Apostolus,
3225 1898 3285 1946 et
3334 1893 3462 1952 ideo

1879 1983 1920 2048 ι
1934 1982 2125 2044 038
2156 1993 2269 2030 non
2281 1975 2518 2047 quisque
2530 1976 2796 2032 continuo
2812 1978 2983 2044 novit,
3007 1996 3174 2049 quam
3191 1997 3463 2051 magnum

1871 2066 1946 2121 sit
1969 2065 2115 2136 quod
2136 2064 2286 2120 dicit.
2310 2065 2456 2119 Nam
2473 2082 2584 2136 qua
2601 2066 2932 2135 cognatione
2946 2067 3062 2124 sint
3079 2068 3281 2125 fratres
3298 2071 3462 2125 Chri-

1871 2155 1945 2210 sti
1965 2170 2158 2210 omnes
2177 2154 2354 2209 sancti
2376 2154 2650 2218 novimus,
2685 2155 2816 2224 quia
2846 2172 2959 2211 non
2977 2159 3466 2228 consanguinitate

1873 2243 2222 2306 terrena,sed
2245 2259 2309 2297 ex
2324 2242 2512 2312 gratia
2531 2243 2736 2302 divina.
2766 2245 2899 2313 quia
2918 2245 3148 2302 Patrem
3172 2248 3352 2303 Deum
3369 2249 3469 2310 ιλιι-

1872 2331 2070 2386 bemus
2091 2348 2266 2386 unum
2285 2331 2344 2386 in
2360 2331 2535 2388 caelis.
2553 2331 2818 2399 Quamvis
2833 2333 2982 2388 enim
3008 2335 3102 2390 ille
3121 2337 3199 2390 sit
3211 2336 3471 2408 proprius

1873 2420 1975 2480 Dei
1992 2421 2381 2483 Filius,tamen
2397 2435 2498 2489 per
2516 2419 2759 2488 gratiam
2777 2421 3112 2491 adoptionis,
3136 2441 3332 2484 omnes
3347 2443 3473 2490 san-

1875 2509 1948 2564 cti
1971 2508 2171 2563 fratres
2192 2507 2482 2577 sunt,quia
2501 2507 2607 2579 ipsi
2623 2514 2758 2563 sunt
2778 2509 2897 2564 ﬁlii.
2915 2510 3073 2566 Unde
3091 2528 3193 2582 per
3214 2514 3474 2576 eamdem

1875 2597 2122 2668 gratiam
2163 2597 2235 2651 ad
2278 2596 2516 2650 invicem
2569 2602 2704 2650 sunt
2755 2602 2813 2651 et
2840 2597 2945 2668 ipsi
2977 2598 3213 2668 fratres;
3237 2617 3475 2671 sponsus

1884 2692 2072 2742 autem
2103 2691 2434 2740 caeterorum
2462 2685 2614 2738 illius
2653 2685 2958 2751 societatis,
3008 2688 3198 2746 nullus
3245 2689 3474 2748 illorum

1886 2783 1986 2840 est,
2016 2791 2198 2845 neque
2218 2773 2327 2828 dici
2351 2777 2555 2844 potest.
2589 2773 2834 2828 Proinde
2883 2773 3168 2838 Christum
3195 2793 3367 2850 quam
3387 2793 3478 2835 ex.

1884 2862 2279 2920 ccllentissime
2303 2861 2536 2931 justitiae
2565 2867 2734 2932 atque
2758 2862 3042 2932 sapientiae
3078 2880 3347 2934 sponsum
3381 2881 3479 2922 eo—

193 2969 391 3007 emere
417 2953 566 3023 quod
595 2953 750 3022 prius
791 2969 992 3023 parare
1032 2953 1427 3022 neglexerant;
1468 2968 1594 3005 cum
1641 2965 1793 3019 quae-
1821 2945 1865 3003 C
1882 2957 2117 3023 gnoscat
2134 2958 2190 3006 et
2204 2950 2540 3006 confiteatur
2561 2950 2822 3016 Ecclesia,
2850 2951 3190 3010 altissimum
3211 2953 3471 3016 estscire.

197 3046 340 3098 runt
377 3058 416 3094 a
450 3038 651 3112 quibus
699 3042 1020 3106 laudentur,
1074 3041 1160 3094 vel
1197 3057 1232 3094 a
1275 3040 1475 3111 quibus
1509 3039 1803 3102 consolen-

201 3135 317 3195 tur,
365 3135 424 3183 et
467 3146 583 3184 non
628 3130 945 3198 inveniunt,
974 3129 1124 3183 venit
1159 3145 1415 3199 sponsus,
1464 3134 1519 3182 et
1559 3144 1681 3198 quae
1713 3144 1807 3197 pa-

201 3224 343 3272 ratae
387 3225 553 3272 erant
595 3218 947 3272 intraverunt
995 3234 1122 3272 cum
1167 3233 1234 3272 eo
1272 3217 1344 3270 ad
1379 3217 1626 3286 nuptias.
1675 3215 1812 3285 quia

199 3308 286 3362 eis
326 3312 529 3377 aperta
563 3313 651 3364 est
679 3309 880 3377 janua,
910 3308 978 3361 Et
1006 3307 1313 3362 notandum
1359 3306 1505 3376 quod
1543 3305 1640 3370 ait,
1678 3305 1810 3374 quia

207 3397 361 3449 venit
384 3411 630 3464 sponsus.
650 3397 798 3450 Nam
825 3411 1017 3465 supra,
1052 3394 1244 3448 decem
1283 3394 1525 3462 virgines
1554 3393 1812 3446 exierunt

204 3483 434 3538 obviam
479 3501 686 3554 sponso
725 3490 785 3538 et
821 3500 1054 3554 sponsae,
1090 3483 1182 3538 hic
1216 3487 1405 3536 autem
1451 3482 1604 3535 solus
1659 3481 1810 3534 venit

210 3589 474 3643 sponsus.
531 3573 676 3636 Quid
728 3589 863 3643 ergo
907 3571 1034 3627 est?
1089 3572 1174 3625 vel
1224 3587 1335 3641 quo
1393 3569 1532 3624 abiit
1585 3585 1806 3639 sponsa,

203 3681 334 3735 quae
385 3662 546 3733 prius
590 3661 652 3716 in
702 3661 894 3718 decem
947 3659 1071 3716 istis
1117 3659 1359 3714 occurrit
1402 3675 1528 3714 cum
1557 3658 1811 3727 sponso?

205 3754 582 3822 Nequaquam
640 3756 800 3805 vacat
840 3767 877 3803 a
927 3748 1217 3820 mysterio,
1273 3747 1424 3818 quod
1479 3753 1613 3802 tunc
1660 3749 1812 3800 venit

203 3857 338 3895 cum
363 3857 455 3907 eo,
494 3849 554 3894 et
591 3856 742 3894 nunc
776 3855 963 3904 sermo
1011 3837 1238 3892 divinus
1272 3841 1418 3890 tacet
1458 3835 1526 3889 de
1566 3852 1650 3888 ea.
1686 3836 1810 3888 Non

209 3930 408 4000 utique
451 3934 618 3994 tacet,
659 3928 762 3982 sed
798 3934 994 3998 aperte
1037 3927 1286 3996 loquitur
1317 3925 1386 3979 de
1430 3925 1530 3976 illa
1567 3923 1759 3978 dicens
1795 3942 1806 3976 :

207 4022 273 4078 Et
295 4037 420 4089 qua:
433 4024 648 4087 parata
672 4024 835 4073 erant
866 4020 1224 4071 intraverunt
1248 4031 1372 4068 cum
1391 4032 1447 4068 co
1467 4017 1542 4068 ad
1563 4016 1807 4082 nuptias,

204 4109 482 4179 quoniam
511 4108 634 4178 ipsa
674 4113 762 4162 est
786 4122 1013 4176 sponsa,
1044 4121 1169 4174 quae
1198 4104 1374 4158 intrat
1394 4119 1525 4156 cum
1549 4118 1634 4167 eo,
1666 4118 1808 4171 quo-

1886 3041 1956 3096 Et
1982 3040 2107 3094 ideo
2135 3038 2409 3093 Jeremias
2437 3036 2676 3104 dicebat,
2708 3044 2765 3093 et
2811 3039 2978 3096 homo
3025 3047 3128 3108 est,
3154 3045 3212 3100 et
3239 3042 3364 3112 quis
3391 3059 3481 3102 οο.

1886 3133 2117 3200 gnoscet
2143 3143 2273 3183 eum
2301 3128 2324 3180 ?
2379 3127 2525 3195 Ergo
2572 3127 2740 3181 homo
2768 3132 2876 3196 est,
2921 3134 2975 3184 et
3007 3129 3136 3186 inde
3165 3131 3483 3190 ostenditur

1891 3217 2025 3287 quia
2064 3216 2238 3270 frater
2283 3219 2369 3269 est.
2409 3231 2474 3269 ac
2511 3215 2881 3285 cognoscitur.
2914 3217 3026 3272 Sed
3058 3219 3191 3288 quid
3221 3225 3306 3278 est
3330 3221 3483 3290 quod

1889 3305 2045 3368 dicit,
2098 3309 2154 3358 et
2199 3303 2327 3374 quis
2383 3309 2679 3373 cognoscet
2718 3303 2904 3358 eum?
2951 3306 3320 3375 Cognoscitur
3354 3326 3483 3364 vere

1891 3394 2026 3464 quia
2047 3393 2214 3447 homo
2243 3397 2346 3458 est,
2379 3397 2438 3445 et
2467 3392 2600 3460 quia
2625 3391 2815 3456 frater,
2848 3399 2905 3447 et
2937 3394 3071 3462 quia
3099 3395 3249 3458 Deus
3273 3399 3486 3464 εδει,κά

1892 3482 2168 3538 occultum
2199 3484 2283 3534 est
2314 3479 2470 3534 valde
2499 3479 2778 3549 quomodo
2797 3496 3037 3549 sponsus
3065 3489 3169 3548 est,
3199 3485 3335 3554 quia
3367 3503 3486 3546 ma-

1892 3586 2070 3640 gnum
2104 3573 2190 3622 est
2217 3571 2662 3632 sacramentum;
2698 3572 2755 3618 et
2782 3573 2970 3622 tamen
2999 3569 3094 3634 ille
3121 3588 3379 3640 sponsus,
3427 3581 3488 3628 et

1892 3657 1988 3711 illa
2020 3674 2175 3711 uxor.
2231 3655 2390 3710 Unde
2436 3655 2679 3710 Joannes
2729 3655 2786 3710 in
2815 3657 3149 3727 Apocalypsi
3175 3675 3280 3714 sua
3307 3661 3475 3723 dicit:

1893 3747 2036 3812 Quia
2065 3749 2329 3800 venerunt
2356 3747 2561 3812 nuptis
2585 3747 2725 3811 agni
2757 3748 2931 3813 (Apoc.
2958 3760 3074 3810 xxx,
3101 3746 3173 3815 7'),
3193 3748 3263 3802 de
3279 3750 3484 3818 quibus

1891 3851 2042 3890 nunc
2068 3833 2297 3888 dicitur:
2318 3833 2383 3887 Ει
2413 3849 2530 3899 qua:
2557 3837 2764 3899 parata
2793 3838 2951 3886 erant
2982 3836 3339 3890 intraverunt
3357 3855 3484 3895 cum

1891 3941 1948 3979 eo
1988 3925 2061 3975 ad
2094 3925 2351 3990 nuptias;
2397 3920 2660 3991 quoniam
2688 3919 2747 3974 in
2785 3920 2875 3974 his
2931 3922 3189 3982 omnibus
3219 3931 3342 3980 erat
3368 3943 3484 3984 una

1891 4011 2134 4068 Ecclesia
2162 4011 2354 4076 electa,
2386 4026 2500 4064 una
2527 4008 2787 4063 columba
2812 4010 3080 4078 speciosa,
3124 4029 3329 4082 sponsa
3368 4031 3484 4072 una.

1886 4101 2154 4160 formosa.
2173 4097 2516 4168 insanguine
2537 4098 2728 4168 sponsi
2758 4098 2845 4152 sui
2873 4099 3150 4156 dealbata.
3183 4103 3318 4166 Quae
3345 4103 3483 4160 dum

207 4198 364 4254 niam
396 4202 599 4268 parata
615 4201 946 4265 erat,etprae
965 4193 1140 4248 nimio
1154 4209 1346 4247 amore
1366 4191 1656 4245 charitatis
1677 4206 1804 4260 per-
1826 4188 2056 4271 Dtatuze
2086 4189 2271 4246 oleum
2301 4194 2366 4241 ut
2392 4187 2616 4241 luceant
2642 4187 2929 4256 lampades
2958 4206 3172 4256 earum,
3200 4192 3321 4260 jam
3352 4210 3478 4249 sero

208 4286 344 4356 vigil
374 4301 618 4356 semper,
651 4290 708 4338 et
729 4289 1066 4354 pernoctans
1095 4283 1154 4336 in
1192 4280 1540 4338 orationibus
1569 4278 1806 4333 sollicita

211 4375 437 4444 quando
467 4374 683 4430 veniret
710 4389 967 4444 sponsus,
1001 4388 1122 4442 quae
1151 4376 1270 4426 toto
1301 4369 1581 4426 desiderio
1625 4368 1806 4422 anhe-

207 4463 352 4531 lans,
371 4463 450 4520 ad
476 4479 609 4518 eum
620 4462 852 4517 amabat
873 4461 1079 4517 venire.
1103 4461 1249 4514 Nam
1271 4461 1426 4530 prius
1448 4463 1512 4512 ut
1535 4457 1678 4511 ﬁlios
1705 4472 1806 4525 ge-

207 4559 440 4606 neraret
466 4551 590 4621 ipsa
621 4567 753 4604 cum
767 4565 976 4620 sponso
999 4548 1170 4615 venit,
1203 4554 1268 4603 ut
1293 4563 1388 4602 eos
1416 4545 1636 4616 genitos
1661 4543 1805 4597 infra

209 4646 438 4694 uterum
464 4639 793 4710 susciperet,
814 4642 1044 4708 pareret
1065 4642 1124 4691 et
1141 4636 1403 4691 nutriret.
1435 4635 1601 4690 Nunc
1617 4638 1807 4687 autem

210 4745 515 4799 resurgens
545 4745 579 4782 a
601 4727 862 4791 mortuis,
891 4727 1028 4780 dum
1057 4726 1110 4780 ei
1134 4727 1312 4797 ianua
1337 4725 1460 4779 vitae
1480 4728 1675 4794 aperta
1698 4726 1801 4785 est,

213 4817 445 4872 festinat
467 4816 599 4871 laeta
617 4831 908 4870 occurrere
926 4830 1129 4885 sponso
1133 4818 1215 4883 ,et
1231 4829 1360 4868 cum
1379 4828 1448 4866 eo
1461 4811 1535 4865 ad
1555 4809 1798 4881 nuptias.

214 4923 324 4976 quo
354 4906 520 4975 longe
549 4906 646 4960 diu
673 4905 911 4959 invitata
936 4904 1139 4968 fuerat,
1173 4903 1408 4958 intrare.
1446 4902 1522 4956 At
1550 4916 1680 4954 vero
1708 4899 1807 4954 illa

207 5012 340 5066 quae
354 4997 542 5052 minus
565 5000 874 5060 amaverat,
898 5011 1020 5063 quae
1050 4992 1203 5047 aliud
1218 4993 1342 5062 plus
1363 4991 1652 5055 dilexerat,
1683 5005 1808 5059 qua:

208 5086 404 5140 oleum
432 5084 724 5149 charitatis
751 5100 864 5138 non
890 5082 1189 5149 habuerat,
1213 5097 1334 5151 quae
1353 5080 1413 5134 in
1436 5079 1628 5134 multis
1657 5077 1808 5131 solli-

203 5175 346 5240 cita,
403 5190 580 5230 unum
607 5171 1064 5243 pratermiserat,
1093 5171 1231 5224 dum
1278 5186 1402 5223 sero
1429 5167 1633 5238 quaerit
1661 5167 1719 5221 in
1747 5183 1808 5222 δε

209 5263 422 5334 frigida
448 5261 741 5318 remansit.
769 5261 841 5316 Et
875 5260 1000 5315 ideo
1026 5275 1140 5314 non
1168 5259 1376 5314 dicitur
1394 5257 1544 5327 quod
1571 5255 1810 5309 emerint

214 5359 317 5414 aut
353 5350 675 5422 acceperint
706 5350 892 5404 oleum
919 5349 1175 5419 perfectis
1199 5346 1524 5412 charitatis;
1545 5345 1679 5414 quia
1709 5360 1811 5398 nec

210 5439 343 5511 ipsa
365 5440 656 5511 inquisitio
687 5439 881 5511 procul
912 5437 1087 5494 dubio
1121 5453 1192 5492 ex
1229 5435 1430 5490 attactu
1463 5441 1632 5492 casae
1669 5433 1812 5487 dile»

607 5529 762 5601 Ergo
1051 5530 1114 5584 et
1135 5543 1174 5592 8-
1207 5525 1403 5609 paucés
1435 5523 1808 5594 cosmscim‘.

1890 4284 2027 4332 eunt
2050 4293 2254 4336 emere,
2275 4276 2399 4346 ipsa
2427 4291 2556 4330 cum
2577 4275 2853 4330 universis
2869 4277 2988 4332 suis
3006 4279 3276 4341 membris
3304 4281 3482 4342 intrat

1888 4365 1960 4420 ad
1980 4365 2227 4435 nuptias.
2259 4363 2403 4426 Quia
2434 4379 2602 4434 supra
2631 4363 2856 4434 quando
2887 4365 3142 4421 veniebat
3167 4383 3294 4422 cum
3314 4386 3480 4439 spon-

1889 4470 1970 4519 so,
2003 4452 2092 4508 cui
2122 4457 2485 4508 occurrerunt
2509 4451 2729 4506 obviam
2743 4451 2864 4505 ista:
2874 4452 3066 4509 decem
3090 4454 3350 4524 virgines,
3370 4458 3480 4520 ωί..

1889 4558 1952 4596 ro
1982 4541 2147 4594 modo
2171 4541 2291 4611 jam
2323 4556 2525 4610 sponsa
2546 4545 2669 4593 erat
2694 4545 2751 4594 et
2777 4541 2951 4610 virgo,
2969 4543 3090 4610 jam
3105 4542 3294 4598 dotem
3315 4561 3479 4616 spon-

1885 4629 2128 4684 salitatis
2157 4646 2290 4693 suae,
2325 4634 2383 4683 et
2411 4629 2612 4699 pignus
2666 4635 2963 4699 acceperat
3007 4631 3280 4701 Spiritum
3315 4651 3476 4690 sane-

1887 4724 2028 4774 tum.
2059 4719 2215 4773 Tunc
2245 4716 2471 4788 quidem
2507 4715 2708 4773 divinis
2742 4716 3080 4774 subarrhata
3127 4722 3476 4792 muneribus,

1885 4824 2035 4863 nunc
2058 4823 2186 4862 vero
2206 4807 2349 4876 jam,
2374 4805 2523 4860 dono
2552 4805 2991 4861 immortalitatis
3015 4815 3298 4880 percepto,
3325 4813 3480 4881 quod

1886 4897 2045 4970 prius
2070 4912 2184 4950 non
2216 4900 2454 4966 poterat,
2496 4893 2751 4964 gaudens
2801 4895 2874 4948 ad
2915 4895 3263 4957 immortales
3292 4901 3478 4970 ingre-

1889 4985 2044 5042 ditur
2069 4984 2312 5056 nuptias.
2344 4983 2409 5039 Ει
2436 4984 2625 5038 clausa
2649 4987 2726 5036 cst
2755 4984 3011 5047 ianua.0
3037 4985 3089 5040 si
3119 5003 3317 5057 sapere
3343 5006 3477 5058 pos.-

1889 5075 2064 5130 simus
2111 5073 2295 5130 cordis
2345 5071 2554 5142 palato,
2611 5071 2776 5142 quale
2815 5078 3158 5142 quantumve
3201 5077 3474 5145 gaudium

1889 5163 2016 5226 erit,
2051 5179 2220 5233 quam
2270 5160 2580 5230 jucundum
2629 5166 2689 5214 et
2730 5176 2896 5230 quam
2951 5161 3194 5228 beatum,
3224 5165 3359 5234 quia
3386 5166 3478 5222 in.-

1889 5255 2060 5312 trant,
2109 5257 2164 5304 et
2190 5266 2361 5321 quam
2414 5265 2671 5304 amarum
2694 5248 2829 5302 tiaris
2858 5252 3298 5318 remanentibus,
3339 5256 3476 5324 quia

1885 5339 2040 5403 dicit,
2063 5341 2128 5394 Et
2140 5342 2326 5393 clausa
2356 5344 2429 5391 cst
2441 5337 2747 5407 janua,ubi
2765 5337 3030 5409 deinceps
3051 5357 3216 5398 nemo
3234 5341 3474 5401 intrabit

1892 5429 2080 5496 miser,
2110 5432 2176 5484 ut
2213 5426 2411 5482 bemus
2441 5428 2564 5482 fiat:
2594 5427 2662 5481 de
2694 5443 2806 5496 qua
2831 5444 2996 5486 nemo
3034 5428 3210 5486 exibit
3232 5432 3472 5495 nimius

1886 5519 2030 5590 iam,
2053 5520 2120 5572 ut
2141 5520 2301 5572 extra
2319 5515 2656 5583 inveniatur.
2681 5515 2954 5580 Quoniam
2975 5519 3310 5582 con/"ortast:
3329 5536 3477 5580 was
