3872 6158
493 239 604 296 847

1181 200 1185 209 ’
1260 243 1319 296 S.
1357 238 1735 295 PASCHASII
1772 237 2132 293 RADBERTI
2170 238 2476 295 ABBATIS
2515 238 3007 295 CORBEIENSIS.

3548 238 3622 297 $18

488 373 791 437 portarum
821 369 986 435 (Psal.
1020 379 1215 431 CXLVII,
1250 364 1337 432 l3)
1371 364 1521 417 illius
1561 362 1820 429 civitatis,
1856 361 2081 416 benedi-
2097 366 2426 424 Aconsuete
2454 364 2683 435 diceret;
2705 365 3026 418 sicuthomo
3044 364 3366 435 proﬁciscens
3378 365 3539 418 vocavit
3550 381 3630 418 ser-

494 458 578 512 xit
606 474 802 512 omnes
824 456 884 511 in
912 472 996 522 ea,
1031 460 1088 510 et
1114 454 1300 525 posuit
1326 468 1431 527 per»
1455 468 1650 505 omnes
1675 454 1815 506 ﬁnes
1843 452 1963 521 ejus
1991 469 2002 503 :
2028 450 2088 504 in

496 565 611 620 qua
637 563 802 603 nemo
833 545 1041 600 esuriet
1076 544 1242 607 ultra,
1262 541 1499 595 satiatus
1529 558 1594 594 ex
1623 540 1787 611 adipe
1815 540 2085 594 frumenti

495 643 555 692 et
601 637 782 691 omnis
833 632 1119 688 beatitudo
1174 635 1395 684 aeternae
1440 629 1566 683 vitae
1610 629 2086 700 circumplectitur

495 742 610 780 805.

566 814 865 868 Novissime
891 814 1077 862 autem
1104 810 1354 873 veniunt,
1389 813 1437 862 ct
1472 810 1696 876 reliqua:
1726 811 1970 876 virgines
1999 809 2086 861 di-

493 906 665 955 centes
687 919 703 952 :
725 900 973 963 Domine,
996 898 1244 961 Domine,
1272 899 1429 965 aperi
1446 896 1620 951 nobis.
1646 900 1893 961 1039
1918 897 2076 961 Ecce,

490 993 556 1042 ut
578 988 850 1053 dixeram,
880 985 1047 1039 fatuae
1065 984 1318 1055 virgines
1348 1001 1470 1055 quae
1499 984 1840 1038 transmissae
1857 984 2083 1038 fuerant

488 1075 561 1130 ad
583 1076 768 1130 oleum
801 1073 1258 1144 comparandum,
1308 1089 1421 1127 non
1440 1072 1762 1127 referuntur
1781 1072 1979 1127 emisse
1994 1074 2081 1127 vel

484 1163 784 1234 accepisse.
809 1162 1022 1216 Verum
1037 1161 1143 1215 hoc
1168 1160 1273 1214 sub
1295 1161 1518 1214 silentio
1546 1160 2083 1231 praetermisso,quia

479 1253 602 1322 jam
631 1252 851 1306 nullum
879 1256 1002 1304 erat
1026 1254 1250 1321 tempus
1273 1250 1517 1314 emendi,
1549 1249 1761 1302 dictum
1795 1254 1899 1315 est,
1949 1248 2081 1319 quia

483 1345 613 1412 post
630 1339 881 1404 veniunt,
906 1355 1031 1391 cum
1050 1337 1325 1408 potuisset
1351 1338 1555 1403 dicere,
1584 1341 1777 1407 postea
1805 1343 2080 1391 venerunt

484 1433 712 1499 accepto
741 1428 885 1491 oleo,
913 1427 998 1479 vel
1029 1431 1371 1497 comparato.
1405 1426 1513 1481 Sed
1552 1426 1684 1496 quia
1711 1442 1824 1479 non
1848 1426 2075 1480 invene-

482 1514 1028 1582 rant,convenienter
1045 1515 1181 1568 illud
1203 1515 1375 1579 siluit,
1398 1531 1468 1568 ne
1502 1514 1837 1568 habentibus
1865 1515 2070 1581 oleum,

482 1605 570 1659 vel
596 1605 658 1658 in
689 1608 937 1658 extremo
959 1602 1290 1656 ornantibus
1311 1602 1600 1673 lampades
1630 1618 1778 1667 suas,
1814 1602 2025 1656 diceret
2057 1621 2069 1655 :

2166 468 2264 506 vos
2288 468 2420 506 suos
2443 471 2454 505 :
2488 452 2567 506 ita
2596 458 2653 506 et
2672 452 2820 507 ﬁlius
2843 450 3106 517 hominis,
3126 459 3217 507 aut
3238 458 3382 518 certe,
3408 453 3471 507 ita
3490 460 3628 522 etego,

2168 541 2431 610 quoniam
2459 541 2578 612 ipse
2609 548 2692 595 est
2728 543 2897 597 homo
2936 542 3334 613 paterfamilias,
3375 543 3452 612 qui
3482 543 3535 595 ad
3555 543 3633 594 Pa-

2164 634 2310 683 trem
2351 636 2477 700 post
2514 632 2981 685 resurrectionem
3017 633 3193 686 victor
3221 631 3448 695 ascendit,
3475 631 3547 700 qui
3573 646 3636 683 vo-

2165 714 2303 767 catis
2330 715 2504 768 servis
2533 716 2666 780 suis,
2699 715 2756 769 id
2777 721 2863 785 est
2891 718 3176 787 apostolis,
3205 716 3410 770 tradidit
3439 717 3524 769 illis
3550 716 3640 769 doc-

2163 802 2370 856 trinam
2394 804 2789 874 evangelicam,
2823 810 2881 858 et
2908 806 3199 876 pecuniam
3226 805 3361 859 verbi
3398 804 3642 858 divini.Alia

2162 907 2293 945 vero
2330 892 2671 962 exemplaria
2700 892 2926 959 habent,
2979 893 3124 947 sicut
3147 894 3287 947 enim
3310 892 3453 946 homo
3474 907 3645 962 peregre

2161 978 2404 1046 futurus,
2432 982 2649 1034 vocavit
2690 998 2876 1035 servos
2931 999 3083 1036 suos.
3114 982 3335 1051 Peregre
3360 986 3530 1045 autem,
3553 979 3646 1048 quia

2162 1068 2540 1138 captivitatem
2570 1076 2825 1124 nostram
2857 1087 2959 1125 sua
2986 1071 3149 1125 duxit
3175 1056 3380 1135 virtute,
3405 1085 3458 1122 ac
3479 1068 3519 1122 si
3539 1084 3650 1138 pere-

2160 1156 2455 1226 grinando,
2488 1158 2901 1229 captivam.Sed
2922 1159 3272 1229 quaerendum
3293 1156 3526 1229 quomodo
3535 1155 3650 1226 quasi

2162 1246 2490 1315 peregrinus
2516 1247 2688 1301 abiit?
2733 1249 2874 1302 Cum
2899 1249 3018 1319 ipse
3050 1250 3118 1303 de
3161 1266 3217 1303 se
3241 1249 3346 1302 suis
3388 1245 3654 1317 repromittit

2162 1333 2583 1404 discipulis,Ego
2604 1338 2875 1391 vobiscum
2894 1354 3019 1391 sum
3048 1339 3299 1393 omnibus
3325 1337 3504 1400 diebus,
3530 1349 3654 1402 usque

2158 1424 2233 1476 ad
2252 1426 2782 1479 consummationem
2800 1427 2989 1480 seculi
3015 1427 3234 1495 (Matth.
3262 1439 3403 1485 xvm,
3423 1420 3515 1493 20).
3536 1422 3589 1475 Et
3607 1421 3654 1473 il-

2156 1510 2252 1563 lud
2279 1529 2289 1563 :
2329 1512 2425 1565 Ubi
2451 1514 2669 1578 fuerint
2706 1515 2815 1566 duo
2851 1516 2933 1568 vel
2964 1520 3071 1569 tres
3095 1516 3392 1582 congregati
3410 1515 3464 1564 in
3488 1512 3656 1564 nomine

2158 1615 2290 1663 meo,
2317 1601 2398 1653 ibi
2419 1616 2543 1653 sum
2565 1617 2656 1667 ego
2676 1603 2741 1653 in
2760 1603 2937 1655 medio
2956 1618 3168 1660 eorum.
3198 1602 3265 1655 Et
3289 1599 3415 1653 illud
3438 1596 3622 1652 Joannis
3644 1616 3654 1649 :

482 1694 672 1748 Nescio
689 1710 798 1759 vos,
832 1708 954 1762 quae
973 1692 1124 1745 estis.
1159 1692 1275 1745 Nec
1304 1691 1461 1745 enim-
1480 1690 1744 1744 scribitur
1768 1691 1916 1760 quod
1944 1708 2071 1745 cum
2088 1675 2134 1733 B
2152 1688 2362 1741 Medius
2391 1694 2633 1742 vestrum
2660 1694 2769 1742 stat
2795 1706 2953 1758 quem
2983 1706 3075 1743 vos
3112 1692 3324 1744 nescitis
3345 1690 3498 1753 (Joan.
3524 1702 3555 1752 ι,
3579 1682 3657 1754 ‘26).

482 1780 695 1836 ornatis
748 1779 1101 1851 lampadibus
1127 1780 1416 1850 venerint;
1471 1780 1603 1850 quia
1644 1782 1832 1834 nescio
1863 1780 1910 1834 si
1949 1781 2072 1834 ﬁeri

479 1875 686 1941 posset,
707 1875 773 1923 ut
794 1884 1045 1939 unquam
1073 1868 1314 1922 diceret:
1344 1868 1530 1922 Nescio
1570 1885 1683 1943 (vos,
1717 1869 1851 1939 quia
1886 1870 2073 1923 chari-

476 1961 567 2011 tas
592 1958 742 2013 Deus
771 1958 965 2028 plenas
1009 1956 1280 2011 charitate
1306 1957 1551 2028 virgines
1580 1974 1871 2028 nunquam
1902 1975 2072 2030 repu-

478 2046 706 2114 diasset,
728 2062 912 2117 neque
936 2062 996 2101 se
1022 2045 1286 2116 ignorare
1314 2046 1563 2101 dixisset.
1598 2047 1767 2101 Novit
1788 2048 1938 2101 enim
1964 2048 2072 2101 Do-

475 2135 665 2189 minus
703 2151 798 2189 eos
826 2139 1048 2188 tantum
1097 2135 1193 2205 qui
1235 2140 1369 2189 sunt
1393 2136 1551 2204 ejus;
1592 2152 1685 2189 eos
1712 2141 1902 2190 autem
1930 2152 2069 2207 quos

474 2223 742 2294 reprobat
764 2223 960 2292 utique
988 2223 1247 2292 ignorat;
1282 2224 1416 2294 quia
1443 2228 1500 2278 et
1538 2223 1647 2294 ipsi
1675 2225 1976 2279 noluerunt
2005 2228 2071 2278 ut

476 2311 685 2375 decuit,
702 2327 1037 2381 cognoscere
1065 2312 1283 2387 Deum.
1298 2312 1369 2366 Et
1391 2312 1517 2366 ideo
1529 2313 1739 2367 dictum
1754 2314 1913 2379 est,si
1944 2312 2068 2383 quis

474 2399 701 2469 ignorat
728 2398 1293 2469 ignorabitur.Nescit
1319 2401 1469 2454 enim
1481 2402 1757 2456 Dominus
1784 2402 2068 2472 operarios

473 2486 811 2558 iniquitatis,
840 2504 944 2542 nec
968 2488 1242 2559 approbat
1260 2489 1546 2560 reprobos.
1570 2490 1780 2545 Idcirco
1802 2491 1935 2545 licet
1962 2492 2071 2545 vir-

472 2576 632 2647 gines
652 2576 783 2643 sint,
818 2576 990 2630 etiam
1019 2577 1326 2631 secundum
1369 2595 1616 2645 carnem,
1649 2579 1731 2633 ita
1757 2585 1822 2633 ut
1851 2580 1920 2633 de
1953 2597 2071 2634 cor-

471 2666 626 2736 poris
646 2665 1021 2736 puritate,nec
1037 2681 1146 2720 non
1158 2670 1215 2719 et
1234 2666 1363 2720 ﬁdei
1376 2667 1718 2721 confessione
1728 2668 2059 2738 glorientur,

470 2757 664 2808 tamen
689 2754 825 2825 quia
869 2754 1055 2808 oleum
1083 2770 1197 2808 non
1223 2753 1435 2808 habent
1460 2755 1704 2809 scientiae
1725 2756 1827 2810 Dei
1855 2762 1912 2810 et
1939 2757 2065 2810 cha-

470 2842 679 2909 ritatis,
710 2842 919 2896 sufﬁcit
972 2842 1052 2895 eis
1106 2843 1178 2896 ad
1206 2859 1428 2913 penam
1458 2844 1606 2913 quod
1635 2845 1968 2913 ignorantur
1995 2845 2063 2899 ab

471 2946 697 3001 sponso.
728 2930 799 2984 Et
812 2930 938 2983 ideo
959 2930 1019 2983 in
1039 2930 1144 2983 hac
1163 2930 1450 3000 parabola,
1476 2932 1603 2984 finis
1624 2931 1776 2985 verbi
1820 2932 1926 2986 iste
1956 2938 2059 2999 est,

482 3019 709 3085 Vigilate
728 3020 931 3086 itaque,
956 3020 1089 3086 quia
1114 3020 1330 3071 nescitis
1351 3021 1495 3072 diem
1526 3036 1697 3088 neque
1725 3021 2066 3076 horam.Hoc

471 3109 559 3158 est
586 3104 736 3174 quod
764 3120 936 3175 supra
957 3105 1079 3174 jam
1120 3105 1359 3175 dixerat,
1386 3112 1451 3161 ut
1480 3113 1712 3177 paratus
1737 3108 1813 3162 sit
1841 3125 2067 3180 semper

470 3192 876 3263 unusquisque.
909 3193 1053 3257 Quia
1081 3193 1152 3247 ad
1180 3194 1286 3247 hoc
1314 3211 1416 3249 nos
1445 3194 1658 3250 nescire
1686 3197 1865 3251 voluit
1913 3198 2065 3253 diem

474 3281 654 3339 exitus
682 3281 881 3347 nostri,
932 3286 999 3335 ut
1042 3282 1337 3352 vigilemus
1362 3284 1569 3351 animo,
1601 3289 1659 3339 et
1680 3286 1863 3357 parati
1887 3285 2064 3341 simus

473 3375 777 3442 antequam
796 3369 1092 3424 claudatur
1104 3371 1297 3440 janua.
1309 3372 1445 3426 Ecce
1459 3373 1528 3426 de
1549 3374 1660 3427 ﬁne
1681 3375 2064 3445 saeculi,quam

471 3458 700 3513 diversae.
726 3458 1161 3513 introducuntur
1191 3460 1487 3530 parabolae.
1510 3462 1655 3515 Nam
1682 3479 1851 3534 supra
1876 3465 2065 3533 angeli

472 3547 778 3601 mittuntur
810 3547 906 3618 qui
933 3547 1200 3617 colligant
1225 3548 1491 3603 zizaniam
1524 3566 1590 3604 ex
1617 3567 1751 3621 agro
1772 3553 2061 3622 praesentis

472 3635 813 3702 Ecclesiae,et
827 3636 1057 3690 tradant
1073 3636 1190 3706 igni
1212 3636 1282 3690 ad
1320 3637 1782 3705 comburendum,
1813 3640 2066 3695 triticum

473 3740 695 3796 quoque
724 3730 1066 3796 congregem
1082 3725 1141 3779 in
1153 3725 1419 3780 horreum
1435 3728 1680 3781 Domini.
1702 3728 1805 3782 Hic
1820 3745 1949 3783 vero
1961 3729 2065 3784 sub

472 3813 584 3867 alia
636 3815 820 3883 ﬁgura
857 3813 1050 3867 decem
1105 3820 1496 3884 proponuntur
1520 3815 1783 3886 virgines,
1818 3817 2065 3889 quinque

471 3900 639 3956 fatuae
666 3908 724 3956 et
751 3901 999 3973 quinque
1039 3901 1362 3972 prudentes.
1417 3903 1525 3958 Sed
1569 3903 1672 3957 sub
1700 3904 1811 3957 alia
1858 3906 2061 3975 specie,

475 3990 722 4060 quinque
751 3989 1076 4056 clamantes,
1108 3990 1363 4045 Domine.
1396 3991 1655 4057 Domine,
1693 3993 2061 4064 repelluntur,

477 4082 534 4130 et
563 4078 810 4146 quinque
831 4077 1045 4131 ornatis
1087 4078 1440 4148 lampadibus
1468 4080 1865 4135 admittuntur.
1910 4082 2067 4138 Sicut

2154 1775 2314 1838 Quod
2342 1776 2390 1829 si
2420 1793 2641 1847 semper
2663 1777 2923 1832 omnibus
2947 1778 3064 1832 suis
3085 1784 3173 1832 est
3198 1771 3660 1849 praesens,quomodo

2153 1863 2515 1919 introducunt
2530 1882 2658 1919 eum
2687 1865 2967 1936 parabolae
2990 1867 3422 1937 proﬁciscentem
3447 1863 3520 1916 vel
3542 1876 3662 1933 pere-

2153 1952 2502 2022 grinantem?
2516 1954 2639 2008 Nisi
2668 1955 2802 2025 quia
2828 1955 3136 2009 secundum
3157 1955 3300 2026 quod
3311 1951 3588 2023 unigenitus
3602 1952 3665 2001 est

2153 2039 2255 2093 Dei
2276 2040 2450 2095 Filius
2475 2058 2541 2095 ex
2566 2047 2772 2096 natura
2783 2043 2966 2096 Patris
2980 2043 3228 2098 Verbum
3248 2048 3303 2096 et
3316 2038 3668 2111 Sapientia,uon

2152 2144 2417 2199 corporeo
2458 2130 2674 2185 ambitu
2703 2132 3182 2198 circumcluditur,
3213 2130 3308 2185 sed
3335 2128 3519 2198 ubique
3552 2131 3666 2178 totus

2151 2221 2208 2270 et
2234 2234 2498 2287 praesens,
2529 2219 2590 2272 in
2613 2235 2725 2290 qua
2752 2236 3042 2290 nunquam
3080 2218 3459 2291 peregrinatur
3490 2220 3670 2269 natura.

2150 2305 2551 2376 Peregrinatur
2578 2314 2769 2362 autem
2796 2309 3104 2363 secundum
3135 2307 3572 2379 dispensationem
3586 2315 3673 2354 cor-

2152 2395 2303 2465 poris
2352 2400 2409 2448 et
2435 2397 2827 2466 proﬁciscitur,
2868 2414 2996 2452 cum
3026 2398 3180 2451 Deus
3209 2398 3371 2451 homo
3399 2396 3453 2448 in
3477 2390 3603 2447 caelis
3623 2387 3675 2442 ad

2152 2484 2438 2540 dexteram
2466 2487 2651 2541 Patris
2706 2488 3026 2543 collocatur.
3060 2489 3179 2542 Nec
3234 2487 3312 2541 sic
3338 2481 3677 2540 introducimus

2152 2574 2293 2627 duas
2320 2591 2608 2645 personas,
2631 2580 2696 2629 ut
2706 2577 2987 2631 Feliciana
3003 2576 3234 2632 haeresis
3254 2577 3387 2641 vult,
3400 2588 3559 2644 neque
3574 2570 3680 2623 duos

2154 2662 2424 2729 Christos,
2452 2668 2553 2718 aut
2579 2664 2719 2718 duos
2740 2665 2903 2731 ﬁlios,
2927 2666 3025 2720 sed
3046 2682 3229 2720 unum
3247 2666 3276 2720 J
3280 2680 3431 2719 esum
3449 2660 3681 2716 Christum

2144 2766 2434 2821 unumque
2458 2752 2560 2806 Dei
2607 2759 2664 2807 et
2683 2753 2926 2808 hominis
2949 2753 3454 2823 ﬁlium,secundum
3479 2745 3683 2803 divinita-

2144 2843 2261 2892 tem
2283 2856 2463 2904 suam,
2488 2839 2695 2911 ubique
2715 2848 3069 2912 praesentem,
3082 2849 3142 2897 et
3163 2842 3464 2898 secundum
3480 2832 3685 2891 humani-

2145 2931 2321 2981 tatem
2347 2929 2419 2982 ad
2448 2930 2673 2984 Patrem
2698 2932 3112 2988 ascendentem.
3140 2934 3259 2987 Nec
3279 2932 3461 3000 itaque
3472 2924 3686 2981 solvimus

2147 3014 2431 3070 hominem
2454 3033 2489 3070 a
2514 3016 2652 3086 Deo,
2679 3035 2861 3089 neque
2889 3018 3133 3074 Verbum
3166 3036 3203 3074 a
3229 3035 3414 3075 carne.
3443 3015 3571 3080 Quia
3601 3013 3689 3066 Ver-

2148 3102 2281 3157 bum
2310 3120 2438 3158 caro
2490 3108 2701 3173 factum
2749 3113 2823 3161 est
2876 3110 3051 3175 (Joan.
3093 3124 3133 3176 Ι,
3172 3110 3284 3179 14),
3316 3105 3561 3178 quoniam
3584 3098 3689 3154 scri-

2146 3195 2307 3261 ptum
2340 3198 2427 3246 est
2445 3194 2595 3264 apud
2621 3196 2897 3249 Joannem
2926 3216 2938 3249 :
2971 3197 3165 3252 Omnis
3193 3199 3425 3267 spiritus
3452 3196 3542 3263 qui
3563 3189 3689 3245 solvit

2146 3281 2351 3347 Jesum,
2377 3297 2489 3335 non
2500 3287 2575 3336 est
2593 3300 2658 3336 ex
2676 3285 2779 3337 Deo
2798 3285 2851 3351 (Ι
2865 3287 3026 3338 Joan.
3061 3299 3135 3352 Iv,
3170 3285 3221 3350 3)
3252 3304 3267 3353 ;
3300 3291 3356 3339 et
3375 3284 3493 3337 ideo
3507 3282 3633 3335 Deus
3647 3281 3691 3328 et

2145 3367 2314 3422 homo
2367 3385 2513 3424 unus
2536 3376 2623 3425 est
2650 3372 2925 3426 Christus.
2956 3373 3157 3429 Unitas
3188 3381 3381 3429 autem
3416 3369 3697 3425 divisionem

2146 3473 2260 3510 non
2296 3458 2496 3529 recipit
2536 3475 2720 3530 neque
2772 3460 3136 3529 solutionem,
3169 3462 3409 3532 ideoque
3435 3460 3492 3513 in
3518 3455 3696 3511 Christo

2146 3561 2413 3616 magnum
2459 3553 2544 3602 est
2577 3556 3012 3604 sacramentum.
3053 3551 3205 3615 Quia
3232 3556 3291 3606 et
3343 3550 3523 3605 unitas
3559 3546 3610 3600 in
3633 3558 3697 3605 eo.

2147 3650 2416 3705 personae,
2471 3638 2787 3692 veneranda
2837 3644 2940 3705 est,
2975 3644 3031 3693 et
3068 3640 3380 3711 unicuique
3422 3630 3699 3692 substantia:

2147 3724 2461 3795 proprietas
2490 3728 2885 3781 conservanda.
2915 3728 2974 3782 Si
3003 3733 3199 3783 autem
3243 3728 3425 3783 omnis
3449 3727 3604 3780 homo
3629 3718 3704 3791 qui

2147 3813 2269 3881 conj
2281 3812 2509 3882 ungitur
2526 3802 2940 3881 Domino,unus
2960 3816 3196 3887 spiritus
3208 3823 3315 3883 est,
3333 3820 3536 3888 quanto
3559 3807 3703 3878 magis

2149 3901 2317 3954 homo
2339 3901 2449 3967 ille,
2485 3919 2652 3973 quem
2681 3905 2991 3958 secundum
3024 3905 3505 3977 dispensationem
3555 3896 3705 3955 carnis

2149 3990 2404 4043 Christus
2432 3992 2694 4063 suscepit,
2721 4008 2833 4046 non
2858 3998 2943 4047 est
2971 3994 3277 4050 solvendus
3308 3995 3380 4049 ab
3409 4011 3473 4049 eo
3501 3990 3588 4063 qui
3613 4002 3707 4041 sus-

2147 4078 2295 4149 cepit
2330 4095 2480 4146 eum,
2525 4096 2628 4134 nec
2660 4081 2805 4134 alter
2841 4081 3156 4136 dicendus?
3186 4083 3469 4149 Quoniam
3521 4079 3709 4136 Verbum

477 4168 536 4217 et
562 4163 622 4216 in
642 4163 767 4216 aliis
795 4164 977 4218 tribus
996 4164 1277 4234 parabolis
1310 4172 1483 4233 retro,
1514 4168 1646 4223 licet
1659 4169 1897 4236 brevius,
1923 4172 2065 4226 nihil
2082 4177 2130 4235 D
2151 4183 2277 4221 caro
2291 4170 2503 4235 factum
2515 4169 2861 4233 est,uniendo
2874 4170 2978 4225 sibi
2996 4188 3123 4225 eam
3141 4174 3359 4238 virtute
3370 4189 3488 4238 sua,
3504 4170 3657 4236 [04
3669 4167 3703 4228 Ι

475 4256 671 4306 tamen
691 4267 888 4305 sensus
909 4251 1228 4306 futurarum
1240 4270 1431 4307 rerum
1451 4255 1782 4327 inaequalius
1796 4260 2063 4328 varietur,

464 4339 691 4395 Deinde
719 4338 780 4393 in
806 4339 911 4394 hac
939 4339 1224 4410 parabola,
1262 4357 1431 4411 quam
1476 4345 1642 4412 paulo
1681 4353 1807 4415 post
1857 4350 2068 4420 exposi-

474 4429 590 4484 turi
617 4445 831 4495 sumus,
857 4428 1023 4498 longe
1052 4428 1163 4481 alia
1188 4429 1465 4484 formatur
1494 4437 1550 4485 et
1594 4432 1962 4491 adumbratur
1996 4440 2064 4492 ﬁ-

479 4517 920 4589 gura,’quamvis
947 4517 1294 4572 manifestior
1321 4518 1594 4574 videatur.
1622 4522 1686 4575 In
1712 4523 1913 4593 quibus
1942 4543 2070 4580 orn-

477 4605 665 4672 nibus,
688 4621 801 4658 non
829 4605 1051 4659 diversa
1072 4605 1509 4662 introducuntur
1530 4610 1763 4679 judicia,
1795 4614 1892 4667 sed
1921 4631 2066 4670 unus

477 4710 549 4749 ex
578 4692 837 4748 omnibus
889 4693 977 4748 vix
1032 4696 1362 4769 exprimitur
1389 4694 1619 4754 terroris
1643 4700 1781 4766 dies,
1818 4707 1875 4755 et
1922 4702 2067 4756 tanti

478 4781 816 4837 discriminis
845 4798 1035 4837 causa.
1069 4784 1138 4838 Et
1166 4784 1292 4839 ideo
1314 4785 1496 4840 adhuc
1514 4787 1627 4840 alia
1652 4805 1790 4858 quas
1833 4790 1902 4844 de
1929 4807 2069 4861 prae-

476 4870 628 4937 latis,
661 4869 862 4940 quibus
891 4872 1103 4927 credita
1131 4879 1265 4928 sunt
1308 4875 1531 4945 eloquia
1569 4876 1690 4942 Dei,
1738 4879 2068 4948 proponitur

479 4961 822 5032 comparatio
832 4966 913 5026 ,ut
922 4962 1091 5016 simul
1111 4980 1305 5017 omnes
1323 4969 1439 5018 tam
1460 4969 1705 5019 rectores
1727 4982 1895 5035 quam
1911 4968 2067 5038 plebs

479 5050 613 5120 quia
636 5048 931 5119 ignoratur
968 5056 1213 5117 10.“)
1238 5052 1433 5121 judicii
1464 5052 1600 5119 dies,
1646 5054 1877 5109 sollicite
1907 5055 2066 5110 nobis

477 5137 668 5191 lumen
688 5141 746 5191 et
758 5136 976 5191 lucrum
991 5137 1264 5194 bonorum
1285 5157 1516 5211 operum
1537 5158 2069 5213 praeparemusmec-

477 5224 613 5278 dum
633 5225 913 5280 nescimus
947 5226 1118 5297 judex
1147 5228 1351 5281 veniat.
1383 5230 1541 5284 Unde
1572 5232 1827 5302 sequitur
1856 5258 1868 5291 :
1910 5233 2067 5289 Sicut

476 5316 626 5368 enim
641 5314 796 5367 homo
802 5329 1025 5383 peregre
1040 5318 1406 5384 proﬁciscens,
1423 5322 1631 5372 vocavit
1646 5336 1824 5375 servos
1838 5339 1982 5392 suos,
2014 5328 2063 5376 et

478 5401 714 5456 tradidit
741 5404 860 5455 illis
890 5403 1030 5457 bona
1048 5419 1170 5457 sua.
1194 5404 1349 5458 Nova
1364 5404 1591 5474 quidem
1610 5412 1667 5461 et
1689 5408 1959 5465 inusitata
1976 5412 2062 5466 lo-

472 5488 646 5545 cutio.
674 5488 790 5569 Nec
817 5489 968 5544 enim
998 5490 1219 5547 reddita
1239 5491 1462 5546 videtur
1480 5495 1754 5550 sermonis
1786 5498 1952 5569 ratio,
1998 5505 2064 5555 ut

2152 4262 2209 4311 et
2232 4256 2356 4310 ideo
2378 4273 2523 4311 unus
2535 4262 2622 4311 est
2651 4258 2929 4326 Christus,
2952 4276 3215 4332 unusque
3247 4262 3352 4316 Dei
3373 4260 3559 4324 Filius,
3587 4267 3708 4309 unus

2150 4351 2208 4399 et
2226 4345 2470 4400 hominis
2508 4347 2676 4401 ﬁlius.
2714 4348 2821 4411 Qui
2837 4350 3104 4419 profeCto,
3135 4350 3456 4405 secundum
3480 4345 3614 4419 quod
3637 4343 3713 4395 h0-

2147 4434 2315 4489 minis
2338 4436 2507 4505 ﬁlius,
2537 4453 2770 4507 peregre
2796 4426 3171 4508 prOﬁCiscens,
3186 4440 3293 4493 uni
3320 4438 3477 4493 dedit
3502 4434 3713 4507 quinque

2146 4523 2378 4590 talenta,
2408 4524 2503 4578 alii
2536 4530 2727 4579 autem
2756 4525 2885 4593 duo,
2923 4526 3019 4580 alii
3044 4544 3178 4581 vero
3209 4544 3415 4593 unum,
3449 4522 3714 4591 unicuique

2148 4617 2339 4666 autem
2380 4613 2689 4668 secundum
2712 4614 3001 4686 propriam
3054 4616 3349 4681 virtutem,
3387 4620 3445 4670 et
3469 4611 3714 4686 profectus

2148 4705 2235 4753 est
2262 4702 2471 4756 statim.
2505 4703 2635 4757 Haec
2663 4709 2748 4757 est
2783 4703 3019 4774 probata
3043 4707 3292 4776 pecunia
3323 4704 3510 4769 Verbi,
3541 4702 3605 4755 de
3627 4712 3718 4769 qua

2150 4788 2355 4844 dicitur
2378 4791 2436 4845 in
2460 4791 2699 4846 Psalmis
2724 4811 2735 4846 :
2777 4794 3011 4861 Eloquia
3049 4795 3306 4862 Domini,
3333 4795 3547 4862 eloquia
3570 4794 3713 4851 casia.

2148 4883 2443 4946 argentum
2474 4882 2601 4947 igne
2629 4884 3037 4947 examinatum,
3067 4880 3379 4951 probatum
3408 4888 3564 4937 terra
3594 4891 3719 4949 pur-

2147 4971 2339 5034 gatum
2378 4972 2690 5037 septuplum
2718 4970 2889 5039 (Psal.
2921 4985 2993 5034 11,
3025 4970 3093 5038 7).
3140 4970 3433 5035 Quoniam
3475 4962 3717 5039 quidquid

2148 5053 2207 5107 in
2235 5070 2301 5109 eo
2321 5056 2491 5110 estde
2513 5057 2725 5128 Spiritu
2753 5063 2966 5125 sancto,
2991 5065 3076 5113 est
3099 5061 3601 5131 conﬂagratum,et
3615 5055 3722 5109 ideo

2150 5145 2339 5198 omnia
2356 5145 2420 5198 in
2453 5162 2518 5199 eo
2560 5147 2807 5217 pretiosa
2834 5152 2967 5202 sunt
3004 5154 3062 5202 et
3089 5151 3389 5220 praeclara.
3439 5146 3724 5214 Unicuique

2148 5243 2358 5301 autem,
2390 5236 2487 5305 qui
2515 5237 2662 5291 vires
2689 5237 2961 5308 conspicit
3015 5239 3402 5310 singulorum,
3438 5235 3725 5294 secundum

2143 5324 2429 5394 propriam
2456 5341 2781 5380 mensuram
2807 5327 3119 5400 dispertivit
3158 5330 3471 5399 pecuniam
3506 5327 3726 5381 talento-

2142 5427 2292 5479 rum,
2332 5418 2391 5467 et
2442 5429 2554 5469 non
2578 5416 2886 5470 secundum
2914 5416 3134 5486 merita,
3164 5422 3236 5472 ut
3264 5418 3465 5474 nullus
3486 5433 3547 5472 se
3573 5410 3731 5488 possit

2144 5516 2410 5557 excusare
2435 5518 2471 5557 a
2487 5503 2661 5571 lucro,
2697 5504 2856 5574 quasi
2879 5521 2994 5560 non
3018 5505 3232 5562 habeat
3256 5507 3537 5579 operandi
3565 5507 3727 5573 mata;-
