3872 6158
204 247 307 305 849

944 250 1324 308 EXPOSITIO
1364 252 1441 308 IN
1479 250 1933 308 MATTHAEUM.
1968 282 2031 293 —
2058 252 2195 307 LIB.
2237 216 2333 321 XI,
2377 254 2535 345 cap.
2577 256 2749 314 xxv.

3374 258 3483 320 850

202 374 363 428 riam.
392 373 671 439 Quoniam
700 374 800 445 qui
825 391 1021 430 sensus
1039 377 1314 448 praestitit,
1350 377 1468 447 ipse
1497 381 1554 430 et
1581 376 1863 437 talentaA
1879 376 2006 431 ideo
2036 394 2148 431 non
2162 377 2446 434 immerito
2463 380 2918 450 perfectioresilli
2944 382 3356 453 intelliguntur,
3379 385 3483 455 qui

197 465 360 534 juxta
387 463 534 517 vires
564 464 866 539 commisit,
900 481 1010 519 non
1040 483 1140 537 pro
1181 466 1460 536 largitate,
1497 471 1596 519 aut
1615 463 1799 535 parci-
1838 502 1843 505 -

200 553 520 619 tate,alteri
548 554 677 629 plus
698 553 973 623 tribuens,
994 555 1156 610 alteri
1185 571 1314 608 vero
1344 554 1548 619 minus,
1578 554 1677 608 sed
1697 569 1799 623 pro

199 641 599 712 accipientium
660 642 885 708 virtute,
940 642 1117 712 gratis
1184 642 1440 697 omnibus
1496 641 1797 696 commisit.

200 730 361 793 Quod
383 736 443 784 et
462 712 793 802 Apostolum
821 730 1015 785 fecisse
1034 731 1271 800 legimus
1300 747 1424 785 cum
1464 730 1802 801 quibusdam

199 819 285 873 lac
312 819 492 884 dedit,
528 820 627 893 qui
652 820 895 893 solidum
928 820 1115 875 cibum
1144 836 1342 891 capere
1373 820 1612 875 necdum
1639 824 1801 889 pote-

200 912 354 962 rant.
378 908 451 961 Et
468 890 782 963 notandum
804 890 953 979 quod
967 909 1027 962 in
1049 890 1240 963 Grmco
1253 902 1353 979 pro
1366 909 1603 979 pecunia
1632 924 1803 979 quam

201 997 363 1050 dedit
387 997 713 1068 unicuique,
739 992 968 1068 ἀργύριον
994 996 1184 1063 habet,
1215 1003 1281 1051 ut
1308 996 1432 1068 ipsa
1451 998 1674 1068 eloquia
1697 996 1801 1051 Dei

202 1101 305 1155 pro
337 1090 574 1156 argento
597 1086 1006 1157 signiﬁcantius
1021 1086 1426 1155 intelligantur.
1441 1086 1585 1151 Quia
1599 1102 1802 1156 argen-

199 1181 323 1227 tum
351 1174 542 1228 Graace
571 1169 801 1245 ἀργύριον
830 1181 1076 1229 vocatur.
1124 1174 1284 1229 Unde
1333 1173 1429 1245 qui
1471 1179 1805 1245 acceperunt

200 1278 234 1315 a
265 1262 496 1317 Christo
525 1263 1004 1334 dispensationem
1053 1262 1155 1317 Dei
1194 1263 1564 1334 eloquiorum,
1596 1261 1804 1316 videbis

1881 466 2213 520 diviniorem
2228 473 2284 521 et
2298 467 2681 522 sublimiorem
2714 470 3134 540 Scripturarum
3164 472 3234 526 de
3253 473 3369 526 Deo
3393 490 3482 527 ac-

1881 562 2149 625 ceperunt
2180 556 2528 611 intellectum
2558 562 2615 611 et
2643 559 3046 628 operationem,
3080 566 3145 614 ut
3174 566 3384 631 queant
3418 577 3481 615 se

1881 646 1939 696 et
1965 643 2105 696 alios
2130 643 2185 696 in
2216 643 2418 697 divinis
2446 645 2688 698 erudire.
2710 646 2921 701 Idcirco
2943 664 3055 701 non
3080 648 3151 702 ad
3181 664 3482 704 numerum

1882 730 2171 785 referenda
2190 736 2276 786 est
2294 732 2437 786 ratio
2463 733 2807 788 talentorum
2824 739 3065 801 tantum,
3088 752 3284 791 verum
3307 737 3481 793 etiam

1884 826 1942 873 et
1963 820 2033 873 ad
2048 820 2349 890 pondus,et
2366 821 2437 874 ad
2459 822 2787 891 qualitatem
2812 841 2825 890 ;
2858 824 3124 893 quoniam
3143 825 3270 895 plus
3290 834 3377 880 est
3393 842 3483 881 ac-

1883 908 2068 979 cipere
2097 909 2208 963 duo
2227 909 2441 963 talenta
2467 910 2610 975 auri,
2641 927 2810 981 quam
2836 912 3085 983 quinque
3113 914 3352 983 argenti.
3371 915 3483 970 No-

1882 997 1962 1051 vit
1989 997 2140 1051 enim
2170 997 2269 1068 qui
2297 997 2581 1052 distribuit
2609 1014 2712 1053 sua
2734 1000 2908 1054 servis
2936 1000 3074 1068 suis,
3105 1001 3341 1057 virtutes
3370 1003 3483 1058 sin-

1882 1086 2165 1156 gulorum,
2194 1090 2251 1139 et
2277 1085 2404 1140 ideo
2459 1087 2818 1156 cogitandum
2871 1089 3174 1160 unicuique
3229 1091 3364 1161 quid
3392 1091 3481 1145 vel

1887 1182 2163 1246 quantum
2184 1175 2479 1245 acceperit.
2508 1176 2654 1229 Ante
2676 1176 2865 1230 omnia
2914 1178 3019 1232 hoc
3063 1178 3204 1233 scire
3232 1179 3482 1250 primum

1886 1264 2161 1329 convenit,
2186 1263 2335 1333 quod
2362 1263 2504 1317 nihil
2532 1262 2701 1317 habet
2737 1264 2905 1319 homo
2933 1265 2993 1319 in
3021 1267 3175 1320 omni
3212 1267 3480 1323 facultate

206 1351 350 1405 alios
376 1352 623 1423 amplius
640 1368 710 1407 ac
737 1352 980 1406 divinius
1004 1352 1300 1423 accepisse,
1335 1352 1474 1405 alios
1502 1357 1690 1405 autem
1707 1351 1807 1404 mi—
1884 1369 2076 1406 rerum
2101 1352 2339 1406 interius
2369 1352 2697 1418 exteriusve,
2730 1354 2880 1423 quod
2940 1370 3053 1407 non
3083 1357 3377 1426 acceperit.
3411 1357 3483 1412 Et

202 1456 335 1508 nus,
361 1448 419 1495 et
447 1445 511 1495 ut
537 1441 619 1495 ita
645 1441 846 1508 dicam,
864 1457 1048 1511 neque
1072 1440 1131 1494 in
1160 1440 1392 1494 dimidio
1422 1456 1517 1493 eos
1536 1439 1809 1509 intellige-
1887 1441 2159 1511 quidquid
2179 1446 2263 1494 est
2282 1441 2340 1495 in
2358 1442 2624 1512 quinque,
2638 1446 2739 1495 aut
2751 1441 2997 1507 duobus,
3011 1443 3097 1495 vel
3111 1442 3171 1496 in
3189 1459 3302 1497 uno
3332 1445 3483 1515 quod

205 1547 268 1585 re
298 1547 495 1585 rerum
526 1530 752 1601 negotia
774 1548 787 1597 ;
816 1530 956 1583 alios
986 1535 1176 1583 autem
1195 1529 1377 1583 adhuc
1396 1528 1582 1582 minus
1600 1527 1807 1582 habere
1889 1531 2121 1602 accepit,
2139 1531 2281 1584 nihil
2296 1536 2384 1584 est
2397 1531 2639 1601 amplius
2671 1531 2821 1601 quod
2841 1517 3143 1602 quaeratur,
3163 1532 3211 1586 si
3235 1532 3486 1603 duplica»-

205 1618 555 1690 capacitatis.
589 1618 839 1682 Quorum
867 1617 914 1671 si
946 1618 1290 1671 diﬁ‘erentias
1343 1616 1677 1683 consideres,
1711 1617 1865 1692 qui“
1890 1624 2013 1674 tum
2032 1621 2173 1674 illud
2186 1621 2462 1675 retulerit.
2479 1620 2757 1683 Quoniam
2775 1621 3016 1675 multum
3036 1626 3139 1688 est,
3150 1622 3312 1691 juxta
3332 1623 3485 1692 quod

207 1708 510 1780 pecuniam
537 1707 750 1761 domini
802 1711 1169 1778 susceperunt
1222 1706 1293 1759 ad
1346 1682 1990 1776 dispensandam,Bnos
2012 1710 2197 1779 exigui
2252 1710 2531 1763 aestimare
2585 1725 2904 1780 possumus,
2955 1710 3003 1762 si
3033 1710 3223 1764 omnia
3254 1710 3484 1780 quidem

208 1796 427 1852 videbis
477 1796 626 1867 quod
685 1796 794 1850 alia
856 1795 962 1849 fuit
1016 1795 1192 1849 virtus
1221 1811 1435 1861 eorum,
1468 1800 1524 1847 et
1563 1793 1808 1847 efﬁcacia
1888 1797 2175 1852 sensibilia
2200 1814 2413 1859 rerum,
2441 1814 2565 1867 quae
2586 1797 2834 1867 quinque
2882 1797 3173 1867 subjacent
3199 1798 3477 1866 sensibus,

208 1885 439 1952 mentis,
481 1884 684 1956 quibus
720 1884 856 1938 data
894 1890 1025 1938 sunt
1055 1884 1303 1954 quinque
1325 1884 1559 1949 talenta,
1602 1887 1659 1936 et
1694 1881 1807 1935 alia
1887 1885 2163 1956 explicare
2191 1885 2561 1955 potuerimus,
2590 1886 2676 1938 vel
2705 1890 3049 1941 commutare
3088 1886 3160 1939 ad
3187 1891 3398 1942 aeterna
3425 1893 3483 1942 et

206 1974 413 2045 quibus
443 1974 576 2041 duo,
606 1973 718 2027 alia
745 1989 874 2027 vero
904 1972 1106 2042 quibus
1131 1972 1481 2026 solummodo
1509 1988 1705 2038 unum,
1739 1987 1805 2025 eo
1889 1975 2095 2037 divina,
2130 1979 2193 2028 ut
2212 1973 2321 2044 ipsi
2361 1988 2561 2026 sensus
2591 1974 2837 2042 ﬁagrent
2864 1972 2923 2026 in
2961 1972 3123 2027 nobis
3150 1974 3473 2041 diviniores,

205 2063 359 2134 quod
387 2062 532 2117 alter
555 2063 787 2116 alterius
816 2078 929 2116 non
958 2061 1214 2133 capiebat
1237 2077 1581 2115 mensuram.
1613 2060 1682 2114 Et
1709 2060 1807 2131 qui
1889 2062 2176 2119 exercitati
2191 2062 2263 2115 ad
2283 2078 2351 2115 ea
2377 2078 2499 2132 quae
2530 2068 2567 2126 ι
2583 2065 2775 2126 043
2798 2077 3021 2131 semper
3034 2061 3185 2115 idem
3196 2068 3329 2117 sunt
3349 2079 3484 2133 qua-

205 2168 389 2207 unum
435 2152 652 2222 accepit
673 2150 973 2216 talentum,
1005 2167 1119 2204 non
1148 2149 1563 2220 contemptibile
1593 2150 1808 2220 accepit
1888 2156 2054 2207 tenus
2082 2152 2151 2206 de
2170 2150 2511 2206 transitoriis
2539 2154 2596 2203 et
2617 2149 3020 2220 temporalibus
3034 2151 3376 2221 sempiterna
3391 2153 3482 2207 lu-

203 2242 437 2295 donum.
462 2241 703 2294 Multum
730 2245 816 2294 est
836 2240 984 2294 enim
1011 2239 1097 2293 vel
1122 2255 1299 2292 unum
1318 2238 1463 2291 tanti
1483 2238 1694 2292 domini
1714 2244 1804 2292 ta—
1888 2257 2127 2296 cremur.
2162 2241 2280 2294 Hoc
2317 2238 2521 2310 quippe
2547 2242 2635 2292 est
2688 2238 2758 2292 de
2804 2238 3052 2309 quinque
3096 2239 3325 2294 talentis
3370 2241 3484 2297 alia

202 2330 424 2384 lentum
442 2329 753 2400 accepisse;
794 2333 851 2382 et
875 2329 1000 2382 ideo
1029 2328 1336 2382 cavendum
1387 2343 1457 2381 ne
1479 2328 1539 2380 in
1566 2344 1803 2381 vacuum
1886 2331 2132 2401 quinque
2156 2328 2379 2394 lucrari,
2412 2344 2541 2381 cum
2568 2327 2627 2381 in
2653 2327 2864 2382 eisdem
2883 2329 3273 2399 temporaliter
3290 2345 3485 2401 Opera-

201 2417 530 2488 accipiatur.
586 2416 695 2470 Sed
726 2416 1192 2470 considerandum
1221 2416 1289 2469 de
1334 2421 1452 2469 tam
1489 2415 1803 2469 innumeris
1886 2436 2034 2485 mur,
2050 2417 2461 2488 utpereosdem
2475 2415 2846 2485 nosmetipsos
2869 2417 3326 2483 exercitantes,et
3343 2420 3483 2475 alios

199 2505 376 2559 servis
388 2505 514 2573 ejus
547 2503 641 2574 qui
670 2503 948 2574 profectus
969 2509 1073 2569 est,
1097 2503 1257 2574 quasi
1283 2504 1451 2557 homo
1477 2502 1802 2573 paterfami-
1884 2506 2326 2572 instruentes,ad
2340 2506 2617 2575 majorum
2627 2504 2899 2558 virtutum
2916 2505 3163 2559 culmina
3175 2507 3484 2577 erigamus,

198 2582 320 2659 lias,
358 2609 425 2647 ac
448 2598 686 2663 patrem,
726 2592 861 2663 quid
894 2598 982 2646 est
1009 2593 1158 2663 quod
1202 2592 1316 2646 tria
1360 2607 1570 2661 genera
1606 2607 1803 2645 eorum
1883 2598 2075 2669 sicque
2105 2596 2390 2667 duplicata
2416 2593 2605 2648 omnia
2657 2598 3028 2664 reportemus,
3058 2600 3177 2649 tam
3228 2596 3289 2650 in
3319 2597 3480 2653 nobis

201 2681 561 2736 solummodo
585 2681 865 2752 proponit,
917 2681 1119 2752 quibus
1147 2680 1295 2735 bona
1337 2697 1439 2734 sua
1476 2678 1803 2734 distribuit?
1886 2703 2055 2757 quam
2074 2686 2133 2739 in
2146 2684 2433 2756 proximis,
2459 2687 2525 2736 ut
2547 2683 2617 2735 de
2644 2681 3047 2752 temporalibus
3064 2688 3294 2753 aeterna,
3325 2690 3383 2739 et
3409 2686 3480 2741 de

200 2771 358 2824 Facit
370 2771 568 2840 itaque
586 2770 690 2823 hoc
706 2768 869 2835 forte,
888 2769 959 2823 ad
975 2770 1290 2841 exemplum
1310 2769 1469 2823 bona?
1505 2775 1690 2836 terrae,
1733 2769 1802 2823 de
1883 2775 2106 2831 caducis
2122 2780 2178 2828 et
2191 2771 2534 2828 transitoriis
2545 2769 2960 2842 rebus,semper
2974 2772 3264 2827 manentia
3289 2774 3481 2845 acqui-

199 2875 304 2928 qua
317 2860 450 2929 jam
468 2916 477 2923 ,
497 2874 672 2929 supra
695 2858 912 2912 dixerat
929 2858 988 2912 in
1003 2857 1303 2929 parabolis,
1319 2858 1467 2928 quod
1497 2859 1804 2913 seminave—
1883 2881 2096 2919 ramus.
2129 2864 2200 2917 Et
2215 2860 2527 2916 notandum
2573 2860 2738 2930 quod,
2754 2859 2862 2914 ait:
2881 2861 3022 2927 Quia
3041 2867 3295 2929 operatus
3318 2868 3393 2917 est
3415 2866 3482 2918 in

198 2947 269 3000 rit
297 2947 362 3001 in
395 2946 858 3016 ea,fructumque
890 2946 1103 3012 fecerit,
1132 2948 1304 3001 alium
1336 2946 1725 3009 centesimum,
1748 2951 1861 3021 etn
1886 2958 1981 3018 eis,
2005 2956 2318 3007 etlucratus
2336 2956 2412 3004 est
2430 2952 2549 3019 alia
2567 2952 2829 3018 quinque.
2860 2949 3133 3015 Profecto,
3159 2951 3293 3021 quia
3310 2968 3480 3007 nemo

200 3036 373 3089 alium
394 3035 832 3105 sexagesimum,
853 3040 911 3089 et
937 3036 1111 3090 alium
1124 3036 1615 3107 trigesimum.Sed
1635 3052 1805 3106 supra
1819 3035 1862 3055 υ
1885 3042 2046 3095 facile
2060 3042 2277 3095 lucrum
2294 3038 2517 3092 virtutis
2546 3037 2760 3107 accepit
2792 3037 3045 3103 alterius,
3073 3037 3183 3092 nisi
3227 3055 3294 3092 ex
3332 3040 3481 3095 dono

201 3125 291 3194 qui
322 3124 685 3195 trigesimum
705 3124 836 3179 fecit
860 3126 1103 3180 fructum
1130 3126 1409 3194 salvatur;
1442 3132 1480 3191 Ι
1495 3130 1686 3191 042
1715 3125 1805 3178 hic
1885 3130 2081 3200 gratiae
2097 3130 2258 3199 cujus
2280 3127 2529 3199 percepit
2547 3126 2853 3192 semina,ut
2862 3131 2999 3196 puta
3016 3125 3200 3181 ﬁdelis
3216 3126 3276 3180 in
3285 3127 3484 3195 ﬁde,et

201 3219 389 3267 autem
422 3212 690 3283 arguitur
726 3213 822 3283 qui
859 3230 1036 3268 unum
1087 3220 1380 3285 acceperat
1406 3215 1707 3279 talentum,
1748 3218 1807 3268 et
1886 3219 2109 3289 sapiens
2136 3218 2197 3271 in
2232 3215 2526 3287 sapientia,
2554 3214 2708 3267 dives
2739 3214 2799 3267 in
2841 3214 3257 3284 dispensatione
3287 3231 3483 3271 rerum

200 3302 497 3358 abscondit
527 3303 666 3357 illud
692 3303 750 3357 in
777 3308 947 3358 terra.
984 3305 1063 3358 Ac
1089 3309 1409 3376 prOpterea',
1440 3303 1574 3357 licet
1593 3319 1707 3357 una
1733 3302 1807 3355 sit
1890 3323 2139 3362 suarum.
2161 3305 2251 3360 Sic
2266 3310 2323 3359 et
2340 3305 2398 3357 in
2418 3303 2650 3373 reliquis
2674 3301 2934 3357 omnibus
2967 3318 3090 3373 quae
3116 3303 3384 3375 percepit.
3408 3305 3481 3365 Et

199 3390 378 3461 ﬁgura
409 3395 475 3445 in
503 3408 761 3460 numero,
792 3392 1013 3447 diversa
1051 3399 1137 3447 est
1171 3399 1361 3447 tamen
1389 3393 1449 3445 in
1476 3392 1641 3445 facto.
1678 3392 1805 3445 Una
1884 3395 2011 3450 ideo
2035 3395 2221 3449 videat
2244 3393 2650 3464 unusquisque,
2685 3397 2751 3447 ut
2778 3391 2911 3459 dixi,
2944 3391 3078 3462 quid
3113 3398 3172 3446 et
3202 3398 3480 3463 quantum

198 3479 484 3551 siquidem
520 3486 675 3535 terra
710 3481 770 3536 in
809 3498 921 3552 qua
956 3482 1286 3548 seminatur,
1318 3481 1415 3535 sed
1459 3481 1680 3534 cultura
1715 3479 1804 3532 di-
1885 3484 2133 3555 accepit;
2164 3483 2224 3536 in
2243 3487 2386 3550 arte,
2412 3482 2472 3535 in
2497 3481 2804 3547 intellectu,
2837 3481 2897 3534 in
2939 3479 3187 3550 quolibet
3210 3481 3466 3551 ingenio.

196 3584 371 3636 versa,
418 3575 481 3624 et
515 3569 912 3640 inaequalitatis
952 3570 1158 3625 laboris
1195 3587 1409 3637 eorum,
1447 3570 1543 3641 qui
1570 3585 1803 3623 manum
1953 3573 2232 3627 Similiter
2253 3577 2302 3625 et
2326 3574 2427 3639 qui
2439 3571 2549 3624 duo
2570 3573 2779 3624 talenta
2805 3573 3372 3637 acceperat,operatus
3399 3575 3476 3623 est

190 3657 427 3713 mittunt
449 3658 512 3712 in
541 3663 750 3711 aratro.
772 3656 1079 3729 Propterea
1106 3659 1242 3713 dum
1266 3660 1467 3726 varias,
1518 3658 1655 3712 satis
1692 3658 1803 3711 dis—
1882 3664 1949 3715 in
1969 3663 2064 3725 eis,
2091 3665 2141 3714 et
2170 3663 2420 3713 lucratus
2444 3662 2517 3711 est
2543 3660 2661 3711 alia
2681 3657 2808 3710 duo.
2835 3655 3108 3708 Similiter
3157 3670 3289 3724 ergo
3311 3654 3472 3723 abiit,

188 3747 483 3815 pensative
511 3746 768 3817 depingit
790 3746 1188 3816 parabolarum
1216 3748 1444 3813 formas,
1460 3752 1518 3800 et
1545 3746 1802 3817 splendo-
1880 3755 1946 3804 ut
1974 3756 2031 3804 et
2050 3748 2143 3802 ille
2174 3748 2270 3818 qui
2291 3747 2556 3817 quinque.
2602 3744 2711 3799 Sed
2757 3759 2866 3813 quo
2912 3742 3386 3812 abiit'lNunquid
3412 3744 3475 3798 in

192 3832 380 3889 dorem
412 3834 608 3889 reddit
638 3850 956 3901 causarum,
986 3839 1044 3888 et
1069 3836 1366 3906 specialius
1395 3834 1623 3905 negotia
1650 3834 1798 3888 desi-
1879 3838 2168 3908 regionem
2191 3836 2576 3906 longinquam,
2612 3838 2676 3886 ut
2704 3836 2841 3902 puta
2858 3830 2955 3884 ille
2979 3830 3386 3885 adolescentior
3411 3833 3476 3885 ﬁ-

190 3930 321 3991 gnat
346 3923 735 3993 singulorum.
754 3923 914 3976 Unde
945 3923 1050 3977 hoc
1078 3924 1360 3995 loco,quia
1385 3924 1454 3978 de
1483 3923 1797 3977 commissis
1878 3927 2033 3981 lius?
2056 3928 2180 3981 Non
2211 3925 2421 3995 utique.
2453 3923 2562 3977 Sed
2608 3938 2717 3992 quo
2765 3918 2945 3974 abiit?
2998 3918 3152 3973 Abiit
3179 3924 3371 3973 autem
3398 3920 3471 3974 ad

191 4013 373 4081 agitur
386 4011 643 4069 talentis.
662 4011 733 4064 ad
754 4027 931 4065 unum
970 4028 1149 4084 usque
1160 4014 1428 4084 pervenit.
1463 4014 1605 4078 Quia
1631 4030 1797 4067 nemo
1878 4017 2240 4086 semetipsum
2271 4016 2535 4084 percepta
2558 4010 2762 4081 gratia,
2786 4007 2883 4062 ubi
2910 4013 2967 4063 et
2992 4007 3086 4061 ille
3114 4007 3300 4061 minor
3323 4007 3472 4063 ﬁlius

190 4105 290 4169 est,
306 4100 406 4170 qui
431 4105 533 4153 aut
566 4099 815 4169 quinque
828 4115 941 4153 non
972 4101 1203 4171 accepit,
1229 4103 1469 4168 autduo,
1486 4108 1586 4156 aut
1596 4118 1793 4156 unum.
1878 4122 2134 4160 reversus
2149 4103 2371 4158 dicitur.
2386 4101 2530 4166 Quia
2543 4100 2689 4153 male
2709 4103 2867 4152 extra
2884 4113 2944 4150 se
2973 4095 3208 4151 diﬁ'usus
3232 4094 3471 4165 abierat,

190 4187 339 4242 Sicut
367 4205 543 4243 nemo
560 4194 664 4253 est,
691 4188 785 4258 qui
803 4195 905 4243 aut
920 4190 1168 4262 quinque
1185 4209 1380 4246 sensus
1406 4192 1654 4262 corporis
1683 4208 1797 4245 non
1882 4200 1939 4249 et
1959 4193 2283 4265 perdiderat
2301 4207 2468 4246 omne
2486 4187 2888 4259 patrimonium
2909 4202 2944 4239 a
2962 4186 3130 4239 Patre
3148 4185 3299 4255 quod
3317 4201 3474 4241 acce-
3498 4230 3501 4233 λ

189 4274 411 4343 habeat,
443 4283 546 4331 aut
586 4276 935 4332 intellectum
982 4285 1039 4332 et
1065 4281 1471 4351 Operationem,
1511 4286 1660 4335 certe
1698 4285 1797 4334 aut
1881 4290 2058 4354 perat.
2094 4282 2196 4336 Hic
2223 4286 2412 4335 autem
2433 4278 2572 4332 abiit
2599 4278 2661 4331 in
2690 4275 3145 4345 semetipsum,et
3173 4274 3472 4330 commissa

192 4368 476 4422 rationem
505 4383 621 4437 qua
648 4366 1001 4423 discernatur
1028 4386 1061 4422 a
1092 4369 1303 4436 bestiis,
1324 4375 1388 4423 ut
1416 4376 1716 4440 cognoscat
1733 4388 1794 4424 se
1812 4354 1861 4413 D
1877 4372 1984 4426 sibi
2013 4372 2160 4426 dona
2181 4367 2445 4432 exercuit,
2477 4383 2549 4421 ne
2572 4366 2632 4419 in
2652 4379 2890 4418 vacuum
2938 4362 3181 4433 gratiam
3222 4361 3327 4416 sibi
3353 4363 3471 4418 col-

193 4456 554 4511 rationalem.
588 4457 767 4511 Nemo
796 4461 987 4511 tamen
1016 4457 1136 4511 sine
1164 4459 1352 4529 aliquo
1398 4459 1679 4513 invenitur
1713 4464 1819 4523 tas
1878 4464 2050 4517 latam
2079 4460 2367 4514 retineret.
2403 4456 2564 4511 Unde
2602 4453 2810 4507 Paulus
2859 4450 3206 4522 gloriabatur
3236 4450 3464 4506 dicens:

189 4544 360 4609 lento,
379 4547 459 4600 de
483 4561 594 4615 quo
610 4546 907 4611 rationem,
935 4546 1070 4617 quia
1085 4546 1435 4601 rationabilis
1453 4553 1674 4602 creatus
1689 4553 1791 4613 est,
1878 4553 1944 4606 Et
1963 4552 2151 4617 gratia
2162 4552 2276 4616 ejus
2298 4546 2359 4599 in
2380 4561 2465 4599 me
2486 4558 2661 4597 vacua
2696 4558 2810 4595 non
2837 4542 2951 4607 fuit
2977 4541 3051 4612 (1.
3085 4540 3206 4594 Gor.
3227 4553 3321 4606 xv,
3349 4536 3464 4609 16).

194 4634 389 4688 reddat
414 4633 679 4688 Domino.
696 4634 805 4689 Sed
833 4634 978 4688 sicut
1009 4634 1159 4689 beati
1185 4641 1337 4699 sunt,
1381 4636 1477 4708 qui
1506 4637 1796 4708 duplicant

191 4721 245 4775 in
262 4724 492 4777 lucrum
522 4722 674 4793 quod
704 4729 1069 4794 acceperunt:
1103 4724 1185 4777 ita
1213 4724 1405 4779 miseri
1442 4730 1500 4780 et
1527 4725 1792 4790 infelices,

194 4812 281 4880 qui
308 4813 367 4865 in
392 4811 645 4865 terrenis
667 4812 884 4867 actibus
912 4829 972 4866 se
993 4813 1350 4883 demergunt,
1367 4820 1425 4868 et
1448 4814 1798 4869 abscondunt

191 4898 245 4952 in
270 4905 490 4954 terram
516 4901 798 4954 talentum
827 4900 975 4971 quod
1001 4909 1358 4972 acceperunt.
1389 4904 1584 4973 Neque
1620 4904 1796 4974 igitur

192 4988 357 5042 miser
383 5005 457 5044 eo
478 4989 630 5060 quod
648 5004 826 5043 unum
861 4990 1157 5062 acceperit,
1183 4992 1281 5046 sed
1309 4992 1453 5055 ideo,
1485 4993 1619 5062 quia
1645 4995 1795 5064 quod

190 5079 423 5149 accepit,
458 5077 703 5132 terrenis
746 5085 1128 5149 praegravatus
1180 5081 1440 5135 oneribus
1477 5082 1797 5152 praefocavit

193 5165 323 5219 illud
354 5168 416 5219 in
438 5171 612 5233 terra,
637 5171 695 5219 et
713 5166 772 5219 in
800 5168 1119 5222 carnalibus
1144 5170 1433 5238 praesentis
1460 5171 1586 5225 vitae
1615 5171 1796 5241 operi-

194 5253 289 5309 bus
302 5254 546 5319 defodit,
580 5271 653 5310 ne
674 5256 851 5310 ullum
871 5257 1111 5311 caelestis
1140 5257 1263 5311 vita:
1300 5258 1526 5312 aﬂ‘erret
1550 5260 1790 5313 lucrum.

192 5343 345 5399 Unde
369 5344 543 5398 multi
564 5351 826 5415 quaerunt
855 5346 1086 5416 quinam
1105 5346 1330 5400 illorum
1352 5347 1478 5417 plus
1494 5348 1791 5418 acceperit,

191 5439 382 5487 utrum
416 5432 521 5503 qui
555 5433 804 5503 quinque
831 5435 1046 5489 talenta
1087 5435 1384 5506 acceperit,
1413 5452 1486 5488 an
1513 5437 1609 5505 qui
1641 5437 1793 5491 duo?

193 5520 333 5576 Nam
372 5526 436 5576 et
476 5521 816 5576 talentorum
859 5538 1069 5591 genera
1104 5523 1216 5577 tria
1262 5540 1384 5577 esse
1407 5523 1690 5578 dicuntur.
1724 5526 1799 5587 Et

1880 4641 2011 4696 Haec
2025 4644 2111 4692 est
2135 4651 2379 4706 namque
2405 4631 2589 4704 gratia
2616 4630 2747 4684 fidei
2776 4633 2835 4683 et
2883 4628 3242 4699 operationis,
3296 4645 3469 4699 quam

1875 4729 2135 4784 universo
2149 4724 2342 4795 generi
2367 4724 2615 4776 humano
2643 4718 2880 4788 largitus
2899 4723 2986 4771 est
3012 4717 3228 4787 gratis;
3260 4723 3318 4771 et
3338 4734 3471 4772 san-

1879 4818 1983 4872 ctis
2004 4813 2324 4871 doctoribus
2380 4814 2627 4882 potestas
2669 4804 2987 4876 evangelica
3028 4805 3465 4876 praedicationis.

1876 4907 2057 4972 Quam
2086 4921 2220 4960 sane
2246 4900 2489 4974 gratiam
2511 4896 2896 4967 unusquisque
2923 4911 2989 4948 ac
3016 4894 3065 4948 si
3102 4894 3213 4948 duo
3232 4894 3467 4960 talenta,

1877 4996 2183 5051 secundum
2214 5005 2536 5046 mensuram
2555 4986 2686 5041 fidei
2713 5002 2847 5052 suae,
2879 4984 3029 5055 quod
3060 4988 3145 5037 est
3163 4983 3473 5037 secundum

1877 5082 2162 5155 propriam
2188 5081 2453 5133 virtutem
2480 5075 2747 5148 percepit.
2775 5075 2909 5128 Haec
2936 5072 3087 5127 enim
3124 5077 3211 5126 est
3237 5087 3273 5123 a
3300 5071 3469 5125 Patre

1876 5173 2203 5240 incorrupta
2222 5173 2430 5221 aeterna
2457 5163 2790 5229 substantia,
2828 5163 2934 5217 hoc
2962 5160 3171 5217 Christi
3206 5159 3475 5230 patrimo-

1878 5260 2035 5314 nium
2049 5256 2274 5313 mternis
2290 5254 2600 5310 haeredibus
2620 5257 2984 5308 reservatum.
2998 5249 3159 5305 Unde
3178 5248 3313 5318 quia
3331 5249 3474 5305 duos

1876 5327 2114 5421 populos
2131 5347 2202 5401 ad
2218 5346 2361 5399 hanc
2378 5345 2622 5415 gratiam
2640 5342 2875 5407 vocavit,
2888 5356 3000 5394 non
3012 5338 3473 5393 inconvenienter

1878 5436 1976 5493 uni
1985 5437 2193 5507 dicitur
2202 5435 2448 5506 quinque
2458 5434 2678 5488 dedisse
2691 5431 2924 5495 talenta,
2931 5428 3142 5483 scilicet
3156 5432 3215 5482 et
3221 5427 3471 5498 primum

1878 5524 1975 5599 qui
2000 5541 2067 5579 ex
2092 5524 2215 5593 lege
2267 5521 2521 5579 credidit.
2551 5521 2602 5573 Α
2655 5531 2767 5587 qua
2817 5515 3190 5587 proﬁciscens,
3214 5518 3279 5567 ut
3305 5507 3466 5584 _dixi,
