3872 6158
399 340 503 399 851
1158 335 1216 397 s.
1260 330 1640 396 PASCHASII
1678 328 2040 395 RADBERTI
2077 330 2381 396 ABBA'I‘IS
2421 324 2914 395 CORBEIst‘Is.
3511 336 3596 398 852

399 465 540 523 abiit
565 465 626 519 in
651 463 1037 537 semetipsum,
1070 471 1129 520 et
1154 465 1224 519 ad
1246 466 1487 535 gratiam
1521 465 1851 535 evangelicae
1863 465 2065 536 ρπβ-Α
2083 460 2437 530 distribuere,
2469 466 2537 518 ut
2555 469 2655 517 aut
2690 460 2795 534 ipsi
2848 466 2949 517 aut
2992 463 3173 517 caeteri
3217 450 3515 535 intelligant,
3545 466 3603 519 ad

403 554 701 610 dicationis
730 568 900 626 quam
920 553 1182 625 percepit.
1215 554 1281 607 In
1330 564 1440 622 qua
1468 557 1635 617 recte,
1662 554 1824 623 juxta
1852 552 2000 624 quod
2082 547 2231 621 quod
2261 549 2434 603 creati
2454 551 2604 602 sunt.
2637 546 2796 602 Unde
2820 546 3054 603 dicitur:
3085 545 3250 602 Homo
3270 564 3386 603 cum
3408 554 3461 603 in
3477 551 3609 604 hono-

410 660 586 716 supra
611 646 747 711 dixi,
773 645 963 699 omnia
986 654 1111 715 qua!
1141 642 1432 713 subjacent
1468 642 1717 715 quinque
1745 643 2000 698 sensibus
2080 654 2141 692 re
2162 642 2309 704 esset,
2333 652 2445 691 non
2470 638 2742 691 intellexit
2764 636 2928 705 (Psat.
2956 649 3150 703 XLvIII,
3185 632 3268 707 i3)
3286 656 3301 704 ;
3322 638 3439 707 quia
3468 636 3611 692 talena

406 733 745 806 duplicavit;
778 746 904 788 cum
934 738 993 787 et
1027 733 1138 785 ista
1173 744 1298 802 qua;
1333 731 1838 803 impmsentiarum
1869 749 1999 787 sen-
2080 732 2138 781 to
2160 726 2395 781 rationis
2414 741 2525 780 non
2546 724 2955 797 dispensatoris
2977 740 3114 780 usus
3133 731 3235 792 est,
3254 728 3316 780 ut
3331 727 3480 781 sciret
3494 718 3612 799 quod

405 822 646 889 tiuutur,
668 822 740 876 ad
755 822 856 876 Dei
875 821 1059 875 Patris
1078 818 1275 874 retulit
1300 819 1536 890 gloriam
1558 838 1570 887 ;
1602 821 1660 873 et
1681 826 1747 873 ex
1775 819 1898 873 istis
1912 820 2001 873 ιιι-α
2083 818 2153 874 ad
2182 818 2285 873 Dei
2304 824 2526 873 creatus
2552 822 2701 872 esset
2725 810 3154 889 imaginem,sed
3176 817 3446 873 abscondit
3467 823 3614 873 totum

405 916 597 965 exutus
623 906 709 964 est
734 910 849 969 alia
896 908 1144 979 quinque
1184 908 1444 975 interius,
1475 912 1540 962 ut
1587 912 1739 961 totus
1768 907 2005 962 interior
2084 906 2234 979 quod
2291 911 2584 978 acceperat
2635 906 2696 961 in
2744 907 2989 961 terrenis
3041 904 3272 972 actibus,
3301 911 3355 961 et
3381 906 3617 978 voluptate

403 999 574 1054 homo
603 998 728 1053 istis
759 997 1010 1069 quinque
1038 996 1296 1052 sensibus
1324 998 1569 1064 ιθιιι
1605 1010 1903 1051 conversus
1930 995 2002 1051 ad
2083 996 2657 1067 carnis,semetipsum
2686 996 2990 1051 carnaliter
3014 995 3390 1062 servans,dum
3406 997 3618 1070 Πείρω-

403 1088 946 1158 Deum,pertruatur
961 1078 1205 1141 aeternis.
1230 1082 1335 1141 Cui
1357 1074 1489 1157 quia
1508 1085 1736 1139 fuerunt
1755 1085 2003 1159 quinque
2083 1090 2245 1157 cepta
2264 1084 2499 1158 implere
2523 1084 2785 1155 neglexit.
2841 1082 2987 1139 Hinc
3032 1083 3176 1139 alius
3204 1084 3518 1157 evangelista
3541 1084 3618 1151 ait,

405 1176 704 1231 commissa
718 1176 946 1233 domino
974 1176 1247 1229 redeunte
1272 1170 1342 1229 de
1366 1175 1615 1245 quinque
1634 1171 1822 1227 decem
1846 1173 2005 1227 obtu-
2085 1174 2233 1248 quod
2254 1175 2313 1229 in
2342 1173 2570 1228 sudario
2595 1174 2891 1245 pecuniam
2921 1166 3136 1229 domini
3194 1173 3280 1227 sui
3320 1172 3620 1243 religaverat,

405 1266 494 1331 lit,
517 1266 649 1337 quia
681 1278 806 1335 quae
834 1265 976 1335 legis
1004 1268 1139 1319 sunt
1164 1262 1485 1335 daplicavit,
1513 1263 1648 1316 dum
1675 1268 1730 1317 et
1757 1258 2004 1337 quinque
2086 1263 2218 1335 quia
2241 1262 2550 1318 doctrinam
2601 1260 3038 1333 patrisfamilias,
3089 1260 3332 1316 molliter
3360 1265 3411 1316 et
3431 1261 3624 1316 delicate

404 1353 579 1408 verba
605 1354 746 1409 Novi
773 1353 1138 1418 Testamenti,
1166 1354 1329 1423 juxta
1382 1352 1620 1406 Paulum
1667 1351 2001 1423 apostolum,
2085 1351 2339 1419 vivendo,
2366 1351 2563 1406 timide
2576 1352 2716 1406 satis
2744 1351 3044 1405 enervavit.
3076 1350 3145 1405 Et
3174 1350 3360 1405 omnia
3386 1365 3495 1421 quae
3517 1349 3628 1404 didi-

406 1441 702 1514 spiritalia,
734 1442 1042 1496 secundum
1069 1441 1397 1496 interiorem
1417 1440 1704 1495 hominem
1732 1446 1889 1495 extra
1904 1440 2007 1493 hos
2090 1442 2183 1509 cit,
2212 1458 2276 1495 ac
2295 1436 2341 1494 si
2371 1434 2431 1494 in
2451 1440 2676 1494 sudario
2706 1434 2977 1510 religavit,
2995 1455 3124 1493 cum
3152 1455 3373 1494 omnem
3397 1428 3628 1492 rationein

410 1532 661 1602 quinque
696 1542 913 1595 sensus,
969 1530 1300 1601 spiritaliter
1343 1531 1543 1601 magis,
1594 1545 1765 1601 quam
1815 1529 2007 1583 decem
2089 1547 2250 1586 suam
2271 1546 2335 1584 ac
2362 1529 2720 1601 prudentiam
2748 1529 2809 1582 in
2838 1522 3156 1583 carnalibus
3184 1520 3393 1583 actibus
3418 1528 3629 1598 implica-

408 1618 591 1678 millia
615 1605 1101 1691 verberum,loqui
1129 1621 1189 1673 in
1218 1620 1463 1674 Ecclesia
1490 1606 1720 1683 didicit;
1764 1620 1822 1671 et
1849 1617 2008 1688 quin-
2087 1619 2192 1686 vit;
2225 1617 2294 1673 de
2314 1634 2425 1689 qua
2452 1616 2673 1685 dicitur,
2702 1616 2836 1688 quia
2858 1619 3165 1690 prudentia
3195 1619 3378 1672 carnis
3406 1631 3537 1669 mors
3574 1620 3633 1668 est

412 1722 523 1779 que
548 1707 820 1764 librorum
850 1706 1030 1779 Moysi
1058 1709 1306 1777 oracula,
1330 1708 1639 1763 obediendo
1650 1723 1751 1778 per
1761 1707 2002 1777 gratiam
2030 1776 2053 1779 _
2089 1708 2260 1777 (Rom.
2290 1723 2400 1773 vin,
2419 1705 2494 1774 6).

410 1776 745 1867 evangelicm
794 1776 1213 1866 justiﬁcationis
1267 1776 1611 1867 adimplevit.
1644 1776 1918 1850 Similiter
1953 1776 2068 1848 eiB
2104 1776 2107 1777 ν
2159 1799 2281 1851 Post
2309 1798 2553 1850 multum
2584 1809 2708 1849 vero
2736 1790 3010 1865 temporis,
3046 1796 3197 1849 venit
3225 1795 3473 1849 dominus
3490 1808 3637 1848 servo-

408 1898 515 1957 p‘er
529 1896 659 1939 eum
678 1885 777 1955 qui
804 1884 916 1939 duo
943 1889 1252 1956 acceperat,
1284 1884 1538 1955 gentium
1569 1884 1807 1956 populus
1857 1883 2007 1938 desi-
2087 1901 2220 1940 rum
2250 1887 2504 1949 illorum,
2531 1878 2580 1937 et
2602 1876 2789 1952 posuit
2815 1886 3091 1936 rationem
3120 1897 3249 1937 cum
3306 1886 3398 1937 cis.
3437 1882 3637 1937 Multum

409 1979 639 2044 gnatur,
673 1974 769 2044 qui
799 1974 948 2043 quod
971 1974 1136 2027 corde
1183 1974 1422 2027 credidit
1467 1974 1539 2026 ad
1578 1972 1877 2043 justitiam,
1910 1987 2008 2026 ore
2090 1989 2222 2044 ergo
2249 1975 2475 2044 tempus
2494 1974 2581 2026 est
2598 1967 2668 2026 ab
2688 1970 3011 2026 ascensione
3041 1968 3253 2027 Christi
3287 1987 3458 2044 usque
3479 1970 3541 2024 ad
3564 1969 3639 2024 ad-

412 2062 796 2118 oonfessusest
819 2063 881 2116 in
907 2064 1169 2117 salutem.
1215 2064 1342 2133 Ipse
1360 2062 1534 2133 igitur
1555 2062 1795 2132 populus
1815 2062 2009 2116 Jesum
2089 2068 2315 2116 ventum
2347 2062 2489 2131 ejus,
2550 2061 2773 2131 quando
2823 2065 3089 2115 venturus
3135 2065 3226 2116 est
3266 2061 3334 2115 ad
3385 2057 3636 2131 judicium.

412 2152 705 2211 Christum
718 2153 900 2207 Deum
914 2157 968 2207 et
979 2152 1263 2206 hominem
1274 2152 1592 2218 conﬁtetur;
1614 2160 1789 2204 unum
1802 2150 2010 2203 media-
2089 2147 2282 2206 Utitur
2296 2149 2445 2203 enim
2466 2164 2622 2203 more
2633 2146 3050 2220 Scripturarum
3078 2151 3400 2204 sanctarum
3429 2140 3640 2219 preter-l-

414 2248 617 2307 torem,
634 2242 726 2296 cui
745 2245 878 2297 sunt
903 2240 963 2295 in
990 2232 1122 2295 ﬁdei
1141 2240 1491 2294 confessione
1506 2240 1617 2293 duo
1630 2240 2008 2293 talentacom-
2090 2244 2211 2293 tum
2233 2254 2333 2309 pro
2358 2238 2566 2301 futuro,
2593 2238 2817 2308 quando
2846 2237 2906 2291 in
2934 2238 3154 2292 ratione
3184 2232 3441 2308 ponenda
3480 2224 3641 2306 judicii

398 2326 609 2405 omissa,
633 2335 700 2384 ut
721 2329 929 2384 habeat
945 2330 1004 2383 in
1023 2330 1203 2384 Deum
1234 2329 1383 2400 quod
1414 2328 1713 2397 intelligat,
1745 2332 1803 2381 et
1820 2327 1880 2381 in
1906 2326 2011 2380 ho-
2093 2338 2325 2383 examen
2351 2325 2803 2394 demonstratur;
2836 2326 3102 2397 quoniam
3152 2322 3391 2380 caelestis
3417 2323 3553 2379 verbi
3568 2338 3644 2377 ne-

414 2418 571 2474 mine
592 2419 867 2474 imitando
895 2418 1043 2490 quod
1061 2422 1344 2489 operetur.
1376 2418 1456 2472 Ac
1482 2433 1584 2489 per
1610 2417 1713 2470 hoc
1741 2415 2011 2487 quidquid
2090 2416 2326 2487 gotiatio
2349 2415 2709 2487 reposcenda,
2743 2418 2800 2469 et
2848 2414 3100 2470 redditus
3149 2413 3454 2487 dispensati
3481 2410 3645 2467 talenti

416 2504 715 2563 actualiter
733 2512 998 2578 operatur
1016 2522 1118 2577 per
1126 2506 1482 2560 dilectionem
1501 2505 1836 2559 transtertin
1857 2504 2013 2557 theo-
2093 2507 2311 2560 lucrum
2330 2504 2592 2575 reposcit.
2632 2502 2786 2558 Tunc
2805 2506 3028 2558 accessit
3061 2500 3163 2573 qui
3210 2508 3449 2574 quinque
3474 2505 3645 2561 talenta

415 2597 580 2651 riam.
616 2597 688 2653 Et
710 2595 981 2667 quidquid
1005 2595 1420 2666 contemplatur
1448 2609 1549 2665 per
1576 2592 1765 2659 ﬁdem,
1796 2591 2013 2645 intelle-
2091 2598 2366 2663 acceperat
2403 2594 2630 2646 domino
2658 2607 2886 2657 reverso,
2936 2592 2984 2646 et
3033 2594 3237 2647 obtulit
3276 2586 3393 2647 alia
3421 2593 3644 2661 quinque.

416 2686 680 2741 ctualiter
701 2690 885 2739 totum
912 2685 1119 2738 referat
1146 2684 1217 2738 ad
1244 2700 1374 2738 eum
1397 2682 1458 2737 in
1486 2696 1566 2748 se,
1599 2694 1766 2753 quem
1791 2694 1862 2734 ex
1892 2684 2010 2735 toto
2091 2682 2200 2737 Pro
2229 2698 2295 2736 eo
2315 2680 2464 2754 quod
2493 2679 2747 2735 futurum
2779 2676 2884 2747 est,
2910 2682 3032 2751 jam
3059 2679 3259 2735 fecisse
3296 2680 3507 2746 dicitur,
3532 2678 3648 2742 Quia

416 2772 652 2847 diligere
676 2778 916 2846 oportet.
946 2774 1109 2829 Unde
1152 2788 1257 2827 nec
1306 2772 1608 2836 immerito,
1637 2776 1738 2841 per
1761 2771 1872 2824 duo
1892 2770 2012 2825 haec
2091 2770 2241 2843 apud
2270 2770 2561 2825 dominum
2576 2766 2925 2823 immutabile
2946 2775 3033 2824 est
3055 2760 3331 2841 quidquid
3349 2758 3645 2842 praedicitur,

415 2865 632 2921 talenta
648 2864 964 2919 intellectus
978 2868 1037 2917 et
1052 2861 1302 2933 operatio
1321 2861 1667 2931 designatur,
1688 2859 1872 2913 ethice
1898 2860 2011 2913 duo
2092 2866 2151 2915 et
2165 2860 2291 2914 ideo
2301 2860 2431 2931 jure
2462 2859 2623 2930 quasi
2650 2856 2860 2912 factum
2889 2860 3009 2929 jam
3033 2856 3305 2913 creditur.
3320 2859 3387 2912 Et
3412 2856 3645 2916 accedens.

414 2954 650 3008 veniunt
679 2953 739 3008 in
766 2954 1009 3018 lucrum,
1036 2955 1095 3004 et
1117 2950 1407 3021 proximus
1434 2947 1695 3019 perfecte,
1717 2950 1783 3001 ut
1812 2962 2015 3018 prace-
2092 2949 2295 3020 inquit,
2329 2951 2428 3018 qui
2453 2949 2695 3016 quinque
2736 2950 2944 3001 talenta
2999 2942 3299 3015 acceperat,
3338 2949 3524 3001 obtulit
3554 2945 3649 3005 alia

416 3047 679 3114 ptumest
695 3040 951 3110 diligitur
965 3080 978 3093 .
998 3041 1078 3093 Ac
1100 3054 1201 3109 per
1222 3038 1347 3099 hoc,
1374 3038 1525 3108 ipsas
1541 3035 1877 3107 easdemque
1907 3036 2011 3089 vir-
2028 3086 2069 3114 η
2094 3037 2356 3104 quinque,
2376 3032 2591 3086 dicens:
2612 3032 2859 3097 Domine,
2884 3033 3130 3099 quinque
3165 3034 3378 3086 talenta
3405 3026 3652 3084 tradidisti

416 3086 758 3199 iamqu
774 3086 1037 3182 lfabuerit
1057 3086 1292 3198 quIilibet
1309 3086 1369 3179 in
1384 3086 1462 3190 sre,
1487 3125 1729 3178 alterum
1740 3086 2006 3192 dboendo,
2027 3086 2072 3146 δ
2094 3086 2261 3182 mihi:
2280 3086 2390 3175 cccc
2417 3122 2535 3175 alia
2566 3123 2813 3189 quinque
2832 3086 3254 3188 supertucratus
3275 3136 3417 3174 sum.
3440 3115 3653 3173 Accessit

419 3217 665 3289 acquirit
689 3221 749 3271 et
773 3216 1025 3288 duplicat
1062 3215 1124 3269 in
1169 3215 1365 3279 altero,
1413 3214 1621 3268 faciens
1650 3224 1776 3267 eum
1808 3212 2014 3267 habere
2096 3227 2228 3281 ergo
2245 3210 2462 3281 primus
2479 3225 2606 3264 cum
2635 3207 2816 3263 multa
2833 3204 3061 3269 ﬁducia,
3083 3208 3141 3262 et
3156 3209 3323 3279 quasi
3342 3225 3446 3289 sua
3467 3209 3649 3277 sponte,

417 3287 534 3360 una
556 3312 687 3360 cum
723 3287 908 3376 gratia
925 3304 1028 3359 Dei
1048 3320 1172 3377 quae
1191 3307 1247 3357 et
1268 3304 1386 3373 ipse
1399 3303 1663 3357 virtutem
1676 3301 1939 3356 habuerit
1954 3301 2015 3356 in
2096 3316 2161 3355 eo
2184 3299 2331 3371 quod
2343 3297 2584 3353 ﬁdeliter
2618 3300 2883 3368 operatus
2912 3298 2998 3351 est
3019 3302 3076 3351 et
3094 3293 3368 3353 lucratus.
3399 3287 3533 3351 Nam
3555 3294 3654 3364 ipsa

418 3411 500 3449 se.
522 3392 600 3449 Et
624 3399 923 3466 propterea
945 3395 1108 3463 juxta
1119 3397 1421 3463 utramque
1440 3390 1889 3461 intelligentiam,
1917 3390 2015 3461 qui
2097 3387 2238 3442 lucri
2270 3387 2490 3453 ﬁducia,
2511 3403 2576 3440 ac
2604 3385 2652 3440 si
2678 3385 2837 3443 bona:
2861 3387 2980 3457 spei
3008 3382 3354 3441 conﬁdentia
3404 3383 3526 3439 fecit
3548 3397 3655 3437 eum

421 3484 670 3555 quinque
698 3482 915 3549 habuit,
960 3486 1061 3537 aut
1100 3482 1198 3552 qui
1239 3481 1372 3548 duo,
1401 3495 1517 3533 non
1570 3479 1812 3549 amplius
1844 3494 2013 3549 quam
2099 3478 2305 3532 audere
2333 3480 2399 3530 ut
2416 3476 2485 3529 ad
2516 3474 2805 3529 dominum
2826 3490 2988 3529 suum
3018 3475 3179 3545 quasi
3208 3468 3460 3546 gaudens
3501 3488 3559 3527 ao
3582 3470 3657 3524 de-

416 3573 654 3643 duplum
682 3560 987 3643 acquisisse
1015 3571 1241 3625 dicitur.
1270 3570 1548 3634 Quoniam
1584 3568 1726 3622 nihil
1774 3568 2016 3638 amplius
2098 3570 2259 3620 votus
2307 3565 2615 3630 accederet,
2661 3563 2870 3618 faceret
2900 3569 3222 3618 sermonem
3270 3561 3339 3618 de
3393 3561 3657 3617 commisso

415 3666 685 3733 praestare
696 3663 884 3732 potest
902 3661 987 3714 vel
1010 3660 1230 3728 docere,
1252 3675 1421 3730 quam
1458 3674 1582 3729 quae
1608 3658 1782 3720 novit,
1816 3662 1873 3712 et
1894 3657 2014 3729 ipse
2097 3654 2329 3709 talento.
2348 3654 2435 3708 Ad
2455 3669 2623 3724 quem
2641 3653 2904 3706 dominus
2949 3667 3079 3707 mox
3106 3650 3463 3724 deprompsit
3489 3661 3657 3733 vocem

414 3731 606 3806 habet.
626 3731 838 3805 Etiideo
854 3748 1090 3820 quilibet
1106 3749 1301 3803 doctor
1320 3747 1486 3802 debet
1513 3747 1572 3800 in
1590 3752 1779 3801 mente
1806 3747 2014 3803 habere
2096 3742 2356 3798 omnibus
2397 3740 2558 3796 bonis
2608 3736 3089 3812 dispensatoribus
3141 3742 3309 3797 valde
3368 3731 3656 3812 optabilem,

415 3829 633 3894 talenta
655 3844 778 3910 quae
807 3838 1034 3909 accepit,
1070 3838 1313 3892 maxime
1341 3836 1470 3907 quia
1500 3836 1658 3890 misit
1695 3852 1928 3891 manum
1954 3837 2015 3891 in
2095 3833 2260 3900 Euge,
2275 3830 2478 3902 inquit,
2492 3846 2640 3885 serve
2660 3832 2791 3885 bone
2809 3828 2859 3884 et
2878 3831 3071 3898 ﬁdelis,
3091 3833 3229 3899 quia
3241 3834 3306 3885 in
3316 3844 3491 3901 pauca
3523 3824 3660 3896 fuisti

415 3933 626 3990 aratro,
650 3929 709 3983 id
728 3933 815 3982 est
860 3926 934 3982 ad
981 3927 1297 3981 docendum
1326 3925 1638 3980 doctrinam
1672 3924 1900 3984 Christi.
1942 3941 2013 3979 ne
2095 3921 2289 3989 ﬁdelis,
2312 3935 2483 3989 supra
2509 3922 2689 3975 multa
2710 3922 2758 3973 te
2776 3922 3130 3988 constituam,
3150 3920 3314 3974 intra
3336 3913 3399 3973 in
3420 3916 3659 3987 gaudium

418 4022 565 4072 torte
584 4020 943 4072 convertatur
960 4016 1290 4081 retrorsum,
1309 4019 1410 4068 aut
1428 4013 1587 4086 piger
1603 4014 1924 4069 inveniatur
1940 4014 2014 4067 ad
2094 4011 2313 4064 domini
2332 4012 2434 4063 tui.
2470 4000 2746 4063 Fortassis
2760 4007 2937 4079 igitur
2952 4024 3057 4062 vox
3075 4002 3206 4077 ista,
3245 4009 3334 4063 vel
3359 4021 3547 4062 sensus
3572 4005 3660 4057 iste

417 4106 752 4172 docendum,
777 4106 875 4176 qui
886 4103 1053 4159 verbo
1066 4105 1333 4159 doctrinm
1352 4084 1570 4157 animas
1591 4118 1821 4157 exarare
1848 4098 2016 4156 debet
2095 4097 2225 4152 talis
2252 4098 2290 4164 i
2304 4098 2497 4163 046
2515 4102 2619 4165 est,
2635 4095 2815 4169 qualis
2831 4100 2889 4151 et
2900 4095 2971 4151 de
2985 4096 3274 4152 Abraham
3296 4092 3516 4162 dicitur,
3535 4084 3659 4166 quod

415 4193 1401 4271 instanter,opponune,importune;
1426 4195 1491 4246 ut
1503 4194 1741 4263 posthoc
1756 4193 2015 4262 suscepto
2099 4186 2334 4240 credidit
2356 4185 2642 4242 Abraham
2670 4187 2793 4252 Deo,
2825 4191 2877 4240 et
2908 4190 3231 4255 reputatum
3259 4192 3337 4241 est
3358 4187 3494 4241 eiad
3513 4182 3659 4253 justi-

416 4280 882 4345 semine'verbi,et
901 4280 1263 4352 ipsifractum
1278 4280 1577 4347 ferant;ita
1590 4287 1657 4336 ut
1674 4282 1745 4335 de
1771 4282 2014 4336 terrenis
2100 4276 2239 4329 tiam
2269 4276 2412 4343 (Gal.
2448 4289 2530 4340 III,
2560 4272 2638 4346 6).
2683 4275 2774 4330 Sic
2802 4275 3008 4347 quippe
3057 4275 3197 4330 ﬁdes
3246 4289 3529 4330 servorum
3555 4272 3663 4325 ἱεῐο-

418 4369 700 4432 sensibus,
730 4367 1042 4423 caelestium
1061 4368 1167 4423 sibi
1196 4368 1483 4439 duplicent
1523 4370 1835 4437 scientiam,
1867 4376 1924 4425 et
1950 4387 2016 4424 ex
2095 4380 2222 4417 rum
2251 4363 2322 4418 ad
2345 4364 2626 4435 justitiam
2652 4370 2913 4435 reputate
2941 4366 3029 4418 est
3055 4364 3155 4430 eis,
3214 4364 3349 4435 quia
3388 4358 3447 4417 in
3474 4358 3663 4415 modico

415 4458 692 4514 creaturis
720 4450 1043 4527 intelligant
1062 4438 1408 4520 Creatorem,
1440 4462 1498 4511 et
1524 4474 1591 4511 ex
1632 4459 2014 4530 corporalibus
2031 4438 2253 4508 Dfuel‘e
2272 4454 2484 4536 ﬁ’deles.
2517 4452 2734 4508 Modica
2762 4458 2951 4507 autem
2972 4457 3105 4507 sunt
3134 4453 3329 4507 omnia
3380 4451 3499 4536 vitae
3530 4446 3664 4536 ἰεῐξῑξε

416 4550 715 4623 aequirant
724 4545 1114 4620 incorporalia,
1140 4550 1198 4600 et
1208 4562 1275 4600 ex
1284 4544 1592 4600 visibilibus
1612 4528 1913 4604 invisibilia
1923 4566 2019 4621 ap-
2099 4543 2171 4597 ad
2190 4528 2669 4613 comparationem
2683 4542 3021 4609 futurorum,
3044 4559 3144 4597 seu
3160 4540 3236 4596 sit
3253 4534 3503 4595 doctrina
3515 4528 3662 4596 verbi;

416 4637 790 4711 prehendunt,
815 4641 872 4690 et
891 4652 956 4689 ex
987 4635 1390 4707 temporalibus
1414 4639 1643 4690 aeterna.
1676 4637 1745 4691 At
1768 4654 1891 4692 vero
1921 4642 2021 4707 qui
2102 4647 2201 4686 seu
2228 4632 2463 4686 scientia
2483 4630 2918 4702 Scripturarum,
2948 4648 3047 4685 seu
3071 4628 3313 4685 facultas
3359 4642 3557 4690 rerum,
3584 4635 3665 4675 seu

411 4730 596 4784 unum
606 4728 902 4794 acceperat,
925 4725 1114 4779 abiens
1129 4725 1270 4792 fodit
1281 4726 1347 4779 in
1369 4726 1539 4790 terra,
1554 4730 1604 4779 et
1636 4726 1917 4781 abscondit
1934 4744 2022 4797 pe—
2104 4720 2373 4792 quidquid
2398 4720 2457 4774 in
2481 4719 2701 4774 lucrum
2720 4716 2909 4773 venire
2933 4722 3132 4790 potest.
3170 4716 3446 4782 Quoniam
3468 4713 3669 4784 superat

414 4815 646 4872 cuniam
661 4814 879 4868 domini
890 4812 1252 4878 sui.Quidam
1270 4813 1422 4867 hunc
1441 4813 1872 4869 servumvolunt
1893 4832 2016 4870 esse
2103 4811 2385 4864 mtemitas
2418 4808 2672 4863 omnium
2721 4808 3151 4880 praesentiarum
3195 4804 3364 4873 bona,
3404 4810 3460 4859 et
3491 4803 3667 4873 myste'

410 4888 687 4979 populum
705 4901 2020 4974 Iudaeorumdnlegepermanentem,carnaliter
2104 4897 2255 4953 rium
2292 4898 2721 4953 resurrectionis
2758 4896 2828 4951 ad
2879 4895 3386 4963 immortalitatem,
3427 4884 3670 4964 quidqlﬁd

414 4992 680 5050 stolidum
690 5033 703 5058 ,
711 4998 768 5046 et
776 4991 916 5045 nihil
928 4991 1176 5063 spiritale
1188 4991 1589 5063 intelligentem
1600 4991 1727 5055 .Qui
1758 4991 1943 5047 Virtuti

2146 4992 2199 5040 ει
2235 4986 2384 5057 quod
2454 4986 2605 5041 ﬁniri
2658 4986 2883 5059 poterit.
2927 4980 3088 5049 Quod
3146 4984 3193 5039 si
3231 4983 3378 5040 scire
3415 4988 3671 5054 possemus

429 5080 1446 5163 lﬁdﬁevangeﬁcmpraedicationis
1461 5080 2031 5152 noiuitaccipere,sed
2116 5077 2325 5145 quanta
2363 5080 2420 5129 et
2457 5074 2647 5146 qualia
2686 5078 2820 5130 sunt
2856 5090 2979 5163 qua:
3017 5068 3172 5140 dicit,
3213 5090 3340 5128 cum
3377 5066 3496 5126 ait:
3534 5069 3672 5123 Intra

443 5158 675 5245 propter
690 5168 961 5225 invidiam
980 5170 1039 5224 in
1056 5176 1210 5224 terra
1222 5170 1498 5225 talentum
1516 5170 1807 5224 abscondit
1822 5170 1972 5226 notit‘

2145 5180 2180 5217 η
2207 5165 2480 5231 gaudium
2504 5166 2721 5219 domini
2735 5167 2838 5228 tui,
2853 5158 3124 5219 sciremus
3136 5164 3331 5239 utique
3351 5165 3674 5245 quampauqa

448 5250 887 5335 Scripturarum,
914 5277 989 5313 ne
1010 5258 1264 5314 Christus
1281 5258 1340 5312 in
1363 5259 1443 5313 eis
1470 5265 1901 5330 agnosceretur;
1943 5276 2038 5314 ne-
2122 5260 2256 5310 sunt
2285 5253 2475 5309 omnia
2503 5270 2627 5325 qua;
2655 5250 3159 5326 impraesentiarum
3186 5238 3389 5305 habere
3424 5248 3505 5301 vel
3527 5238 3676 5335 possi-

445 5352 553 5421 que
572 5324 693 5419 ipse
724 5324 906 5416 utens,
930 5348 1111 5419 neque
1137 5346 1209 5402 ad
1233 5324 1659 5403 utendum'aliis
1677 5324 2037 5420 dispensavit.
2122 5346 2253 5400 dere
2272 5324 2544 5398 videmur.
2565 5343 2628 5397 In
2654 5324 2854 5414 quibus
2894 5342 3028 5413 quia
3049 5342 3345 5396 commissa
3370 5339 3498 5392 sunt
3518 5324 3673 5421 nobis.

444 5414 849 5491 {Verumtamen
876 5414 1119 5491 licethic
1143 5436 1367 5490 evidens
1393 5435 1650 5490 videatur
1676 5414 1892 5502 sensus,
1925 5453 2041 5491 me-
2121 5439 2176 5487 et
2204 5434 2275 5487 ad
2304 5433 2522 5487 lucrum
2547 5432 2957 5495 commendata,
2982 5428 3232 5502 quisquis
3280 5422 3458 5482 ﬁdelis
3510 5414 3674 5480 fuerit,

443 5526 553 5581 lius
583 5529 775 5579 tamen
801 5523 871 5578 de
899 5522 1159 5577 omnibus
1186 5522 1523 5594 intelligitur
1552 5524 1647 5593 qui
1676 5524 2037 5579 rationabiles
2119 5522 2392 5595 percipiet
2418 5538 2541 5593 quae
2570 5538 2667 5575 nec
2679 5522 2867 5575 oculus
2878 5521 3035 5586 vidit,
3061 5536 3157 5574 nec
3175 5519 3331 5572 auris
3358 5512 3580 5574 audivit,
3602 5521 3678 5560 ne-

432 5614 612 5670 creati
640 5610 795 5680 sunt,
827 5616 885 5667 et
900 5613 1105 5667 nolunt
1126 5612 1343 5666 ratione
1374 5611 1480 5679 uti,
1505 5628 1688 5681 neque
1718 5612 1790 5667 ad
1816 5614 2038 5667 lucrum
2120 5628 2221 5681 que
2242 5615 2308 5666 in
2336 5628 2429 5667 cor
2456 5612 2698 5666 hominis
2722 5604 2972 5664 ascendit
3002 5606 3053 5677 (Ι
3070 5608 3192 5663 Cor.
3240 5617 3300 5669 II,
3322 5596 3397 5672 9),
3420 5614 3534 5673 qua
3560 5609 3679 5669 Ρΐεε·
