3872 6158
208 318 319 380 853

934 325 1318 387 EXPOSITIO
1353 330 1436 387 IN
1471 330 1917 388 MA'I'I'HEUM.
1958 361 2024 379 ο·-
2061 332 2201 391 LIB.
2239 333 2337 401 XI,
2377 334 2535 393 CAP.
2574 334 2745 397 XXV.

3364 326 3480 394 85%

209 450 409 516 parata
458 453 594 505 sunt
623 450 884 507 ﬁdelibus
929 458 988 508 et
1040 452 1403 525 diligentibus
1446 456 1647 512 Deum.
1692 457 1934 519 SedAet
1959 460 2217 516 abscondi
2245 462 2516 516 talentum
2540 464 2703 519 tuum
2726 462 2793 515 in
2822 465 3125 523 terrameos
3146 455 3306 511 habes
3325 452 3472 523 quod

210 538 574 607 querendum
610 540 745 611 quid
785 542 861 596 sit
905 544 1054 613 quod
1080 560 1196 599 una
1242 547 1600 616 repromissio
1631 554 1718 604 est
1747 554 1805 601 et

207 625 290 680 eis
319 626 417 696 qui
445 628 695 700 quinque
719 631 781 685 in
806 631 1000 686 decem
1020 633 1281 701 offerunt,
1302 640 1363 689 et
1391 636 1473 689 eis
1501 637 1596 706 qui
1620 637 1731 691 duo
1744 637 1803 690 in

206 719 468 784 quatuor.
498 716 746 788 Uterque
766 735 961 775 summ
982 725 1040 775 et
1069 721 1164 792 qui
1191 723 1302 776 duo
1342 729 1400 783 et
1428 725 1526 795 qui
1552 724 1803 795 quinque

204 809 516 873 acceperat,
543 805 886 876 duplicatam
904 815 1197 879 reportant
1216 811 1530 881 pecuniam.
1553 813 1803 883 Uterque

203 892 543 948 ﬁducialiter
596 894 830 950 devotus
880 898 1113 965 accedit,
1160 915 1290 954 cum
1335 901 1541 957 transit
1585 902 1656 956 de
1696 902 1803 957 hoc

203 981 415 1036 mundo
442 982 515 1036 ad
540 983 742 1039 Deum.
773 984 1038 1057 Utrisque
1066 987 1216 1042 enim
1244 1004 1359 1043 una
1385 1006 1489 1044 vox
1515 1006 1550 1044 a
1574 991 1802 1047 domino

202 1069 508 1141 profertur,
533 1088 651 1127 una
675 1074 819 1140 laus,
842 1091 1066 1146 unaque
1096 1094 1310 1132 merces
1337 1079 1607 1133 redditur.
1654 1080 1800 1149 Ergo

202 1163 431 1234 utrique
458 1180 654 1220 eorum
682 1165 889 1222 dicitur
917 1182 930 1217 :
970 1170 1137 1238 Euge,
1177 1186 1328 1225 serve
1354 1174 1485 1231 bone
1510 1180 1558 1227 at
1600 1175 1793 1239 ﬁdelis,

201 1254 339 1319 quia
358 1256 425 1306 in
446 1255 657 1308 modico
678 1255 843 1322 fuisti
868 1259 1063 1324 ﬁdelis,
1103 1274 1276 1327 supra
1310 1265 1492 1313 multa
1522 1266 1569 1315 te
1597 1266 1801 1315 conm.

205 1344 363 1394 tuam
394 1360 413 1394 :
443 1346 599 1397 intra
628 1348 693 1397 in
719 1348 994 1411 gaudium
1017 1348 1237 1402 domini
1256 1349 1492 1403 tui.Una
1514 1350 1687 1420 igitur
1700 1366 1802 1403 vox

202 1431 538 1486 exsultantis
565 1439 652 1493 est
674 1448 803 1488 cum
823 1435 1028 1491 dicitur
1045 1453 1197 1505 euge,
1230 1453 1345 1492 una
1372 1439 1513 1501 laus,
1540 1439 1674 1509 quia
1700 1438 1801 1493 δοσ-

203 1533 314 1572 nus
346 1526 406 1579 et
430 1522 613 1581 ﬁdelis
632 1528 873 1595 uterque
895 1533 1145 1583 vocatur.
1185 1528 1416 1594 Idcirco,
1445 1529 1578 1599 quia
1603 1529 1801 1583 eadem

202 1606 357 1669 dicta
405 1617 537 1664 sunt
564 1608 859 1684 ambobus,
901 1620 1051 1669 recte
1080 1616 1366 1686 quasritur,
1399 1633 1472 1671 ne
1516 1618 1659 1672 forte
1701 1619 1798 1689 qui

200 1696 481 1753 minorem
510 1696 708 1755 habuit
732 1702 1023 1773 virtutem,
1043 1710 1101 1759 et
1126 1711 1305 1759 totam
1326 1706 1479 1764 illam
1513 1722 1680 1778 quam
1700 1708 1799 1761 ha-

1885 550 2045 601 tuum
2070 542 2165 601 est}
2197 545 2422 605 Accedit
2449 549 2661 611 autem,
2689 561 2791 615 per
2817 541 3305 612 resurrectionem,
3328 538 3476 601 sicut

1884 638 1942 687 et
1959 632 2098 691 abiit
2118 634 2275 705 prius
2298 651 2397 704 per
2424 633 2738 693 libertatem
2768 632 3018 699 arbitrii;
3053 648 3166 689 non
3190 634 3255 685 ut
3280 644 3474 689 secum

1883 738 2012 780 cum
2055 724 2240 793 gratia
2270 739 2439 795 quam
2480 729 2823 794 perceperat,
2854 722 3152 788 laboraret,
3185 719 3285 779 sed
3315 723 3381 775 ut
3410 717 3497 781 in.

1881 829 1988 869 sua
2021 813 2243 883 ignavia
2278 819 2334 872 et
2359 819 2587 884 torpore
2616 812 2947 883 quiesceret,
2976 811 3094 873 suis
3123 808 3360 875 abutens
3387 823 3476 867 ι’θς

1882 901 2003 956 bus.
2039 902 2196 955 Unde
2225 909 2282 955 et
2310 919 2458 956 nunc
2491 901 2706 959 accedit
2749 916 2863 961 non
2890 899 3123 961 devotus
3152 903 3210 953 et
3239 896 3476 968 supplex

1884 1008 1985 1062 pro
2000 992 2177 1056 venia,
2195 993 2291 1048 sed
2309 992 2566 1062 ingratus
2592 990 2965 1049 calumniatur
2984 987 3326 1058 exprobrans
3341 1000 3472 1045 eum

1883 1097 2050 1151 quem
2079 1081 2385 1151 benignum
2413 1081 2666 1137 conﬁteri
2695 1080 2943 1143 deberet,
2977 1081 3044 1133 ut
3076 1076 3172 1147 qui
3202 1075 3262 1133 in
3290 1074 3475 1135 sordis

1881 1169 1985 1225 bus
2005 1177 2126 1225 erat
2147 1172 2378 1240 peccati,
2396 1171 2578 1226 adhuc
2604 1169 2967 1232 sordesceret,
2987 1168 3150 1236 juxta
3177 1164 3315 1225 illud
3339 1180 3475 1237 επακ

1883 1259 2188 1329 pbeticum,
2230 1262 2304 1315 ad
2352 1261 2690 1315 excusandas
2734 1260 3103 1317 accusationes
3147 1258 3207 1315 in
3240 1255 3472 1322 peccatis

1884 1350 2046 1409 (Psai.
2081 1362 2206 1411 oxL,
2235 1347 2312 1415 4).
2363 1348 2471 1412 Qui
2512 1348 2663 1405 enim
2701 1346 2895 1407 debuit
2917 1362 3079 1405 suam
3106 1343 3387 1414 ignaviam
3416 1347 3477 1401 et
3556 1410 3574 1433 ‘

1881 1436 2143 1491 inertiam
2171 1438 2446 1504 conﬁteri,
2479 1443 2537 1493 et
2565 1453 2725 1492 orare
2748 1433 3231 1506 patremfamilias,
3267 1449 3302 1491 β
3346 1448 3477 1491 cons

1881 1526 2077 1591 trario,
2107 1528 2312 1581 durum
2342 1542 2475 1582 eum
2518 1531 2679 1581 vocat
2709 1524 3021 1588 dominum,
3057 1521 3466 1583 calumniando.

1882 1616 2062 1686 Seque
2081 1617 2345 1687 prudenti
2372 1615 2603 1671 consilio
2627 1615 2846 1676 fecisse.
2872 1631 2945 1671 ne
2972 1614 3108 1672 dum
3138 1614 3295 1671 lucra
3320 1626 3475 1682 quae-

1879 1711 2029 1759 reret
2055 1706 2437 1776 pecuniarum,
2469 1705 2639 1760 etiam
2671 1705 2741 1759 de
2763 1704 2978 1760 talento
3012 1702 3156 1761 forte
3185 1701 3290 1761 sibi
3320 1718 3494 1761 cumr

198 1783 323 1839 buit
352 1789 662 1846 secundum
701 1793 849 1861 quod
882 1792 1151 1863 oportuit,
1188 1808 1314 1849 eam
1359 1774 1622 1859 exercuit,
1655 1798 1793 1851 nihil
1812 1774 2657 1863 Bmissopericlitaretur.Nam
2670 1808 2859 1848 rerum
2881 1790 3243 1861 precantium
3266 1795 3475 1852 natura

192 1875 384 1930 minus
404 1877 696 1935 habiturus
712 1880 790 1937 sit
812 1882 962 1952 apud
990 1883 1190 1949 Deum,
1227 1898 1393 1955 quam
1420 1885 1514 1939 ille
1543 1886 1639 1955 qui
1670 1900 1793 1940 ma-

182 1965 278 2034 jus
310 1965 545 2036 accepit,
585 1974 644 2020 et
679 1968 806 2037 plus
843 1969 901 2022 in
945 1972 1146 2040 majori
1194 1973 1399 2026 virtute
1427 1974 1786 2039 constitutus,

185 2054 504 2123 acqnisivit.
558 2055 928 2127 Nequaquam
976 2058 1151 2129 igitur
1191 2061 1296 2117 hoc
1341 2061 1605 2127 dixerim;
1657 2063 1790 2132 quia

186 2142 597 2213 unusquisque,
647 2144 777 2201 licet
821 2160 997 2201 unum
1043 2148 1117 2201 sit
1156 2150 1426 2219 gaudium
1462 2151 1612 2221 quod
1659 2166 1791 2221 per-

186 2230 422 2301 cipiunt,
454 2246 681 2303 unaque
706 2234 822 2287 vita
846 2241 904 2288 et
931 2237 1235 2302 aeternitas,
1274 2244 1465 2292 tamen
1506 2238 1565 2292 in
1590 2240 1784 2293 eodem

183 2319 396 2389 gaudio
419 2324 477 2373 et
502 2322 559 2373 in
582 2321 780 2375 eadem
820 2318 952 2388 vita,
978 2325 1283 2379 secundum
1315 2327 1603 2397 proprium
1626 2327 1785 2386 labo-

182 2422 308 2463 rem
332 2423 440 2465 sua
466 2409 672 2479 singuli
710 2411 984 2482 recipient
1009 2413 1289 2484 stipendia
1322 2415 1675 2472 meritorum.
1719 2417 1788 2470 Et

182 2512 297 2550 non
327 2497 474 2551 sicut
502 2498 730 2568 quidam
759 2501 972 2566 volunt,
993 2508 1059 2556 ut
1084 2516 1196 2556 una
1221 2504 1296 2557 sit
1314 2503 1559 2569 claritas,
1584 2510 1639 2559 et
1667 2521 1782 2558 una

178 2585 362 2654 gloria
409 2587 688 2653 omnibus,
725 2590 888 2659 juxta
914 2590 1051 2644 illud
1077 2592 1172 2662 qui
1222 2593 1500 2647 modicum
1532 2609 1646 2648 non
1670 2594 1778 2647 mi-

178 2673 418 2740 noravit,
450 2680 509 2727 et
538 2676 634 2746 qui
662 2678 903 2731 multum
924 2693 1037 2732 non
1067 2680 1387 2734 abundavit.
1406 2682 1615 2735 Volunt
1628 2681 1777 2735 enim

177 2762 561 2833 dogmatizare
614 2770 671 2819 et
707 2767 1001 2821 ostendere
1035 2784 1101 2821 ex
1140 2784 1206 2822 eo
1250 2770 1400 2840 quod
1427 2770 1638 2824 dictum
1670 2776 1773 2825 est.

184 2852 390 2920 Diliges
417 2854 720 2909 Dominum
750 2858 923 2910 Deum
957 2862 1138 2922 tuum,
1169 2873 1234 2911 es
1270 2863 1377 2912 toto
1406 2861 1562 2913 corde
1592 2865 1701 2926 tuo,
1728 2866 1777 2914 et

179 2956 240 2995 es
266 2947 385 2995 tota
408 2946 607 2997 anima
637 2947 753 3011 tua,
777 2951 827 2998 et
848 2960 914 2998 es
944 2951 1054 3000 tota
1075 2952 1255 3000 mente
1285 2953 1399 3011 tua,
1425 2949 1572 3019 quod
1604 2950 1773 3003 talem

1872 1898 1983 1935 non
2015 1881 2185 1936 habet
2214 1882 2363 1951 quod
2381 1881 2433 1935 ei
2454 1881 2644 1946 infert,
2660 1886 2719 1935 et
2740 1880 2907 1936 dicit:
2940 1882 3096 1937 Maiis
3125 1880 3223 1935 ubi
3252 1890 3367 1939 non
3393 1892 3472 1939 sd.-

1871 1974 2122 2036 minasti,
2154 1986 2442 2041 nunquam
2471 1971 2622 2024 enim
2649 1985 2889 2024 messem
2921 1968 3043 2025 sine
3069 1967 3284 2026 semine
3311 1967 3469 2026 inve-

1869 2059 2009 2123 nies,
2045 2075 2230 2129 neque
2253 2060 2585 2129 congregari
2616 2074 2779 2129 posse
2809 2074 2931 2127 quae
2973 2072 3168 2127 sparsa
3221 2061 3467 2121 I048

1871 2162 1984 2200 non
2013 2148 2240 2201 fuerint.
2272 2149 2382 2205 Sed
2411 2147 2544 2218 quia
2566 2147 2656 2201 hic
2685 2162 2869 2201 sermo
2897 2150 3050 2201 totus
3068 2144 3467 2215 parabolitieul

1870 2241 1973 2301 est,
2001 2236 2270 2290 debemus
2304 2238 2544 2306 ﬁgurate
2574 2252 2704 2293 eum
2731 2235 3000 2305 accipere.
3020 2234 3275 2292 Diximus
3292 2249 3467 2304 quos.

1868 2324 1998 2377 dam
2030 2324 2342 2394 intelligere
2373 2326 2523 2379 hunc
2535 2341 2777 2389 servum,
2807 2324 3078 2395 populum
3103 2324 3320 2394 deglege
3347 2337 3465 2382 non

1866 2412 2222 2481 ignorantem
2256 2414 2477 2468 Domini
2508 2414 2832 2477 adventum,
2853 2419 2911 2467 et
2936 2412 3196 2482 gentium
3221 2412 3464 2470 salutem

1861 2500 2225 2567 invidentem,
2279 2504 2338 2557 in
2384 2503 2717 2557 inﬁdelitate
2757 2517 2981 2572 quoque
3008 2505 3458 2571 permanentem.

1860 2590 2065 2660 quippe
2091 2608 2219 2645 cum
2244 2592 2385 2645 sciat
2402 2592 2693 2651 metendos
2719 2580 2833 2644 illic
2845 2590 3082 2661 justitiae
3106 2589 3340 2653 fructus.
3364 2588 3463 2648 ubi

1858 2678 1945 2732 lex
1974 2687 2100 2735 sata
2128 2698 2239 2735 non
2265 2681 2357 2745 sit,
2388 2687 2447 2735 et
2473 2680 2814 2751 colligendos
2841 2679 3189 2749 exigentibus
3221 2679 3318 2749 qui
3342 2694 3457 2735 non

1861 2784 1926 2821 ex
1943 2769 2183 2824 Abrahae
2204 2770 2380 2840 stirpe
2398 2770 2514 2823 sint
2524 2769 2780 2839 dispersi.
2799 2769 2864 2823 Et
2879 2768 3086 2823 idcirco
3103 2768 3309 2823 durum
3325 2782 3457 2824 eum

1858 2864 2036 2921 vocat,
2066 2858 2200 2928 quia
2224 2859 2376 2913 aliud
2407 2858 2580 2928 exigit
2606 2874 2673 2911 ex
2700 2858 2841 2927 lege,
2878 2872 3050 2926 quam
3069 2869 3200 2919 eum
3226 2869 3457 2912 sensum
3488 2900 3493 2907 .

1856 2950 2158 3015 carnalem,
2206 2948 2303 3018 qui
2341 2949 2506 3018 juxta
2531 2948 2780 3001 litteram
2810 2945 2882 3000 ab
2909 2946 3009 3012 eis,
3041 2961 3106 3000 ac
3133 2945 3184 3000 si
3209 2945 3274 3000 in
3298 2950 3455 3003 terra

176 3030 497 3085 dilectionis
518 3031 721 3087 habeat
748 3031 1082 3100 mercedem,
1109 3036 1204 3106 qui
1226 3035 1501 3090 minorem
1534 3043 1770 3103 [04’
1792 3086 1832 3106 η
1856 3037 2124 3101 defossus,
2159 3037 2307 3091 male
2333 3041 2625 3102 servatur;
2674 3052 2803 3090 cum
2844 3035 2919 3090 sit
2945 3035 3005 3088 in
3041 3034 3303 3106 gentibus
3330 3034 3454 3091 sine

177 3124 376 3175 animas
398 3086 1259 3194 capacitatemhabueritjqbam
1284 3131 1341 3178 et
1365 3126 1460 3179 ille
1790 3086 1834 3151 Ο
1853 3086 2197 3197 dispersidne
2242 3125 2594 3190 collecturus,
2614 3086 2694 3178 yet
2740 3124 2862 3178 sine
2897 3086 3114 3178 saticiie
3139 3139 3450 3181 messurus.

176 3225 291 3263 rem
314 3205 580 3264 habuerit
608 3212 788 3266 cordis
814 3211 1079 3267 virtutem
1106 3219 1165 3267 et
1194 3214 1621 3269 eminentiorem
1648 3216 1771 3269 ani-

175 3310 345 3354 mam.
379 3298 541 3352 Unde
564 3298 725 3355 aiunt
752 3301 856 3354 hoc
884 3302 1065 3354 solum
1097 3303 1481 3371 quaerendum.
1521 3308 1587 3357 ut
1614 3304 1773 3373 quid-

176 3385 305 3454 quid
336 3386 603 3442 habuerit
628 3389 798 3443 homo
824 3391 911 3444 vel
934 3391 1211 3461 acceperit
1238 3408 1304 3445 ex
1332 3393 1467 3458 Deo,
1499 3398 1618 3446 toto
1648 3399 1771 3446 uta.

172 3480 264 3528 tur
306 3492 376 3529 eo
425 3477 499 3529 ad
538 3478 778 3547 gloriam
821 3485 879 3532 et
923 3480 1147 3533 laudem
1187 3481 1308 3536 Dei.
1350 3482 1505 3537 Bona
1541 3481 1768 3551 quidem

174 3563 490 3618 exhortatio
531 3570 589 3619 et
628 3567 875 3637 locuples
911 3568 1085 3623 virtus
1132 3569 1324 3633 animi,
1363 3570 1461 3623 sed
1504 3570 1600 3639 qui
1641 3571 1768 3640 plus

172 3652 452 3719 omnibus,
484 3654 646 3722 juxta
672 3655 832 3708 Pauli
854 3672 1060 3720 vocem,
1094 3657 1447 3720 laboraverit,
1476 3657 1765 3711 fatendum

173 3741 278 3795 ﬁde
297 3748 407 3806 est,
438 3743 587 3812 quod
606 3744 921 3798 mercedem
947 3746 1179 3815 recipiet
1199 3747 1583 3817 unusquisque
1604 3748 1766 3816 juxta

172 3828 421 3884 laborem
467 3846 652 3886 suum.
702 3834 772 3887 Et
807 3834 1116 3888 notandum
1160 3835 1293 3905 quia
1348 3835 1527 3889 ﬁdelis
1571 3851 1765 3889 servus

173 3918 338 3972 etiam
366 3925 426 3973 et
444 3919 623 3974 bonus
642 3922 973 3992 appellatur.
988 3923 1147 3986 Quod
1170 3924 1216 3977 si
1229 3923 1406 3977 bonus
1421 3924 1626 3980 dicitur
1646 3925 1766 3995 qui-

172 4004 303 4061 libet
330 4008 515 4062 ﬁdelis
543 4024 752 4075 servus,
769 4026 835 4063 ex
868 4012 1014 4065 dono
1036 4012 1234 4081 gratiae
1253 4019 1310 4066 et
1336 4013 1765 4084 participatione

172 4093 317 4161 boni,
369 4098 551 4151 multo
602 4099 781 4168 magis
829 4100 1084 4154 Christus
1124 4101 1272 4154 Deus
1320 4101 1499 4155 bonus
1528 4108 1630 4165 est,
1668 4103 1762 4173 qui

171 4186 545 4241 essentiallter
567 4194 651 4241 est
678 4187 876 4242 bonus.
912 4189 981 4242 Et
1004 4202 1134 4255 non,
1167 4190 1311 4244 sicut
1340 4188 1623 4245 Feliciana
1654 4193 1764 4246 hae-

169 4275 303 4328 resis
336 4276 735 4344 calumniatur,
782 4278 929 4348 quod
966 4294 1079 4332 non
1115 4277 1189 4332 sit
1237 4296 1433 4350 passus
1462 4296 1521 4334 se
1553 4280 1759 4335 bonum

170 4366 367 4431 vocari,
407 4365 544 4435 quia
581 4382 747 4421 nemo
784 4365 964 4421 bonus
1006 4368 1116 4421 nisi
1161 4369 1312 4422 solus
1351 4370 1518 4423 Deus.
1553 4372 1632 4424 Ac
1659 4386 1761 4440 per

1853 3215 2013 3270 Unde
2043 3220 2101 3271 et
2128 3215 2310 3286 magis
2329 3216 2463 3269 dum
2485 3230 2749 3268 excusare
2764 3214 2984 3278 nititur,
3006 3213 3129 3267 sine
3140 3213 3305 3268 venia
3319 3226 3452 3269 reus

1853 3309 2218 3369 monstratur,
2270 3319 2372 3357 cur
2420 3304 2875 3374 prmdicationem
2923 3301 3030 3356 sibi
3087 3302 3448 3356 commissam

1852 3392 2231 3457 occultaverit,
2265 3392 2348 3445 vel
2371 3392 2648 3446 talentum
2676 3390 2970 3451 suffuderit
3004 3390 3109 3445 sub
3136 3390 3341 3446 litteras
3366 3395 3449 3445 te—

1847 3482 2152 3550 gumentis,
2181 3487 2240 3534 et
2266 3496 2454 3539 rerum
2484 3480 2680 3550 figuris
2708 3480 3088 3534 obscuratum.
3112 3479 3223 3534 Sed
3252 3495 3449 3550 quamq

1848 3570 1931 3623 vis
1958 3570 2067 3623 iste
2094 3584 2289 3622 sensus
2326 3568 2548 3639 planior
2574 3568 2850 3632 videatur,
2878 3568 3080 3621 melius
3105 3571 3173 3622 ut
3198 3567 3331 3633 dixi,
3372 3568 3445 3623 ad

1848 3674 2041 3711 omnes
2064 3658 2154 3711 hic
2187 3673 2370 3711 sermo
2406 3656 2687 3727 pertinere
2716 3656 3004 3725 probatur,
3028 3656 3127 3726 qui
3155 3656 3440 3712 rationem

1846 3752 2214 3817 perceperunt
2233 3746 2560 3809 humanam,
2589 3750 2654 3798 ut
2683 3744 2848 3815 positi
2868 3744 2928 3798 in
2958 3745 3169 3798 honore
3197 3743 3441 3799 rationa-n

1845 3834 2100 3899 bilitatis,
2134 3832 2527 3904 intelligerent,
2561 3839 2620 3887 et
2649 3834 2721 3893 ad
2741 3833 3082 3887 consortium
3107 3832 3439 3903 angelorum

1846 3940 1912 3977 ex
1942 3924 2159 3981 ratione
2183 3941 2243 3977 se
2268 3923 2672 3989 transferrent;
2703 3938 2774 3975 ne
2801 3921 3014 3975 talento
3043 3920 3190 3974 male
3217 3925 3439 3976 servato
3478 3962 3481 3963 ν

1846 4013 2099 4077 rationis,
2141 4013 2415 4083 jumentis
2467 4016 2865 4081 comparentur
2910 4009 3325 4080 insipientibus,
3377 4014 3437 4064 et

1846 4102 2057 4155 similes
2085 4102 2275 4155 fierint
2300 4100 2398 4155 eis.
2424 4102 2807 4156 Veruntamen
2834 4098 2939 4153 etsi
2967 4099 3036 4153 de
3064 4097 3325 4155 omnibus
3352 4097 3438 4155 ita

1844 4192 2225 4261 accipiendum
2247 4198 2347 4255 est,
2383 4190 2516 4261 quia
2543 4190 2819 4243 rationem
2850 4193 3223 4259 perceperunt
3237 4188 3435 4251 humus

1842 4294 1990 4345 nam,
2027 4278 2267 4334 maxime
2279 4286 2471 4335 tamen
2482 4279 2809 4341 cavendum,
2826 4277 2960 4347 quia
2976 4275 3270 4347 pecuniam
3281 4276 3435 4332 verbi

1842 4368 2051 4423 habent
2077 4375 2135 4422 et
2157 4370 2342 4423 locum
2371 4365 2680 4437 regiminis,
2732 4365 2866 4436 quia
2912 4381 2993 4419 vsa
3018 4365 3131 4419 illis
3174 4365 3438 4421 imminet

170 4451 268 4506 hoe
315 4454 626 4508 secundum
679 4455 986 4521 hominem,
1018 4456 1145 4510 ideo
1180 4470 1291 4511 non
1328 4458 1405 4512 sit
1436 4474 1620 4525 verus,
1662 4460 1757 4513 sed
1778 4481 1824 4538 ι)
1838 4459 2008 4528 juxta
2034 4459 2385 4528 Apostolum,
2419 4456 2527 4510 nisi
2551 4454 2973 4527 praedicaverint
2995 4457 3051 4508 et
3078 4454 3436 4523 erogaverint

170 4541 478 4614 adoptivus,
502 4560 603 4598 seu
626 4545 1036 4615 nuncupativus
1052 4546 1202 4600 Deus
1228 4563 1241 4609 ;
1273 4563 1399 4601 eum
1419 4548 1547 4602 inde
1573 4549 1759 4619 potius

170 4644 227 4684 se
251 4632 389 4685 velit
426 4634 609 4687 Deum
649 4634 962 4699 ostendere,
995 4635 1129 4704 quia
1165 4635 1434 4705 Magister
1459 4637 1761 4692 vocabatur

170 4718 342 4775 bonus
362 4726 421 4775 et
439 4722 576 4776 dicit
606 4732 621 4775 ξ
649 4722 793 4785 Quid
816 4738 906 4776 me
929 4723 1085 4787 dicis,
1116 4724 1279 4790 bone,
1310 4741 1441 4779 cum
1472 4742 1629 4780 nemo
1676 4728 1760 4780 bo-

172 4825 273 4863 nus
292 4814 410 4865 nisi
425 4827 578 4865 unus
604 4812 742 4865 Deus
766 4817 790 4864 Ρ
816 4812 1008 4877 (Mare.
1042 4810 1222 4882 x,18).
1264 4815 1389 4868 Non
1414 4816 1565 4868 enim
1594 4814 1674 4869 sic
1699 4832 1759 4869 se

170 4897 371 4954 bonum
398 4902 515 4954 vult
536 4900 793 4970 intelligi,
818 4911 884 4954 ut
911 4900 1042 4954 boni
1079 4902 1343 4957 dicuntur
1370 4904 1463 4956 isti
1494 4905 1657 4971 servi,
1693 4922 1757 4959 ex

166 4990 447 5045 accidente
474 4990 642 5055 bono,
669 4990 767 5043 sed
796 4989 928 5059 quia
962 4991 1336 5045 essentialiter
1362 4992 1480 5062 ipse
1512 4993 1753 5058 bonitas,

166 5078 292 5147 quia
320 5080 467 5133 Deus
496 5083 602 5133 est.
636 5079 705 5133 Et
742 5079 869 5133 ideo
897 5095 1010 5134 non
1054 5098 1113 5135 se
1159 5081 1352 5135 timuit
1387 5081 1594 5136 bonum
1624 5083 1752 5147 dici,

167 5168 311 5237 quod
332 5169 434 5223 iste
474 5167 685 5239 garrit;
720 5169 818 5222 sed
848 5184 949 5240 per
975 5170 1082 5223 hoc
1109 5185 1168 5223 se
1195 5170 1443 5224 insinuat
1470 5187 1591 5225 esse
1605 5172 1754 5242 quod

166 5255 312 5311 Deus
349 5261 450 5324 est,
493 5256 627 5327 quia
654 5257 713 5310 in
737 5259 1155 5329 comparatione
1200 5260 1340 5329 ejus,
1373 5272 1539 5313 nemo
1572 5260 1752 5314 bonus

164 5351 265 5399 est.

230 5435 493 5489 Accedens
509 5437 717 5502 autem,
738 5439 790 5488 et
811 5439 910 5504 qui
937 5451 1120 5490 unum
1152 5440 1425 5492 talentum
1455 5443 1750 5506 acceperat,

164 5525 243 5576 ait
274 5541 291 5575 :
316 5525 544 5578 Domine
561 5526 671 5578 scio
697 5525 1000 5592 quiahomo
1028 5527 1206 5578 durus
1237 5541 1307 5590 es,
1331 5528 1488 5580 metis
1516 5528 1616 5580 ubi
1645 5540 1758 5581 non

162 5613 419 5680 seminus,
436 5618 486 5666 et
513 5626 806 5679 eongregas
822 5613 921 5665 ubi
936 5624 1050 5666 non
1062 5615 1393 5681 sparsim,”
1409 5616 1610 5668 timens
1621 5615 1756 5674 abii.

1839 4547 2134 4619 pecuniam
2162 4546 2375 4600 domini
2401 4545 2489 4598 sui
2519 4543 2797 4598 conservis
2821 4542 2960 4608 suis,
2982 4559 3106 4613 qua
3134 4541 3438 4597 commissa

1841 4642 1928 4690 est
1958 4636 2038 4691 eis
2066 4635 2135 4688 ad
2166 4634 2530 4704 erogandum.
2564 4632 2723 4687 Unde
2751 4637 2809 4684 et
2835 4631 2984 4685 inter
3010 4630 3300 4685 credentes
3324 4630 3433 4697 iste

1841 4740 2034 4779 servus
2055 4738 2167 4777 non
2186 4722 2470 4775 immerito
2498 4719 3107 4784 connumeratur.Quia
3118 4735 3284 4774 nemo
3308 4735 3433 4774 cre-n

1840 4814 2095 4867 dentium
2142 4811 2442 4876 invenitur,
2477 4810 2611 4880 quia
2635 4810 2913 4863 talentum
2944 4807 3052 4865 sibi
3079 4808 3357 4863 creditum
3396 4824 3436 4864 a

1839 4902 2077 4956 Domino
2123 4915 2240 4954 non
2274 4899 2604 4970 perceperit,
2650 4898 2781 4952 licet
2816 4913 2929 4950 non
2966 4897 3211 4951 ﬁdeliter
3236 4913 3433 4963 omnes
3472 4934 3473 4937 η

1836 4996 2007 5062 agant
2032 4990 2091 5043 in
2120 4989 2254 5044 fide.
2285 4989 2427 5052 Quia
2452 4993 2552 5041 aut
2578 4985 2636 5039 in
2664 4986 2781 5041 suis
2798 4986 2992 5039 volunt
3003 4986 3210 5049 vomeri
3240 4991 3299 5040 et
3324 4986 3436 5045 dea

1838 5080 2091 5134 litesoere
2121 5076 2519 5147 voluptatibus,
2568 5080 2669 5129 aut
2696 5080 2847 5129 certe
2892 5074 3090 5143 latere,
3118 5080 3183 5128 ut
3204 5089 3319 5129 non
3340 5090 3433 5139 eoa

1834 5173 2178 5239 gnoscantur
2213 5166 2345 5237 quid
2386 5164 2757 5235 perceperint.
2790 5164 2999 5218 Idcirco
3042 5163 3172 5223 licet
3206 5177 3433 5217 servare

1835 5258 2091 5313 videatur
2108 5256 2382 5309 talentum
2411 5254 2559 5324 quod
2583 5254 2810 5319 habent,
2826 5252 2967 5307 nihil
2984 5258 3178 5306 tamen
3214 5251 3435 5307 addunt

1838 5346 2041 5416 operis,
2070 5360 2252 5416 neque
2280 5344 2642 5414 negotiantur
2676 5343 2747 5397 ad
2788 5344 3003 5397 lucrum
3051 5340 3266 5407 domini
3315 5341 3430 5412 sui,

1838 5450 2021 5506 neque
2049 5435 2384 5491 ﬂduciaiitsr
2408 5439 2585 5504 agunt
2602 5434 2662 5488 in
2683 5449 2750 5487 eo
2778 5433 2926 5504 quod
2951 5436 3312 5504 acceperunt;
3347 5433 3433 5487 ita

1840 5530 1906 5579 ut
1933 5540 2037 5580 nec
2070 5524 2197 5589 sibi,
2246 5539 2351 5578 nec
2390 5522 2514 5583 aliis
2556 5523 2793 5593 prosint,
2827 5522 2891 5576 ut
2917 5522 3091 5576 vitam
3136 5522 3432 5593 acquirunt

1842 5613 2264 5685 sempiternam.
2311 5608 2458 5681 Ergo
2496 5611 2593 5683 qui
2621 5608 2943 5681 hujusmodi
2982 5605 3139 5676 sunt,
3165 5609 3240 5664 ob
3262 5623 3428 5663 suam
