3872 6158
417 322 520 379 855

1188 322 1246 383 S.
1287 324 1662 380 PASCHASII
1700 320 2059 379 RADBERTI
2097 322 2399 400 ABBATIS
2436 324 2924 381 CORBEIENSIS.

3527 328 3610 384 8'06

413 445 718 521 perniciem
746 449 1000 519 quamvis
1028 449 1322 505 videantur
1346 451 1607 504 timorem
1648 450 1869 504 Domini
1907 451 2005 502 ha-
2019 453 2069 510 A
2085 450 2352 515 nummis,
2383 449 2524 504 bene
2553 451 2884 521 insculpere,
2908 455 2967 504 et
2985 466 3114 504 cum
3134 450 3312 503 usuris
3330 451 3497 504 omnia
3508 453 3616 505 red-

412 534 565 601 bere,
599 541 655 590 et
673 554 869 608 sapere
899 539 968 592 de
996 556 1061 592 eo
1090 540 1222 610 quia
1250 556 1476 592 severus
1518 545 1604 592 est
1645 538 2003 608 peccantibus

413 630 472 678 et
507 625 894 696 implacabilis,
925 633 1110 680 tamen
1159 628 1291 698 quia
1336 628 1515 681 multa
1554 634 1886 698 premuntur
1920 643 2005 680 so-

411 714 622 780 cordia,
647 721 873 787 torpent
899 717 1191 785 ignaviter.
1215 721 1272 770 et
1300 717 1458 786 quasi
1479 717 1755 771 talentum
1779 721 2004 770 servant

412 819 526 856 non
559 804 629 857 ad
658 805 895 868 lucrum,
929 805 1025 857 sed
1055 803 1181 866 sibi,
1221 810 1286 858 ut
1313 811 1493 858 totum
1525 805 1674 876 quod
1703 805 1896 858 vivunt
1922 805 2002 858 eis

404 888 629 945 tantum
660 893 839 962 prosit
864 892 1389 962 impraesentiarum.

445 989 448 994 '
493 986 739 1046 [049
758 983 1092 1050 Respondens
1117 988 1302 1035 autem
1322 985 1582 1037 dominus
1596 989 1712 1053 ejus
1741 985 1882 1036 dixit
1911 987 1962 1037 ei
1985 1004 2018 1048 ε,

406 1069 571 1125 Serve
590 1071 734 1123 male
760 1075 809 1122 et
831 1073 1009 1139 piger,
1033 1073 1232 1124 sciebas
1252 1067 1393 1139 'quia
1423 1078 1562 1125 meto
1585 1075 1682 1125 ubi
1703 1077 2001 1126 non-semi-

408 1161 562 1223 navi,
595 1163 643 1211 et
673 1174 934 1226 congrege
969 1175 1079 1212 non
1104 1176 1316 1228 sparsa,
1341 1168 1446 1214 etc.
1473 1163 1738 1224 Quaedam
1763 1178 1885 1232 quae
1909 1161 2002 1216 ob-

403 1246 619 1315 jecerat
657 1244 746 1298 hic
775 1246 957 1300 malus
997 1263 1208 1313 servus,
1251 1249 1485 1318 replicat
1513 1249 1690 1302 bonus
1717 1250 1998 1315 dominus,

336 1395 346 1406 ,
408 1333 663 1404 quaedam
693 1351 823 1387 vero
852 1340 1026 1392 tacet.
1056 1335 1185 1389 Non
1212 1337 1362 1389 enim
1391 1338 1690 1391 conﬁtetur
1707 1354 1767 1390 se
1796 1338 2000 1392 durum

407 1438 556 1487 esse,
570 1421 716 1475 sicut
735 1422 828 1475 ille
858 1417 1140 1477 arbitrans
1160 1425 1627 1479 calumniabatur.
1644 1425 1786 1489 Quia
1807 1442 1918 1480 non
1935 1443 2000 1480 ex

407 1527 510 1563 sua
540 1504 745 1564 natura
775 1505 864 1565 est
904 1516 969 1566 ut
1010 1529 1235 1566 severus
1274 1519 1374 1566 aut
1409 1513 1582 1568 durus
1623 1513 1860 1577 dicatur,
1901 1515 1999 1568 sed

407 1599 540 1670 quia
560 1599 653 1652 ille
683 1600 1066 1654 misericordia
1087 1601 1187 1655 Dei
1217 1601 1424 1655 abusus
1449 1607 1556 1663 est.
1603 1603 1673 1660 ad
1721 1603 2001 1672 negligen-

406 1688 565 1753 tiam,
602 1683 788 1742 etnon
817 1689 886 1742 ad
909 1689 1324 1744 conversionem
1369 1707 1546 1752 suam,
1584 1691 1728 1744 sicut
1767 1693 2000 1761 Aposto-

405 1776 494 1830 lus
515 1776 596 1830 ait
629 1795 641 1830 :
687 1778 807 1830 Vide
828 1779 1128 1831 bonitatem
1155 1780 1271 1844 Dci,
1297 1783 1349 1831 et
1368 1782 1707 1832 severitatem
1726 1781 1896 1842 (Rom.
1920 1797 1992 1845 x1,

405 1863 518 1931 22);
543 1865 602 1918 in
632 1882 727 1918 eos
757 1865 851 1936 qui
870 1866 1194 1919 ceciderunt
1216 1867 1592 1930 severitatem,
1625 1869 1683 1922 in
1717 1874 1774 1922 te
1809 1875 2022 1922 autem.

404 1952 732 2006 bonitatem.
763 1954 833 2007 Et
861 1953 985 2007 ideo
1017 1970 1182 2008 nemo
1207 1971 1435 2009 securus
1465 1955 1540 2009 sit
1567 1962 1624 2010 et
1651 1956 1818 2022 dicat,
1850 1957 1998 2026 quod

402 2058 517 2096 non
542 2048 718 2106 curat,
751 2057 864 2095 non
893 2041 1016 2095 dico
1048 2042 1380 2113 depeccatis
1403 2043 1872 2115 delinquentium,
1903 2062 1997 2099 ve-

402 2147 531 2184 rum
581 2131 753 2184 etiam
801 2131 869 2184 de
922 2131 1221 2184 commissa
1266 2132 1469 2201 gratia,
1500 2133 1547 2186 si
1584 2150 1694 2187 non
1734 2138 1997 2204 operatus

402 2219 572 2274 fuerit
597 2219 655 2272 in
685 2235 771 2272 ea.
802 2219 976 2272 Porro
1005 2219 1074 2272 de
1098 2220 1330 2291 reliquis
1357 2221 1557 2286 verbis,
1576 2222 1735 2291 quasi
1762 2239 1996 2276 consen-

404 2309 480 2362 sit
507 2307 655 2376 quod
686 2312 862 2361 metut
882 2307 975 2360 ubi
1005 2324 1117 2361 non
1146 2309 1459 2375 seminavit,
1494 2315 1551 2362 et
1573 2316 1880 2379 congregat
1901 2311 1994 2364 ubi

402 2412 518 2450 non
555 2395 778 2466 sparsit.
805 2395 914 2449 Sed
943 2397 1304 2466 quaerendum
1339 2399 1619 2467 quemodo
1647 2399 1996 2468 intelligatur

399 2486 564 2554 juxta
605 2484 755 2537 hunc
783 2501 1030 2538 sensum.
1063 2486 1207 2549 Quia
1253 2485 1398 2539 sicut
1437 2504 1601 2540 nemo
1639 2487 1808 2541 habet
1846 2489 1995 2558 quod

405 2589 519 2627 non
545 2574 858 2644 acceperit;
892 2574 972 2627 ita
1000 2590 1164 2628 nemo
1203 2581 1486 2646 operatur,
1517 2576 1624 2630 nisi
1662 2577 1720 2630 in
1750 2594 1814 2630 eo
1845 2577 1993 2647 quod

401 2663 673 2733 percepit.
707 2663 774 2716 In
802 2679 866 2716 eo
897 2663 1040 2717 forte
1071 2670 1338 2734 operatur
1358 2664 1600 2718 fructum
1625 2665 1859 2735 justitiae
1887 2665 1995 2718 im-

402 2751 852 2822 praesentiarum,
882 2769 1048 2823 quem
1067 2752 1311 2806 fructum
1341 2759 1516 2806 metet
1533 2755 1722 2823 justus
1746 2755 1804 2807 in
1825 2755 1995 2807 vitam

401 2845 691 2894 aeternam.
717 2841 862 2904 Quia
890 2841 1266 2894 seminavitin
1295 2842 1515 2910 spiritu,
1547 2842 1614 2894 de
1647 2859 1756 2911 quo
1780 2844 1997 2911 majora

401 2929 636 2998 recipiat
675 2929 852 2984 lucra.
892 2929 1024 2992 Quae
1064 2929 1218 2982 lucra
1269 2946 1397 2983 cum
1449 2935 1738 2983 metuntur
1765 2947 1800 2982 a
1821 2932 1992 3000 justo,

402 3017 567 3071 metit
594 3034 661 3071 ea
685 3019 845 3086 cujus
876 3023 962 3070 est
988 3017 1264 3087 possessio
1295 3018 1414 3087 ipse
1438 3019 1645 3087 justus.
1677 3019 1872 3072 Justus
1894 3035 1997 3072 au-

2087 538 2248 598 dere;
2299 543 2364 591 ut
2391 539 2660 608 quidquid
2713 540 2771 592 in
2825 541 3094 593 sermone
3129 539 3440 602 didicerant,
3475 557 3614 610 opere

2084 627 2445 696 complerent,
2494 634 2552 681 et
2595 628 2664 681 de
2715 628 2956 682 terrenis
2991 644 3056 681 ac
3079 628 3298 682 Caducis
3335 629 3549 681 caelestia
3571 634 3620 682 et

2085 722 2311 780 aeterna,
2344 715 2449 768 sibi
2475 721 2642 786 atque
2675 717 2797 770 aliis
2812 718 3182 770 lucrarentur.
3222 718 3415 782 Tollite,
3444 717 3614 787 inquit,

2087 808 2356 858 talentum
2385 807 2452 858 ab
2479 822 2554 870 eo,
2587 811 2636 858 ct
2663 806 2854 858 date'ei
2881 809 2981 873 qui
3006 808 3181 859 decem
3215 809 3408 859 talenta
3434 807 3619 872 fecerat.

2086 893 2404 947 Secundum
2421 893 2663 963 priorem
2693 893 3122 962 intelligentiam
3149 893 3320 947 facilis
3337 898 3415 946 est
3440 909 3622 948 sensus.

2085 981 2228 1045 Quia
2255 982 2444 1035 ablata
2470 987 2602 1036 sunt
2621 999 2709 1035 om
2719 983 2810 1036 nia
2824 999 2858 1035 a
2875 983 3081 1036 Judzeis
3107 982 3278 1036 divini
3289 981 3430 1035 verbi
3455 989 3626 1052 myste-

2084 1071 2187 1134 ria,
2210 1071 2306 1140 qui
2331 1071 2614 1125 Christum
2632 1087 2743 1124 non
2770 1076 3120 1140 receperunt,
3149 1076 3206 1124 et
3221 1070 3507 1124 commissa
3519 1073 3628 1125 sunt

2084 1157 2348 1228 apostolis
2379 1165 2435 1210 et
2463 1158 2786 1228 apostolicis
2814 1159 2944 1210 viris
2975 1159 3070 1228 qui
3099 1175 3164 1211 ex
3196 1158 3395 1212 Judaais
3420 1157 3630 1211 credide-

2083 1253 2236 1311 runt,
2260 1252 2317 1299 et
2340 1245 2424 1298 his
2453 1244 2550 1315 qui
2578 1246 2821 1300 maxime
2849 1246 2908 1299 in
2940 1245 3106 1299 verbo
3135 1246 3511 1299 laboraverunt
3537 1264 3546 1296 :
3579 1252 3632 1298 ut

2082 1334 2482 1404 intelligamus,
2533 1334 2664 1388 licet
2708 1335 2766 1387 in
2795 1335 3090 1405 utriusque
3127 1333 3314 1388 labore
3358 1335 3548 1404 aequale
3572 1335 3632 1386 sit

2085 1423 2297 1477 domini
2343 1423 2612 1492 gaudium
2652 1423 2910 1477 ﬁdelibus
2943 1429 3000 1478 et
3038 1423 3198 1477 bonis
3240 1423 3385 1492 quod
3427 1423 3634 1476 donatur

2084 1511 2363 1576 omnibus,
2393 1512 2488 1582 qui
2514 1512 2705 1566 decem
2734 1528 2832 1569 seu
2864 1513 2959 1582 qui
2984 1519 3227 1582 quatuor
3253 1512 3572 1581 de'quinque
3589 1518 3634 1566 et

2083 1599 2299 1654 duobus
2327 1601 2642 1653 retulerunt
2659 1601 2888 1664 talenta,
2911 1606 3102 1654 tamen
3129 1602 3312 1670 majus
3332 1599 3508 1653 deberi
3526 1616 3638 1669 prae-

2085 1689 2256 1742 mium
2286 1688 2337 1741 ei
2370 1689 2465 1758 qui
2496 1690 2620 1758 plus
2667 1689 2724 1742 in
2773 1689 2983 1742 domini
3028 1690 3267 1760 pecunia
3319 1688 3634 1752 laboraverit,

2017 1762 2224 1830 Bsicut
2253 1777 2542 1847 Scriptura
2569 1777 2756 1836 divina
2785 1778 2967 1842 docet,
3000 1784 3057 1832 et
3094 1795 3208 1831 non
3257 1778 3400 1830 sicut
3440 1777 3636 1846 quidam

2079 1865 2291 1930 volunt,
2325 1871 2387 1918 ut
2411 1865 2551 1919 nihil
2571 1866 2696 1936 plus
2725 1865 2930 1920 habeat
2949 1865 3043 1937 qui
3069 1868 3274 1936 majus,
3292 1882 3465 1936 neque
3481 1865 3638 1918 minus

2082 1952 2177 2021 qui
2198 1968 2397 2022 parum
2426 1951 2781 2017 laboraverit,
2815 1960 3036 2006 tantum
3062 1960 3128 2007 ut
3151 1971 3219 2006 ex
3249 1959 3365 2007 toto
3393 1953 3571 2020 diligat
3593 1957 3640 2003 et

2081 2041 2327 2110 duplicet
2353 2041 2502 2110 quod
2529 2042 2802 2112 percepit.
2816 2041 3082 2105 Quamvis
3102 2029 3256 2094 enim
3277 2047 3447 2095 metat
3467 2041 3519 2094 in
3532 2056 3641 2110 gen-

2079 2127 2247 2193 tibus,
2281 2129 2376 2182 ubi
2405 2145 2518 2182 non
2546 2130 2843 2183 seminavit
2871 2129 3040 2183 verba
3081 2130 3242 2199 legis,
3285 2136 3341 2183 et
3377 2135 3641 2198 congreget

2080 2234 2174 2272 eos
2193 2219 2265 2272 ad
2292 2219 2459 2272 ﬁdem
2490 2218 2584 2273 ubi
2605 2236 2717 2272 non
2739 2219 2964 2290 sparsit,
2994 2236 3106 2273 non
3127 2225 3317 2272 tamen
3344 2219 3456 2271 sine
3469 2217 3640 2271 merito

2079 2307 2208 2360 ﬁdei
2239 2307 2530 2377 praemium
2583 2314 2898 2377 praestatur.
2935 2308 3081 2371 Quia
3119 2308 3270 2361 sicut
3298 2324 3406 2360 non
3447 2307 3641 2359 aliunde

2078 2411 2246 2464 quam
2275 2412 2341 2448 ex
2369 2395 2514 2449 dono
2558 2396 2659 2450 Dei
2711 2402 2767 2450 et
2792 2397 3005 2450 talento
3035 2395 3141 2450 sibi
3181 2381 3409 2461 credito,
3438 2394 3642 2465 quisque

2075 2483 2314 2549 laborat,
2329 2484 2410 2538 sic
2429 2501 2542 2538 non
2565 2491 2962 2539 remuneratur
2975 2485 3083 2538 nisi
3097 2485 3408 2540 secundum
3428 2483 3642 2537 laborem

2075 2588 2240 2626 suum
2270 2579 2327 2626 et
2347 2574 2542 2642 gratiae
2570 2574 2907 2643 largitatem.

2151 2662 2318 2715 Omni
2337 2665 2486 2715 enim
2516 2664 2738 2716 habenti
2767 2665 3016 2728 dabitur,
3047 2669 3095 2716 et
3123 2665 3432 2717 abundabit
3452 2682 3466 2726 ;
3485 2665 3544 2721 ei
3557 2677 3640 2712 au-

2079 2755 2184 2802 tem
2217 2753 2314 2817 qui
2343 2767 2455 2803 non
2485 2752 2720 2816 liabet,et
2743 2753 2885 2820 quod
2906 2753 3126 2805 videtur
3146 2753 3363 2817 habere,
3388 2752 3645 2818 auferetur

2077 2839 2146 2890 ab
2173 2855 2248 2891 eo.
2281 2839 2556 2902 Quoniam
2585 2839 2901 2910 quicunque
2928 2845 3139 2894 rectam
3170 2846 3231 2894 et
3258 2841 3524 2910 integram
3551 2853 3647 2891 non

2079 2925 2250 2980 habet
2281 2927 2468 2993 ﬁdem,
2495 2928 2665 2982 etiam
2698 2929 2942 2999 reliquas
2956 2929 3214 2992 virtutes,
3233 2946 3372 3000 quas
3388 2927 3646 2981 videbatur

2080 3014 2308 3084 habere,
2335 3017 2550 3088 perdet.
2577 3018 2875 3086 Eleganter
2902 3018 3093 3088 itaque
3113 3019 3196 3071 ait
3215 3018 3365 3088 quod
3389 3015 3649 3070 videbatur

406 3112 522 3158 tem
550 3075 829 3175 disposuit
854 3121 919 3157 ac
940 3075 1113 3168 dedit,
1141 3111 1197 3158 ct
1223 3075 1524 3160 seminavit
1548 3107 1607 3160 in
1633 3107 1994 3177 pauperibus,
2013 3075 2056 3134 Ο
2079 3075 2313 3170 habere;
2335 3075 2484 3176 .quia
2510 3075 2780 3176 quidquid
2800 3107 2922 3160 sine
2956 3075 3066 3160 ﬁde
3102 3113 3207 3172 est,
3231 3075 3348 3160 non
3376 3107 3541 3159 virtus
3566 3103 3647 3156 sed

406 3199 462 3246 et
491 3192 682 3262 egenis
708 3193 850 3245 forte
878 3192 1252 3246 substantiam
1290 3209 1472 3259 suam,
1513 3211 1613 3248 seu
1650 3195 1801 3248 verbi
1836 3213 1997 3266 pecu-

406 3280 582 3333 niam.
621 3280 895 3334 Dominus
917 3286 1108 3334 autem
1133 3282 1190 3334 in
1210 3282 1328 3335 suis
1359 3282 1643 3348 membris,
1665 3300 1730 3338 ac
1757 3285 1805 3337 si
1851 3285 1910 3338 in
1939 3302 1998 3339 se

407 3368 638 3438 colligit,
671 3373 730 3421 et
755 3375 1059 3440 congregat
1083 3370 1360 3437 universa,
1392 3371 1525 3425 dum
1555 3373 1661 3426 sibi
1690 3380 1994 3444 computat,

408 3463 464 3512 et
492 3456 597 3511 sibi
625 3457 933 3511 arbitratur
959 3475 1079 3512 esse
1107 3459 1326 3526 collata,
1361 3476 1706 3531 quacunque
1739 3462 2000 3533 pauperi-

406 3545 516 3600 bus
539 3546 654 3600 suis
678 3547 920 3600 ﬁdeliter
946 3554 1081 3602 sunt
1105 3549 1414 3619 impartita.
1435 3550 1592 3603 Unde
1617 3551 1867 3604 dicturus
1894 3557 1997 3614 est,

409 3641 468 3690 et
506 3637 566 3691 in
604 3637 717 3690 alia
745 3637 1012 3708 parabola
1046 3656 1060 3690 :
1101 3640 1362 3706 Quandiu
1391 3641 1596 3706 fecistis
1630 3641 1697 3692 de
1724 3643 1843 3693 istis
1870 3643 2002 3694 meis

407 3727 686 3791 minimis,
719 3727 864 3780 mihi
889 3727 1092 3794 fecistis
1129 3728 1340 3794 (Matth.
1359 3724 2003 3795 xxv,40).Verumtamen

407 3829 511 3868 cur
539 3831 668 3868 eum
699 3819 862 3868 vocet
889 3815 1100 3869 malum
1131 3815 1188 3869 in
1219 3816 1515 3886 propatulo
1537 3820 1640 3880 est,
1665 3816 1798 3885 quia
1816 3816 1884 3870 de
1901 3833 2004 3871 sua

409 3903 574 3974 culpa
615 3903 955 3958 calumniam
1011 3905 1237 3958 domino
1279 3904 1431 3959 facit.
1465 3904 1631 3974 Piger
1675 3921 1825 3971 vero,
1873 3905 2005 3976 quia

409 3991 684 4046 talentum
716 3991 822 4046 sibi
844 3993 1120 4046 creditum
1143 3993 1325 4047 noluit
1335 3993 1621 4064 duplicare
1641 4033 1654 4057 ,
1677 3993 1809 4047 utin
1826 3994 2002 4048 altero

410 4080 705 4151 superbiae,
737 4081 797 4134 in
823 4081 1000 4136 altero
1029 4081 1382 4152 negligentiae
1412 4082 2006 4137 condemnetur.Unde

410 4185 717 4237 congruam
736 4169 842 4222 sibi
872 4170 1072 4240 accipit
1097 4171 1518 4240 responsionem
1545 4189 1557 4237 ;
1589 4188 1654 4224 ac
1681 4171 1730 4224 si
1758 4171 1998 4224 diceret:

412 4256 556 4321 Quia
584 4256 866 4311 crudelem
896 4262 954 4310 et
971 4258 1176 4311 durum
1197 4274 1286 4310 me
1311 4274 1564 4322 noveras,
1589 4265 1646 4312 et
1664 4259 1775 4312 alia
1802 4260 2003 4321 sectari

413 4359 535 4415 quae
564 4359 677 4397 non
706 4344 990 4410 dederam,
1025 4345 1212 4414 ibique
1242 4351 1452 4398 metere
1481 4345 1576 4399 ubi
1603 4364 1714 4400 non
1741 4349 1997 4413 severim,

2079 3199 2370 3262 peccatum
2403 3199 2505 3246 est.
2540 3193 2808 3248 Aufertur
2836 3211 2969 3263 ergo
2999 3193 3068 3247 ab
3116 3211 3182 3247 eo
3215 3194 3365 3266 quod
3391 3192 3652 3247 videbatur

2081 3281 2307 3347 habere,
2340 3299 2466 3336 cum
2492 3283 2810 3336 declaratur
2828 3283 2886 3336 in
2916 3283 3172 3336 examine
3198 3284 3398 3353 judicii
3423 3280 3651 3351 Dei,quia

2084 3387 2195 3424 non
2215 3371 2323 3424 fuit
2337 3388 2402 3425 ex
2427 3371 2533 3424 ﬁde
2556 3371 2704 3442 quod
2717 3371 2930 3437 habuit,
2953 3388 3076 3442 quae
3083 3372 3429 3441 justiﬁcatur
3451 3370 3650 3441 impius.

2083 3465 2140 3512 et
2169 3461 2225 3512 in
2255 3476 2366 3529 qua
2389 3462 2576 3530 justus
2620 3460 2771 3514 vivit.
2807 3461 2877 3514 Et
2905 3461 3010 3514 hoc
3032 3467 3119 3514 est
3145 3461 3361 3526 dicere,
3391 3463 3653 3527 auferetur

2082 3550 2151 3601 ab
2180 3564 2256 3613 eo,
2285 3564 2413 3601 cum
2444 3549 2495 3602 ei
2525 3565 2637 3602 non
2667 3549 2980 3619 imputatur
3009 3565 3148 3620 opus
3178 3551 3252 3603 ad
3268 3550 3558 3620 justitiam,
3577 3562 3654 3600 ne-

2086 3651 2193 3704 que
2223 3651 2436 3689 merces
2450 3636 2684 3705 justitize
2708 3637 2766 3690 in
2801 3637 3251 3691 retributionem.
3303 3639 3445 3692 Nam
3471 3643 3654 3690 etcum

2085 3724 2248 3777 multi
2263 3725 2596 3779 naturaliter
2616 3725 2851 3779 multam
2867 3725 3114 3779 habeant
3131 3726 3436 3781 efﬁcaciam
3453 3723 3650 3788 mentis,

2085 3817 2143 3865 et
2171 3829 2407 3868 acumen
2429 3813 2720 3884 prudentis
2749 3814 2981 3884 ingenii,
3013 3814 3060 3868 si
3091 3815 3443 3885 negligenter
3469 3814 3652 3867 bonum

2084 3907 2300 3955 natura:
2334 3919 2434 3972 per
2471 3902 2744 3956 desidiam
2772 3903 3142 3974 corruperint,
3178 3903 3421 3973 perdunt
3449 3902 3504 3955 hi
3533 3900 3652 3954 tales

2095 3995 2327 4056 105]
2369 3989 2578 4044 bonum
2612 3998 2826 4045 naturae
2850 3991 3162 4062 praemium,
3194 3991 3346 4062 quod
3386 3991 3462 4045 eis
3494 3990 3654 4044 fuerat

2087 4079 2511 4149 repromissum,
2543 4067 2600 4132 et
2643 4079 2832 4133 vident
2873 4095 3282 4156 nonnunquam
3328 4079 3555 4133 transire
3593 4076 3652 4130 ad

2087 4167 2226 4220 alios
2263 4168 2361 4236 qui
2404 4168 2581 4221 multo
2625 4167 2813 4222 labore
2852 4174 2910 4222 et
2954 4169 3236 4223 industria
3293 4172 3649 4239 compensant,

2086 4257 2235 4326 quod
2288 4257 2474 4310 minus
2519 4257 2600 4310 eis
2653 4257 2836 4312 fuerat
2881 4275 2914 4312 a
2959 4263 3184 4311 natura.
3230 4258 3364 4312 Haec
3402 4254 3654 4311 sententia

2086 4345 2340 4415 quamvis
2377 4363 2488 4400 non
2517 4347 2654 4399 satis
2683 4345 2834 4399 clara
2858 4335 3130 4405 videatur,
3176 4363 3293 4417 quo
3326 4346 3487 4400 modo
3509 4345 3652 4398 tolla-

412 4448 585 4504 quare
614 4448 726 4486 non
755 4432 856 4486 tibi
885 4432 1202 4486 istiusmodi
1229 4433 1436 4486 mentis
1464 4433 1726 4503 cogitatio
1768 4436 2002 4489 incussit
2019 4429 2068 4486 D
2085 4439 2180 4487 tur
2208 4433 2456 4504 quolibet
2477 4440 2636 4505 pacto
2666 4452 2700 4487 a
2729 4435 2876 4488 malo
2906 4452 3062 4488 servo
3093 4436 3374 4490 talentum
3387 4433 3528 4505 quod
3544 4448 3650 4504 per-

410 4522 676 4576 timorem
694 4520 719 4574 ’l
735 4521 879 4585 Quia
895 4520 1108 4574 sciebas
1131 4536 1220 4574 me
1240 4536 1353 4574 non
1373 4521 1553 4575 solum
1584 4538 1650 4576 ea
1680 4522 2002 4592 diligentius

409 4608 834 4678 requisiturum,
866 4614 931 4662 ut
953 4609 1116 4661 dares
1144 4609 1438 4678 pecuniam
1462 4626 1644 4664 meam
1666 4611 1780 4664 sive
1808 4627 2004 4681 argen-

409 4701 530 4750 tum
561 4696 977 4751 nummulariis.
1005 4697 1318 4769 Utrumque
1337 4699 1509 4764 enim,
1535 4705 1598 4752 ut
1626 4699 1757 4764 dixi,
1774 4695 2000 4770 ἀργύριον

411 4785 636 4838 Graecus
664 4801 847 4838 sermo
876 4785 1171 4855 significat.
1206 4788 1274 4842 Et
1300 4787 1426 4842 ideo
1449 4794 1569 4842 tota
1597 4788 1716 4842 haec
1736 4789 2002 4860 parabola

410 4873 480 4927 de
509 4873 747 4942 pecunia
773 4873 945 4928 divini
972 4874 1145 4941 verbi,
1196 4881 1254 4930 et
1297 4877 1551 4931 doctrina
1589 4878 2001 4948 praedicationis

411 4961 712 5033 accipitur;
746 4979 868 5034 qua:
899 4969 985 5018 est
1023 4965 1304 5034 Evangelii
1334 4967 1694 5037 dispensatio,
1731 4972 1787 5019 et
1815 4983 2001 5020 sermo

409 5050 757 5122 eloquiorum
769 5052 990 5123 Dei,qui
1003 5053 1124 5106 dari
1139 5053 1332 5107 debuit
1353 5061 1392 5118 ι
1407 5060 1598 5120 050
1611 5055 2003 5109 nummulariis

409 5145 468 5194 et
485 5140 788 5211 trapezitis,
823 5141 879 5194 id
901 5146 986 5195 est
1011 5141 1219 5195 sanctis
1248 5142 1568 5197 doctoribus
1613 5161 1715 5214 per
1750 5143 2000 5213 singulas

409 5229 690 5296 ecclesias,
730 5230 876 5285 sicut
909 5229 1163 5284 fecerunt
1191 5231 1426 5300 apostoli
1457 5248 1556 5303 per
1593 5233 1844 5302 singulas
1874 5249 2000 5302 pro-

407 5316 616 5370 vincias
662 5318 1016 5389 presbyteros
1061 5324 1118 5372 et
1164 5319 1450 5390 episcopos
1500 5322 1859 5389 ordinantes;
1911 5321 1997 5375 vel

408 5405 623 5458 cunctis
654 5406 1010 5461 credentibus
1051 5407 1239 5462 divina
1266 5409 1553 5463 tradentes
1580 5411 1865 5480 mysteria,
1900 5409 1995 5480 qui

407 5499 638 5565 possent
663 5494 886 5549 Domini
923 5496 1010 5551 sui
1056 5497 1354 5568 pecuniam
1383 5497 1686 5567 duplicare,
1719 5506 1776 5552 et
1802 5499 1998 5569 imagi-

407 5598 542 5637 nem
569 5584 774 5640 summi
800 5585 968 5654 Regis
996 5586 1052 5641 in
1082 5585 1356 5661 cordibus
1375 5586 1744 5655 singulorum,
1767 5603 1832 5641 ac
1860 5587 1906 5640 si
1937 5587 1995 5640 in

2084 4527 2325 4592 ceperat,
2361 4524 2445 4576 vel
2477 4524 2754 4593 quomodo
2785 4523 2949 4578 detur
2978 4525 3139 4578 alteri
3169 4526 3267 4595 qui
3319 4527 3506 4580 decem
3542 4523 3649 4595 plus

2083 4611 2337 4664 minusve
2368 4610 2647 4678 habuerit,
2668 4618 2732 4666 ut
2753 4611 2957 4666 habeat
2985 4612 3154 4666 etiam
3184 4620 3242 4668 et
3263 4615 3370 4669 hoc
3397 4629 3555 4685 super
3569 4612 3649 4665 illa

2083 4715 2206 4770 quae
2225 4699 2578 4770 acquisierat,
2601 4705 2787 4754 tamen
2816 4701 3078 4770 possibile
3108 4709 3194 4756 est
3219 4704 3279 4757 in
3309 4710 3648 4758 remuneran-

2082 4788 2158 4841 tis
2185 4788 2385 4854 ofﬁcio,
2419 4794 2482 4841 ut
2509 4789 2685 4858 possit
2712 4788 2926 4842 habens
2957 4790 3466 4860 impraesentiarum
3488 4791 3648 4844 abun-

2083 4876 2236 4942 dare,
2258 4877 2391 4946 quia
2413 4877 2571 4930 facile
2601 4884 2687 4931 cst
2713 4895 2813 4948 per
2841 4878 3249 4934 incrementum
3264 4881 3646 4950 posseditesce-

2084 4981 2146 5018 re
2173 4967 2393 5020 ﬁdelem
2425 4974 2482 5021 et
2509 4967 2718 5021 bonum
2749 4984 2990 5034 servum,
3019 4969 3105 5022 vel
3133 4986 3230 5039 per
3261 4970 3646 5024 incrementum

2085 5055 2500 5122 munificentiae,
2532 5058 2616 5110 vel
2644 5075 2746 5128 per
2783 5057 2988 5112 laboris
3013 5059 3390 5129 opulentiam;
3430 5058 3522 5112 sed
3548 5070 3645 5109 non

2085 5143 2240 5197 video
2271 5147 2548 5214 quomodo
2578 5163 2612 5200 a
2642 5163 2753 5200 non
2771 5147 3030 5214 habente,
3061 5148 3156 5218 qui
3183 5148 3474 5202 videbatur
3500 5145 3646 5200 habe-

2081 5249 2160 5296 re,
2186 5233 2472 5287 auferetur
2493 5233 2564 5288 ab
2596 5252 2660 5288 eo
2693 5236 2840 5306 quod
2878 5253 2992 5290 non
3020 5235 3291 5296 habebat;
3317 5253 3492 5307 neque
3521 5250 3643 5305 quo-

2078 5321 2243 5374 modo
2274 5321 2440 5374 detur
2460 5321 2626 5375 alicui
2653 5323 2802 5393 quod
2831 5340 2944 5376 non
2965 5329 3068 5382 est,
3090 5324 3222 5394 quia
3249 5324 3308 5376 in
3347 5341 3411 5377 eo
3437 5323 3527 5393 qui
3553 5323 3644 5374 ha-

2078 5407 2199 5463 buit
2238 5410 2377 5463 illud
2407 5411 2750 5464 exinanitum
2785 5418 2887 5465 est.
2921 5411 3042 5465 Nisi
3079 5412 3218 5466 forte
3245 5413 3326 5466 ita
3351 5411 3643 5480 intelligen-

2077 5499 2210 5553 dum
2231 5499 2324 5566 sit,
2357 5500 2505 5570 quod
2536 5499 2870 5554 habentibus
2895 5501 3180 5571 Evangelii
3195 5501 3454 5571 gratiam,
3485 5500 3638 5553 etiam

2076 5587 2215 5655 legis
2239 5587 2420 5642 honor
2447 5604 2548 5658 pro
2577 5589 2686 5644 ﬁde
2712 5589 2939 5656 Christi,
2973 5596 3030 5647 et
3054 5591 3206 5648 lucro
3245 5587 3524 5656 Evangelii
3546 5585 3635 5639 ad-
