3872 6158
152 291 242 348 857
852 290 1230 350 EXPOSITIO
1269 291 1347 347 IN
1383 287 1835 347 MA'I'I‘HIEUM.
1876 315 1946 330 —
1980 287 2117 343 LIB.
2158 287 2254 352 XI,
2295 285 2453 342 CAP.
2495 285 2665 357 XXV.
3295 282 3439 359 858;

147 416 302 470 datur
320 435 333 484 ;
354 420 417 475 et
432 416 562 472 hinc
581 418 770 476 inutili
791 435 969 486 servo,
990 435 1103 473 non
1126 415 1355 471 habenti
1379 414 1548 470 ﬁdem
1568 411 1793 472 Chri-A
1807 409 2068 466 tenebras
2097 409 2398 465 exteriores
2420 410 2679 466 mittitur.
2712 409 2856 477 Quia
2883 412 2941 462 et
2970 408 3103 480 ipsa
3133 408 3399 485 tenebrae,
3418 454 3435 479 _,

147 506 231 569 sti,
261 520 443 577 neque
470 494 610 578 legis
631 510 917 580 mysteria,
941 506 1385 579 quaevidebatur
1406 504 1612 558 habere
1632 519 1728 557 au-
1808 502 1917 556 nisi
1948 501 2191 554 exterius
2212 518 2247 554 a
2274 501 2389 555 Deo
2410 505 2618 567 essent,
2639 501 2836 573 utique
2856 498 3100 556 tenebrae
3124 514 3404 571 nusquam

147 594 422 662 ferantur;
469 596 760 651 auferatur
802 602 860 653 et
906 597 1097 651 littera
1124 611 1247 666 quae
1297 593 1515 656 occidit,
1559 609 1727 663 quam
1808 596 1866 644 et
1888 604 2177 661 nunquam
2204 596 2409 645 essent.

144 683 480 752 gloriabatur
506 702 567 738 se
604 685 842 753 habere;
872 685 1160 740 auferatur
1187 690 1245 738 et
1271 684 1452 737 honor
1482 681 1642 751 legis,
1672 685 1728 735 et
1879 683 2016 735 Cum
2040 678 2453 754 autemjvenerit
2473 682 2623 748 ﬁlius
2637 681 2881 735 hominis
2897 685 2959 736 in
2979 684 3259 751 majestate
3278 695 3401 744 sua,

146 772 342 826 omnia‘
362 774 485 843 ejus
520 774 831 830 observatio
859 775 1264 847 superstitiosa.
1299 772 1578 827 Caaterum
1607 775 1726 824 tor-
1807 772 1856 822 et
1883 784 2066 822 omnes
2085 771 2416 836 angelicum
2436 785 2512 834 eo,
2538 774 2670 823 tunc
2687 771 2885 823 sedebit
2902 786 3068 839 super
3087 771 3262 823 sedem
3285 783 3405 821 ma-

143 859 391 932 pentibus
409 862 468 916 in
489 862 600 918 ﬁde
629 864 836 918 Christi
854 863 1195 934 generaliter
1214 868 1271 917 et
1288 858 1722 931 negligentibus,
1801 859 2014 926 jestatis
2052 873 2181 923 suae,
2214 863 2262 909 et
2281 860 2762 925 congregabantur
2776 864 2903 912 ante
2924 875 3050 912 eum
3075 873 3259 911 omnes
3279 872 3409 925 gen-

144 950 411 1019 quomodo
429 953 723 1006 conveniat
740 953 856 1009 haec
883 952 1183 1017 sententia,
1200 950 1465 1022 quoniam
1484 949 1590 1019 ipsi
1612 964 1727 1003 om-
1811 950 1901 1009 tes,
1937 950 2040 998 etc.
2060 946 2189 999 Haec
2217 962 2461 1016 namque
2492 946 2778 1017 parabola,
2812 946 2920 1001 nisi
2950 946 3277 1016 diligentius
3306 961 3403 998 ex-

142 1053 231 1090 nes
255 1038 312 1091 in
338 1055 495 1093 servo
519 1040 628 1095 isto
652 1041 1020 1112 accipiuntur,
1052 1040 1397 1111 diligentiori
1425 1043 1512 1093 est
1547 1037 1729 1108 inqui—
1810 1050 1974 1088 cussa
2000 1035 2169 1088 fuerit
2188 1040 2246 1088 et
2272 1040 2631 1105 pertractata,
2654 1036 2875 1090 videtur
2903 1053 3024 1090 esse
3048 1034 3204 1088 valde
3226 1033 3405 1087 mani-

142 1125 332 1181 sitione
358 1130 844 1198 perscrutandum.
874 1130 1162 1185 Interdum
1191 1146 1321 1182 vero
1362 1128 1543 1181 fateor
1575 1126 1725 1196 quod
1809 1124 1969 1185 festa,
1994 1124 2229 1195 simplex
2261 1141 2482 1195 quoque
2513 1125 2746 1179 historia
2774 1130 2830 1178 et
2875 1130 3088 1194 aperta,
3123 1122 3284 1193 quasi
3315 1138 3405 1175 ex-

140 1220 326 1285 potens
345 1221 432 1271 est
449 1218 618 1285 Deus,
645 1224 703 1273 et
724 1219 919 1274 efﬁcax
947 1220 1070 1288 ejus
1099 1217 1379 1283 divinitas,
1406 1216 1722 1285 penetrabi-
1807 1210 2039 1265 hortans
2071 1213 2324 1266 homines
2351 1213 2422 1266 ad
2444 1213 2713 1267 beneﬁcia
2739 1211 3108 1266 humanitatis
3126 1204 3403 1282 ‘przestan-

142 1306 240 1357 lior
261 1309 419 1360 omni
445 1309 631 1373 gladio
661 1309 841 1372 (Hebr.
874 1325 946 1375 ιν,
980 1306 1089 1377 12),
1122 1306 1422 1378 praecidere
1450 1303 1520 1358 ab
1549 1321 1634 1369 eo,
1668 1309 1724 1357 et
1804 1299 1894 1365 da,
1912 1300 1983 1353 ad
2007 1300 2252 1354 dandam
2275 1300 2709 1372 eleemosynam,
2731 1306 2788 1354 et
2814 1300 2886 1354 ad
2905 1300 3250 1370 largiendam
3267 1317 3400 1370 gra-

140 1392 350 1448 auferre
378 1395 771 1450 sufﬁcientiam
802 1414 972 1468 quam
1002 1395 1188 1461 habet,
1222 1412 1333 1466 qua
1361 1411 1421 1448 se
1467 1393 1720 1463 simulat,
1801 1389 1960 1442 tiam.
1980 1389 2217 1444 Omnem
2235 1389 2705 1444 inhumanitatem
2718 1390 2774 1442 in
2792 1390 2982 1460 paucis
3002 1388 3398 1454 condemnans,

139 1480 258 1535 dum
277 1481 557 1552 ignaviter
581 1485 716 1539 vivit
743 1490 801 1539 et
827 1490 1081 1540 versatur
1105 1485 1164 1538 in
1194 1483 1571 1555 voluptatibus
1599 1499 1722 1537 car-
1805 1484 1858 1532 et
1889 1494 2113 1532 omnem
2137 1479 2467 1549 parcitatem
2491 1479 2567 1550 pii
2596 1478 2781 1549 operis
2798 1477 3231 1548 reprehendens.
3261 1476 3406 1539 Qua-

136 1570 233 1636 nis,
265 1576 321 1625 et
349 1572 484 1626 dare
536 1573 779 1643 gratiam
807 1580 865 1628 et
895 1575 1222 1629 meritorum
1255 1573 1483 1644 praemia
1521 1573 1592 1639 ei,
1625 1574 1723 1644 qui
1804 1572 2033 1638 propter
2060 1567 2194 1639 quia
2219 1585 2254 1621 a
2281 1568 2473 1622 multis
2495 1568 2731 1639 simplex
2757 1566 2978 1621 videtur
3004 1581 3123 1619 esse
3145 1563 3402 1630 historia,

136 1657 298 1714 etiam
317 1664 383 1713 ut
404 1661 615 1716 Paulus
637 1668 696 1715 et
714 1663 879 1717 multi
907 1667 1229 1716 sanctorum
1250 1662 1546 1732 plusquam
1571 1678 1722 1716 acce-
1741 1728 1774 1732 _
1805 1661 1861 1709 et
1897 1672 1931 1709 a
1960 1656 2151 1710 multis
2182 1673 2297 1727 prie
2344 1657 2576 1721 cunctis,
2621 1662 2830 1727 quanto
2876 1652 3202 1718 terribilior,
3222 1656 3404 1727 tanto

133 1752 344 1818 perant,
375 1749 480 1803 sub
514 1749 703 1806 labore
729 1758 787 1807 et
812 1751 1107 1817 industria,
1140 1728 1288 1805 ultra
1314 1728 1720 1821 praeceptorum
1741 1728 1787 1788 Β
1806 1744 2109 1810 obscurior,
2144 1762 2395 1817 quaerere
2441 1751 2662 1817 Oportet
2690 1745 2823 1816 quid
2870 1743 2929 1797 in
2984 1760 3044 1797 se
3091 1757 3407 1796 sacramen-

135 1835 227 1889 Dei
252 1835 361 1889 sibi
390 1837 662 1892 attributa
698 1840 928 1906 talenta,
961 1844 1454 1910 supererogarunt,
1496 1839 1629 1908 quia
1667 1844 1725 1892 et
1805 1838 1992 1887 torum
2034 1839 2279 1900 I053
2314 1834 2521 1888 habeat
2561 1832 2943 1888 dimCUItatiS?
2996 1831 3236 1885 Μδκίωθ
3273 1845 3405 1900 Pro‘

134 1922 228 1977 hoc
267 1924 459 1995 ipsum
496 1932 561 1981 ut
597 1927 844 1992 facerent
881 1929 1061 1998 gratis
1104 1933 1458 1998 acceperunt.
1508 1929 1717 1989 Tollite,
1803 1927 1929 1994 pter
1956 1938 2050 1977 eos
2073 1924 2167 1993 qui
2198 1923 2340 1976 nihil
2368 1922 2519 1976 aliud
2550 1923 2611 1976 in
2657 1923 2762 1975 hoc
2788 1936 3047 1976 sermone
3083 1916 3407 1973 existimant

134 2011 322 2083 inquit,
350 2016 421 2067 ab
451 2031 508 2068 eo
537 2018 830 2083 talentum,
850 2023 900 2071 et
914 2019 1037 2071 date
1060 2020 1111 2070 ei
1139 2020 1237 2086 qui
1253 2017 1408 2070 habet
1437 2019 1612 2070 decem
1636 2022 1720 2069 ta-
1804 2012 2186 2081 qumrendum,
2236 2028 2405 2081 quam
2434 2010 2880 2066 exhortationem
2927 2005 3312 2069 humanitatis,
3347 2010 3405 2058 et

137 2102 305 2166 lenta;
336 2107 401 2156 ut
421 2109 556 2171 puta
575 2104 741 2159 tidem
760 2105 830 2158 ab
850 2104 1091 2159 habente
1117 2121 1287 2176 quam
1310 2104 1601 2158 videbatur
1628 2105 1723 2158 ha-
1802 2099 2080 2170 largitatis
2101 2100 2363 2169 gratiam.
2399 2100 2555 2154 Sicut
2574 2105 2631 2153 et
2658 2099 2717 2152 in
2747 2097 3012 2170 parabola
3033 2111 3203 2168 quam
3235 2093 3400 2169 modo

134 2187 268 2256 bere,
302 2192 402 2245 sed
429 2208 544 2245 non
564 2198 686 2246 erat
712 2194 869 2259 ﬁdes,
903 2195 1037 2265 quia
1053 2198 1173 2248 sine
1195 2196 1445 2264 operibus
1468 2197 1599 2264 (Jac.
1632 2213 1718 2262 xx,
1804 2188 2187 2253 tractavimus,
2210 2189 2349 2242 nihil
2366 2189 2516 2243 aliud
2537 2205 2703 2260 quam
2733 2186 3204 2259 dispensationem
3227 2180 3401 2248 verbi,

132 2273 209 2336 26)
236 2284 463 2333 mortua
485 2285 608 2334 erat
626 2281 683 2335 in
709 2282 1031 2354 semetipso.
1057 2283 1191 2347 Quae
1216 2282 1482 2338 nimirum
1508 2284 1648 2338 ﬁdes
1669 2289 1726 2338 et
1805 2283 1862 2332 et
1890 2277 2167 2331 talentum
2215 2277 2645 2348 praedicationis.
2686 2277 2833 2331 Nam
2881 2275 3029 2346 quod
3059 2274 3128 2327 de
3158 2272 3402 2325 adventu

131 2369 299 2437 gratia
314 2369 449 2424 ﬁdei
462 2371 965 2438 daturhabenti,et
978 2373 1288 2428 abundabit
1303 2374 1361 2428 in
1381 2375 1576 2428 eadem
1594 2374 1723 2435 ﬁdei
1804 2367 2104 2421 n0Vissimo
2133 2367 2415 2437 loquatur.
2447 2382 2612 2420 nemo
2639 2364 2734 2435 qui
2772 2363 3040 2433 ambigat.
3078 2359 3312 2426 Quando
3343 2358 3405 2412 ﬁ-

134 2456 327 2523 gratia,
347 2458 600 2527 quotidie
628 2462 931 2530 operando,
954 2468 1012 2516 et
1034 2462 1248 2516 ﬁrmior
1275 2463 1555 2517 invenitur
1576 2462 1635 2516 in
1658 2479 1722 2518 eo
1804 2456 1912 2509 lius
1942 2455 2203 2523 hominis,
2221 2456 2316 2526 qui
2344 2461 2400 2509 et
2429 2455 2603 2509 Filius
2618 2455 2741 2519 Dei,
2763 2454 2859 2524 qui
2888 2456 3210 2523 assumptus
3239 2454 3325 2504 est
3346 2450 3405 2503 in

133 2545 265 2612 quod
287 2546 483 2612 habet,
509 2552 678 2619 atque
697 2548 1099 2608 abundantior.
1131 2551 1401 2605 Similiter
1429 2557 1487 2605 et
1505 2551 1601 2621 qui
1630 2552 1723 2604 ha-
1802 2544 2041 2615 gloriam
2071 2545 2255 2598 Patris
2275 2561 2384 2615 quo
2413 2545 2568 2614 prius
2597 2549 2654 2597 et
2668 2560 2891 2613 semper
2919 2548 3060 2603 erat,
3091 2545 3405 2595 revertetur

130 2623 299 2685 buerit
330 2650 364 2686 a
390 2637 616 2700 natura,
662 2643 727 2690 ut
762 2637 1031 2705 dixeram,
1062 2638 1368 2692 efﬁcaciam
1400 2639 1624 2704 mentis,
1668 2645 1726 2693 et
1803 2633 1914 2687 huc
1968 2633 2048 2686 sic
2090 2633 2367 2703 quomodo
2416 2631 2572 2698 abiit,
2606 2631 2677 2685 ad
2713 2630 3011 2701 judicium,
3044 2630 3103 2682 in
3133 2629 3316 2700 specie
3346 2631 3404 2680 et

133 2717 432 2789 ingenium,
456 2740 584 2777 cum
608 2726 917 2781 exercuerit
943 2743 1073 2781 eum
1096 2728 1153 2781 in
1179 2728 1289 2782 ﬁde
1320 2728 1551 2794 Christi,
1585 2728 1725 2782 acci-
1805 2722 2221 2794 pulchritudine
2250 2739 2353 2776 sua
2382 2740 2395 2789 ;
2438 2721 2517 2775 ita
2549 2726 2609 2775 ut
2636 2737 2837 2791 corpus
2866 2722 2988 2789 ejus
3017 2719 3108 2785 sit,
3151 2724 3209 2773 et
3236 2734 3404 2788 appa-

133 2807 205 2877 pit
217 2808 462 2881 idipsum
491 2812 803 2883 dupliciter,
828 2819 886 2869 et
912 2832 977 2869 ex
1001 2817 1188 2886 gratia
1205 2817 1306 2870 Dei
1336 2818 1402 2871 fit
1427 2816 1722 2871 abundan—
1805 2817 1929 2866 reat
1942 2813 2000 2865 in
2020 2811 2271 2865 claritate
2284 2809 2716 2881 incorruptionis
2731 2816 2969 2886 aeterna.
2992 2809 3118 2862 Non
3138 2806 3405 2861 transfor-

137 2896 235 2950 tior
267 2905 520 2967 [052
547 2907 605 2955 et
627 2902 843 2969 fortior,
875 2903 933 2957 in
982 2884 1048 2958 eo
1094 2904 1216 2976 ipso
1265 2906 1413 2976 quod
1459 2905 1719 2961 habebat.
1807 2907 1993 2954 matus
2006 2904 2226 2954 tantum
2245 2916 2431 2954 coram
2449 2899 2628 2953 tribus
2649 2884 2957 2969 discipulis,
2974 2897 3119 2951 sicut
3135 2897 3194 2950 in
3214 2899 3403 2950 monte

131 2984 274 3049 Quod
290 2988 346 3041 si
373 2988 542 3044 fuerit
557 2991 680 3061 quis
700 2992 978 3062 perfectus
994 2994 1052 3047 in
1074 3010 1244 3048 sensu
1267 2995 1435 3064 juxta
1465 2976 1722 3051 Salomo-
1745 3044 1788 3064 η
1807 2994 2151 3043 monstratus
2182 2994 2286 3054 est,
2314 2989 2408 3043 sed
2425 2988 2771 3058 gloriﬁcatus
2803 2987 2861 3040 in
2897 2987 3079 3057 gloria
3099 2985 3202 3040 Dei
3220 2984 3405 3038 Patris

134 3090 269 3142 nem,
300 3077 457 3131 inter
489 3079 635 3133 ﬁlios
663 3080 974 3147 hominum,
1008 3082 1057 3135 si
1082 3081 1324 3136 abfuerit
1346 3082 1415 3136 ab
1445 3101 1512 3138 eo
1539 3084 1723 3154 gratia
1744 3072 1788 3104 υ
1806 3094 1993 3131 coram
2015 3072 2287 3131 universis
2312 3077 2573 3148 gentibus
2594 3076 2945 3147 congregatis
2973 3080 3105 3129 ante
3134 3090 3262 3128 eum
3284 3074 3405 3143 jam

135 3163 224 3217 Dei
252 3171 311 3219 et
345 3167 640 3237 sapientia,
672 3174 736 3222 ut
772 3169 1012 3223 nihilum
1048 3170 1420 3241 reputabitur.
1455 3172 1725 3227 Similiter
1805 3184 1906 3238 per
1934 3167 2400 3227 resurrectionem
2433 3167 2636 3232 carnis,
2671 3165 2895 3236 quando
2923 3162 3234 3235 apparebit,
3276 3162 3408 3233 quia

135 3258 185 3306 et
202 3253 268 3306 de
289 3256 448 3309 omni
484 3256 732 3327 ingenio,
762 3263 820 3312 et
842 3258 912 3312 de
954 3263 1096 3325 arte,
1127 3264 1297 3330 atque
1330 3261 1536 3316 virtute
1575 3262 1722 3316 acci-
1800 3256 2086 3326 judicatus
2116 3260 2201 3309 est
2228 3256 2286 3309 in
2309 3256 2535 3320 mundo,
2560 3260 2624 3309 ut
2643 3255 2861 3325 judicet
2889 3260 2945 3307 et
2966 3254 3084 3324 ipse
3109 3252 3404 3306 mundum.

132 3343 389 3413 piendum
419 3352 532 3403 est.
571 3348 729 3402 Unde
758 3349 806 3402 si
834 3349 1089 3403 volumus
1136 3355 1389 3404 nostrum
1420 3368 1541 3405 esse
1571 3352 1720 3423 quod
1803 3344 1873 3397 Et
1900 3345 2119 3398 sedebit
2128 3345 2302 3413 judex
2321 3361 2491 3414 super
2506 3344 2695 3397 sedem
2714 3343 3025 3414 majestatis
3045 3346 3252 3404 suae,et
3269 3346 3405 3394 tunc

132 3430 391 3489 habemus
415 3452 483 3489 ex
513 3436 645 3501 Deo,
677 3453 910 3507 agamus
929 3443 993 3491 ut
1018 3438 1183 3493 detur
1211 3438 1372 3493 nobis
1392 3439 1568 3494 virtus
1600 3457 1721 3511 per-
1801 3431 2119 3502 segregabit
2139 3448 2266 3485 oves
2295 3431 2365 3485 ab
2403 3431 2598 3499 hmdis,
2637 3430 2695 3484 id
2741 3436 2826 3484 est
2845 3431 3019 3486 bonos
3050 3446 3083 3483 a
3104 3428 3286 3483 malis.
3309 3430 3407 3482 At-

136 3519 328 3588 Ῑεαὶὶον,
363 3528 424 3577 et
470 3523 719 3579 abundet
743 3526 802 3580 in
831 3526 990 3580 nobis
1035 3527 1183 3597 quod
1214 3527 1489 3597 perfectus
1541 3535 1627 3583 est
1653 3546 1720 3582 ex
1800 3520 1968 3574 tende
2000 3518 2121 3585 tibi,
2159 3521 2352 3585 lector,
2387 3536 2580 3574 omnes
2609 3526 2760 3573 retro
2790 3518 3103 3597 parabolas,
3158 3522 3215 3571 et
3243 3517 3405 3571 intel-

133 3611 299 3678 gratia
322 3612 449 3677 Dei,
482 3629 554 3667 ne
598 3614 742 3668 forte
784 3596 1072 3669 auferatur
1098 3632 1132 3669 a
1163 3596 1323 3670 nobis
1353 3622 1411 3670 et
1439 3617 1605 3671 detur
1635 3618 1721 3671 al-
1800 3609 1911 3679 ligo
1944 3626 2114 3679 quam
2153 3608 2386 3679 mystice
2416 3614 2548 3663 sunt
2575 3596 2833 3679 prolata.
2858 3608 3004 3661 Nam
3035 3611 3186 3660 retro
3216 3605 3405 3675 angeli

136 3698 246 3765 ιθτὶ,
279 3705 336 3753 et
372 3699 612 3771 accipiat
651 3703 816 3770 alius,
865 3704 1027 3773 juxta
1081 3705 1494 3776 Apocalypsim,
1536 3706 1720 3760 locum
1798 3698 1920 3767 jam
1934 3698 2203 3751 zizaniam
2234 3698 2552 3751 universam
2581 3696 2949 3766 collegerunt,
2987 3700 3044 3748 et
3071 3710 3403 3764 segregave-

135 3792 396 3858 nostrum,
420 3790 468 3843 si
506 3798 824 3860 permotum
854 3791 1025 3846 fuerit
1042 3792 1439 3847 candelabrum
1462 3796 1741 3849 nostrum‘
1804 3793 1939 3841 runt
1959 3804 1991 3841 a
2012 3787 2215 3841 tritico.
2244 3788 2271 3841 J
2278 3803 2368 3840 am
2402 3786 2579 3857 pisces
2599 3785 2731 3839 boni
2759 3785 2973 3839 collecti
2994 3788 3124 3838 sunt
3150 3783 3210 3835 in
3234 3780 3396 3844 vasis,

136 3873 195 3927 de
219 3876 336 3931 loco
364 3895 489 3932 suo.
522 3880 733 3933 Idcirco
759 3897 859 3950 per
887 3880 1237 3951 diligentiam
1265 3882 1418 3936 omni
1447 3883 1719 3938 instantia
1802 3877 1980 3930 malos
2023 3876 2172 3929 foras
2210 3876 2505 3929 miserunt.
2538 3876 2662 3929 Jam
2694 3874 2933 3944 virgines
2961 3872 3128 3926 fatuae
3164 3869 3401 3940 repulsae

130 3977 371 4031 agamus,
395 3971 461 4020 ut
492 3972 551 4021 et
576 3966 634 4021 id
659 3972 851 4022 tenere
878 3969 1176 4039 possimus,
1210 3970 1359 4040 quod
1388 3971 1713 4042 accipimus,
1800 3972 1950 4019 sunt.
1973 3964 2098 4019 Jam
2119 3981 2311 4018 servus
2332 3963 2547 4017 inutilis
2562 3969 2619 4017 et
2637 3963 2818 4017 malus
2840 3962 3046 4015 missus
3062 3959 3117 4013 in
3139 3956 3400 4013 tenebras

134 4056 183 4104 et
203 4068 264 4106 ex
292 4071 358 4109 eo
382 4055 539 4109 aliud
572 4057 863 4126 acquirere
901 4074 1011 4128 quo
1040 4057 1411 4113 abundemuS.
1445 4061 1715 4115 [nutilcm
1799 4054 2123 4119 exteriores,
2156 4071 2254 4108 seu
2274 4059 2475 4108 caetera
2505 4070 2626 4123 quae
2655 4054 2886 4122 longum
2921 4056 3006 4105 est
3047 4062 3399 4103 enumerare.

134 4145 303 4195 autem
334 4160 558 4198 servum
582 4148 839 4213 projicite
865 4149 929 4200 in
968 4148 1216 4200 tenebras
1245 4151 1558 4216 exteriores,
1596 4153 1717 4205 illic
1800 4144 1871 4198 Et
1896 4144 2032 4217 quid
2058 4149 2143 4196 est
2172 4143 2320 4213 quod
2340 4159 2489 4196 nunc
2512 4142 2583 4196 ad
2611 4146 2924 4196 extremum
2954 4140 3072 4211 ipse
3103 4154 3203 4210 per
3232 4153 3311 4203 se,
3336 4151 3441 4209 ac.

135 4232 226 4282 erit
252 4234 411 4299 ﬂetus
440 4238 491 4286 et
516 4235 726 4288 stridor
753 4236 1021 4288 dentium.
1049 4235 1130 4289 De
1158 4251 1271 4306 qua
1295 4238 1577 4292 sententia
1599 4239 1718 4309 jam
1802 4233 1848 4287 si
1865 4233 2131 4302 judex,in
2146 4232 2277 4286 sede
2298 4232 2608 4304 majestatis
2623 4249 2737 4285 suae
2751 4230 3146 4294 introducitur,
3166 4233 3222 4282 et
3237 4227 3402 4281 collo-

133 4329 289 4386 supra
328 4319 571 4374 diximus
601 4340 615 4389 ;
662 4327 1050 4377 verumtamen
1081 4324 1216 4395 quia
1250 4324 1610 4380 formidolosa
1635 4334 1721 4383 est
1802 4327 2001 4376 cantur
2023 4333 2154 4375 ante
2183 4338 2312 4376 eum
2334 4338 2527 4376 omnes
2543 4326 2758 4391 gentes,
2789 4336 2928 4391 quas
2960 4320 3081 4391 ipse
3107 4334 3208 4389 per
3232 4333 3292 4371 se
3320 4315 3401 4369 di-

134 4405 299 4469 valde,
331 4409 696 4479 cogitandum
726 4415 812 4464 est
840 4411 973 4481 quid
1002 4413 1062 4466 in
1093 4429 1157 4466 eo
1185 4414 1463 4484 culpatur,
1490 4416 1576 4469 cui
1608 4432 1721 4470 non
1738 4398 1787 4456 Ῑ)
1798 4410 2032 4479 judicat,
2068 4417 2124 4465 et
2161 4417 2420 4482 segregat
2443 4427 2508 4464 ac
2534 4411 2582 4464 si
2611 4415 2821 4480 pastor,
2854 4416 2911 4463 et
2936 4408 3131 4462 dividit
3162 4423 3289 4460 oves
3329 4404 3417 4477 ab,

136 4489 326 4548 dicitur
353 4497 504 4566 quod
533 4497 670 4551 mali
697 4498 907 4570 aliquid
937 4500 1150 4566 fecerit,
1178 4501 1309 4556 licet
1336 4504 1516 4557 malus
1559 4504 1721 4558 dica-
1804 4499 1977 4552 haedis
2002 4500 2026 4552 ?
2052 4497 2178 4570 Ipse
2208 4516 2450 4571 namque
2481 4506 2566 4553 est
2586 4504 2777 4569 pastor
2801 4497 2999 4563 bonus,
3036 4496 3131 4567 qui
3159 4496 3273 4549 ait:
3300 4495 3398 4548 Co-

134 4583 237 4648 tur,
264 4585 363 4638 sed
387 4585 519 4655 quia
548 4586 710 4656 piger
755 4594 813 4641 et
836 4588 1053 4643 inutilis
1083 4590 1209 4644 fuit.
1258 4592 1415 4645 Sicut
1464 4597 1521 4646 et
1550 4610 1722 4664 supra
1800 4604 1990 4655 gnosce
2022 4605 2185 4652 meas,
2208 4593 2255 4642 et
2285 4594 2609 4656 cognoscunt
2631 4604 2714 4641 me
2734 4603 2864 4640 mea:
2897 4588 3072 4646 (Joan.
3115 4601 3166 4649 x,
3195 4582 3299 4649 14).
3330 4583 3402 4638 Et

135 4669 365 4742 quinque
410 4674 655 4745 virgines
681 4674 867 4742 fatuae,
912 4693 1025 4731 non
1053 4677 1123 4730 ob
1155 4678 1310 4732 aliud
1345 4680 1713 4750 repelluntur,
1800 4677 1950 4746 ipsas
1981 4692 2119 4747 quas
2145 4677 2267 4747 ipse
2295 4694 2396 4748 per
2422 4693 2483 4730 se
2514 4694 2645 4730 suas
2675 4692 2796 4730 esse
2826 4673 3152 4746 cognoverit
3187 4679 3401 4729 statuet

132 4757 229 4811 nisi
269 4762 403 4831 quia
438 4763 627 4818 oleum
667 4781 857 4818 secum
900 4782 1012 4819 non
1040 4768 1311 4823 tulerunt,
1344 4768 1486 4821 Nam
1519 4772 1576 4821 et
1610 4768 1716 4823 iste
1798 4762 1858 4817 in
1887 4764 2116 4831 dextris,
2139 4766 2381 4835 reliquas
2412 4781 2538 4818 vero
2560 4780 2753 4818 omnes
2777 4764 2926 4817 inter
2955 4762 3143 4817 haedos
3166 4763 3225 4817 in
3266 4763 3400 4817 sini-

131 4860 310 4902 servus
337 4850 462 4905 ideo
492 4852 708 4907 inutilis
730 4860 978 4921 vocatur,
998 4855 1131 4925 quia
1155 4855 1224 4909 de
1253 4856 1466 4910 talento
1494 4856 1713 4910 lucrum
1797 4852 1929 4905 stris
1943 4852 2292 4924 reprobando
2313 4853 2371 4906 in
2392 4851 2953 4922 judicio,deputabit.
2975 4852 3049 4907 Et
3067 4853 3193 4905 ideo
3220 4852 3277 4905 in
3292 4852 3398 4906 hoc

129 4949 230 4989 non
256 4937 461 4993 obtulit
488 4941 716 4996 domino
745 4958 867 5007 suo,
902 4943 1053 5012 quod
1085 4949 1265 4998 totum
1294 4944 1354 4998 in
1381 4945 1629 5008 sudario,
1656 4946 1715 4998 id
1796 4941 2097 4996 novissimo
2126 4941 2402 5008 examine,
2431 4946 2488 4994 et
2506 4940 2565 4994 in
2595 4940 2698 4994 hac
2734 4940 2934 4995 ultima
2954 4942 3206 4996 omnium
3236 4958 3398 5012 para-

130 5025 279 5079 estin
307 5043 475 5082 carne
502 5030 774 5101 reposuit.
825 5031 894 5084 Et
937 5030 1063 5085 ideo
1101 5048 1136 5084 a
1170 5030 1479 5085 tortoribus
1511 5032 1715 5087 missus
1797 5030 2072 5095 bolarum,
2107 5046 2218 5083 non
2257 5030 2425 5083 aliam
2457 5046 2625 5100 quam
2651 5029 2899 5101 seipsum
2939 5031 3245 5085 introducit
3272 5046 3397 5101 per-

129 5120 206 5166 est
224 5118 286 5168 in
318 5119 563 5172 tenebras
591 5123 899 5185 exteriores,
923 5121 1189 5190 quoniam
1215 5126 1273 5174 et
1298 5120 1417 5191 ipse
1436 5122 1628 5175 lumen
1658 5122 1717 5175 in
1799 5136 2017 5184 sonam,
2040 5125 2100 5172 ut
2131 5124 2469 5172 monstraret
2495 5118 2742 5189 seipsum
2772 5120 2865 5190 qui
2886 5137 2986 5192 pro
3027 5119 3287 5174 omnibus
3307 5120 3398 5189 ju-

129 5216 182 5254 se
201 5202 380 5259 Deum
415 5222 527 5261 non
553 5206 787 5261 habuit:
829 5209 977 5263 Deus
1006 5216 1194 5264 autem
1220 5212 1412 5265 lumen
1442 5218 1717 5266 aeternum
1799 5208 2066 5263 dicendus
2110 5214 2250 5275 erat,
2286 5224 2453 5277 quam
2484 5213 2700 5278 potens,
2748 5225 2917 5280 quam
2947 5210 3221 5263 discretus
3274 5208 3395 5279 ipse

137 5296 251 5353 est;
282 5300 343 5347 et
364 5296 493 5365 quia
510 5295 582 5350 ab
609 5312 677 5351 eo
696 5312 809 5350 non
839 5298 1208 5367 illuminatur,
1229 5302 1585 5371 extraipsum
1612 5308 1716 5370 est,
1801 5313 1901 5367 per
1927 5313 1986 5349 se
2029 5312 2225 5350 rursus
2258 5296 2612 5366 judicaturus
2651 5297 2924 5352 adveniet.
2960 5298 3119 5353 Unde
3159 5305 3217 5352 et
3250 5298 3396 5353 hanc

127 5394 229 5434 non
274 5382 528 5439 localiter
555 5385 801 5456 quidem,
830 5386 928 5440 sed
958 5389 1253 5458 poenaliter
1285 5408 1299 5456 ;
1334 5406 1466 5443 nam
1496 5390 1555 5443 in
1600 5391 1714 5444 Deo
1799 5385 2124 5457 parabolam
2182 5384 2439 5439 ultimam
2480 5387 2788 5457 proposuit,
2835 5392 2899 5441 ut
2940 5387 3210 5441 continua
3247 5394 3397 5442 esset

125 5468 366 5525 tenebrae
384 5489 495 5528 non
519 5479 655 5528 sunt
671 5473 817 5540 ullae,
843 5475 1108 5544 quoniam
1143 5477 1263 5547 ipse
1291 5482 1443 5531 totus
1482 5478 1576 5531 lux
1605 5483 1707 5532 est.
1794 5475 2040 5546 passioni
2066 5474 2219 5543 ejus;
2248 5479 2311 5527 ut
2338 5491 2532 5528 omnes
2559 5475 2728 5530 simul
2758 5477 2875 5531 haec
2902 5478 3012 5531 duo
3035 5478 3396 5532 intenderent

128 5555 189 5608 Et
208 5557 337 5612 ideo
366 5560 452 5615 hic
480 5563 664 5617 malus
700 5578 910 5629 servus,
942 5580 1073 5618 cum
1106 5564 1176 5619 ab
1202 5581 1268 5620 eo
1295 5566 1607 5637 repellitur,
1647 5566 1705 5620 in
1786 5563 2016 5634 judicia.
2046 5563 2228 5627 Quam
2252 5564 2404 5633 juste
2426 5568 2481 5618 et
2510 5581 2679 5634 quam
2705 5565 2891 5620 debite
2920 5566 3039 5637 ipse
3061 5572 3260 5636 potens
3289 5566 3391 5620 ad-
