  <div class='ocr_page' id='page_1' title='image "/cluster/home/n/w/nwhite01/storage/ocr_20150623/120/hvd.32044054759824/435.png"; bbox 0 0 3872 6158; ppageno 0'>
   <div class='ocr_carea' id='block_1_1' title="bbox 466 291 577 355">
    <p class='ocr_par' dir='ltr' id='par_1_1' title="bbox 466 291 577 355">
     <span class='ocr_line' id='line_1_1' title="bbox 466 291 577 355; baseline -0.009 0"><span class='ocrx_word' id='word_1_1' title='bbox 466 291 577 355; x_wconf 77' lang='lat'>889</span> 
     </span>
    </p>
   </div>
   <div class='ocr_carea' id='block_1_2' title="bbox 1229 296 2990 367">
    <p class='ocr_par' dir='ltr' id='par_1_2' title="bbox 1229 296 2990 367">
     <span class='ocr_line' id='line_1_2' title="bbox 1229 296 2990 367; baseline 0.002 -7"><span class='ocrx_word' id='word_1_2' title='bbox 1229 305 1288 360; x_wconf 86' lang='lat' dir='ltr'>S.</span> <span class='ocrx_word' id='word_1_3' title='bbox 1328 302 1709 364; x_wconf 79' lang='lat' dir='ltr'>PASCHASII</span> <span class='ocrx_word' id='word_1_4' title='bbox 1749 306 2115 367; x_wconf 77' lang='lat' dir='ltr'>RADBERT!</span> <span class='ocrx_word' id='word_1_5' title='bbox 2147 304 2455 366; x_wconf 75' lang='lat' dir='ltr'>ABBATIS</span> <span class='ocrx_word' id='word_1_6' title='bbox 2489 296 2990 365; x_wconf 58' lang='lat' dir='ltr'>00mm.</span> 
     </span>
    </p>
   </div>
   <div class='ocr_carea' id='block_1_3' title="bbox 3571 309 3657 369">
    <p class='ocr_par' dir='ltr' id='par_1_3' title="bbox 3571 309 3657 369">
     <span class='ocr_line' id='line_1_3' title="bbox 3571 309 3657 369; baseline 0 0"><span class='ocrx_word' id='word_1_7' title='bbox 3571 309 3657 369; x_wconf 69' lang='lat'>880</span> 
     </span>
    </p>
   </div>
   <div class='ocr_carea' id='block_1_4' title="bbox 465 418 3656 504">
    <p class='ocr_par' dir='ltr' id='par_1_4' title="bbox 465 418 3656 504">
     <span class='ocr_line' id='line_1_4' title="bbox 465 418 3656 504; baseline 0.004 -28"><span class='ocrx_word' id='word_1_8' title='bbox 465 422 657 479; x_wconf 79' lang='lat' dir='ltr'>veniet</span> <span class='ocrx_word' id='word_1_9' title='bbox 674 418 827 479; x_wconf 75' lang='lat' dir='ltr'>illius</span> <span class='ocrx_word' id='word_1_10' title='bbox 851 422 1099 484; x_wconf 79' lang='lat' dir='ltr'>hominis</span> <span class='ocrx_word' id='word_1_11' title='bbox 1123 422 1195 484; x_wconf 84' lang='lat' dir='ltr'>ad</span> <span class='ocrx_word' id='word_1_12' title='bbox 1225 428 1522 501; x_wconf 79' lang='lat' dir='ltr'>judicium,</span> <span class='ocrx_word' id='word_1_13' title='bbox 1554 430 1652 502; x_wconf 88' lang='lat' dir='ltr'>qui</span> <span class='ocrx_word' id='word_1_14' title='bbox 1682 436 1799 488; x_wconf 85' lang='lat' dir='ltr'>tam</span> <span class='ocrx_word' id='word_1_15' title='bbox 1828 435 2060 489; x_wconf 85' lang='lat' dir='ltr'>humilis</span> <span class='ocrx_word' id='word_1_16' title='bbox 2074 439 2123 496; x_wconf 86' lang='grc' dir='ltr'>Α</span> <span class='ocrx_word' id='word_1_17' title='bbox 2144 434 2313 489; x_wconf 88' lang='lat' dir='ltr'>minis</span> <span class='ocrx_word' id='word_1_18' title='bbox 2330 435 2528 489; x_wconf 86' lang='lat' dir='ltr'>sedere</span> <span class='ocrx_word' id='word_1_19' title='bbox 2555 430 2791 499; x_wconf 80' lang='lat' dir='ltr'>dicatur,</span> <span class='ocrx_word' id='word_1_20' title='bbox 2827 446 2943 488; x_wconf 85' lang='lat' dir='ltr'>non</span> <span class='ocrx_word' id='word_1_21' title='bbox 2961 432 3247 504; x_wconf 71' lang='lat' dir='ltr'>corporale</span> <span class='ocrx_word' id='word_1_22' title='bbox 3268 428 3465 504; x_wconf 74' lang='lat' dir='ltr'>aliquod</span> <span class='ocrx_word' id='word_1_23' title='bbox 3488 435 3656 489; x_wconf 77' lang='lat' dir='ltr'>subsel-</span> 
     </span>
    </p>
   </div>
   <div class='ocr_carea' id='block_1_5' title="bbox 463 512 2055 594">
    <p class='ocr_par' dir='ltr' id='par_1_5' title="bbox 463 512 2055 594">
     <span class='ocr_line' id='line_1_5' title="bbox 463 512 2055 594; baseline 0.007 -27"><span class='ocrx_word' id='word_1_24' title='bbox 463 517 696 586; x_wconf 83' lang='lat' dir='ltr'>tamque</span> <span class='ocrx_word' id='word_1_25' title='bbox 710 512 1003 587; x_wconf 89' lang='lat' dir='ltr'>despectus</span> <span class='ocrx_word' id='word_1_26' title='bbox 1018 515 1303 589; x_wconf 83' lang='lat' dir='ltr'>judicatus</span> <span class='ocrx_word' id='word_1_27' title='bbox 1318 526 1403 574; x_wconf 90' lang='lat' dir='ltr'>est</span> <span class='ocrx_word' id='word_1_28' title='bbox 1430 518 1506 591; x_wconf 87' lang='lat' dir='ltr'>inj</span> <span class='ocrx_word' id='word_1_29' title='bbox 1516 528 1638 576; x_wconf 79' lang='lat' dir='ltr'>uste</span> <span class='ocrx_word' id='word_1_30' title='bbox 1653 540 1753 594; x_wconf 89' lang='lat' dir='ltr'>pro</span> <span class='ocrx_word' id='word_1_31' title='bbox 1778 525 2055 580; x_wconf 90' lang='lat' dir='ltr'>omnibus.</span> 
     </span>
    </p>
   </div>
   <div class='ocr_carea' id='block_1_6' title="bbox 466 602 2054 685">
    <p class='ocr_par' dir='ltr' id='par_1_6' title="bbox 466 602 2054 685">
     <span class='ocr_line' id='line_1_6' title="bbox 466 602 2054 685; baseline 0.008 -29"><span class='ocrx_word' id='word_1_32' title='bbox 466 602 538 656; x_wconf 90' lang='lat' dir='ltr'>Et</span> <span class='ocrx_word' id='word_1_33' title='bbox 566 605 699 673; x_wconf 85' lang='lat' dir='ltr'>quia</span> <span class='ocrx_word' id='word_1_34' title='bbox 732 622 835 676; x_wconf 92' lang='lat' dir='ltr'>pro</span> <span class='ocrx_word' id='word_1_35' title='bbox 875 608 1134 662; x_wconf 90' lang='lat' dir='ltr'>omnibus</span> <span class='ocrx_word' id='word_1_36' title='bbox 1167 609 1474 664; x_wconf 88' lang='lat' dir='ltr'>indebitam</span> <span class='ocrx_word' id='word_1_37' title='bbox 1520 618 1759 667; x_wconf 86' lang='lat' dir='ltr'>mortem</span> <span class='ocrx_word' id='word_1_38' title='bbox 1806 612 2054 685; x_wconf 79' lang='lat' dir='ltr'>pertulit,</span> 
     </span>
    </p>
   </div>
   <div class='ocr_carea' id='block_1_7' title="bbox 474 692 2061 775">
    <p class='ocr_par' dir='ltr' id='par_1_7' title="bbox 474 692 2061 775">
     <span class='ocr_line' id='line_1_7' title="bbox 474 692 2061 775; baseline 0.006 -27"><span class='ocrx_word' id='word_1_39' title='bbox 474 692 718 758; x_wconf 65' lang='lat'><strong>1054</strong></span> <span class='ocrx_word' id='word_1_40' title='bbox 740 698 1002 765; x_wconf 84' lang='lat' dir='ltr'>potenter</span> <span class='ocrx_word' id='word_1_41' title='bbox 1024 695 1293 765; x_wconf 79' lang='lat' dir='ltr'>insinuat,</span> <span class='ocrx_word' id='word_1_42' title='bbox 1327 699 1459 775; x_wconf 85' lang='lat' dir='ltr'>quia</span> <span class='ocrx_word' id='word_1_43' title='bbox 1487 700 1683 756; x_wconf 85' lang='lat' dir='ltr'>voluit.</span> <span class='ocrx_word' id='word_1_44' title='bbox 1713 703 1782 757; x_wconf 87' lang='lat' dir='ltr'>Et</span> <span class='ocrx_word' id='word_1_45' title='bbox 1815 704 2061 758; x_wconf 85' lang='lat' dir='ltr'>ostendit</span> 
     </span>
    </p>
   </div>
   <div class='ocr_carea' id='block_1_8' title="bbox 467 785 2060 859">
    <p class='ocr_par' dir='ltr' id='par_1_8' title="bbox 467 785 2060 859">
     <span class='ocr_line' id='line_1_8' title="bbox 467 785 2060 859; baseline 0.009 -26"><span class='ocrx_word' id='word_1_46' title='bbox 467 792 528 833; x_wconf 92' lang='lat' dir='ltr'>se</span> <span class='ocrx_word' id='word_1_47' title='bbox 552 795 743 851; x_wconf 81' lang='lat' dir='ltr'>regem</span> <span class='ocrx_word' id='word_1_48' title='bbox 772 798 893 836; x_wconf 91' lang='lat' dir='ltr'>esse</span> <span class='ocrx_word' id='word_1_49' title='bbox 919 788 976 838; x_wconf 89' lang='lat' dir='ltr'>et</span> <span class='ocrx_word' id='word_1_50' title='bbox 990 785 1238 854; x_wconf 89' lang='lat' dir='ltr'>judicem</span> <span class='ocrx_word' id='word_1_51' title='bbox 1258 788 1508 842; x_wconf 90' lang='lat' dir='ltr'>omnium</span> <span class='ocrx_word' id='word_1_52' title='bbox 1531 791 1880 859; x_wconf 64' lang='lat' dir='ltr'>saeculorum,</span> <span class='ocrx_word' id='word_1_53' title='bbox 1906 799 2060 847; x_wconf 89' lang='lat' dir='ltr'>ante-</span> 
     </span>
    </p>
   </div>
   <div class='ocr_carea' id='block_1_9' title="bbox 468 870 2061 949">
    <p class='ocr_par' dir='ltr' id='par_1_9' title="bbox 468 870 2061 949">
     <span class='ocr_line' id='line_1_9' title="bbox 468 870 2061 949; baseline 0.01 -28"><span class='ocrx_word' id='word_1_54' title='bbox 468 880 637 937; x_wconf 85' lang='lat' dir='ltr'><strong>quam</strong></span> <span class='ocrx_word' id='word_1_55' title='bbox 654 870 1143 945; x_wconf 84' lang='lat' dir='ltr'>congregabuntur</span> <span class='ocrx_word' id='word_1_56' title='bbox 1156 890 1352 929; x_wconf 89' lang='lat' dir='ltr'>omnes</span> <span class='ocrx_word' id='word_1_57' title='bbox 1359 881 1571 946; x_wconf 88' lang='lat' dir='ltr'>gentes,</span> <span class='ocrx_word' id='word_1_58' title='bbox 1593 886 1655 932; x_wconf 92' lang='lat' dir='ltr'>ut</span> <span class='ocrx_word' id='word_1_59' title='bbox 1660 878 2061 949; x_wconf 87' lang='lat' dir='ltr'>judicenturde</span> 
     </span>
    </p>
   </div>
   <div class='ocr_carea' id='block_1_10' title="bbox 468 955 2062 1043">
    <p class='ocr_par' dir='ltr' id='par_1_10' title="bbox 468 955 2062 1043">
     <span class='ocr_line' id='line_1_10' title="bbox 468 955 2062 1043; baseline 0.011 -34"><span class='ocrx_word' id='word_1_60' title='bbox 468 955 739 1012; x_wconf 79' lang='lat' dir='ltr'>universis</span> <span class='ocrx_word' id='word_1_61' title='bbox 760 976 862 1030; x_wconf 91' lang='lat' dir='ltr'>pro</span> <span class='ocrx_word' id='word_1_62' title='bbox 892 960 1094 1032; x_wconf 83' lang='lat' dir='ltr'><strong>quibus</strong></span> <span class='ocrx_word' id='word_1_63' title='bbox 1124 968 1284 1019; x_wconf 88' lang='lat' dir='ltr'>tanta</span> <span class='ocrx_word' id='word_1_64' title='bbox 1308 965 1428 1036; x_wconf 89' lang='lat' dir='ltr'>ipse</span> <span class='ocrx_word' id='word_1_65' title='bbox 1452 964 1737 1022; x_wconf 79' lang='lat' dir='ltr'>sustinuit.</span> <span class='ocrx_word' id='word_1_66' title='bbox 1772 971 1879 1025; x_wconf 88' lang='lat' dir='ltr'>Sed</span> <span class='ocrx_word' id='word_1_67' title='bbox 1910 988 2062 1043; x_wconf 63' lang='lat' dir='ltr'>qure-</span> 
     </span>
    </p>
   </div>
   <div class='ocr_carea' id='block_1_11' title="bbox 466 1044 2064 1125">
    <p class='ocr_par' dir='ltr' id='par_1_11' title="bbox 466 1044 2064 1125">
     <span class='ocr_line' id='line_1_11' title="bbox 466 1044 2064 1125; baseline 0.01 -27"><span class='ocrx_word' id='word_1_68' title='bbox 466 1044 703 1101; x_wconf 88' lang='lat' dir='ltr'>rendum</span> <span class='ocrx_word' id='word_1_69' title='bbox 733 1053 927 1103; x_wconf 89' lang='lat' dir='ltr'>utrum</span> <span class='ocrx_word' id='word_1_70' title='bbox 948 1067 1142 1108; x_wconf 89' lang='lat' dir='ltr'>omnes</span> <span class='ocrx_word' id='word_1_71' title='bbox 1161 1060 1379 1124; x_wconf 79' lang='lat' dir='ltr'>gentes,</span> <span class='ocrx_word' id='word_1_72' title='bbox 1403 1071 1528 1125; x_wconf 75' lang='lat' dir='ltr'>quae</span> <span class='ocrx_word' id='word_1_73' title='bbox 1547 1056 1774 1111; x_wconf 85' lang='lat' dir='ltr'>fuerunt</span> <span class='ocrx_word' id='word_1_74' title='bbox 1804 1059 1863 1113; x_wconf 90' lang='lat' dir='ltr'>in</span> <span class='ocrx_word' id='word_1_75' title='bbox 1890 1058 2064 1115; x_wconf 85' lang='lat' dir='ltr'>omni-</span> 
     </span>
    </p>
   </div>
   <div class='ocr_carea' id='block_1_12' title="bbox 464 1131 2066 1220">
    <p class='ocr_par' dir='ltr' id='par_1_12' title="bbox 464 1131 2066 1220">
     <span class='ocr_line' id='line_1_12' title="bbox 464 1131 2066 1220; baseline 0.011 -34"><span class='ocrx_word' id='word_1_76' title='bbox 464 1131 569 1188; x_wconf 91' lang='lat' dir='ltr'>bus</span> <span class='ocrx_word' id='word_1_77' title='bbox 593 1136 780 1191; x_wconf 72' lang='lat' dir='ltr'>sazculi</span> <span class='ocrx_word' id='word_1_78' title='bbox 811 1142 1267 1208; x_wconf 84' lang='lat' dir='ltr'>generationibus</span> <span class='ocrx_word' id='word_1_79' title='bbox 1290 1162 1304 1215; x_wconf 70' lang='grc' dir='ltr'><strong><em>ς</em></strong></span> <span class='ocrx_word' id='word_1_80' title='bbox 1335 1150 1434 1198; x_wconf 89' lang='lat' dir='ltr'>aut</span> <span class='ocrx_word' id='word_1_81' title='bbox 1459 1144 1571 1199; x_wconf 64' lang='lat' dir='ltr'>illae</span> <span class='ocrx_word' id='word_1_82' title='bbox 1598 1152 1841 1216; x_wconf 88' lang='lat' dir='ltr'>tantum,</span> <span class='ocrx_word' id='word_1_83' title='bbox 1868 1166 1990 1220; x_wconf 60' lang='lat' dir='ltr'>quae</span> <span class='ocrx_word' id='word_1_84' title='bbox 2007 1150 2066 1204; x_wconf 89' lang='lat' dir='ltr'>in</span> 
     </span>
    </p>
   </div>
   <div class='ocr_carea' id='block_1_13' title="bbox 466 1226 2067 1305">
    <p class='ocr_par' dir='ltr' id='par_1_13' title="bbox 466 1226 2067 1305">
     <span class='ocr_line' id='line_1_13' title="bbox 466 1226 2067 1305; baseline 0.009 -28"><span class='ocrx_word' id='word_1_85' title='bbox 466 1226 953 1282; x_wconf 86' lang='lat' dir='ltr'>consummatione</span> <span class='ocrx_word' id='word_1_86' title='bbox 989 1230 1175 1284; x_wconf 68' lang='lat' dir='ltr'>saeculi</span> <span class='ocrx_word' id='word_1_87' title='bbox 1203 1228 1415 1286; x_wconf 76' lang='lat' dir='ltr'>fuerint</span> <span class='ocrx_word' id='word_1_88' title='bbox 1436 1232 1620 1288; x_wconf 90' lang='lat' dir='ltr'>adhuc</span> <span class='ocrx_word' id='word_1_89' title='bbox 1647 1234 1705 1289; x_wconf 91' lang='lat' dir='ltr'>in</span> <span class='ocrx_word' id='word_1_90' title='bbox 1734 1252 1900 1290; x_wconf 86' lang='lat' dir='ltr'>carne</span> <span class='ocrx_word' id='word_1_91' title='bbox 1924 1256 1937 1305; x_wconf 88' lang='lat'><strong>;</strong></span> <span class='ocrx_word' id='word_1_92' title='bbox 1968 1243 2067 1291; x_wconf 89' lang='lat' dir='ltr'>aut</span> 
     </span>
    </p>
   </div>
   <div class='ocr_carea' id='block_1_14' title="bbox 464 1311 2065 1393">
    <p class='ocr_par' dir='ltr' id='par_1_14' title="bbox 464 1311 2065 1393">
     <span class='ocr_line' id='line_1_14' title="bbox 464 1311 2065 1393; baseline 0.008 -26"><span class='ocrx_word' id='word_1_93' title='bbox 464 1312 576 1368; x_wconf 73' lang='lat' dir='ltr'>illae</span> <span class='ocrx_word' id='word_1_94' title='bbox 602 1316 824 1371; x_wconf 82' lang='lat' dir='ltr'>tantum</span> <span class='ocrx_word' id='word_1_95' title='bbox 864 1334 986 1388; x_wconf 86' lang='lat' dir='ltr'>quae</span> <span class='ocrx_word' id='word_1_96' title='bbox 1013 1311 1372 1375; x_wconf 87' lang='lat' dir='ltr'>crediderunt</span> <span class='ocrx_word' id='word_1_97' title='bbox 1400 1321 1701 1393; x_wconf 79' lang='lat' dir='ltr'>Evangelia</span> <span class='ocrx_word' id='word_1_98' title='bbox 1740 1325 1965 1389; x_wconf 82' lang='lat' dir='ltr'>Christi,</span> <span class='ocrx_word' id='word_1_99' title='bbox 2008 1324 2065 1380; x_wconf 83' lang='lat' dir='ltr'>et</span> 
     </span>
    </p>
   </div>
   <div class='ocr_carea' id='block_1_15' title="bbox 467 1400 2066 1481">
    <p class='ocr_par' dir='ltr' id='par_1_15' title="bbox 467 1400 2066 1481">
     <span class='ocr_line' id='line_1_15' title="bbox 467 1400 2066 1481; baseline 0.008 -26"><span class='ocrx_word' id='word_1_100' title='bbox 467 1418 537 1455; x_wconf 82' lang='lat' dir='ltr'>ex</span> <span class='ocrx_word' id='word_1_101' title='bbox 560 1400 698 1473; x_wconf 85' lang='lat' dir='ltr'>ipsis</span> <span class='ocrx_word' id='word_1_102' title='bbox 715 1406 973 1461; x_wconf 89' lang='lat' dir='ltr'>omnibus</span> <span class='ocrx_word' id='word_1_103' title='bbox 992 1406 1439 1481; x_wconf 89' lang='lat' dir='ltr'>segregabuntur</span> <span class='ocrx_word' id='word_1_104' title='bbox 1450 1427 1577 1466; x_wconf 85' lang='lat' dir='ltr'>oves</span> <span class='ocrx_word' id='word_1_105' title='bbox 1602 1411 1671 1467; x_wconf 89' lang='lat' dir='ltr'>ab</span> <span class='ocrx_word' id='word_1_106' title='bbox 1703 1409 1895 1469; x_wconf 66' lang='lat' dir='ltr'>haedis.</span> <span class='ocrx_word' id='word_1_107' title='bbox 1921 1415 2066 1479; x_wconf 85' lang='lat' dir='ltr'>Quia</span> 
     </span>
    </p>
   </div>
   <div class='ocr_carea' id='block_1_16' title="bbox 467 1490 2065 1572">
    <p class='ocr_par' dir='ltr' id='par_1_16' title="bbox 467 1490 2065 1572">
     <span class='ocr_line' id='line_1_16' title="bbox 467 1490 2065 1572; baseline 0.009 -29"><span class='ocrx_word' id='word_1_108' title='bbox 467 1490 613 1545; x_wconf 85' lang='lat' dir='ltr'>sicut</span> <span class='ocrx_word' id='word_1_109' title='bbox 639 1492 861 1549; x_wconf 79' lang='lat' dir='ltr'>canitur</span> <span class='ocrx_word' id='word_1_110' title='bbox 879 1496 937 1551; x_wconf 91' lang='lat' dir='ltr'>in</span> <span class='ocrx_word' id='word_1_111' title='bbox 961 1494 1216 1553; x_wconf 86' lang='lat' dir='ltr'>Psalmo:</span> <span class='ocrx_word' id='word_1_112' title='bbox 1242 1496 1412 1568; x_wconf 72' lang='lat' dir='ltr'>[mpii</span> <span class='ocrx_word' id='word_1_113' title='bbox 1430 1516 1542 1556; x_wconf 85' lang='lat' dir='ltr'>non</span> <span class='ocrx_word' id='word_1_114' title='bbox 1570 1504 1860 1570; x_wconf 69' lang='lat' dir='ltr'>resurgant</span> <span class='ocrx_word' id='word_1_115' title='bbox 1891 1506 1952 1557; x_wconf 87' lang='lat' dir='ltr'>in</span> <span class='ocrx_word' id='word_1_116' title='bbox 1968 1508 2065 1572; x_wconf 82' lang='lat' dir='ltr'>ju-</span> 
     </span>
    </p>
   </div>
   <div class='ocr_carea' id='block_1_17' title="bbox 467 1580 2067 1666">
    <p class='ocr_par' dir='ltr' id='par_1_17' title="bbox 467 1580 2067 1666">
     <span class='ocr_line' id='line_1_17' title="bbox 467 1580 2067 1666; baseline 0.009 -35"><span class='ocrx_word' id='word_1_117' title='bbox 467 1580 610 1635; x_wconf 86' lang='lat' dir='ltr'>dicio</span> <span class='ocrx_word' id='word_1_118' title='bbox 629 1583 793 1645; x_wconf 84' lang='lat' dir='ltr'>(Psal.</span> <span class='ocrx_word' id='word_1_119' title='bbox 818 1601 856 1654; x_wconf 80' lang='grc' dir='ltr'>Ι,</span> <span class='ocrx_word' id='word_1_120' title='bbox 881 1580 929 1651; x_wconf 80' lang='lat'>5)</span> <span class='ocrx_word' id='word_1_121' title='bbox 952 1609 964 1657; x_wconf 90' lang='lat'><strong>;</strong></span> <span class='ocrx_word' id='word_1_122' title='bbox 989 1592 1085 1646; x_wconf 91' lang='lat' dir='ltr'>sed</span> <span class='ocrx_word' id='word_1_123' title='bbox 1114 1598 1171 1647; x_wconf 92' lang='lat' dir='ltr'>et</span> <span class='ocrx_word' id='word_1_124' title='bbox 1193 1590 1262 1648; x_wconf 91' lang='lat' dir='ltr'>de</span> <span class='ocrx_word' id='word_1_125' title='bbox 1290 1588 1426 1665; x_wconf 77' lang='lat' dir='ltr'>ipsis</span> <span class='ocrx_word' id='word_1_126' title='bbox 1447 1586 1542 1666; x_wconf 87' lang='lat' dir='ltr'>qui</span> <span class='ocrx_word' id='word_1_127' title='bbox 1568 1594 1738 1647; x_wconf 79' lang='lat' dir='ltr'>ﬁdem</span> <span class='ocrx_word' id='word_1_128' title='bbox 1759 1590 1966 1648; x_wconf 83' lang='lat' dir='ltr'>Christi</span> <span class='ocrx_word' id='word_1_129' title='bbox 1982 1607 2067 1645; x_wconf 90' lang='lat' dir='ltr'>re-</span> 
     </span>
    </p>
   </div>
   <div class='ocr_carea' id='block_1_18' title="bbox 468 1669 2067 1755">
    <p class='ocr_par' dir='ltr' id='par_1_18' title="bbox 468 1669 2067 1755">
     <span class='ocr_line' id='line_1_18' title="bbox 468 1669 2067 1755; baseline 0.004 -30"><span class='ocrx_word' id='word_1_130' title='bbox 468 1669 786 1739; x_wconf 79' lang='lat' dir='ltr'>ceperunt?</span> <span class='ocrx_word' id='word_1_131' title='bbox 815 1675 1097 1741; x_wconf 87' lang='lat' dir='ltr'>Quantum</span> <span class='ocrx_word' id='word_1_132' title='bbox 1128 1682 1198 1738; x_wconf 89' lang='lat' dir='ltr'>ad</span> <span class='ocrx_word' id='word_1_133' title='bbox 1229 1682 1538 1755; x_wconf 86' lang='lat' dir='ltr'><strong>simplicem</strong></span> <span class='ocrx_word' id='word_1_134' title='bbox 1574 1688 1789 1737; x_wconf 86' lang='lat' dir='ltr'>textum</span> <span class='ocrx_word' id='word_1_135' title='bbox 1822 1680 2067 1753; x_wconf 85' lang='lat' dir='ltr'>pertinet</span> 
     </span>
    </p>
   </div>
   <div class='ocr_carea' id='block_1_19' title="bbox 2140 518 3659 594">
    <p class='ocr_par' dir='ltr' id='par_1_19' title="bbox 2140 518 3659 594">
     <span class='ocr_line' id='line_1_19' title="bbox 2140 518 3659 594; baseline 0.001 -16"><span class='ocrx_word' id='word_1_136' title='bbox 2140 525 2278 578; x_wconf 89' lang='lat' dir='ltr'><strong>lium</strong></span> <span class='ocrx_word' id='word_1_137' title='bbox 2298 523 2377 577; x_wconf 88' lang='lat' dir='ltr'>ibi</span> <span class='ocrx_word' id='word_1_138' title='bbox 2406 524 2532 590; x_wconf 88' lang='lat' dir='ltr'>erit,</span> <span class='ocrx_word' id='word_1_139' title='bbox 2575 518 2839 594; x_wconf 81' lang='lat' dir='ltr'>quoniam</span> <span class='ocrx_word' id='word_1_140' title='bbox 2870 527 2928 575; x_wconf 79' lang='lat' dir='ltr'>et</span> <span class='ocrx_word' id='word_1_141' title='bbox 2956 522 3143 576; x_wconf 78' lang='lat' dir='ltr'>throni</span> <span class='ocrx_word' id='word_1_142' title='bbox 3168 522 3394 592; x_wconf 80' lang='lat' dir='ltr'>positiin</span> <span class='ocrx_word' id='word_1_143' title='bbox 3418 538 3475 577; x_wconf 88' lang='lat' dir='ltr'>eo</span> <span class='ocrx_word' id='word_1_144' title='bbox 3488 525 3659 593; x_wconf 82' lang='lat' dir='ltr'>judicio</span> 
     </span>
    </p>
   </div>
   <div class='ocr_carea' id='block_1_20' title="bbox 2140 612 3659 684">
    <p class='ocr_par' dir='ltr' id='par_1_20' title="bbox 2140 612 3659 684">
     <span class='ocr_line' id='line_1_20' title="bbox 2140 612 3659 684; baseline -0.001 -16"><span class='ocrx_word' id='word_1_145' title='bbox 2140 614 2422 684; x_wconf 89' lang='lat' dir='ltr'>leguntur,</span> <span class='ocrx_word' id='word_1_146' title='bbox 2447 618 2505 667; x_wconf 89' lang='lat' dir='ltr'>et</span> <span class='ocrx_word' id='word_1_147' title='bbox 2520 612 2649 666; x_wconf 84' lang='lat' dir='ltr'>libri</span> <span class='ocrx_word' id='word_1_148' title='bbox 2666 612 2845 683; x_wconf 75' lang='lat' dir='ltr'>aperti</span> <span class='ocrx_word' id='word_1_149' title='bbox 2869 629 2904 666; x_wconf 86' lang='lat' dir='ltr'>a</span> <span class='ocrx_word' id='word_1_150' title='bbox 2924 612 3154 665; x_wconf 82' lang='lat' dir='ltr'>Daniele</span> <span class='ocrx_word' id='word_1_151' title='bbox 3182 616 3477 665; x_wconf 82' lang='lat' dir='ltr'>cernuntur.</span> <span class='ocrx_word' id='word_1_152' title='bbox 3495 613 3549 666; x_wconf 85' lang='lat' dir='ltr'>lu</span> <span class='ocrx_word' id='word_1_153' title='bbox 3566 614 3659 683; x_wconf 79' lang='lat' dir='ltr'>qui-</span> 
     </span>
    </p>
   </div>
   <div class='ocr_carea' id='block_1_21' title="bbox 2138 700 3663 771">
    <p class='ocr_par' dir='ltr' id='par_1_21' title="bbox 2138 700 3663 771">
     <span class='ocr_line' id='line_1_21' title="bbox 2138 700 3663 771; baseline -0.001 -15"><span class='ocrx_word' id='word_1_154' title='bbox 2138 703 2243 758; x_wconf 87' lang='lat' dir='ltr'>bus</span> <span class='ocrx_word' id='word_1_155' title='bbox 2269 702 2535 757; x_wconf 85' lang='lat' dir='ltr'><strong>nimirum</strong></span> <span class='ocrx_word' id='word_1_156' title='bbox 2552 700 2727 767; x_wconf 88' lang='lat' dir='ltr'>libris,</span> <span class='ocrx_word' id='word_1_157' title='bbox 2751 701 2943 754; x_wconf 80' lang='lat' dir='ltr'>omnia</span> <span class='ocrx_word' id='word_1_158' title='bbox 2969 706 3132 771; x_wconf 77' lang='lat' dir='ltr'>gesta</span> <span class='ocrx_word' id='word_1_159' title='bbox 3157 700 3454 755; x_wconf 77' lang='lat' dir='ltr'>mortalium</span> <span class='ocrx_word' id='word_1_160' title='bbox 3470 703 3663 755; x_wconf 75' lang='lat' dir='ltr'>conscii-</span> 
     </span>
    </p>
   </div>
   <div class='ocr_carea' id='block_1_22' title="bbox 2141 789 3664 864">
    <p class='ocr_par' dir='ltr' id='par_1_22' title="bbox 2141 789 3664 864">
     <span class='ocr_line' id='line_1_22' title="bbox 2141 789 3664 864; baseline -0.003 -18"><span class='ocrx_word' id='word_1_161' title='bbox 2141 797 2241 864; x_wconf 89' lang='lat' dir='ltr'>pta</span> <span class='ocrx_word' id='word_1_162' title='bbox 2261 794 2544 856; x_wconf 86' lang='lat' dir='ltr'>tenentur,</span> <span class='ocrx_word' id='word_1_163' title='bbox 2575 796 2632 844; x_wconf 91' lang='lat' dir='ltr'>et</span> <span class='ocrx_word' id='word_1_164' title='bbox 2659 802 2855 844; x_wconf 81' lang='lat' dir='ltr'>eorum</span> <span class='ocrx_word' id='word_1_165' title='bbox 2883 790 3137 848; x_wconf 82' lang='lat' dir='ltr'>omnium</span> <span class='ocrx_word' id='word_1_166' title='bbox 3170 789 3389 843; x_wconf 76' lang='lat' dir='ltr'>nomine</span> <span class='ocrx_word' id='word_1_167' title='bbox 3413 790 3496 859; x_wconf 85' lang='lat' dir='ltr'>qui</span> <span class='ocrx_word' id='word_1_168' title='bbox 3520 791 3570 842; x_wconf 84' lang='lat' dir='ltr'>in</span> <span class='ocrx_word' id='word_1_169' title='bbox 3591 790 3664 843; x_wconf 55' lang='lat' dir='ltr'>bs.</span> 
     </span>
    </p>
   </div>
   <div class='ocr_carea' id='block_1_23' title="bbox 2143 872 3664 953">
    <p class='ocr_par' dir='ltr' id='par_1_23' title="bbox 2143 872 3664 953">
     <span class='ocr_line' id='line_1_23' title="bbox 2143 872 3664 953; baseline -0.003 -17"><span class='ocrx_word' id='word_1_170' title='bbox 2143 881 2347 953; x_wconf 84' lang='lat' dir='ltr'>ptismo</span> <span class='ocrx_word' id='word_1_171' title='bbox 2372 881 2445 935; x_wconf 84' lang='lat' dir='ltr'>ad</span> <span class='ocrx_word' id='word_1_172' title='bbox 2470 880 2733 935; x_wconf 81' lang='lat' dir='ltr'>militiam</span> <span class='ocrx_word' id='word_1_173' title='bbox 2752 878 2961 934; x_wconf 78' lang='lat' dir='ltr'>Christi</span> <span class='ocrx_word' id='word_1_174' title='bbox 2987 872 3278 935; x_wconf 81' lang='lat' dir='ltr'>dederunt.</span> <span class='ocrx_word' id='word_1_175' title='bbox 3308 892 3372 932; x_wconf 82' lang='lat' dir='ltr'>ea</span> <span class='ocrx_word' id='word_1_176' title='bbox 3393 877 3664 947; x_wconf 72' lang='lat' dir='ltr'>recitantur,</span> 
     </span>
    </p>
   </div>
   <div class='ocr_carea' id='block_1_24' title="bbox 2143 964 3667 1042">
    <p class='ocr_par' dir='ltr' id='par_1_24' title="bbox 2143 964 3667 1042">
     <span class='ocr_line' id='line_1_24' title="bbox 2143 964 3667 1042; baseline -0.005 -16"><span class='ocrx_word' id='word_1_177' title='bbox 2143 977 2201 1026; x_wconf 90' lang='lat' dir='ltr'>et</span> <span class='ocrx_word' id='word_1_178' title='bbox 2226 970 2473 1042; x_wconf 83' lang='lat' dir='ltr'>qualiter</span> <span class='ocrx_word' id='word_1_179' title='bbox 2494 970 2554 1023; x_wconf 90' lang='lat' dir='ltr'>in</span> <span class='ocrx_word' id='word_1_180' title='bbox 2581 978 2763 1040; x_wconf 86' lang='lat' dir='ltr'>agone</span> <span class='ocrx_word' id='word_1_181' title='bbox 2787 964 3166 1035; x_wconf 69' lang='lat' dir='ltr'>decertarent,</span> <span class='ocrx_word' id='word_1_182' title='bbox 3194 980 3258 1021; x_wconf 82' lang='lat' dir='ltr'>ae</span> <span class='ocrx_word' id='word_1_183' title='bbox 3282 967 3326 1020; x_wconf 80' lang='lat' dir='ltr'>si</span> <span class='ocrx_word' id='word_1_184' title='bbox 3350 967 3403 1020; x_wconf 90' lang='lat' dir='ltr'>in</span> <span class='ocrx_word' id='word_1_185' title='bbox 3430 965 3667 1020; x_wconf 73' lang='lat' dir='ltr'>annalibus</span> 
     </span>
    </p>
   </div>
   <div class='ocr_carea' id='block_1_25' title="bbox 2143 1055 3668 1130">
    <p class='ocr_par' dir='ltr' id='par_1_25' title="bbox 2143 1055 3668 1130">
     <span class='ocr_line' id='line_1_25' title="bbox 2143 1055 3668 1130; baseline -0.003 -16"><span class='ocrx_word' id='word_1_186' title='bbox 2143 1060 2350 1115; x_wconf 88' lang='lat' dir='ltr'>summi</span> <span class='ocrx_word' id='word_1_187' title='bbox 2380 1058 2565 1130; x_wconf 85' lang='lat' dir='ltr'>Regis,</span> <span class='ocrx_word' id='word_1_188' title='bbox 2597 1059 2861 1113; x_wconf 85' lang='lat' dir='ltr'>universa</span> <span class='ocrx_word' id='word_1_189' title='bbox 2906 1062 3189 1113; x_wconf 78' lang='lat' dir='ltr'>tenentur.</span> <span class='ocrx_word' id='word_1_190' title='bbox 3220 1055 3375 1110; x_wconf 87' lang='lat' dir='ltr'>Unde</span> <span class='ocrx_word' id='word_1_191' title='bbox 3411 1060 3461 1109; x_wconf 87' lang='lat' dir='ltr'>et</span> <span class='ocrx_word' id='word_1_192' title='bbox 3487 1055 3537 1109; x_wconf 84' lang='lat' dir='ltr'>in</span> <span class='ocrx_word' id='word_1_193' title='bbox 3560 1057 3668 1126; x_wconf 78' lang='lat' dir='ltr'>Apo-</span> 
     </span>
    </p>
   </div>
   <div class='ocr_carea' id='block_1_26' title="bbox 2147 1142 3672 1220">
    <p class='ocr_par' dir='ltr' id='par_1_26' title="bbox 2147 1142 3672 1220">
     <span class='ocr_line' id='line_1_26' title="bbox 2147 1142 3672 1220; baseline -0.005 -17"><span class='ocrx_word' id='word_1_194' title='bbox 2147 1149 2357 1220; x_wconf 86' lang='lat' dir='ltr'>calypsi</span> <span class='ocrx_word' id='word_1_195' title='bbox 2383 1149 2643 1219; x_wconf 81' lang='lat' dir='ltr'>legimus,</span> <span class='ocrx_word' id='word_1_196' title='bbox 2666 1147 2815 1217; x_wconf 89' lang='lat' dir='ltr'>quod</span> <span class='ocrx_word' id='word_1_197' title='bbox 2837 1142 2898 1200; x_wconf 87' lang='lat' dir='ltr'>in</span> <span class='ocrx_word' id='word_1_198' title='bbox 2927 1145 3133 1199; x_wconf 84' lang='lat' dir='ltr'>throno</span> <span class='ocrx_word' id='word_1_199' title='bbox 3158 1144 3307 1197; x_wconf 80' lang='lat' dir='ltr'>visus</span> <span class='ocrx_word' id='word_1_200' title='bbox 3331 1151 3413 1198; x_wconf 84' lang='lat' dir='ltr'>est</span> <span class='ocrx_word' id='word_1_201' title='bbox 3435 1144 3672 1203; x_wconf 70' lang='lat' dir='ltr'>sedereis-</span> 
     </span>
    </p>
   </div>
   <div class='ocr_carea' id='block_1_27' title="bbox 2146 1234 3674 1304">
    <p class='ocr_par' dir='ltr' id='par_1_27' title="bbox 2146 1234 3674 1304">
     <span class='ocr_line' id='line_1_27' title="bbox 2146 1234 3674 1304; baseline -0.005 -12"><span class='ocrx_word' id='word_1_202' title='bbox 2146 1239 2302 1304; x_wconf 89' lang='lat' dir='ltr'>dens,</span> <span class='ocrx_word' id='word_1_203' title='bbox 2340 1242 2389 1291; x_wconf 80' lang='lat' dir='ltr'>cl</span> <span class='ocrx_word' id='word_1_204' title='bbox 2419 1240 2483 1291; x_wconf 90' lang='lat' dir='ltr'>in</span> <span class='ocrx_word' id='word_1_205' title='bbox 2526 1240 2770 1290; x_wconf 78' lang='lat' dir='ltr'>circuitu</span> <span class='ocrx_word' id='word_1_206' title='bbox 2812 1237 2970 1299; x_wconf 79' lang='lat' dir='ltr'>sedis,</span> <span class='ocrx_word' id='word_1_207' title='bbox 3019 1234 3218 1288; x_wconf 82' lang='lat' dir='ltr'>sedilia</span> <span class='ocrx_word' id='word_1_208' title='bbox 3254 1235 3444 1300; x_wconf 64' lang='lat' dir='ltr'>viginti</span> <span class='ocrx_word' id='word_1_209' title='bbox 3483 1237 3674 1301; x_wconf 71' lang='lat' dir='ltr'>quatuor</span> 
     </span>
    </p>
   </div>
   <div class='ocr_carea' id='block_1_28' title="bbox 2152 1321 3675 1398">
    <p class='ocr_par' dir='ltr' id='par_1_28' title="bbox 2152 1321 3675 1398">
     <span class='ocr_line' id='line_1_28' title="bbox 2152 1321 3675 1398; baseline -0.005 -16"><span class='ocrx_word' id='word_1_210' title='bbox 2152 1328 2328 1398; x_wconf 82' lang='lat' dir='ltr'>(Apoc.</span> <span class='ocrx_word' id='word_1_211' title='bbox 2361 1341 2433 1391; x_wconf 85' lang='lat' dir='ltr'>Iv,</span> <span class='ocrx_word' id='word_1_212' title='bbox 2467 1327 2518 1394; x_wconf 74' lang='lat'>4)</span> <span class='ocrx_word' id='word_1_213' title='bbox 2543 1324 2745 1396; x_wconf 85' lang='lat' dir='ltr'>posita,</span> <span class='ocrx_word' id='word_1_214' title='bbox 2777 1323 2873 1377; x_wconf 88' lang='lat' dir='ltr'>ubi</span> <span class='ocrx_word' id='word_1_215' title='bbox 2918 1338 3045 1378; x_wconf 85' lang='lat' dir='ltr'>cum</span> <span class='ocrx_word' id='word_1_216' title='bbox 3093 1321 3435 1376; x_wconf 83' lang='lat' dir='ltr'>senatoribus</span> <span class='ocrx_word' id='word_1_217' title='bbox 3466 1322 3568 1375; x_wconf 83' lang='lat' dir='ltr'>suis</span> <span class='ocrx_word' id='word_1_218' title='bbox 3603 1335 3675 1374; x_wconf 70' lang='lat' dir='ltr'>re:</span> 
     </span>
    </p>
   </div>
   <div class='ocr_carea' id='block_1_29' title="bbox 2146 1408 3678 1485">
    <p class='ocr_par' dir='ltr' id='par_1_29' title="bbox 2146 1408 3678 1485">
     <span class='ocr_line' id='line_1_29' title="bbox 2146 1408 3678 1485; baseline -0.005 -16"><span class='ocrx_word' id='word_1_219' title='bbox 2146 1415 2217 1469; x_wconf 90' lang='lat' dir='ltr'>ad</span> <span class='ocrx_word' id='word_1_220' title='bbox 2233 1415 2507 1485; x_wconf 82' lang='lat' dir='ltr'>judicium</span> <span class='ocrx_word' id='word_1_221' title='bbox 2540 1414 2767 1468; x_wconf 84' lang='lat' dir='ltr'>veniens</span> <span class='ocrx_word' id='word_1_222' title='bbox 2794 1412 3028 1467; x_wconf 81' lang='lat' dir='ltr'>sedebit.</span> <span class='ocrx_word' id='word_1_223' title='bbox 3060 1412 3273 1469; x_wconf 85' lang='lat' dir='ltr'>Idcirco</span> <span class='ocrx_word' id='word_1_224' title='bbox 3293 1411 3383 1482; x_wconf 86' lang='lat' dir='ltr'>qui</span> <span class='ocrx_word' id='word_1_225' title='bbox 3408 1410 3514 1463; x_wconf 83' lang='lat' dir='ltr'>vult</span> <span class='ocrx_word' id='word_1_226' title='bbox 3529 1408 3678 1463; x_wconf 76' lang='lat' dir='ltr'>omnia</span> 
     </span>
    </p>
   </div>
   <div class='ocr_carea' id='block_1_30' title="bbox 2145 1497 3681 1573">
    <p class='ocr_par' dir='ltr' id='par_1_30' title="bbox 2145 1497 3681 1573">
     <span class='ocr_line' id='line_1_30' title="bbox 2145 1497 3681 1573; baseline -0.004 -16"><span class='ocrx_word' id='word_1_227' title='bbox 2145 1504 2263 1559; x_wconf 79' lang='lat' dir='ltr'>haec</span> <span class='ocrx_word' id='word_1_228' title='bbox 2290 1503 2596 1573; x_wconf 82' lang='lat' dir='ltr'>diligenter</span> <span class='ocrx_word' id='word_1_229' title='bbox 2618 1502 2952 1572; x_wconf 83' lang='lat' dir='ltr'>intelligere,</span> <span class='ocrx_word' id='word_1_230' title='bbox 2987 1514 3214 1554; x_wconf 82' lang='lat' dir='ltr'>necesse</span> <span class='ocrx_word' id='word_1_231' title='bbox 3242 1505 3327 1554; x_wconf 86' lang='lat' dir='ltr'>est</span> <span class='ocrx_word' id='word_1_232' title='bbox 3348 1499 3485 1569; x_wconf 76' lang='lat' dir='ltr'>(quia</span> <span class='ocrx_word' id='word_1_233' title='bbox 3505 1497 3681 1569; x_wconf 70' lang='lat' dir='ltr'>spinis-</span> 
     </span>
    </p>
   </div>
   <div class='ocr_carea' id='block_1_31' title="bbox 2145 1587 3679 1662">
    <p class='ocr_par' dir='ltr' id='par_1_31' title="bbox 2145 1587 3679 1662">
     <span class='ocr_line' id='line_1_31' title="bbox 2145 1587 3679 1662; baseline -0.006 -14"><span class='ocrx_word' id='word_1_234' title='bbox 2145 1594 2223 1648; x_wconf 87' lang='lat' dir='ltr'>lia</span> <span class='ocrx_word' id='word_1_235' title='bbox 2255 1597 2405 1662; x_wconf 84' lang='lat' dir='ltr'>sunt)</span> <span class='ocrx_word' id='word_1_236' title='bbox 2447 1598 2510 1647; x_wconf 91' lang='lat' dir='ltr'>ut</span> <span class='ocrx_word' id='word_1_237' title='bbox 2538 1592 2781 1662; x_wconf 81' lang='lat' dir='ltr'>Spiritus</span> <span class='ocrx_word' id='word_1_238' title='bbox 2817 1590 2998 1645; x_wconf 82' lang='lat' dir='ltr'>sancti</span> <span class='ocrx_word' id='word_1_239' title='bbox 3034 1590 3222 1659; x_wconf 81' lang='lat' dir='ltr'>gratia</span> <span class='ocrx_word' id='word_1_240' title='bbox 3250 1589 3547 1659; x_wconf 68' lang='lat' dir='ltr'>mpleatur;</span> <span class='ocrx_word' id='word_1_241' title='bbox 3577 1587 3679 1656; x_wconf 68' lang='lat' dir='ltr'>quis</span> 
     </span>
    </p>
   </div>
   <div class='ocr_carea' id='block_1_32' title="bbox 2146 1675 3680 1753">
    <p class='ocr_par' dir='ltr' id='par_1_32' title="bbox 2146 1675 3680 1753">
     <span class='ocr_line' id='line_1_32' title="bbox 2146 1675 3680 1753; baseline -0.006 -17"><span class='ocrx_word' id='word_1_242' title='bbox 2146 1698 2313 1736; x_wconf 88' lang='lat' dir='ltr'>nemo</span> <span class='ocrx_word' id='word_1_243' title='bbox 2362 1682 2694 1753; x_wconf 87' lang='lat' dir='ltr'>spiritualia,</span> <span class='ocrx_word' id='word_1_244' title='bbox 2753 1676 2862 1734; x_wconf 88' lang='lat' dir='ltr'>nisi</span> <span class='ocrx_word' id='word_1_245' title='bbox 2909 1680 2968 1733; x_wconf 87' lang='lat' dir='ltr'>in</span> <span class='ocrx_word' id='word_1_246' title='bbox 3015 1678 3219 1750; x_wconf 87' lang='lat' dir='ltr'>spiritu</span> <span class='ocrx_word' id='word_1_247' title='bbox 3267 1677 3427 1747; x_wconf 83' lang='lat' dir='ltr'>capit.</span> <span class='ocrx_word' id='word_1_248' title='bbox 3470 1675 3680 1745; x_wconf 79' lang='lat' dir='ltr'>Legimus</span> 
     </span>
    </p>
   </div>
   <div class='ocr_carea' id='block_1_33' title="bbox 467 1751 3683 1841">
    <p class='ocr_par' dir='ltr' id='par_1_33' title="bbox 467 1751 3683 1841">
     <span class='ocr_line' id='line_1_33' title="bbox 467 1751 3683 1841; baseline 0.002 -31"><span class='ocrx_word' id='word_1_249' title='bbox 467 1761 825 1833; x_wconf 81' lang='lat' dir='ltr'>narrationis,</span> <span class='ocrx_word' id='word_1_250' title='bbox 855 1768 1184 1839; x_wconf 89' lang='lat' dir='ltr'>ambiguum</span> <span class='ocrx_word' id='word_1_251' title='bbox 1212 1751 1433 1829; x_wconf 73' lang='lat' dir='ltr'>videtur</span> <span class='ocrx_word' id='word_1_252' title='bbox 1463 1780 1656 1829; x_wconf 85' lang='lat' dir='ltr'>utrum</span> <span class='ocrx_word' id='word_1_253' title='bbox 1687 1770 1755 1828; x_wconf 91' lang='lat' dir='ltr'>de</span> <span class='ocrx_word' id='word_1_254' title='bbox 1785 1751 2063 1835; x_wconf 82' lang='lat' dir='ltr'>omnibus,</span> <span class='ocrx_word' id='word_1_255' title='bbox 2083 1751 2130 1809; x_wconf 82' lang='grc' dir='ltr'><strong>Β</strong></span> <span class='ocrx_word' id='word_1_256' title='bbox 2148 1751 2408 1841; x_wconf 74' lang='lat' dir='ltr'>namque</span> <span class='ocrx_word' id='word_1_257' title='bbox 2437 1771 2673 1824; x_wconf 82' lang='lat' dir='ltr'>thronos</span> <span class='ocrx_word' id='word_1_258' title='bbox 2700 1775 2758 1824; x_wconf 81' lang='lat' dir='ltr'>et</span> <span class='ocrx_word' id='word_1_259' title='bbox 2810 1767 3227 1823; x_wconf 85' lang='lat' dir='ltr'>dominationes</span> <span class='ocrx_word' id='word_1_260' title='bbox 3262 1766 3561 1835; x_wconf 72' lang='lat' dir='ltr'>angelum</span> <span class='ocrx_word' id='word_1_261' title='bbox 3591 1774 3683 1815; x_wconf 77' lang='lat' dir='ltr'>esse</span> 
     </span>
    </p>
   </div>
   <div class='ocr_carea' id='block_1_34' title="bbox 467 1853 2066 1936">
    <p class='ocr_par' dir='ltr' id='par_1_34' title="bbox 467 1853 2066 1936">
     <span class='ocr_line' id='line_1_34' title="bbox 467 1853 2066 1936; baseline 0.009 -38"><span class='ocrx_word' id='word_1_262' title='bbox 467 1858 696 1936; x_wconf 77' lang='lat' dir='ltr'>annon</span> <span class='ocrx_word' id='word_1_263' title='bbox 733 1853 803 1907; x_wconf 90' lang='lat' dir='ltr'>de</span> <span class='ocrx_word' id='word_1_264' title='bbox 839 1858 1096 1914; x_wconf 90' lang='lat' dir='ltr'>omnibus</span> <span class='ocrx_word' id='word_1_265' title='bbox 1135 1854 1285 1916; x_wconf 86' lang='lat' dir='ltr'>dicat</span> <span class='ocrx_word' id='word_1_266' title='bbox 1316 1881 1329 1931; x_wconf 88' lang='lat'><strong>;</strong></span> <span class='ocrx_word' id='word_1_267' title='bbox 1379 1865 1692 1936; x_wconf 72' lang='lat' dir='ltr'>praesertim</span> <span class='ocrx_word' id='word_1_268' title='bbox 1721 1878 1848 1917; x_wconf 88' lang='lat' dir='ltr'>cum</span> <span class='ocrx_word' id='word_1_269' title='bbox 1883 1863 1941 1914; x_wconf 90' lang='lat' dir='ltr'>in</span> <span class='ocrx_word' id='word_1_270' title='bbox 1979 1854 2066 1913; x_wconf 89' lang='lat' dir='ltr'>his</span> 
     </span>
    </p>
   </div>
   <div class='ocr_carea' id='block_1_35' title="bbox 466 1930 2066 2019">
    <p class='ocr_par' dir='ltr' id='par_1_35' title="bbox 466 1930 2066 2019">
     <span class='ocr_line' id='line_1_35' title="bbox 466 1930 2066 2019; baseline -0.003 -15"><span class='ocrx_word' id='word_1_271' title='bbox 466 1930 564 2019; x_wconf 47' lang='lat' dir='ltr'>qui</span> <span class='ocrx_word' id='word_1_272' title='bbox 579 1953 614 1991; x_wconf 84' lang='lat' dir='ltr'>a</span> <span class='ocrx_word' id='word_1_273' title='bbox 631 1938 841 1996; x_wconf 86' lang='lat' dir='ltr'>dextris</span> <span class='ocrx_word' id='word_1_274' title='bbox 862 1953 1047 2012; x_wconf 90' lang='lat' dir='ltr'>erunt,</span> <span class='ocrx_word' id='word_1_275' title='bbox 1071 1946 1227 2004; x_wconf 88' lang='lat' dir='ltr'>nulla</span> <span class='ocrx_word' id='word_1_276' title='bbox 1245 1953 1357 2006; x_wconf 87' lang='lat' dir='ltr'>alia</span> <span class='ocrx_word' id='word_1_277' title='bbox 1379 1930 1554 2007; x_wconf 76' lang='lat' dir='ltr'>causa</span> <span class='ocrx_word' id='word_1_278' title='bbox 1579 1950 1859 2017; x_wconf 84' lang='lat' dir='ltr'>laudatur,</span> <span class='ocrx_word' id='word_1_279' title='bbox 1884 1963 2066 2019; x_wconf 91' lang='lat' dir='ltr'>neque</span> 
     </span>
    </p>
   </div>
   <div class='ocr_carea' id='block_1_36' title="bbox 464 2012 2067 2113">
    <p class='ocr_par' dir='ltr' id='par_1_36' title="bbox 464 2012 2067 2113">
     <span class='ocr_line' id='line_1_36' title="bbox 464 2012 2067 2113; baseline 0.009 -37"><span class='ocrx_word' id='word_1_280' title='bbox 464 2012 536 2076; x_wconf 91' lang='lat' dir='ltr'>ob</span> <span class='ocrx_word' id='word_1_281' title='bbox 565 2022 718 2083; x_wconf 85' lang='lat' dir='ltr'>aliud</span> <span class='ocrx_word' id='word_1_282' title='bbox 747 2029 804 2085; x_wconf 90' lang='lat' dir='ltr'>in</span> <span class='ocrx_word' id='word_1_283' title='bbox 834 2043 1212 2106; x_wconf 71' lang='lat' dir='ltr'>praeparatum</span> <span class='ocrx_word' id='word_1_284' title='bbox 1245 2040 1379 2094; x_wconf 91' lang='lat' dir='ltr'>olim</span> <span class='ocrx_word' id='word_1_285' title='bbox 1426 2057 1661 2113; x_wconf 82' lang='lat' dir='ltr'>regnum</span> <span class='ocrx_word' id='word_1_286' title='bbox 1706 2012 2067 2094; x_wconf 76' lang='lat' dir='ltr'>introducun-</span> 
     </span>
    </p>
   </div>
   <div class='ocr_carea' id='block_1_37' title="bbox 463 2116 2062 2200">
    <p class='ocr_par' dir='ltr' id='par_1_37' title="bbox 463 2116 2062 2200">
     <span class='ocr_line' id='line_1_37' title="bbox 463 2116 2062 2200; baseline 0.009 -35"><span class='ocrx_word' id='word_1_287' title='bbox 463 2116 577 2181; x_wconf 91' lang='lat' dir='ltr'>tur,</span> <span class='ocrx_word' id='word_1_288' title='bbox 595 2116 702 2171; x_wconf 91' lang='lat' dir='ltr'>nisi</span> <span class='ocrx_word' id='word_1_289' title='bbox 732 2129 962 2192; x_wconf 87' lang='lat' dir='ltr'>propter</span> <span class='ocrx_word' id='word_1_290' title='bbox 987 2127 1161 2181; x_wconf 87' lang='lat' dir='ltr'>solam</span> <span class='ocrx_word' id='word_1_291' title='bbox 1183 2124 1549 2185; x_wconf 82' lang='lat' dir='ltr'>humanitatis</span> <span class='ocrx_word' id='word_1_292' title='bbox 1567 2126 1828 2200; x_wconf 84' lang='lat' dir='ltr'>gratiam,</span> <span class='ocrx_word' id='word_1_293' title='bbox 1849 2132 1905 2181; x_wconf 88' lang='lat' dir='ltr'>et</span> <span class='ocrx_word' id='word_1_294' title='bbox 1920 2124 2062 2180; x_wconf 84' lang='lat' dir='ltr'>else-</span> 
     </span>
    </p>
   </div>
   <div class='ocr_carea' id='block_1_38' title="bbox 460 2211 2062 2289">
    <p class='ocr_par' dir='ltr' id='par_1_38' title="bbox 460 2211 2062 2289">
     <span class='ocr_line' id='line_1_38' title="bbox 460 2211 2062 2289; baseline 0.005 -30"><span class='ocrx_word' id='word_1_295' title='bbox 460 2217 824 2275; x_wconf 85' lang='lat' dir='ltr'>m‘osynarum</span> <span class='ocrx_word' id='word_1_296' title='bbox 853 2211 1190 2282; x_wconf 87' lang='lat' dir='ltr'>largitatem.</span> <span class='ocrx_word' id='word_1_297' title='bbox 1219 2218 1413 2289; x_wconf 86' lang='lat' dir='ltr'>Neque</span> <span class='ocrx_word' id='word_1_298' title='bbox 1467 2219 1527 2274; x_wconf 87' lang='lat' dir='ltr'>in</span> <span class='ocrx_word' id='word_1_299' title='bbox 1564 2220 1653 2273; x_wconf 91' lang='lat' dir='ltr'>his</span> <span class='ocrx_word' id='word_1_300' title='bbox 1700 2216 1795 2288; x_wconf 91' lang='lat' dir='ltr'>qui</span> <span class='ocrx_word' id='word_1_301' title='bbox 1841 2232 1875 2270; x_wconf 90' lang='lat' dir='ltr'>a</span> <span class='ocrx_word' id='word_1_302' title='bbox 1929 2212 2062 2267; x_wconf 87' lang='lat' dir='ltr'>sini-</span> 
     </span>
    </p>
   </div>
   <div class='ocr_carea' id='block_1_39' title="bbox 463 2291 2062 2380">
    <p class='ocr_par' dir='ltr' id='par_1_39' title="bbox 463 2291 2062 2380">
     <span class='ocr_line' id='line_1_39' title="bbox 463 2291 2062 2380; baseline 0.01 -36"><span class='ocrx_word' id='word_1_303' title='bbox 463 2291 596 2380; x_wconf 82' lang='lat' dir='ltr'>stris</span> <span class='ocrx_word' id='word_1_304' title='bbox 633 2301 799 2350; x_wconf 89' lang='lat' dir='ltr'>erunt</span> <span class='ocrx_word' id='word_1_305' title='bbox 825 2299 937 2354; x_wconf 89' lang='lat' dir='ltr'>alia</span> <span class='ocrx_word' id='word_1_306' title='bbox 963 2300 1266 2360; x_wconf 86' lang='lat' dir='ltr'>damnatur</span> <span class='ocrx_word' id='word_1_307' title='bbox 1308 2324 1496 2369; x_wconf 86' lang='lat' dir='ltr'>causa.</span> <span class='ocrx_word' id='word_1_308' title='bbox 1530 2314 1587 2362; x_wconf 93' lang='lat' dir='ltr'>et</span> <span class='ocrx_word' id='word_1_309' title='bbox 1622 2309 1965 2380; x_wconf 84' lang='lat' dir='ltr'>deputantur</span> <span class='ocrx_word' id='word_1_310' title='bbox 2002 2306 2062 2360; x_wconf 91' lang='lat' dir='ltr'>in</span> 
     </span>
    </p>
   </div>
   <div class='ocr_carea' id='block_1_40' title="bbox 464 2378 2064 2468">
    <p class='ocr_par' dir='ltr' id='par_1_40' title="bbox 464 2378 2064 2468">
     <span class='ocr_line' id='line_1_40' title="bbox 464 2378 2064 2468; baseline 0.013 -34"><span class='ocrx_word' id='word_1_311' title='bbox 464 2378 673 2468; x_wconf 80' lang='lat' dir='ltr'>ignem,</span> <span class='ocrx_word' id='word_1_312' title='bbox 690 2385 797 2438; x_wconf 87' lang='lat' dir='ltr'>nisi</span> <span class='ocrx_word' id='word_1_313' title='bbox 818 2394 1046 2459; x_wconf 85' lang='lat' dir='ltr'>propter</span> <span class='ocrx_word' id='word_1_314' title='bbox 1062 2392 1554 2462; x_wconf 85' lang='lat' dir='ltr'>inhumanitatem,</span> <span class='ocrx_word' id='word_1_315' title='bbox 1576 2403 1633 2451; x_wconf 90' lang='lat' dir='ltr'>et</span> <span class='ocrx_word' id='word_1_316' title='bbox 1656 2378 1789 2468; x_wconf 78' lang='lat' dir='ltr'>quia</span> <span class='ocrx_word' id='word_1_317' title='bbox 1812 2399 2064 2453; x_wconf 89' lang='lat' dir='ltr'>membra</span> 
     </span>
    </p>
   </div>
   <div class='ocr_carea' id='block_1_41' title="bbox 465 2464 2061 2556">
    <p class='ocr_par' dir='ltr' id='par_1_41' title="bbox 465 2464 2061 2556">
     <span class='ocr_line' id='line_1_41' title="bbox 465 2464 2061 2556; baseline 0.014 -36"><span class='ocrx_word' id='word_1_318' title='bbox 465 2464 673 2556; x_wconf 82' lang='lat' dir='ltr'>Christi</span> <span class='ocrx_word' id='word_1_319' title='bbox 701 2489 812 2528; x_wconf 91' lang='lat' dir='ltr'>non</span> <span class='ocrx_word' id='word_1_320' title='bbox 842 2478 957 2532; x_wconf 90' lang='lat' dir='ltr'>suis</span> <span class='ocrx_word' id='word_1_321' title='bbox 986 2480 1304 2538; x_wconf 82' lang='lat' dir='ltr'>refoverunt</span> <span class='ocrx_word' id='word_1_322' title='bbox 1341 2484 1644 2541; x_wconf 83' lang='lat' dir='ltr'>beneﬂciis.</span> <span class='ocrx_word' id='word_1_323' title='bbox 1667 2487 1813 2550; x_wconf 89' lang='lat' dir='ltr'>Quid</span> <span class='ocrx_word' id='word_1_324' title='bbox 1839 2503 1990 2556; x_wconf 90' lang='lat' dir='ltr'>ergo,</span> <span class='ocrx_word' id='word_1_325' title='bbox 2015 2488 2061 2542; x_wconf 91' lang='lat' dir='ltr'>si</span> 
     </span>
    </p>
   </div>
   <div class='ocr_carea' id='block_1_42' title="bbox 465 2553 2059 2643">
    <p class='ocr_par' dir='ltr' id='par_1_42' title="bbox 465 2553 2059 2643">
     <span class='ocr_line' id='line_1_42' title="bbox 465 2553 2059 2643; baseline 0.011 -33"><span class='ocrx_word' id='word_1_326' title='bbox 465 2553 561 2627; x_wconf 91' lang='lat' dir='ltr'>qui</span> <span class='ocrx_word' id='word_1_327' title='bbox 590 2557 825 2618; x_wconf 85' lang='lat' dir='ltr'>humani</span> <span class='ocrx_word' id='word_1_328' title='bbox 848 2566 1095 2638; x_wconf 86' lang='lat' dir='ltr'>fuerunt,</span> <span class='ocrx_word' id='word_1_329' title='bbox 1127 2578 1184 2625; x_wconf 91' lang='lat' dir='ltr'>et</span> <span class='ocrx_word' id='word_1_330' title='bbox 1213 2571 1354 2643; x_wconf 88' lang='lat' dir='ltr'>largi</span> <span class='ocrx_word' id='word_1_331' title='bbox 1388 2574 1446 2628; x_wconf 92' lang='lat' dir='ltr'>in</span> <span class='ocrx_word' id='word_1_332' title='bbox 1474 2575 1590 2628; x_wconf 90' lang='lat' dir='ltr'>suis</span> <span class='ocrx_word' id='word_1_333' title='bbox 1621 2575 1826 2629; x_wconf 88' lang='lat' dir='ltr'>habitis</span> <span class='ocrx_word' id='word_1_334' title='bbox 1853 2553 2059 2630; x_wconf 78' lang='lat' dir='ltr'>rebus?</span> 
     </span>
    </p>
   </div>
   <div class='ocr_carea' id='block_1_43' title="bbox 460 2646 2063 2735">
    <p class='ocr_par' dir='ltr' id='par_1_43' title="bbox 460 2646 2063 2735">
     <span class='ocr_line' id='line_1_43' title="bbox 460 2646 2063 2735; baseline 0.012 -36"><span class='ocrx_word' id='word_1_335' title='bbox 460 2646 731 2719; x_wconf 89' lang='lat' dir='ltr'>Nunquid</span> <span class='ocrx_word' id='word_1_336' title='bbox 771 2646 818 2707; x_wconf 85' lang='lat' dir='ltr'>si</span> <span class='ocrx_word' id='word_1_337' title='bbox 843 2656 989 2712; x_wconf 89' lang='lat' dir='ltr'>circa</span> <span class='ocrx_word' id='word_1_338' title='bbox 1011 2660 1258 2731; x_wconf 87' lang='lat' dir='ltr'>reliquas</span> <span class='ocrx_word' id='word_1_339' title='bbox 1284 2663 1537 2729; x_wconf 87' lang='lat' dir='ltr'>virtutes,</span> <span class='ocrx_word' id='word_1_340' title='bbox 1571 2665 1918 2735; x_wconf 87' lang='lat' dir='ltr'>negligentes</span> <span class='ocrx_word' id='word_1_341' title='bbox 1947 2665 2063 2718; x_wconf 88' lang='lat' dir='ltr'>fue-</span> 
     </span>
    </p>
   </div>
   <div class='ocr_carea' id='block_1_44' title="bbox 463 2742 2062 2817">
    <p class='ocr_par' dir='ltr' id='par_1_44' title="bbox 463 2742 2062 2817">
     <span class='ocr_line' id='line_1_44' title="bbox 463 2742 2062 2817; baseline 0.009 -27"><span class='ocrx_word' id='word_1_342' title='bbox 463 2743 622 2803; x_wconf 89' lang='lat' dir='ltr'>runt,</span> <span class='ocrx_word' id='word_1_343' title='bbox 650 2747 749 2796; x_wconf 89' lang='lat' dir='ltr'>aut</span> <span class='ocrx_word' id='word_1_344' title='bbox 774 2742 917 2799; x_wconf 74' lang='lat' dir='ltr'>forte</span> <span class='ocrx_word' id='word_1_345' title='bbox 936 2744 1175 2803; x_wconf 87' lang='lat' dir='ltr'>crimina</span> <span class='ocrx_word' id='word_1_346' title='bbox 1202 2751 1624 2817; x_wconf 87' lang='lat' dir='ltr'>commiserunt,</span> <span class='ocrx_word' id='word_1_347' title='bbox 1646 2753 1763 2806; x_wconf 69' lang='lat' dir='ltr'>haec</span> <span class='ocrx_word' id='word_1_348' title='bbox 1778 2754 1915 2806; x_wconf 86' lang='lat' dir='ltr'>talia</span> <span class='ocrx_word' id='word_1_349' title='bbox 1934 2769 2062 2807; x_wconf 86' lang='lat' dir='ltr'>mox</span> 
     </span>
    </p>
   </div>
   <div class='ocr_carea' id='block_1_45' title="bbox 462 2835 2058 2911">
    <p class='ocr_par' dir='ltr' id='par_1_45' title="bbox 462 2835 2058 2911">
     <span class='ocr_line' id='line_1_45' title="bbox 462 2835 2058 2911; baseline 0.01 -32"><span class='ocrx_word' id='word_1_350' title='bbox 462 2836 879 2899; x_wconf 89' lang='lat' dir='ltr'>consequentur</span> <span class='ocrx_word' id='word_1_351' title='bbox 904 2838 1183 2905; x_wconf 88' lang='lat' dir='ltr'>promissa</span> <span class='ocrx_word' id='word_1_352' title='bbox 1209 2838 1233 2892; x_wconf 87' lang='lat'><strong>?</strong></span> <span class='ocrx_word' id='word_1_353' title='bbox 1260 2841 1374 2893; x_wconf 84' lang='lat' dir='ltr'>Aut</span> <span class='ocrx_word' id='word_1_354' title='bbox 1399 2835 1480 2894; x_wconf 86' lang='lat' dir='ltr'>illi</span> <span class='ocrx_word' id='word_1_355' title='bbox 1506 2840 1649 2894; x_wconf 85' lang='lat' dir='ltr'>forte</span> <span class='ocrx_word' id='word_1_356' title='bbox 1674 2841 1769 2911; x_wconf 86' lang='lat' dir='ltr'>qui</span> <span class='ocrx_word' id='word_1_357' title='bbox 1795 2856 1908 2895; x_wconf 89' lang='lat' dir='ltr'>non</span> <span class='ocrx_word' id='word_1_358' title='bbox 1935 2840 2058 2895; x_wconf 84' lang='lat' dir='ltr'>fue-</span> 
     </span>
    </p>
   </div>
   <div class='ocr_carea' id='block_1_46' title="bbox 463 2912 2061 3003">
    <p class='ocr_par' dir='ltr' id='par_1_46' title="bbox 463 2912 2061 3003">
     <span class='ocr_line' id='line_1_46' title="bbox 463 2912 2061 3003; baseline 0.01 -35"><span class='ocrx_word' id='word_1_359' title='bbox 463 2921 599 2970; x_wconf 88' lang='lat' dir='ltr'>runt</span> <span class='ocrx_word' id='word_1_360' title='bbox 626 2912 950 2989; x_wconf 81' lang='lat' dir='ltr'>hujusmodi</span> <span class='ocrx_word' id='word_1_361' title='bbox 993 2920 1189 2979; x_wconf 80' lang='lat' dir='ltr'>ofﬁciis</span> <span class='ocrx_word' id='word_1_362' title='bbox 1227 2925 1420 2993; x_wconf 87' lang='lat' dir='ltr'>dediti,</span> <span class='ocrx_word' id='word_1_363' title='bbox 1466 2928 1513 2981; x_wconf 90' lang='lat' dir='ltr'>si</span> <span class='ocrx_word' id='word_1_364' title='bbox 1550 2927 1688 2982; x_wconf 87' lang='lat' dir='ltr'>alias</span> <span class='ocrx_word' id='word_1_365' title='bbox 1717 2934 1775 2983; x_wconf 93' lang='lat' dir='ltr'>et</span> <span class='ocrx_word' id='word_1_366' title='bbox 1820 2926 2061 3003; x_wconf 84' lang='lat' dir='ltr'>majores</span> 
     </span>
    </p>
   </div>
   <div class='ocr_carea' id='block_1_47' title="bbox 462 3003 2062 3086">
    <p class='ocr_par' dir='ltr' id='par_1_47' title="bbox 462 3003 2062 3086">
     <span class='ocr_line' id='line_1_47' title="bbox 462 3003 2062 3086; baseline 0.012 -32"><span class='ocrx_word' id='word_1_367' title='bbox 462 3003 819 3073; x_wconf 80' lang='lat' dir='ltr'>impleverim</span> <span class='ocrx_word' id='word_1_368' title='bbox 868 3009 1119 3079; x_wconf 85' lang='lat' dir='ltr'>virtutes,</span> <span class='ocrx_word' id='word_1_369' title='bbox 1166 3014 1420 3086; x_wconf 89' lang='lat' dir='ltr'>nunquid</span> <span class='ocrx_word' id='word_1_370' title='bbox 1473 3017 1735 3071; x_wconf 91' lang='lat' dir='ltr'>continuo</span> <span class='ocrx_word' id='word_1_371' title='bbox 1780 3014 2062 3074; x_wconf 90' lang='lat' dir='ltr'>maledicti</span> 
     </span>
    </p>
   </div>
   <div class='ocr_carea' id='block_1_48' title="bbox 2148 1854 3685 1929">
    <p class='ocr_par' dir='ltr' id='par_1_48' title="bbox 2148 1854 3685 1929">
     <span class='ocr_line' id='line_1_48' title="bbox 2148 1854 3685 1929; baseline -0.006 -16"><span class='ocrx_word' id='word_1_372' title='bbox 2148 1860 2394 1929; x_wconf 86' lang='lat' dir='ltr'>agmina.</span> <span class='ocrx_word' id='word_1_373' title='bbox 2428 1858 2689 1929; x_wconf 82' lang='lat' dir='ltr'>Legimus</span> <span class='ocrx_word' id='word_1_374' title='bbox 2715 1862 2772 1912; x_wconf 87' lang='lat' dir='ltr'>et</span> <span class='ocrx_word' id='word_1_375' title='bbox 2810 1858 3113 1912; x_wconf 74' lang='lat' dir='ltr'>Ecclesium</span> <span class='ocrx_word' id='word_1_376' title='bbox 3146 1855 3372 1921; x_wconf 82' lang='lat' dir='ltr'>Christi,</span> <span class='ocrx_word' id='word_1_377' title='bbox 3401 1854 3567 1907; x_wconf 85' lang='lat' dir='ltr'>sedem</span> <span class='ocrx_word' id='word_1_378' title='bbox 3590 1867 3685 1905; x_wconf 79' lang='lat' dir='ltr'>m-</span> 
     </span>
    </p>
   </div>
   <div class='ocr_carea' id='block_1_49' title="bbox 2142 1940 3682 2019">
    <p class='ocr_par' dir='ltr' id='par_1_49' title="bbox 2142 1940 3682 2019">
     <span class='ocr_line' id='line_1_49' title="bbox 2142 1940 3682 2019; baseline -0.006 -16"><span class='ocrx_word' id='word_1_379' title='bbox 2142 1949 2367 2019; x_wconf 88' lang='lat' dir='ltr'>jestatis</span> <span class='ocrx_word' id='word_1_380' title='bbox 2390 1950 2513 2019; x_wconf 84' lang='lat' dir='ltr'>ejus</span> <span class='ocrx_word' id='word_1_381' title='bbox 2542 1948 2748 2001; x_wconf 81' lang='lat' dir='ltr'>vocari.</span> <span class='ocrx_word' id='word_1_382' title='bbox 2768 1949 3072 2018; x_wconf 85' lang='lat' dir='ltr'>Propterea</span> <span class='ocrx_word' id='word_1_383' title='bbox 3103 1951 3206 1999; x_wconf 85' lang='lat' dir='ltr'>aut</span> <span class='ocrx_word' id='word_1_384' title='bbox 3233 1945 3338 2015; x_wconf 84' lang='lat' dir='ltr'>ipsi</span> <span class='ocrx_word' id='word_1_385' title='bbox 3365 1942 3531 2013; x_wconf 78' lang='lat' dir='ltr'>angeli</span> <span class='ocrx_word' id='word_1_386' title='bbox 3557 1940 3682 1997; x_wconf 80' lang='lat' dir='ltr'>sedes</span> 
     </span>
    </p>
   </div>
   <div class='ocr_carea' id='block_1_50' title="bbox 2147 2028 3681 2106">
    <p class='ocr_par' dir='ltr' id='par_1_50' title="bbox 2147 2028 3681 2106">
     <span class='ocr_line' id='line_1_50' title="bbox 2147 2028 3681 2106; baseline -0.005 -15"><span class='ocrx_word' id='word_1_387' title='bbox 2147 2038 2251 2091; x_wconf 91' lang='lat' dir='ltr'>hoc</span> <span class='ocrx_word' id='word_1_388' title='bbox 2276 2038 2397 2091; x_wconf 91' lang='lat' dir='ltr'>loco</span> <span class='ocrx_word' id='word_1_389' title='bbox 2424 2037 2704 2097; x_wconf 88' lang='lat' dir='ltr'>dicuntur.</span> <span class='ocrx_word' id='word_1_390' title='bbox 2732 2037 2934 2106; x_wconf 85' lang='lat' dir='ltr'>quibus</span> <span class='ocrx_word' id='word_1_391' title='bbox 2959 2035 3258 2106; x_wconf 67' lang='lat' dir='ltr'>prmeidere</span> <span class='ocrx_word' id='word_1_392' title='bbox 3280 2033 3449 2087; x_wconf 79' lang='lat' dir='ltr'>ﬁlium</span> <span class='ocrx_word' id='word_1_393' title='bbox 3469 2028 3681 2094; x_wconf 77' lang='lat' dir='ltr'>hominis,</span> 
     </span>
    </p>
   </div>
   <div class='ocr_carea' id='block_1_51' title="bbox 2146 2118 3682 2194">
    <p class='ocr_par' dir='ltr' id='par_1_51' title="bbox 2146 2118 3682 2194">
     <span class='ocr_line' id='line_1_51' title="bbox 2146 2118 3682 2194; baseline -0.006 -14"><span class='ocrx_word' id='word_1_394' title='bbox 2146 2143 2311 2181; x_wconf 90' lang='lat' dir='ltr'>nemo</span> <span class='ocrx_word' id='word_1_395' title='bbox 2333 2125 2580 2180; x_wconf 79' lang='lat' dir='ltr'>ﬁdelium</span> <span class='ocrx_word' id='word_1_396' title='bbox 2598 2125 2833 2194; x_wconf 88' lang='lat' dir='ltr'>ambigit</span> <span class='ocrx_word' id='word_1_397' title='bbox 2853 2143 2865 2178; x_wconf 87' lang='lat'><strong>:</strong></span> <span class='ocrx_word' id='word_1_398' title='bbox 2889 2129 2989 2178; x_wconf 83' lang='lat' dir='ltr'>aut</span> <span class='ocrx_word' id='word_1_399' title='bbox 3003 2129 3155 2177; x_wconf 82' lang='lat' dir='ltr'>certe</span> <span class='ocrx_word' id='word_1_400' title='bbox 3176 2118 3682 2194; x_wconf 77' lang='lat' dir='ltr'>perfectioressanoti,</span> 
     </span>
    </p>
   </div>
   <div class='ocr_carea' id='block_1_52' title="bbox 2142 2209 3688 2284">
    <p class='ocr_par' dir='ltr' id='par_1_52' title="bbox 2142 2209 3688 2284">
     <span class='ocr_line' id='line_1_52' title="bbox 2142 2209 3688 2284; baseline -0.006 -16"><span class='ocrx_word' id='word_1_401' title='bbox 2142 2215 2212 2268; x_wconf 87' lang='lat' dir='ltr'>de</span> <span class='ocrx_word' id='word_1_402' title='bbox 2238 2213 2441 2284; x_wconf 85' lang='lat' dir='ltr'>quibus</span> <span class='ocrx_word' id='word_1_403' title='bbox 2468 2214 2528 2267; x_wconf 88' lang='lat' dir='ltr'>in</span> <span class='ocrx_word' id='word_1_404' title='bbox 2555 2214 2776 2267; x_wconf 85' lang='lat' dir='ltr'>Psalmo</span> <span class='ocrx_word' id='word_1_405' title='bbox 2805 2212 3046 2267; x_wconf 83' lang='lat' dir='ltr'>canitur.</span> <span class='ocrx_word' id='word_1_406' title='bbox 3070 2213 3217 2278; x_wconf 76' lang='lat' dir='ltr'>Quia</span> <span class='ocrx_word' id='word_1_407' title='bbox 3246 2212 3367 2264; x_wconf 74' lang='lat' dir='ltr'>illic</span> <span class='ocrx_word' id='word_1_408' title='bbox 3386 2209 3610 2262; x_wconf 77' lang='lat' dir='ltr'>sederant</span> <span class='ocrx_word' id='word_1_409' title='bbox 3630 2214 3688 2258; x_wconf 69' lang='grc' dir='ltr'>κ’</span> 
     </span>
    </p>
   </div>
   <div class='ocr_carea' id='block_1_53' title="bbox 2143 2300 3681 2370">
    <p class='ocr_par' dir='ltr' id='par_1_53' title="bbox 2143 2300 3681 2370">
     <span class='ocr_line' id='line_1_53' title="bbox 2143 2300 3681 2370; baseline -0.007 -14"><span class='ocrx_word' id='word_1_410' title='bbox 2143 2305 2232 2356; x_wconf 81' lang='lat' dir='ltr'>des</span> <span class='ocrx_word' id='word_1_411' title='bbox 2253 2304 2317 2356; x_wconf 82' lang='lat' dir='ltr'>in</span> <span class='ocrx_word' id='word_1_412' title='bbox 2327 2303 2562 2370; x_wconf 81' lang='lat' dir='ltr'>judicio,</span> <span class='ocrx_word' id='word_1_413' title='bbox 2594 2303 2738 2355; x_wconf 78' lang='lat' dir='ltr'>sedes</span> <span class='ocrx_word' id='word_1_414' title='bbox 2760 2312 2924 2369; x_wconf 78' lang='lat' dir='ltr'>super</span> <span class='ocrx_word' id='word_1_415' title='bbox 2952 2302 3186 2356; x_wconf 78' lang='lat' dir='ltr'>domum</span> <span class='ocrx_word' id='word_1_416' title='bbox 3212 2300 3383 2354; x_wconf 73' lang='lat' dir='ltr'>David</span> <span class='ocrx_word' id='word_1_417' title='bbox 3401 2300 3551 2366; x_wconf 80' lang='lat' dir='ltr'>(Psal.</span> <span class='ocrx_word' id='word_1_418' title='bbox 3576 2308 3681 2357; x_wconf 66' lang='lat' dir='ltr'>exin,</span> 
     </span>
    </p>
   </div>
   <div class='ocr_carea' id='block_1_54' title="bbox 2146 2382 3685 2460">
    <p class='ocr_par' dir='ltr' id='par_1_54' title="bbox 2146 2382 3685 2460">
     <span class='ocr_line' id='line_1_54' title="bbox 2146 2382 3685 2460; baseline -0.008 -13"><span class='ocrx_word' id='word_1_419' title='bbox 2146 2389 2218 2458; x_wconf 76' lang='grc' dir='ltr'>ὃ).</span> <span class='ocrx_word' id='word_1_420' title='bbox 2252 2392 2398 2460; x_wconf 88' lang='lat' dir='ltr'>Ergo</span> <span class='ocrx_word' id='word_1_421' title='bbox 2428 2402 2522 2444; x_wconf 83' lang='lat' dir='ltr'>rex</span> <span class='ocrx_word' id='word_1_422' title='bbox 2574 2391 2923 2450; x_wconf 70' lang='lat' dir='ltr'>saeculorum,</span> <span class='ocrx_word' id='word_1_423' title='bbox 2952 2390 3104 2443; x_wconf 85' lang='lat' dir='ltr'>Deus</span> <span class='ocrx_word' id='word_1_424' title='bbox 3145 2382 3387 2451; x_wconf 75' lang='lat' dir='ltr'>Verbum,</span> <span class='ocrx_word' id='word_1_425' title='bbox 3419 2382 3552 2456; x_wconf 88' lang='lat' dir='ltr'>quod</span> <span class='ocrx_word' id='word_1_426' title='bbox 3589 2394 3685 2435; x_wconf 76' lang='lat' dir='ltr'>om</span> 
     </span>
    </p>
   </div>
   <div class='ocr_carea' id='block_1_55' title="bbox 2145 2473 3684 2547">
    <p class='ocr_par' dir='ltr' id='par_1_55' title="bbox 2145 2473 3684 2547">
     <span class='ocr_line' id='line_1_55' title="bbox 2145 2473 3684 2547; baseline -0.006 -13"><span class='ocrx_word' id='word_1_427' title='bbox 2145 2486 2356 2547; x_wconf 62' lang='lat' dir='ltr'>factum</span> <span class='ocrx_word' id='word_1_428' title='bbox 2381 2485 2456 2533; x_wconf 78' lang='lat' dir='ltr'>est</span> <span class='ocrx_word' id='word_1_429' title='bbox 2486 2483 2665 2547; x_wconf 83' lang='lat' dir='ltr'>(Joan.</span> <span class='ocrx_word' id='word_1_430' title='bbox 2699 2490 2737 2544; x_wconf 82' lang='grc' dir='ltr'>ι,</span> <span class='ocrx_word' id='word_1_431' title='bbox 2769 2479 2882 2547; x_wconf 77' lang='grc'>14),</span> <span class='ocrx_word' id='word_1_432' title='bbox 2916 2478 3067 2532; x_wconf 76' lang='lat' dir='ltr'>illius</span> <span class='ocrx_word' id='word_1_433' title='bbox 3096 2477 3361 2541; x_wconf 80' lang='lat' dir='ltr'>hominis,</span> <span class='ocrx_word' id='word_1_434' title='bbox 3393 2473 3586 2529; x_wconf 73' lang='lat' dir='ltr'>sedebit</span> <span class='ocrx_word' id='word_1_435' title='bbox 3613 2484 3684 2524; x_wconf 84' lang='lat' dir='ltr'>su-</span> 
     </span>
    </p>
   </div>
   <div class='ocr_carea' id='block_1_56' title="bbox 2143 2559 3684 2640">
    <p class='ocr_par' dir='ltr' id='par_1_56' title="bbox 2143 2559 3684 2640">
     <span class='ocr_line' id='line_1_56' title="bbox 2143 2559 3684 2640; baseline -0.007 -17"><span class='ocrx_word' id='word_1_436' title='bbox 2143 2585 2247 2640; x_wconf 88' lang='lat' dir='ltr'>per</span> <span class='ocrx_word' id='word_1_437' title='bbox 2271 2568 2593 2639; x_wconf 89' lang='lat' dir='ltr'>hujusmedi</span> <span class='ocrx_word' id='word_1_438' title='bbox 2624 2568 2813 2622; x_wconf 87' lang='lat' dir='ltr'>sedem</span> <span class='ocrx_word' id='word_1_439' title='bbox 2840 2568 3052 2637; x_wconf 66' lang='lat' dir='ltr'>gloriae,</span> <span class='ocrx_word' id='word_1_440' title='bbox 3072 2582 3205 2621; x_wconf 84' lang='lat' dir='ltr'><strong>cum</strong></span> <span class='ocrx_word' id='word_1_441' title='bbox 3234 2564 3495 2621; x_wconf 72' lang='lat' dir='ltr'>universis</span> <span class='ocrx_word' id='word_1_442' title='bbox 3520 2559 3684 2615; x_wconf 82' lang='lat' dir='ltr'>sanctis</span> 
     </span>
    </p>
   </div>
   <div class='ocr_carea' id='block_1_57' title="bbox 2143 2650 3684 2729">
    <p class='ocr_par' dir='ltr' id='par_1_57' title="bbox 2143 2650 3684 2729">
     <span class='ocr_line' id='line_1_57' title="bbox 2143 2650 3684 2729; baseline -0.01 -15"><span class='ocrx_word' id='word_1_443' title='bbox 2143 2658 2278 2724; x_wconf 88' lang='lat' dir='ltr'>suis,</span> <span class='ocrx_word' id='word_1_444' title='bbox 2304 2658 2504 2729; x_wconf 81' lang='lat' dir='ltr'>quibus</span> <span class='ocrx_word' id='word_1_445' title='bbox 2527 2657 2784 2729; x_wconf 77' lang='lat' dir='ltr'>promisit</span> <span class='ocrx_word' id='word_1_446' title='bbox 2813 2657 3007 2711; x_wconf 86' lang='lat' dir='ltr'>dicens</span> <span class='ocrx_word' id='word_1_447' title='bbox 3036 2679 3048 2714; x_wconf 90' lang='lat'><strong>:</strong></span> <span class='ocrx_word' id='word_1_448' title='bbox 3081 2656 3240 2723; x_wconf 75' lang='lat' dir='ltr'>Quod</span> <span class='ocrx_word' id='word_1_449' title='bbox 3266 2670 3352 2708; x_wconf 78' lang='lat' dir='ltr'>vos</span> <span class='ocrx_word' id='word_1_450' title='bbox 3389 2654 3483 2721; x_wconf 76' lang='lat' dir='ltr'>qui</span> <span class='ocrx_word' id='word_1_451' title='bbox 3502 2650 3684 2716; x_wconf 58' lang='lat' dir='ltr'>reliqui-</span> 
     </span>
    </p>
   </div>
   <div class='ocr_carea' id='block_1_58' title="bbox 2142 2741 3685 2813">
    <p class='ocr_par' dir='ltr' id='par_1_58' title="bbox 2142 2741 3685 2813">
     <span class='ocr_line' id='line_1_58' title="bbox 2142 2741 3685 2813; baseline -0.008 -11"><span class='ocrx_word' id='word_1_452' title='bbox 2142 2751 2242 2802; x_wconf 79' lang='lat' dir='ltr'>stis</span> <span class='ocrx_word' id='word_1_453' title='bbox 2261 2749 2526 2813; x_wconf 77' lang='lat' dir='ltr'>omnio,el</span> <span class='ocrx_word' id='word_1_454' title='bbox 2553 2749 2723 2800; x_wconf 75' lang='lat' dir='ltr'>secuti</span> <span class='ocrx_word' id='word_1_455' title='bbox 2748 2748 2874 2799; x_wconf 81' lang='lat' dir='ltr'>estis</span> <span class='ocrx_word' id='word_1_456' title='bbox 2897 2761 2999 2809; x_wconf 82' lang='lat' dir='ltr'>me,</span> <span class='ocrx_word' id='word_1_457' title='bbox 3034 2746 3287 2798; x_wconf 63' lang='lat' dir='ltr'>Sedebilis</span> <span class='ocrx_word' id='word_1_458' title='bbox 3315 2752 3474 2811; x_wconf 74' lang='lat' dir='ltr'>super</span> <span class='ocrx_word' id='word_1_459' title='bbox 3506 2741 3685 2792; x_wconf 70' lang='lat' dir='ltr'>thronos</span> 
     </span>
    </p>
   </div>
   <div class='ocr_carea' id='block_1_59' title="bbox 2140 2820 3684 2904">
    <p class='ocr_par' dir='ltr' id='par_1_59' title="bbox 2140 2820 3684 2904">
     <span class='ocr_line' id='line_1_59' title="bbox 2140 2820 3684 2904; baseline -0.006 -14"><span class='ocrx_word' id='word_1_460' title='bbox 2140 2836 2424 2890; x_wconf 75' lang='lat' dir='ltr'>duodecim</span> <span class='ocrx_word' id='word_1_461' title='bbox 2458 2836 2777 2904; x_wconf 79' lang='lat' dir='ltr'>judicanles</span> <span class='ocrx_word' id='word_1_462' title='bbox 2834 2834 3119 2889; x_wconf 73' lang='lat' dir='ltr'>duodecim</span> <span class='ocrx_word' id='word_1_463' title='bbox 3153 2834 3333 2899; x_wconf 72' lang='lat' dir='ltr'>tribus</span> <span class='ocrx_word' id='word_1_464' title='bbox 3384 2833 3542 2886; x_wconf 72' lang='lat' dir='ltr'>Israel</span> <span class='ocrx_word' id='word_1_465' title='bbox 3571 2820 3684 2897; x_wconf 77' lang='lat' dir='ltr'>(Lue-</span> 
     </span>
    </p>
   </div>
   <div class='ocr_carea' id='block_1_60' title="bbox 2141 2910 3573 2990">
    <p class='ocr_par' dir='ltr' id='par_1_60' title="bbox 2141 2910 3573 2990">
     <span class='ocr_line' id='line_1_60' title="bbox 2141 2910 3573 2990; baseline -0.001 -12"><span class='ocrx_word' id='word_1_466' title='bbox 2141 2938 2275 2990; x_wconf 81' lang='lat' dir='ltr'>xxn,</span> <span class='ocrx_word' id='word_1_467' title='bbox 2300 2924 2411 2990; x_wconf 86' lang='lat'>30).</span> <span class='ocrx_word' id='word_1_468' title='bbox 3565 2910 3573 2935; x_wconf 81' lang='grc'>¹</span> 
     </span>
    </p>
   </div>
   <div class='ocr_carea' id='block_1_61' title="bbox 2214 3010 3684 3082">
    <p class='ocr_par' dir='ltr' id='par_1_61' title="bbox 2214 3010 3684 3082">
     <span class='ocr_line' id='line_1_61' title="bbox 2214 3010 3684 3082; baseline -0.008 -14"><span class='ocrx_word' id='word_1_469' title='bbox 2214 3015 2281 3068; x_wconf 85' lang='lat' dir='ltr'>El</span> <span class='ocrx_word' id='word_1_470' title='bbox 2305 3019 2439 3067; x_wconf 84' lang='lat' dir='ltr'>tunc</span> <span class='ocrx_word' id='word_1_471' title='bbox 2479 3015 2965 3082; x_wconf 66' lang='lat' dir='ltr'>congregabantur</span> <span class='ocrx_word' id='word_1_472' title='bbox 3002 3016 3133 3065; x_wconf 73' lang='lat' dir='ltr'>ante</span> <span class='ocrx_word' id='word_1_473' title='bbox 3164 3026 3293 3065; x_wconf 83' lang='lat' dir='ltr'>eum</span> <span class='ocrx_word' id='word_1_474' title='bbox 3323 3016 3498 3063; x_wconf 65' lang='lat' dir='ltr'>omnes</span> <span class='ocrx_word' id='word_1_475' title='bbox 3524 3010 3684 3074; x_wconf 52' lang='grc' dir='ltr'>θρηνῶ.</span> 
     </span>
    </p>
   </div>
   <div class='ocr_carea' id='block_1_62' title="bbox 461 3092 3684 3175">
    <p class='ocr_par' dir='ltr' id='par_1_62' title="bbox 461 3092 3684 3175">
     <span class='ocr_line' id='line_1_62' title="bbox 461 3092 3684 3175; baseline 0.003 -31"><span class='ocrx_word' id='word_1_476' title='bbox 461 3092 670 3147; x_wconf 78' lang='lat' dir='ltr'>erunt?</span> <span class='ocrx_word' id='word_1_477' title='bbox 691 3100 747 3148; x_wconf 92' lang='lat' dir='ltr'>et</span> <span class='ocrx_word' id='word_1_478' title='bbox 774 3092 1003 3153; x_wconf 89' lang='lat' dir='ltr'>omnino</span> <span class='ocrx_word' id='word_1_479' title='bbox 1023 3101 1081 3155; x_wconf 90' lang='lat' dir='ltr'>in</span> <span class='ocrx_word' id='word_1_480' title='bbox 1101 3098 1289 3172; x_wconf 88' lang='lat' dir='ltr'>ignem</span> <span class='ocrx_word' id='word_1_481' title='bbox 1310 3111 1442 3158; x_wconf 90' lang='lat' dir='ltr'>sunt</span> <span class='ocrx_word' id='word_1_482' title='bbox 1468 3105 1874 3160; x_wconf 88' lang='lat' dir='ltr'>condemnandi</span> <span class='ocrx_word' id='word_1_483' title='bbox 1894 3100 2116 3162; x_wconf 61' lang='lat' dir='ltr'>aiter-0</span> <span class='ocrx_word' id='word_1_484' title='bbox 2138 3102 2397 3158; x_wconf 86' lang='lat' dir='ltr'>Dixeram</span> <span class='ocrx_word' id='word_1_485' title='bbox 2421 3104 2541 3175; x_wconf 88' lang='lat' dir='ltr'>jam</span> <span class='ocrx_word' id='word_1_486' title='bbox 2570 3118 2742 3174; x_wconf 87' lang='lat' dir='ltr'>supra</span> <span class='ocrx_word' id='word_1_487' title='bbox 2769 3101 2838 3155; x_wconf 89' lang='lat' dir='ltr'>de</span> <span class='ocrx_word' id='word_1_488' title='bbox 2876 3101 3119 3155; x_wconf 85' lang='lat' dir='ltr'>adventu</span> <span class='ocrx_word' id='word_1_489' title='bbox 3168 3098 3378 3154; x_wconf 79' lang='lat' dir='ltr'>Christi</span> <span class='ocrx_word' id='word_1_490' title='bbox 3419 3097 3485 3151; x_wconf 83' lang='lat' dir='ltr'>ad</span> <span class='ocrx_word' id='word_1_491' title='bbox 3523 3099 3684 3155; x_wconf 59' lang='lat' dir='ltr'>terms,</span> 
     </span>
    </p>
   </div>
   <div class='ocr_carea' id='block_1_63' title="bbox 461 3178 2055 3265">
    <p class='ocr_par' dir='ltr' id='par_1_63' title="bbox 461 3178 2055 3265">
     <span class='ocr_line' id='line_1_63' title="bbox 461 3178 2055 3265; baseline 0.013 -34"><span class='ocrx_word' id='word_1_492' title='bbox 461 3194 598 3232; x_wconf 91' lang='lat' dir='ltr'>num</span> <span class='ocrx_word' id='word_1_493' title='bbox 630 3197 757 3237; x_wconf 91' lang='lat' dir='ltr'>cum</span> <span class='ocrx_word' id='word_1_494' title='bbox 788 3178 1009 3241; x_wconf 88' lang='lat' dir='ltr'>diabolo</span> <span class='ocrx_word' id='word_1_495' title='bbox 1034 3189 1059 3242; x_wconf 73' lang='grc' dir='ltr'><strong>Τ</strong></span> <span class='ocrx_word' id='word_1_496' title='bbox 1083 3190 1368 3255; x_wconf 87' lang='lat' dir='ltr'>Quantum</span> <span class='ocrx_word' id='word_1_497' title='bbox 1399 3210 1532 3264; x_wconf 92' lang='lat' dir='ltr'>ergo</span> <span class='ocrx_word' id='word_1_498' title='bbox 1561 3200 1843 3265; x_wconf 87' lang='lat' dir='ltr'>exspectat</span> <span class='ocrx_word' id='word_1_499' title='bbox 1872 3196 1940 3249; x_wconf 84' lang='lat' dir='ltr'>ad</span> <span class='ocrx_word' id='word_1_500' title='bbox 1970 3211 2055 3250; x_wconf 88' lang='lat' dir='ltr'>sa-</span> 
     </span>
    </p>
   </div>
   <div class='ocr_carea' id='block_1_64' title="bbox 460 3264 2056 3356">
    <p class='ocr_par' dir='ltr' id='par_1_64' title="bbox 460 3264 2056 3356">
     <span class='ocr_line' id='line_1_64' title="bbox 460 3264 2056 3356; baseline 0.013 -37"><span class='ocrx_word' id='word_1_501' title='bbox 460 3283 592 3356; x_wconf 85' lang='lat' dir='ltr'>nam</span> <span class='ocrx_word' id='word_1_502' title='bbox 612 3264 1038 3344; x_wconf 84' lang='lat' dir='ltr'>intelligentiam</span> <span class='ocrx_word' id='word_1_503' title='bbox 1064 3286 1121 3333; x_wconf 81' lang='lat' dir='ltr'>et</span> <span class='ocrx_word' id='word_1_504' title='bbox 1144 3280 1457 3335; x_wconf 85' lang='lat' dir='ltr'>doctrinam</span> <span class='ocrx_word' id='word_1_505' title='bbox 1477 3264 1743 3347; x_wconf 86' lang='lat' dir='ltr'>veritatis,</span> <span class='ocrx_word' id='word_1_506' title='bbox 1772 3300 1896 3339; x_wconf 91' lang='lat' dir='ltr'><strong>cum</strong></span> <span class='ocrx_word' id='word_1_507' title='bbox 1926 3301 2056 3356; x_wconf 89' lang='lat' dir='ltr'>pru-</span> 
     </span>
    </p>
   </div>
   <div class='ocr_carea' id='block_1_65' title="bbox 459 3354 2056 3442">
    <p class='ocr_par' dir='ltr' id='par_1_65' title="bbox 459 3354 2056 3442">
     <span class='ocr_line' id='line_1_65' title="bbox 459 3354 2056 3442; baseline 0.013 -34"><span class='ocrx_word' id='word_1_508' title='bbox 459 3354 615 3411; x_wconf 89' lang='lat' dir='ltr'>denti</span> <span class='ocrx_word' id='word_1_509' title='bbox 644 3362 1088 3421; x_wconf 86' lang='lat' dir='ltr'>consideratione</span> <span class='ocrx_word' id='word_1_510' title='bbox 1117 3368 1208 3422; x_wconf 88' lang='lat' dir='ltr'>hic</span> <span class='ocrx_word' id='word_1_511' title='bbox 1235 3369 1387 3424; x_wconf 88' lang='lat' dir='ltr'>locus</span> <span class='ocrx_word' id='word_1_512' title='bbox 1408 3373 1850 3442; x_wconf 87' lang='lat' dir='ltr'>pertractandus,</span> <span class='ocrx_word' id='word_1_513' title='bbox 1875 3354 1977 3437; x_wconf 79' lang='lat' dir='ltr'>est,</span> <span class='ocrx_word' id='word_1_514' title='bbox 1991 3378 2056 3428; x_wconf 91' lang='lat' dir='ltr'>ut</span> 
     </span>
    </p>
   </div>
   <div class='ocr_carea' id='block_1_66' title="bbox 456 3444 2056 3525">
    <p class='ocr_par' dir='ltr' id='par_1_66' title="bbox 456 3444 2056 3525">
     <span class='ocr_line' id='line_1_66' title="bbox 456 3444 2056 3525; baseline 0.011 -27"><span class='ocrx_word' id='word_1_515' title='bbox 456 3444 745 3504; x_wconf 86' lang='lat' dir='ltr'>catholicis</span> <span class='ocrx_word' id='word_1_516' title='bbox 782 3455 1119 3524; x_wconf 88' lang='lat' dir='ltr'>respondeat</span> <span class='ocrx_word' id='word_1_517' title='bbox 1157 3458 1525 3514; x_wconf 90' lang='lat' dir='ltr'>documentis.</span> <span class='ocrx_word' id='word_1_518' title='bbox 1568 3458 1712 3525; x_wconf 88' lang='lat' dir='ltr'>Quia</span> <span class='ocrx_word' id='word_1_519' title='bbox 1742 3478 1844 3516; x_wconf 91' lang='lat' dir='ltr'>nec</span> <span class='ocrx_word' id='word_1_520' title='bbox 1892 3460 2056 3516; x_wconf 85' lang='lat' dir='ltr'>aliter</span> 
     </span>
    </p>
   </div>
   <div class='ocr_carea' id='block_1_67' title="bbox 457 3532 2055 3620">
    <p class='ocr_par' dir='ltr' id='par_1_67' title="bbox 457 3532 2055 3620">
     <span class='ocr_line' id='line_1_67' title="bbox 457 3532 2055 3620; baseline 0.01 -31"><span class='ocrx_word' id='word_1_521' title='bbox 457 3532 633 3608; x_wconf 86' lang='lat' dir='ltr'>accipi</span> <span class='ocrx_word' id='word_1_522' title='bbox 664 3542 865 3609; x_wconf 82' lang='lat' dir='ltr'>potest,</span> <span class='ocrx_word' id='word_1_523' title='bbox 906 3559 1074 3613; x_wconf 91' lang='lat' dir='ltr'>quam</span> <span class='ocrx_word' id='word_1_524' title='bbox 1112 3542 1331 3600; x_wconf 84' lang='lat' dir='ltr'>Veritas</span> <span class='ocrx_word' id='word_1_525' title='bbox 1364 3548 1619 3603; x_wconf 89' lang='lat' dir='ltr'>Christus</span> <span class='ocrx_word' id='word_1_526' title='bbox 1648 3551 1919 3620; x_wconf 69' lang='lat' dir='ltr'>praedixit,</span> <span class='ocrx_word' id='word_1_527' title='bbox 1953 3567 2055 3605; x_wconf 84' lang='lat' dir='ltr'>nec</span> 
     </span>
    </p>
   </div>
   <div class='ocr_carea' id='block_1_68' title="bbox 455 3626 2056 3709">
    <p class='ocr_par' dir='ltr' id='par_1_68' title="bbox 455 3626 2056 3709">
     <span class='ocr_line' id='line_1_68' title="bbox 455 3626 2056 3709; baseline 0.011 -29"><span class='ocrx_word' id='word_1_528' title='bbox 455 3626 577 3697; x_wconf 89' lang='lat' dir='ltr'>ipse</span> <span class='ocrx_word' id='word_1_529' title='bbox 591 3635 781 3685; x_wconf 89' lang='lat' dir='ltr'>autem</span> <span class='ocrx_word' id='word_1_530' title='bbox 806 3634 1109 3704; x_wconf 73' lang='lat' dir='ltr'>praedicare</span> <span class='ocrx_word' id='word_1_531' title='bbox 1129 3635 1213 3689; x_wconf 87' lang='lat' dir='ltr'>vel</span> <span class='ocrx_word' id='word_1_532' title='bbox 1233 3636 1450 3701; x_wconf 89' lang='lat' dir='ltr'>docere,</span> <span class='ocrx_word' id='word_1_533' title='bbox 1477 3654 1645 3709; x_wconf 88' lang='lat' dir='ltr'>quam</span> <span class='ocrx_word' id='word_1_534' title='bbox 1671 3646 1736 3694; x_wconf 93' lang='lat' dir='ltr'>ut</span> <span class='ocrx_word' id='word_1_535' title='bbox 1762 3640 2056 3697; x_wconf 89' lang='lat' dir='ltr'>conveniat</span> 
     </span>
    </p>
   </div>
   <div class='ocr_carea' id='block_1_69' title="bbox 458 3711 2052 3797">
    <p class='ocr_par' dir='ltr' id='par_1_69' title="bbox 458 3711 2052 3797">
     <span class='ocr_line' id='line_1_69' title="bbox 458 3711 2052 3797; baseline 0.009 -29"><span class='ocrx_word' id='word_1_536' title='bbox 458 3711 878 3787; x_wconf 87' lang='lat' dir='ltr'>Scripturarum</span> <span class='ocrx_word' id='word_1_537' title='bbox 906 3728 1227 3776; x_wconf 88' lang='lat' dir='ltr'>sanctarum</span> <span class='ocrx_word' id='word_1_538' title='bbox 1274 3726 1331 3776; x_wconf 87' lang='lat' dir='ltr'>in</span> <span class='ocrx_word' id='word_1_539' title='bbox 1371 3714 1630 3779; x_wconf 90' lang='lat' dir='ltr'>omnibus</span> <span class='ocrx_word' id='word_1_540' title='bbox 1658 3720 1728 3781; x_wconf 89' lang='lat' dir='ltr'>ad</span> <span class='ocrx_word' id='word_1_541' title='bbox 1768 3726 2052 3797; x_wconf 87' lang='lat' dir='ltr'>integrum</span> 
     </span>
    </p>
   </div>
   <div class='ocr_carea' id='block_1_70' title="bbox 450 3803 2051 3869">
    <p class='ocr_par' dir='ltr' id='par_1_70' title="bbox 450 3803 2051 3869">
     <span class='ocr_line' id='line_1_70' title="bbox 450 3803 2051 3869; baseline 0.007 -11"><span class='ocrx_word' id='word_1_542' title='bbox 450 3803 750 3866; x_wconf 88' lang='lat' dir='ltr'>institutis.</span> <span class='ocrx_word' id='word_1_543' title='bbox 790 3804 858 3864; x_wconf 85' lang='lat' dir='ltr'>Et</span> <span class='ocrx_word' id='word_1_544' title='bbox 886 3805 1011 3865; x_wconf 87' lang='lat' dir='ltr'>ideo</span> <span class='ocrx_word' id='word_1_545' title='bbox 1052 3813 1373 3867; x_wconf 87' lang='lat' dir='ltr'>humanitas</span> <span class='ocrx_word' id='word_1_546' title='bbox 1414 3830 1609 3868; x_wconf 91' lang='lat' dir='ltr'>eorum</span> <span class='ocrx_word' id='word_1_547' title='bbox 1636 3830 1749 3869; x_wconf 89' lang='lat' dir='ltr'>non</span> <span class='ocrx_word' id='word_1_548' title='bbox 1779 3815 1903 3869; x_wconf 90' lang='lat' dir='ltr'>ideo</span> <span class='ocrx_word' id='word_1_549' title='bbox 1937 3816 2051 3869; x_wconf 88' lang='lat' dir='ltr'>lau-</span> 
     </span>
    </p>
   </div>
   <div class='ocr_carea' id='block_1_71' title="bbox 2137 3186 3685 3264">
    <p class='ocr_par' dir='ltr' id='par_1_71' title="bbox 2137 3186 3685 3264">
     <span class='ocr_line' id='line_1_71' title="bbox 2137 3186 3685 3264; baseline -0.002 -18"><span class='ocrx_word' id='word_1_550' title='bbox 2137 3191 2296 3264; x_wconf 89' lang='lat' dir='ltr'>quasi</span> <span class='ocrx_word' id='word_1_551' title='bbox 2328 3192 2386 3245; x_wconf 89' lang='lat' dir='ltr'>in</span> <span class='ocrx_word' id='word_1_552' title='bbox 2416 3192 2535 3245; x_wconf 91' lang='lat' dir='ltr'>loco</span> <span class='ocrx_word' id='word_1_553' title='bbox 2574 3206 2682 3261; x_wconf 92' lang='lat' dir='ltr'>quo</span> <span class='ocrx_word' id='word_1_554' title='bbox 2708 3189 2993 3260; x_wconf 87' lang='lat' dir='ltr'>judicatus</span> <span class='ocrx_word' id='word_1_555' title='bbox 3021 3193 3109 3242; x_wconf 88' lang='lat' dir='ltr'>est</span> <span class='ocrx_word' id='word_1_556' title='bbox 3151 3186 3454 3242; x_wconf 86' lang='lat' dir='ltr'>secundum</span> <span class='ocrx_word' id='word_1_557' title='bbox 3483 3194 3685 3243; x_wconf 53' lang='lat' dir='ltr'>carnem,</span> 
     </span>
    </p>
   </div>
   <div class='ocr_carea' id='block_1_72' title="bbox 2136 3271 3688 3352">
    <p class='ocr_par' dir='ltr' id='par_1_72' title="bbox 2136 3271 3688 3352">
     <span class='ocr_line' id='line_1_72' title="bbox 2136 3271 3688 3352; baseline -0.006 -17"><span class='ocrx_word' id='word_1_558' title='bbox 2136 3281 2285 3352; x_wconf 90' lang='lat' dir='ltr'>quod</span> <span class='ocrx_word' id='word_1_559' title='bbox 2307 3280 2386 3333; x_wconf 91' lang='lat' dir='ltr'>ibi</span> <span class='ocrx_word' id='word_1_560' title='bbox 2412 3280 2778 3334; x_wconf 79' lang='lat' dir='ltr'>descensurus</span> <span class='ocrx_word' id='word_1_561' title='bbox 2794 3279 2869 3332; x_wconf 88' lang='lat' dir='ltr'>sit</span> <span class='ocrx_word' id='word_1_562' title='bbox 2887 3278 2955 3332; x_wconf 91' lang='lat' dir='ltr'>ad</span> <span class='ocrx_word' id='word_1_563' title='bbox 2973 3277 3273 3348; x_wconf 83' lang='lat' dir='ltr'>judicium,</span> <span class='ocrx_word' id='word_1_564' title='bbox 3288 3290 3398 3330; x_wconf 91' lang='lat' dir='ltr'>non</span> <span class='ocrx_word' id='word_1_565' title='bbox 3417 3274 3545 3328; x_wconf 89' lang='lat' dir='ltr'>adeo</span> <span class='ocrx_word' id='word_1_566' title='bbox 3565 3271 3688 3340; x_wconf 77' lang='lat' dir='ltr'>igno-</span> 
     </span>
    </p>
   </div>
   <div class='ocr_carea' id='block_1_73' title="bbox 2137 3358 3687 3437">
    <p class='ocr_par' dir='ltr' id='par_1_73' title="bbox 2137 3358 3687 3437">
     <span class='ocr_line' id='line_1_73' title="bbox 2137 3358 3687 3437; baseline -0.008 -13"><span class='ocrx_word' id='word_1_567' title='bbox 2137 3385 2269 3423; x_wconf 88' lang='lat' dir='ltr'>rans</span> <span class='ocrx_word' id='word_1_568' title='bbox 2298 3370 2474 3423; x_wconf 89' lang='lat' dir='ltr'>ullum</span> <span class='ocrx_word' id='word_1_569' title='bbox 2511 3370 2696 3423; x_wconf 89' lang='lat' dir='ltr'>locum</span> <span class='ocrx_word' id='word_1_570' title='bbox 2721 3382 2863 3434; x_wconf 89' lang='lat' dir='ltr'>esse,</span> <span class='ocrx_word' id='word_1_571' title='bbox 2895 3367 2990 3437; x_wconf 90' lang='lat' dir='ltr'>qui</span> <span class='ocrx_word' id='word_1_572' title='bbox 3019 3367 3123 3421; x_wconf 92' lang='lat' dir='ltr'>sub</span> <span class='ocrx_word' id='word_1_573' title='bbox 3142 3380 3261 3420; x_wconf 88' lang='lat' dir='ltr'>uno</span> <span class='ocrx_word' id='word_1_574' title='bbox 3297 3368 3515 3436; x_wconf 84' lang='lat' dir='ltr'>aspectu</span> <span class='ocrx_word' id='word_1_575' title='bbox 3538 3358 3687 3414; x_wconf 86' lang='lat' dir='ltr'>homi-</span> 
     </span>
    </p>
   </div>
   <div class='ocr_carea' id='block_1_74' title="bbox 2135 3448 3684 3529">
    <p class='ocr_par' dir='ltr' id='par_1_74' title="bbox 2135 3448 3684 3529">
     <span class='ocr_line' id='line_1_74' title="bbox 2135 3448 3684 3529; baseline -0.008 -17"><span class='ocrx_word' id='word_1_576' title='bbox 2135 3459 2223 3512; x_wconf 88' lang='lat' dir='ltr'>nis</span> <span class='ocrx_word' id='word_1_577' title='bbox 2246 3459 2447 3529; x_wconf 86' lang='lat' dir='ltr'>capiat,</span> <span class='ocrx_word' id='word_1_578' title='bbox 2468 3474 2579 3512; x_wconf 91' lang='lat' dir='ltr'>non</span> <span class='ocrx_word' id='word_1_579' title='bbox 2605 3458 2728 3511; x_wconf 90' lang='lat' dir='ltr'>dico</span> <span class='ocrx_word' id='word_1_580' title='bbox 2746 3457 2997 3511; x_wconf 88' lang='lat' dir='ltr'>omnium</span> <span class='ocrx_word' id='word_1_581' title='bbox 3023 3457 3355 3526; x_wconf 84' lang='lat' dir='ltr'>angelorum</span> <span class='ocrx_word' id='word_1_582' title='bbox 3372 3452 3595 3524; x_wconf 86' lang='lat' dir='ltr'>agmina,</span> <span class='ocrx_word' id='word_1_583' title='bbox 3610 3448 3684 3518; x_wconf 85' lang='lat' dir='ltr'>qui</span> 
     </span>
    </p>
   </div>
   <div class='ocr_carea' id='block_1_75' title="bbox 2136 3545 3687 3616">
    <p class='ocr_par' dir='ltr' id='par_1_75' title="bbox 2136 3545 3687 3616">
     <span class='ocr_line' id='line_1_75' title="bbox 2136 3545 3687 3616; baseline -0.006 -17"><span class='ocrx_word' id='word_1_584' title='bbox 2136 3560 2263 3601; x_wconf 89' lang='lat' dir='ltr'>cum</span> <span class='ocrx_word' id='word_1_585' title='bbox 2290 3562 2356 3601; x_wconf 89' lang='lat' dir='ltr'>eo</span> <span class='ocrx_word' id='word_1_586' title='bbox 2383 3547 2602 3601; x_wconf 86' lang='lat' dir='ltr'>venturi</span> <span class='ocrx_word' id='word_1_587' title='bbox 2631 3552 2761 3601; x_wconf 86' lang='lat' dir='ltr'>sunt</span> <span class='ocrx_word' id='word_1_588' title='bbox 2785 3547 2853 3601; x_wconf 85' lang='lat' dir='ltr'>ad</span> <span class='ocrx_word' id='word_1_589' title='bbox 2869 3545 3165 3616; x_wconf 86' lang='lat' dir='ltr'>judicium,</span> <span class='ocrx_word' id='word_1_590' title='bbox 3184 3558 3380 3599; x_wconf 87' lang='lat' dir='ltr'>verum</span> <span class='ocrx_word' id='word_1_591' title='bbox 3409 3554 3504 3596; x_wconf 85' lang='lat' dir='ltr'>nec</span> <span class='ocrx_word' id='word_1_592' title='bbox 3528 3551 3687 3593; x_wconf 66' lang='lat' dir='ltr'>omnes</span> 
     </span>
    </p>
   </div>
   <div class='ocr_carea' id='block_1_76' title="bbox 2133 3626 3687 3706">
    <p class='ocr_par' dir='ltr' id='par_1_76' title="bbox 2133 3626 3687 3706">
     <span class='ocr_line' id='line_1_76' title="bbox 2133 3626 3687 3706; baseline -0.008 -16"><span class='ocrx_word' id='word_1_593' title='bbox 2133 3640 2332 3705; x_wconf 86' lang='lat' dir='ltr'>gentes</span> <span class='ocrx_word' id='word_1_594' title='bbox 2357 3642 2488 3691; x_wconf 85' lang='lat' dir='ltr'>ante</span> <span class='ocrx_word' id='word_1_595' title='bbox 2512 3637 2703 3690; x_wconf 89' lang='lat' dir='ltr'>sedem</span> <span class='ocrx_word' id='word_1_596' title='bbox 2725 3635 3035 3706; x_wconf 87' lang='lat' dir='ltr'>majestatis</span> <span class='ocrx_word' id='word_1_597' title='bbox 3056 3635 3181 3704; x_wconf 86' lang='lat' dir='ltr'>ejus</span> <span class='ocrx_word' id='word_1_598' title='bbox 3197 3630 3611 3704; x_wconf 81' lang='lat' dir='ltr'>congregandas.</span> <span class='ocrx_word' id='word_1_599' title='bbox 3634 3626 3687 3679; x_wconf 83' lang='lat' dir='ltr'>Et</span> 
     </span>
    </p>
   </div>
   <div class='ocr_carea' id='block_1_77' title="bbox 2133 3719 3688 3795">
    <p class='ocr_par' dir='ltr' id='par_1_77' title="bbox 2133 3719 3688 3795">
     <span class='ocr_line' id='line_1_77' title="bbox 2133 3719 3688 3795; baseline -0.005 -18"><span class='ocrx_word' id='word_1_600' title='bbox 2133 3729 2324 3778; x_wconf 89' lang='lat' dir='ltr'>tamen</span> <span class='ocrx_word' id='word_1_601' title='bbox 2350 3736 2480 3779; x_wconf 86' lang='lat' dir='ltr'>vere</span> <span class='ocrx_word' id='word_1_602' title='bbox 2507 3725 2717 3779; x_wconf 88' lang='lat' dir='ltr'>dictum</span> <span class='ocrx_word' id='word_1_603' title='bbox 2766 3730 2870 3791; x_wconf 88' lang='lat' dir='ltr'>est,</span> <span class='ocrx_word' id='word_1_604' title='bbox 2901 3724 3032 3795; x_wconf 86' lang='lat' dir='ltr'>quia</span> <span class='ocrx_word' id='word_1_605' title='bbox 3071 3721 3553 3794; x_wconf 75' lang='lat' dir='ltr'>congregabantur</span> <span class='ocrx_word' id='word_1_606' title='bbox 3581 3719 3688 3771; x_wconf 79' lang='lat' dir='ltr'>ante</span> 
     </span>
    </p>
   </div>
   <div class='ocr_carea' id='block_1_78' title="bbox 2131 3803 3687 3879">
    <p class='ocr_par' dir='ltr' id='par_1_78' title="bbox 2131 3803 3687 3879">
     <span class='ocr_line' id='line_1_78' title="bbox 2131 3803 3687 3879; baseline -0.007 -11"><span class='ocrx_word' id='word_1_607' title='bbox 2131 3830 2281 3879; x_wconf 90' lang='lat' dir='ltr'>eum,</span> <span class='ocrx_word' id='word_1_608' title='bbox 2322 3830 2449 3868; x_wconf 90' lang='lat' dir='ltr'><strong>cum</strong></span> <span class='ocrx_word' id='word_1_609' title='bbox 2478 3814 2688 3868; x_wconf 89' lang='lat' dir='ltr'>sederit</span> <span class='ocrx_word' id='word_1_610' title='bbox 2722 3813 2872 3867; x_wconf 85' lang='lat' dir='ltr'>filius</span> <span class='ocrx_word' id='word_1_611' title='bbox 2902 3812 3143 3866; x_wconf 86' lang='lat' dir='ltr'>hominis</span> <span class='ocrx_word' id='word_1_612' title='bbox 3171 3810 3233 3865; x_wconf 90' lang='lat' dir='ltr'>in</span> <span class='ocrx_word' id='word_1_613' title='bbox 3261 3811 3393 3865; x_wconf 89' lang='lat' dir='ltr'>sede</span> <span class='ocrx_word' id='word_1_614' title='bbox 3419 3803 3687 3878; x_wconf 77' lang='lat' dir='ltr'>majestatis</span> 
     </span>
    </p>
   </div>
   <div class='ocr_carea' id='block_1_79' title="bbox 452 3892 3687 3995">
    <p class='ocr_par' dir='ltr' id='par_1_79' title="bbox 452 3892 3687 3995">
     <span class='ocr_line' id='line_1_79' title="bbox 452 3892 3687 3995; baseline 0.001 -49"><span class='ocrx_word' id='word_1_615' title='bbox 452 3892 621 3948; x_wconf 90' lang='lat' dir='ltr'>datur</span> <span class='ocrx_word' id='word_1_616' title='bbox 648 3900 889 3965; x_wconf 88' lang='lat' dir='ltr'>tantum,</span> <span class='ocrx_word' id='word_1_617' title='bbox 917 3901 1049 3970; x_wconf 88' lang='lat' dir='ltr'>quia</span> <span class='ocrx_word' id='word_1_618' title='bbox 1074 3902 1235 3974; x_wconf 82' lang='lat' dir='ltr'>larga</span> <span class='ocrx_word' id='word_1_619' title='bbox 1260 3901 1386 3970; x_wconf 86' lang='lat' dir='ltr'>fuit,</span> <span class='ocrx_word' id='word_1_620' title='bbox 1415 3903 1512 3958; x_wconf 92' lang='lat' dir='ltr'>sed</span> <span class='ocrx_word' id='word_1_621' title='bbox 1543 3906 1676 3975; x_wconf 91' lang='lat' dir='ltr'>quia</span> <span class='ocrx_word' id='word_1_622' title='bbox 1702 3921 1802 3976; x_wconf 92' lang='lat' dir='ltr'>pro</span> <span class='ocrx_word' id='word_1_623' title='bbox 1829 3900 2049 3960; x_wconf 84' lang='lat' dir='ltr'>Christo</span> <span class='ocrx_word' id='word_1_624' title='bbox 2132 3919 2266 3970; x_wconf 67' lang='lat' dir='ltr'>suae,</span> <span class='ocrx_word' id='word_1_625' title='bbox 2298 3919 2490 3957; x_wconf 90' lang='lat' dir='ltr'>omnes</span> <span class='ocrx_word' id='word_1_626' title='bbox 2516 3909 2731 3972; x_wconf 86' lang='lat' dir='ltr'>gentes.</span> <span class='ocrx_word' id='word_1_627' title='bbox 2755 3903 2870 3995; x_wconf 80' lang='lat' dir='ltr'>Nec</span> <span class='ocrx_word' id='word_1_628' title='bbox 2897 3900 3136 3995; x_wconf 77' lang='lat' dir='ltr'>dubium</span> <span class='ocrx_word' id='word_1_629' title='bbox 3171 3901 3321 3995; x_wconf 52' lang='lat' dir='ltr'>quod</span> <span class='ocrx_word' id='word_1_630' title='bbox 3342 3896 3493 3995; x_wconf 76' lang='lat' dir='ltr'>idem</span> <span class='ocrx_word' id='word_1_631' title='bbox 3517 3897 3621 3967; x_wconf 77' lang='lat' dir='ltr'>ipse</span> 
     </span>
    </p>
   </div>
   <div class='ocr_carea' id='block_1_80' title="bbox 452 3980 3691 4064">
    <p class='ocr_par' dir='ltr' id='par_1_80' title="bbox 452 3980 3691 4064">
     <span class='ocr_line' id='line_1_80' title="bbox 452 3980 3691 4064; baseline 0 -28"><span class='ocrx_word' id='word_1_632' title='bbox 452 3980 578 4061; x_wconf 71' lang='lat' dir='ltr'>fuit,</span> <span class='ocrx_word' id='word_1_633' title='bbox 605 3989 774 4056; x_wconf 88' lang='lat' dir='ltr'>atque</span> <span class='ocrx_word' id='word_1_634' title='bbox 800 3993 863 4042; x_wconf 91' lang='lat' dir='ltr'>ut</span> <span class='ocrx_word' id='word_1_635' title='bbox 887 3989 1007 4059; x_wconf 90' lang='lat' dir='ltr'>ipse</span> <span class='ocrx_word' id='word_1_636' title='bbox 1036 3990 1133 4054; x_wconf 86' lang='lat' dir='ltr'>ait,</span> <span class='ocrx_word' id='word_1_637' title='bbox 1167 3986 1295 4045; x_wconf 79' lang='lat' dir='ltr'>talis</span> <span class='ocrx_word' id='word_1_638' title='bbox 1322 3997 1592 4064; x_wconf 87' lang='lat' dir='ltr'>tantaque</span> <span class='ocrx_word' id='word_1_639' title='bbox 1619 3993 1728 4047; x_wconf 88' lang='lat' dir='ltr'>fuit</span> <span class='ocrx_word' id='word_1_640' title='bbox 1754 4009 1820 4048; x_wconf 85' lang='lat' dir='ltr'>ex</span> <span class='ocrx_word' id='word_1_641' title='bbox 1856 3995 1964 4047; x_wconf 79' lang='lat' dir='ltr'>fide</span> <span class='ocrx_word' id='word_1_642' title='bbox 1992 3999 2049 4049; x_wconf 89' lang='lat' dir='ltr'>et</span> <span class='ocrx_word' id='word_1_643' title='bbox 2128 3993 2237 4048; x_wconf 88' lang='lat' dir='ltr'>lius</span> <span class='ocrx_word' id='word_1_644' title='bbox 2274 3992 2523 4059; x_wconf 64' lang='lat'>[056</span> <span class='ocrx_word' id='word_1_645' title='bbox 2547 3991 2790 4046; x_wconf 83' lang='lat' dir='ltr'>hominis</span> <span class='ocrx_word' id='word_1_646' title='bbox 2814 3991 2873 4045; x_wconf 93' lang='lat' dir='ltr'>in</span> <span class='ocrx_word' id='word_1_647' title='bbox 2908 3991 3028 4044; x_wconf 90' lang='lat' dir='ltr'>loco</span> <span class='ocrx_word' id='word_1_648' title='bbox 3060 3990 3188 4044; x_wconf 88' lang='lat' dir='ltr'>erit.</span> <span class='ocrx_word' id='word_1_649' title='bbox 3220 3986 3289 4043; x_wconf 90' lang='lat' dir='ltr'>Et</span> <span class='ocrx_word' id='word_1_650' title='bbox 3311 3989 3358 4042; x_wconf 86' lang='lat' dir='ltr'>si</span> <span class='ocrx_word' id='word_1_651' title='bbox 3388 3988 3444 4041; x_wconf 91' lang='lat' dir='ltr'>in</span> <span class='ocrx_word' id='word_1_652' title='bbox 3471 3988 3579 4040; x_wconf 84' lang='lat' dir='ltr'>loco</span> <span class='ocrx_word' id='word_1_653' title='bbox 3603 3982 3691 4038; x_wconf 84' lang='lat' dir='ltr'>erit</span> 
     </span>
    </p>
   </div>
   <div class='ocr_carea' id='block_1_81' title="bbox 454 4057 3688 4153">
    <p class='ocr_par' dir='ltr' id='par_1_81' title="bbox 454 4057 3688 4153">
     <span class='ocr_line' id='line_1_81' title="bbox 454 4057 3688 4153; baseline 0.002 -33"><span class='ocrx_word' id='word_1_654' title='bbox 454 4057 971 4139; x_wconf 79' lang='lat' dir='ltr'>charitateChristi,</span> <span class='ocrx_word' id='word_1_655' title='bbox 998 4082 1063 4129; x_wconf 90' lang='lat' dir='ltr'>ut</span> <span class='ocrx_word' id='word_1_656' title='bbox 1089 4093 1203 4130; x_wconf 92' lang='lat' dir='ltr'>non</span> <span class='ocrx_word' id='word_1_657' title='bbox 1226 4071 1337 4130; x_wconf 77' lang='lat' dir='ltr'>alio</span> <span class='ocrx_word' id='word_1_658' title='bbox 1369 4057 1557 4149; x_wconf 76' lang='lat' dir='ltr'>aliquo</span> <span class='ocrx_word' id='word_1_659' title='bbox 1585 4095 1753 4149; x_wconf 89' lang='lat' dir='ltr'>quam</span> <span class='ocrx_word' id='word_1_660' title='bbox 1769 4076 1877 4149; x_wconf 91' lang='lat' dir='ltr'>ipsi</span> <span class='ocrx_word' id='word_1_661' title='bbox 1895 4078 2049 4133; x_wconf 85' lang='lat' dir='ltr'>Chri—</span> <span class='ocrx_word' id='word_1_662' title='bbox 2131 4057 2563 4153; x_wconf 66' lang='lat' dir='ltr'>uno,qubmodo</span> <span class='ocrx_word' id='word_1_663' title='bbox 2586 4086 2716 4135; x_wconf 90' lang='lat' dir='ltr'>ante</span> <span class='ocrx_word' id='word_1_664' title='bbox 2747 4098 2874 4135; x_wconf 92' lang='lat' dir='ltr'>eum</span> <span class='ocrx_word' id='word_1_665' title='bbox 2897 4080 3393 4151; x_wconf 82' lang='lat' dir='ltr'>congregabuntur</span> <span class='ocrx_word' id='word_1_666' title='bbox 3410 4086 3540 4149; x_wconf 84' lang='lat' dir='ltr'>ques</span> <span class='ocrx_word' id='word_1_667' title='bbox 3563 4074 3688 4128; x_wconf 84' lang='lat' dir='ltr'>locus</span> 
     </span>
    </p>
   </div>
   <div class='ocr_carea' id='block_1_82' title="bbox 449 4156 3688 4241">
    <p class='ocr_par' dir='ltr' id='par_1_82' title="bbox 449 4156 3688 4241">
     <span class='ocr_line' id='line_1_82' title="bbox 449 4156 3688 4241; baseline 0.002 -34"><span class='ocrx_word' id='word_1_668' title='bbox 449 4161 538 4208; x_wconf 88' lang='lat' dir='ltr'>sto</span> <span class='ocrx_word' id='word_1_669' title='bbox 551 4156 807 4212; x_wconf 89' lang='lat' dir='ltr'>videatur</span> <span class='ocrx_word' id='word_1_670' title='bbox 826 4159 1088 4229; x_wconf 86' lang='lat' dir='ltr'>exhibita,</span> <span class='ocrx_word' id='word_1_671' title='bbox 1114 4165 1247 4235; x_wconf 89' lang='lat' dir='ltr'>quia</span> <span class='ocrx_word' id='word_1_672' title='bbox 1273 4182 1373 4235; x_wconf 93' lang='lat' dir='ltr'>pro</span> <span class='ocrx_word' id='word_1_673' title='bbox 1396 4168 1518 4236; x_wconf 90' lang='lat' dir='ltr'>ejus</span> <span class='ocrx_word' id='word_1_674' title='bbox 1540 4183 1730 4221; x_wconf 82' lang='lat' dir='ltr'>amore</span> <span class='ocrx_word' id='word_1_675' title='bbox 1753 4167 1877 4221; x_wconf 85' lang='lat' dir='ltr'>fuit.</span> <span class='ocrx_word' id='word_1_676' title='bbox 1905 4164 2054 4222; x_wconf 79' lang='lat' dir='ltr'>Alio-</span> <span class='ocrx_word' id='word_1_677' title='bbox 2133 4187 2246 4224; x_wconf 90' lang='lat' dir='ltr'>non</span> <span class='ocrx_word' id='word_1_678' title='bbox 2270 4170 2453 4241; x_wconf 89' lang='lat' dir='ltr'>capiet</span> <span class='ocrx_word' id='word_1_679' title='bbox 2478 4186 2624 4223; x_wconf 90' lang='lat' dir='ltr'>unus</span> <span class='ocrx_word' id='word_1_680' title='bbox 2643 4170 2669 4222; x_wconf 72' lang='grc' dir='ltr'>’Ζ</span> <span class='ocrx_word' id='word_1_681' title='bbox 2699 4170 2844 4223; x_wconf 86' lang='lat' dir='ltr'>Nam</span> <span class='ocrx_word' id='word_1_682' title='bbox 2892 4174 2950 4222; x_wconf 90' lang='lat' dir='ltr'>et</span> <span class='ocrx_word' id='word_1_683' title='bbox 2977 4167 3111 4238; x_wconf 64' lang='lat' dir='ltr'>ipsa:</span> <span class='ocrx_word' id='word_1_684' title='bbox 3159 4173 3360 4238; x_wconf 88' lang='lat' dir='ltr'>gentes</span> <span class='ocrx_word' id='word_1_685' title='bbox 3387 4173 3688 4237; x_wconf 64' lang='lat' dir='ltr'>quaecunque</span> 
     </span>
    </p>
   </div>
   <div class='ocr_carea' id='block_1_83' title="bbox 455 4242 3688 4329">
    <p class='ocr_par' dir='ltr' id='par_1_83' title="bbox 455 4242 3688 4329">
     <span class='ocr_line' id='line_1_83' title="bbox 455 4242 3688 4329; baseline 0.002 -32"><span class='ocrx_word' id='word_1_686' title='bbox 455 4242 593 4315; x_wconf 89' lang='lat' dir='ltr'>quin</span> <span class='ocrx_word' id='word_1_687' title='bbox 613 4246 772 4314; x_wconf 85' lang='lat' dir='ltr'>juxta</span> <span class='ocrx_word' id='word_1_688' title='bbox 799 4244 1129 4319; x_wconf 79' lang='lat' dir='ltr'>Apostolum</span> <span class='ocrx_word' id='word_1_689' title='bbox 1160 4255 1212 4320; x_wconf 88' lang='grc' dir='ltr'>(Ι</span> <span class='ocrx_word' id='word_1_690' title='bbox 1236 4255 1356 4307; x_wconf 83' lang='lat' dir='ltr'>Oor.</span> <span class='ocrx_word' id='word_1_691' title='bbox 1377 4268 1501 4315; x_wconf 85' lang='lat' dir='ltr'>xm,</span> <span class='ocrx_word' id='word_1_692' title='bbox 1535 4254 1586 4323; x_wconf 90' lang='lat'>3)</span> <span class='ocrx_word' id='word_1_693' title='bbox 1612 4256 1659 4309; x_wconf 90' lang='lat' dir='ltr'>si</span> <span class='ocrx_word' id='word_1_694' title='bbox 1682 4256 2054 4312; x_wconf 86' lang='lat' dir='ltr'>distribuatur</span> <span class='ocrx_word' id='word_1_695' title='bbox 2132 4258 2640 4329; x_wconf 86' lang='lat' dir='ltr'>congregabuntur,</span> <span class='ocrx_word' id='word_1_696' title='bbox 2680 4275 2808 4313; x_wconf 89' lang='lat' dir='ltr'>vere</span> <span class='ocrx_word' id='word_1_697' title='bbox 2832 4258 3038 4313; x_wconf 87' lang='lat' dir='ltr'>locales</span> <span class='ocrx_word' id='word_1_698' title='bbox 3068 4263 3254 4323; x_wconf 85' lang='lat' dir='ltr'>erunt,</span> <span class='ocrx_word' id='word_1_699' title='bbox 3286 4262 3343 4311; x_wconf 91' lang='lat' dir='ltr'>et</span> <span class='ocrx_word' id='word_1_700' title='bbox 3371 4262 3497 4310; x_wconf 86' lang='lat' dir='ltr'>ante</span> <span class='ocrx_word' id='word_1_701' title='bbox 3525 4250 3688 4306; x_wconf 84' lang='lat' dir='ltr'>faciem</span> 
     </span>
    </p>
   </div>
   <div class='ocr_carea' id='block_1_84' title="bbox 453 4333 3690 4418">
    <p class='ocr_par' dir='ltr' id='par_1_84' title="bbox 453 4333 3690 4418">
     <span class='ocr_line' id='line_1_84' title="bbox 453 4333 3690 4418; baseline 0.004 -33"><span class='ocrx_word' id='word_1_702' title='bbox 453 4333 515 4386; x_wconf 91' lang='lat' dir='ltr'>in</span> <span class='ocrx_word' id='word_1_703' title='bbox 533 4333 683 4389; x_wconf 87' lang='lat' dir='ltr'>cibos</span> <span class='ocrx_word' id='word_1_704' title='bbox 708 4352 1017 4408; x_wconf 88' lang='lat' dir='ltr'>pauperum</span> <span class='ocrx_word' id='word_1_705' title='bbox 1037 4342 1218 4394; x_wconf 88' lang='lat' dir='ltr'>omnis</span> <span class='ocrx_word' id='word_1_706' title='bbox 1234 4341 1467 4396; x_wconf 84' lang='lat' dir='ltr'>facultas</span> <span class='ocrx_word' id='word_1_707' title='bbox 1486 4360 1697 4411; x_wconf 89' lang='lat' dir='ltr'>rerum,</span> <span class='ocrx_word' id='word_1_708' title='bbox 1717 4350 1773 4399; x_wconf 86' lang='lat' dir='ltr'>et</span> <span class='ocrx_word' id='word_1_709' title='bbox 1792 4344 2053 4401; x_wconf 83' lang='lat' dir='ltr'>tradatur</span> <span class='ocrx_word' id='word_1_710' title='bbox 2075 4412 2084 4418; x_wconf 89' lang='lat'><strong>_</strong></span> <span class='ocrx_word' id='word_1_711' title='bbox 2132 4346 2233 4403; x_wconf 89' lang='lat' dir='ltr'>ﬁlii</span> <span class='ocrx_word' id='word_1_712' title='bbox 2253 4347 2515 4413; x_wconf 88' lang='lat' dir='ltr'>hominis,</span> <span class='ocrx_word' id='word_1_713' title='bbox 2540 4347 2753 4418; x_wconf 89' lang='lat' dir='ltr'>utique,</span> <span class='ocrx_word' id='word_1_714' title='bbox 2776 4354 2833 4402; x_wconf 90' lang='lat' dir='ltr'>et</span> <span class='ocrx_word' id='word_1_715' title='bbox 2861 4347 3224 4417; x_wconf 87' lang='lat' dir='ltr'>Evangelium</span> <span class='ocrx_word' id='word_1_716' title='bbox 3249 4346 3403 4411; x_wconf 90' lang='lat' dir='ltr'>dicit,</span> <span class='ocrx_word' id='word_1_717' title='bbox 3432 4353 3690 4412; x_wconf 62' lang='lat' dir='ltr'>congrega-</span> 
     </span>
    </p>
   </div>
   <div class='ocr_carea' id='block_1_85' title="bbox 451 4412 3686 4505">
    <p class='ocr_par' dir='ltr' id='par_1_85' title="bbox 451 4412 3686 4505">
     <span class='ocr_line' id='line_1_85' title="bbox 451 4412 3686 4505; baseline 0.002 -30"><span class='ocrx_word' id='word_1_718' title='bbox 451 4436 656 4495; x_wconf 88' lang='lat' dir='ltr'>corpus</span> <span class='ocrx_word' id='word_1_719' title='bbox 684 4422 764 4478; x_wconf 88' lang='lat' dir='ltr'>ita</span> <span class='ocrx_word' id='word_1_720' title='bbox 791 4431 856 4480; x_wconf 91' lang='lat' dir='ltr'>ut</span> <span class='ocrx_word' id='word_1_721' title='bbox 881 4427 1099 4495; x_wconf 80' lang='lat' dir='ltr'>ardeae,</span> <span class='ocrx_word' id='word_1_722' title='bbox 1125 4429 1453 4484; x_wconf 89' lang='lat' dir='ltr'>charitatem</span> <span class='ocrx_word' id='word_1_723' title='bbox 1485 4436 1671 4485; x_wconf 90' lang='lat' dir='ltr'>autem</span> <span class='ocrx_word' id='word_1_724' title='bbox 1703 4449 1814 4487; x_wconf 92' lang='lat' dir='ltr'>non</span> <span class='ocrx_word' id='word_1_725' title='bbox 1842 4435 2047 4491; x_wconf 88' lang='lat' dir='ltr'>habue-</span> <span class='ocrx_word' id='word_1_726' title='bbox 2065 4412 2113 4476; x_wconf 84' lang='grc' dir='ltr'>Ῑ)</span> <span class='ocrx_word' id='word_1_727' title='bbox 2130 4434 2358 4490; x_wconf 90' lang='lat' dir='ltr'>buntur.</span> <span class='ocrx_word' id='word_1_728' title='bbox 2391 4412 2896 4505; x_wconf 66' lang='lat' dir='ltr'>Congregabuntur</span> <span class='ocrx_word' id='word_1_729' title='bbox 2919 4412 3108 4489; x_wconf 66' lang='lat' dir='ltr'>autem</span> <span class='ocrx_word' id='word_1_730' title='bbox 3133 4451 3238 4505; x_wconf 90' lang='lat' dir='ltr'>per</span> <span class='ocrx_word' id='word_1_731' title='bbox 3266 4431 3686 4488; x_wconf 81' lang='lat' dir='ltr'>resurrectionem</span> 
     </span>
    </p>
   </div>
   <div class='ocr_carea' id='block_1_86' title="bbox 451 4510 3687 4595">
    <p class='ocr_par' dir='ltr' id='par_1_86' title="bbox 451 4510 3687 4595">
     <span class='ocr_line' id='line_1_86' title="bbox 451 4510 3687 4595; baseline 0.003 -32"><span class='ocrx_word' id='word_1_732' title='bbox 451 4510 549 4573; x_wconf 80' lang='lat' dir='ltr'>ris,</span> <span class='ocrx_word' id='word_1_733' title='bbox 576 4511 719 4566; x_wconf 90' lang='lat' dir='ltr'>nihil</span> <span class='ocrx_word' id='word_1_734' title='bbox 748 4512 849 4567; x_wconf 89' lang='lat' dir='ltr'>tibi</span> <span class='ocrx_word' id='word_1_735' title='bbox 870 4515 1111 4585; x_wconf 89' lang='lat' dir='ltr'>prodest.</span> <span class='ocrx_word' id='word_1_736' title='bbox 1139 4517 1493 4589; x_wconf 88' lang='lat' dir='ltr'>Quapropter</span> <span class='ocrx_word' id='word_1_737' title='bbox 1515 4515 1625 4573; x_wconf 86' lang='lat' dir='ltr'>ista</span> <span class='ocrx_word' id='word_1_738' title='bbox 1651 4519 1971 4577; x_wconf 87' lang='lat' dir='ltr'>humanitas</span> <span class='ocrx_word' id='word_1_739' title='bbox 1993 4530 2050 4579; x_wconf 90' lang='lat' dir='ltr'>et</span> <span class='ocrx_word' id='word_1_740' title='bbox 2130 4526 2313 4580; x_wconf 84' lang='lat' dir='ltr'>carnis</span> <span class='ocrx_word' id='word_1_741' title='bbox 2341 4542 2375 4578; x_wconf 90' lang='lat' dir='ltr'>a</span> <span class='ocrx_word' id='word_1_742' title='bbox 2400 4529 2642 4595; x_wconf 90' lang='lat' dir='ltr'>quatuor</span> <span class='ocrx_word' id='word_1_743' title='bbox 2673 4525 2851 4579; x_wconf 87' lang='lat' dir='ltr'>ventis</span> <span class='ocrx_word' id='word_1_744' title='bbox 2894 4525 3037 4589; x_wconf 80' lang='lat' dir='ltr'>coeli,</span> <span class='ocrx_word' id='word_1_745' title='bbox 3074 4523 3399 4594; x_wconf 85' lang='lat' dir='ltr'>exoccupati</span> <span class='ocrx_word' id='word_1_746' title='bbox 3427 4534 3602 4575; x_wconf 83' lang='lat' dir='ltr'>omnes</span> <span class='ocrx_word' id='word_1_747' title='bbox 3631 4512 3687 4568; x_wconf 76' lang='lat' dir='ltr'>ab</span> 
     </span>
    </p>
   </div>
   <div class='ocr_carea' id='block_1_87' title="bbox 452 4597 3687 4679">
    <p class='ocr_par' dir='ltr' id='par_1_87' title="bbox 452 4597 3687 4679">
     <span class='ocr_line' id='line_1_87' title="bbox 452 4597 3687 4679; baseline 0.002 -26"><span class='ocrx_word' id='word_1_748' title='bbox 452 4597 770 4671; x_wconf 86' lang='lat' dir='ltr'>benignitas</span> <span class='ocrx_word' id='word_1_749' title='bbox 797 4608 969 4659; x_wconf 86' lang='lat' dir='ltr'>tantae</span> <span class='ocrx_word' id='word_1_750' title='bbox 997 4606 1325 4673; x_wconf 91' lang='lat' dir='ltr'>devotionis,</span> <span class='ocrx_word' id='word_1_751' title='bbox 1359 4625 1481 4679; x_wconf 66' lang='lat' dir='ltr'><strong>quae</strong></span> <span class='ocrx_word' id='word_1_752' title='bbox 1527 4609 1607 4663; x_wconf 89' lang='lat' dir='ltr'>sic</span> <span class='ocrx_word' id='word_1_753' title='bbox 1635 4618 2046 4679; x_wconf 87' lang='lat' dir='ltr'>remuneratur,</span> <span class='ocrx_word' id='word_1_754' title='bbox 2131 4614 2285 4669; x_wconf 91' lang='lat' dir='ltr'>omni</span> <span class='ocrx_word' id='word_1_755' title='bbox 2314 4613 2496 4667; x_wconf 82' lang='lat' dir='ltr'>ofﬁcio</span> <span class='ocrx_word' id='word_1_756' title='bbox 2533 4608 2748 4678; x_wconf 89' lang='lat' dir='ltr'>mundi,</span> <span class='ocrx_word' id='word_1_757' title='bbox 2782 4619 2839 4667; x_wconf 91' lang='lat' dir='ltr'>et</span> <span class='ocrx_word' id='word_1_758' title='bbox 2878 4612 2947 4666; x_wconf 91' lang='lat' dir='ltr'>ab</span> <span class='ocrx_word' id='word_1_759' title='bbox 2992 4613 3145 4667; x_wconf 87' lang='lat' dir='ltr'>omni</span> <span class='ocrx_word' id='word_1_760' title='bbox 3173 4612 3394 4666; x_wconf 90' lang='lat' dir='ltr'>actione</span> <span class='ocrx_word' id='word_1_761' title='bbox 3419 4607 3602 4663; x_wconf 83' lang='lat' dir='ltr'>carnis.</span> <span class='ocrx_word' id='word_1_762' title='bbox 3633 4598 3687 4654; x_wconf 80' lang='lat' dir='ltr'>Et</span> 
     </span>
    </p>
   </div>
   <div class='ocr_carea' id='block_1_88' title="bbox 454 4686 2050 4771">
    <p class='ocr_par' dir='ltr' id='par_1_88' title="bbox 454 4686 2050 4771">
     <span class='ocr_line' id='line_1_88' title="bbox 454 4686 2050 4771; baseline 0.009 -30"><span class='ocrx_word' id='word_1_763' title='bbox 454 4687 747 4744; x_wconf 89' lang='lat' dir='ltr'>charitatis</span> <span class='ocrx_word' id='word_1_764' title='bbox 784 4686 893 4746; x_wconf 78' lang='lat' dir='ltr'>ibit</span> <span class='ocrx_word' id='word_1_765' title='bbox 920 4692 1240 4766; x_wconf 86' lang='lat' dir='ltr'>adimpletio</span> <span class='ocrx_word' id='word_1_766' title='bbox 1269 4716 1281 4763; x_wconf 92' lang='lat'><strong>;</strong></span> <span class='ocrx_word' id='word_1_767' title='bbox 1314 4696 1558 4753; x_wconf 79' lang='lat' dir='ltr'>Charitas</span> <span class='ocrx_word' id='word_1_768' title='bbox 1587 4704 1775 4753; x_wconf 87' lang='lat' dir='ltr'>autem</span> <span class='ocrx_word' id='word_1_769' title='bbox 1809 4702 2050 4771; x_wconf 87' lang='lat' dir='ltr'>Spiritus</span> 
     </span>
    </p>
   </div>
   <div class='ocr_carea' id='block_1_89' title="bbox 454 4778 2050 4845">
    <p class='ocr_par' dir='ltr' id='par_1_89' title="bbox 454 4778 2050 4845">
     <span class='ocr_line' id='line_1_89' title="bbox 454 4778 2050 4845; baseline 0.01 -16"><span class='ocrx_word' id='word_1_770' title='bbox 454 4778 633 4832; x_wconf 85' lang='lat' dir='ltr'>sancti</span> <span class='ocrx_word' id='word_1_771' title='bbox 663 4784 749 4833; x_wconf 89' lang='lat' dir='ltr'>est</span> <span class='ocrx_word' id='word_1_772' title='bbox 774 4778 997 4837; x_wconf 71' lang='lat' dir='ltr'>inlusio.</span> <span class='ocrx_word' id='word_1_773' title='bbox 1031 4778 1241 4840; x_wconf 91' lang='lat' dir='ltr'>Idcirco</span> <span class='ocrx_word' id='word_1_774' title='bbox 1279 4782 1373 4840; x_wconf 89' lang='lat' dir='ltr'>isti</span> <span class='ocrx_word' id='word_1_775' title='bbox 1402 4787 1506 4841; x_wconf 89' lang='lat' dir='ltr'>etsi</span> <span class='ocrx_word' id='word_1_776' title='bbox 1529 4789 1718 4843; x_wconf 89' lang='lat' dir='ltr'>omnia</span> <span class='ocrx_word' id='word_1_777' title='bbox 1745 4805 1847 4843; x_wconf 90' lang='lat' dir='ltr'>sua</span> <span class='ocrx_word' id='word_1_778' title='bbox 1866 4791 1925 4843; x_wconf 91' lang='lat' dir='ltr'>in</span> <span class='ocrx_word' id='word_1_779' title='bbox 1953 4808 2050 4845; x_wconf 83' lang='lat' dir='ltr'>sae-</span> 
     </span>
    </p>
   </div>
   <div class='ocr_carea' id='block_1_90' title="bbox 455 4864 2050 4947">
    <p class='ocr_par' dir='ltr' id='par_1_90' title="bbox 455 4864 2050 4947">
     <span class='ocr_line' id='line_1_90' title="bbox 455 4864 2050 4947; baseline 0.009 -29"><span class='ocrx_word' id='word_1_780' title='bbox 455 4864 579 4919; x_wconf 91' lang='lat' dir='ltr'>culo</span> <span class='ocrx_word' id='word_1_781' title='bbox 627 4867 872 4936; x_wconf 67' lang='lat'>[055</span> <span class='ocrx_word' id='word_1_782' title='bbox 904 4887 1017 4925; x_wconf 89' lang='lat' dir='ltr'>non</span> <span class='ocrx_word' id='word_1_783' title='bbox 1056 4868 1405 4944; x_wconf 88' lang='lat' dir='ltr'>reliquerunt</span> <span class='ocrx_word' id='word_1_784' title='bbox 1448 4881 1678 4947; x_wconf 91' lang='lat' dir='ltr'>propter</span> <span class='ocrx_word' id='word_1_785' title='bbox 1720 4878 2050 4933; x_wconf 88' lang='lat' dir='ltr'>charitatem</span> 
     </span>
    </p>
   </div>
   <div class='ocr_carea' id='block_1_91' title="bbox 455 4954 2050 5030">
    <p class='ocr_par' dir='ltr' id='par_1_91' title="bbox 455 4954 2050 5030">
     <span class='ocr_line' id='line_1_91' title="bbox 455 4954 2050 5030; baseline 0.008 -21"><span class='ocrx_word' id='word_1_786' title='bbox 455 4954 805 5030; x_wconf 85' lang='lat' dir='ltr'>semetipsos,</span> <span class='ocrx_word' id='word_1_787' title='bbox 824 4963 882 5013; x_wconf 91' lang='lat' dir='ltr'>et</span> <span class='ocrx_word' id='word_1_788' title='bbox 907 4977 1010 5014; x_wconf 91' lang='lat' dir='ltr'>sua</span> <span class='ocrx_word' id='word_1_789' title='bbox 1033 4956 1272 5017; x_wconf 89' lang='lat' dir='ltr'>Domino</span> <span class='ocrx_word' id='word_1_790' title='bbox 1301 4964 1496 5019; x_wconf 90' lang='lat' dir='ltr'>devote</span> <span class='ocrx_word' id='word_1_791' title='bbox 1525 4960 1866 5020; x_wconf 88' lang='lat' dir='ltr'>obtulerunt.</span> <span class='ocrx_word' id='word_1_792' title='bbox 1891 4962 2050 5022; x_wconf 89' lang='lat' dir='ltr'>Unde</span> 
     </span>
    </p>
   </div>
   <div class='ocr_carea' id='block_1_92' title="bbox 453 5051 2050 5125">
    <p class='ocr_par' dir='ltr' id='par_1_92' title="bbox 453 5051 2050 5125">
     <span class='ocr_line' id='line_1_92' title="bbox 453 5051 2050 5125; baseline 0.006 -25"><span class='ocrx_word' id='word_1_793' title='bbox 453 5051 677 5101; x_wconf 87' lang='lat' dir='ltr'>tantum</span> <span class='ocrx_word' id='word_1_794' title='bbox 698 5063 813 5101; x_wconf 92' lang='lat' dir='ltr'>non</span> <span class='ocrx_word' id='word_1_795' title='bbox 839 5057 1235 5105; x_wconf 85' lang='lat' dir='ltr'>remuneratur</span> <span class='ocrx_word' id='word_1_796' title='bbox 1257 5069 1457 5109; x_wconf 90' lang='lat' dir='ltr'>census</span> <span class='ocrx_word' id='word_1_797' title='bbox 1476 5054 1610 5120; x_wconf 88' lang='lat' dir='ltr'>dati,</span> <span class='ocrx_word' id='word_1_798' title='bbox 1636 5060 1910 5125; x_wconf 88' lang='lat' dir='ltr'>quantum</span> <span class='ocrx_word' id='word_1_799' title='bbox 1939 5056 2050 5111; x_wconf 83' lang='lat' dir='ltr'>fru-</span> 
     </span>
    </p>
   </div>
   <div class='ocr_carea' id='block_1_93' title="bbox 455 5132 2049 5214">
    <p class='ocr_par' dir='ltr' id='par_1_93' title="bbox 455 5132 2049 5214">
     <span class='ocr_line' id='line_1_93' title="bbox 455 5132 2049 5214; baseline 0.006 -25"><span class='ocrx_word' id='word_1_800' title='bbox 455 5140 596 5191; x_wconf 87' lang='lat' dir='ltr'>ctus.</span> <span class='ocrx_word' id='word_1_801' title='bbox 628 5132 864 5191; x_wconf 85' lang='lat' dir='ltr'>Fructus</span> <span class='ocrx_word' id='word_1_802' title='bbox 895 5143 1083 5193; x_wconf 87' lang='lat' dir='ltr'>autem</span> <span class='ocrx_word' id='word_1_803' title='bbox 1121 5140 1236 5194; x_wconf 89' lang='lat' dir='ltr'>dati</span> <span class='ocrx_word' id='word_1_804' title='bbox 1260 5142 1420 5212; x_wconf 87' lang='lat' dir='ltr'>juxta</span> <span class='ocrx_word' id='word_1_805' title='bbox 1447 5138 1781 5214; x_wconf 90' lang='lat' dir='ltr'>apostolum,</span> <span class='ocrx_word' id='word_1_806' title='bbox 1807 5145 2049 5200; x_wconf 79' lang='lat' dir='ltr'>Charitas</span> 
     </span>
    </p>
   </div>
   <div class='ocr_carea' id='block_1_94' title="bbox 454 5227 2047 5299">
    <p class='ocr_par' dir='ltr' id='par_1_94' title="bbox 454 5227 2047 5299">
     <span class='ocr_line' id='line_1_94' title="bbox 454 5227 2047 5299; baseline 0.007 -22"><span class='ocrx_word' id='word_1_807' title='bbox 454 5229 558 5290; x_wconf 87' lang='lat' dir='ltr'>est,</span> <span class='ocrx_word' id='word_1_808' title='bbox 592 5231 638 5279; x_wconf 81' lang='lat' dir='ltr'>cl</span> <span class='ocrx_word' id='word_1_809' title='bbox 658 5227 900 5281; x_wconf 84' lang='lat' dir='ltr'>charitas</span> <span class='ocrx_word' id='word_1_810' title='bbox 920 5232 1093 5296; x_wconf 81' lang='lat' dir='ltr'>operit</span> <span class='ocrx_word' id='word_1_811' title='bbox 1113 5230 1533 5285; x_wconf 75' lang='lat' dir='ltr'>multitudinem</span> <span class='ocrx_word' id='word_1_812' title='bbox 1548 5239 1889 5299; x_wconf 81' lang='lat' dir='ltr'>peccatorum</span> <span class='ocrx_word' id='word_1_813' title='bbox 1914 5236 2047 5299; x_wconf 81' lang='lat' dir='ltr'>(Jac.</span> 
     </span>
    </p>
   </div>
   <div class='ocr_carea' id='block_1_95' title="bbox 453 5309 2050 5395">
    <p class='ocr_par' dir='ltr' id='par_1_95' title="bbox 453 5309 2050 5395">
     <span class='ocr_line' id='line_1_95' title="bbox 453 5309 2050 5395; baseline 0.007 -29"><span class='ocrx_word' id='word_1_814' title='bbox 453 5330 506 5380; x_wconf 93' lang='lat' dir='ltr'>v,</span> <span class='ocrx_word' id='word_1_815' title='bbox 536 5309 649 5384; x_wconf 69' lang='grc' dir='ltr'>ΞΟ).</span> <span class='ocrx_word' id='word_1_816' title='bbox 681 5310 826 5387; x_wconf 85' lang='lat' dir='ltr'>Ergo</span> <span class='ocrx_word' id='word_1_817' title='bbox 854 5317 949 5371; x_wconf 90' lang='lat' dir='ltr'>ubi</span> <span class='ocrx_word' id='word_1_818' title='bbox 987 5317 1231 5372; x_wconf 80' lang='lat' dir='ltr'>Charitas</span> <span class='ocrx_word' id='word_1_819' title='bbox 1260 5319 1379 5384; x_wconf 89' lang='lat' dir='ltr'>Dei,</span> <span class='ocrx_word' id='word_1_820' title='bbox 1412 5318 1616 5375; x_wconf 84' lang='lat' dir='ltr'>dill‘usa</span> <span class='ocrx_word' id='word_1_821' title='bbox 1642 5338 1745 5395; x_wconf 88' lang='lat' dir='ltr'>per</span> <span class='ocrx_word' id='word_1_822' title='bbox 1776 5323 2050 5393; x_wconf 86' lang='lat' dir='ltr'>Spiritum</span> 
     </span>
    </p>
   </div>
   <div class='ocr_carea' id='block_1_96' title="bbox 2130 4698 3685 4772">
    <p class='ocr_par' dir='ltr' id='par_1_96' title="bbox 2130 4698 3685 4772">
     <span class='ocr_line' id='line_1_96' title="bbox 2130 4698 3685 4772; baseline -0.007 -17"><span class='ocrx_word' id='word_1_823' title='bbox 2130 4703 2257 4756; x_wconf 91' lang='lat' dir='ltr'>ideo</span> <span class='ocrx_word' id='word_1_824' title='bbox 2285 4718 2414 4755; x_wconf 88' lang='lat' dir='ltr'>vere</span> <span class='ocrx_word' id='word_1_825' title='bbox 2445 4703 2768 4771; x_wconf 88' lang='lat' dir='ltr'>congregati</span> <span class='ocrx_word' id='word_1_826' title='bbox 2807 4702 3088 4766; x_wconf 88' lang='lat' dir='ltr'>dicuntur,</span> <span class='ocrx_word' id='word_1_827' title='bbox 3127 4701 3260 4772; x_wconf 88' lang='lat' dir='ltr'>quia</span> <span class='ocrx_word' id='word_1_828' title='bbox 3279 4703 3399 4771; x_wconf 84' lang='lat' dir='ltr'>jam</span> <span class='ocrx_word' id='word_1_829' title='bbox 3434 4698 3571 4752; x_wconf 89' lang='lat' dir='ltr'>ultra</span> <span class='ocrx_word' id='word_1_830' title='bbox 3594 4706 3685 4747; x_wconf 91' lang='lat' dir='ltr'>non</span> 
     </span>
    </p>
   </div>
   <div class='ocr_carea' id='block_1_97' title="bbox 2130 4780 3686 4862">
    <p class='ocr_par' dir='ltr' id='par_1_97' title="bbox 2130 4780 3686 4862">
     <span class='ocr_line' id='line_1_97' title="bbox 2130 4780 3686 4862; baseline -0.007 -18"><span class='ocrx_word' id='word_1_831' title='bbox 2130 4808 2232 4862; x_wconf 91' lang='lat' dir='ltr'>per</span> <span class='ocrx_word' id='word_1_832' title='bbox 2249 4791 2469 4844; x_wconf 88' lang='lat' dir='ltr'>diversa</span> <span class='ocrx_word' id='word_1_833' title='bbox 2492 4791 2722 4844; x_wconf 88' lang='lat' dir='ltr'>distenti</span> <span class='ocrx_word' id='word_1_834' title='bbox 2752 4792 2935 4855; x_wconf 89' lang='lat' dir='ltr'>erunt,</span> <span class='ocrx_word' id='word_1_835' title='bbox 2964 4806 3147 4861; x_wconf 89' lang='lat' dir='ltr'>neque</span> <span class='ocrx_word' id='word_1_836' title='bbox 3177 4790 3338 4861; x_wconf 88' lang='lat' dir='ltr'>quasi</span> <span class='ocrx_word' id='word_1_837' title='bbox 3366 4787 3531 4841; x_wconf 89' lang='lat' dir='ltr'>libero</span> <span class='ocrx_word' id='word_1_838' title='bbox 3559 4780 3686 4837; x_wconf 88' lang='lat' dir='ltr'>arbi-</span> 
     </span>
    </p>
   </div>
   <div class='ocr_carea' id='block_1_98' title="bbox 2132 4872 3684 4950">
    <p class='ocr_par' dir='ltr' id='par_1_98' title="bbox 2132 4872 3684 4950">
     <span class='ocr_line' id='line_1_98' title="bbox 2132 4872 3684 4950; baseline -0.008 -17"><span class='ocrx_word' id='word_1_839' title='bbox 2132 4880 2242 4933; x_wconf 91' lang='lat' dir='ltr'>trio</span> <span class='ocrx_word' id='word_1_840' title='bbox 2261 4880 2405 4950; x_wconf 82' lang='lat' dir='ltr'>vagi.</span> <span class='ocrx_word' id='word_1_841' title='bbox 2426 4878 2522 4934; x_wconf 91' lang='lat' dir='ltr'>sed</span> <span class='ocrx_word' id='word_1_842' title='bbox 2544 4896 2736 4934; x_wconf 90' lang='lat' dir='ltr'>omnes</span> <span class='ocrx_word' id='word_1_843' title='bbox 2758 4877 2860 4933; x_wconf 90' lang='lat' dir='ltr'>sub</span> <span class='ocrx_word' id='word_1_844' title='bbox 2883 4895 2997 4932; x_wconf 91' lang='lat' dir='ltr'>uno</span> <span class='ocrx_word' id='word_1_845' title='bbox 3012 4878 3201 4949; x_wconf 88' lang='lat' dir='ltr'>judice</span> <span class='ocrx_word' id='word_1_846' title='bbox 3219 4881 3513 4948; x_wconf 63' lang='lat' dir='ltr'>praesentes</span> <span class='ocrx_word' id='word_1_847' title='bbox 3531 4872 3684 4926; x_wconf 90' lang='lat' dir='ltr'>erunt.</span> 
     </span>
    </p>
   </div>
   <div class='ocr_carea' id='block_1_99' title="bbox 2133 4964 3688 5041">
    <p class='ocr_par' dir='ltr' id='par_1_99' title="bbox 2133 4964 3688 5041">
     <span class='ocr_line' id='line_1_99' title="bbox 2133 4964 3688 5041; baseline -0.007 -19"><span class='ocrx_word' id='word_1_848' title='bbox 2133 4969 2262 5022; x_wconf 66' lang='lat' dir='ltr'>Haec</span> <span class='ocrx_word' id='word_1_849' title='bbox 2284 4967 2488 5022; x_wconf 90' lang='lat' dir='ltr'>idcirco</span> <span class='ocrx_word' id='word_1_850' title='bbox 2510 4968 2652 5034; x_wconf 90' lang='lat' dir='ltr'>dico,</span> <span class='ocrx_word' id='word_1_851' title='bbox 2681 4966 2901 5032; x_wconf 82' lang='lat' dir='ltr'>fratres,</span> <span class='ocrx_word' id='word_1_852' title='bbox 2934 4969 3164 5041; x_wconf 86' lang='lat' dir='ltr'>propter</span> <span class='ocrx_word' id='word_1_853' title='bbox 3187 4983 3282 5021; x_wconf 89' lang='lat' dir='ltr'>eos</span> <span class='ocrx_word' id='word_1_854' title='bbox 3307 4966 3403 5036; x_wconf 88' lang='lat' dir='ltr'>qui</span> <span class='ocrx_word' id='word_1_855' title='bbox 3430 4964 3688 5017; x_wconf 85' lang='lat' dir='ltr'>moventur</span> 
     </span>
    </p>
   </div>
   <div class='ocr_carea' id='block_1_100' title="bbox 2130 5045 3688 5119">
    <p class='ocr_par' dir='ltr' id='par_1_100' title="bbox 2130 5045 3688 5119">
     <span class='ocr_line' id='line_1_100' title="bbox 2130 5045 3688 5119; baseline -0.006 -9"><span class='ocrx_word' id='word_1_856' title='bbox 2130 5056 2190 5110; x_wconf 92' lang='lat' dir='ltr'>in</span> <span class='ocrx_word' id='word_1_857' title='bbox 2214 5054 2546 5115; x_wconf 87' lang='lat' dir='ltr'>talibus.Ne</span> <span class='ocrx_word' id='word_1_858' title='bbox 2572 5055 2716 5111; x_wconf 87' lang='lat' dir='ltr'>forte</span> <span class='ocrx_word' id='word_1_859' title='bbox 2740 5073 2805 5110; x_wconf 89' lang='lat' dir='ltr'>ex</span> <span class='ocrx_word' id='word_1_860' title='bbox 2832 5058 2951 5110; x_wconf 88' lang='lat' dir='ltr'>toto</span> <span class='ocrx_word' id='word_1_861' title='bbox 2981 5055 3027 5109; x_wconf 89' lang='lat' dir='ltr'>si</span> <span class='ocrx_word' id='word_1_862' title='bbox 3054 5062 3301 5119; x_wconf 81' lang='lat' dir='ltr'>tacuere,</span> <span class='ocrx_word' id='word_1_863' title='bbox 3325 5049 3605 5108; x_wconf 83' lang='lat' dir='ltr'>difﬁcultas</span> <span class='ocrx_word' id='word_1_864' title='bbox 3624 5045 3688 5100; x_wconf 90' lang='lat' dir='ltr'>lo-</span> 
     </span>
    </p>
   </div>
   <div class='ocr_carea' id='block_1_101' title="bbox 2135 5136 3688 5216">
    <p class='ocr_par' dir='ltr' id='par_1_101' title="bbox 2135 5136 3688 5216">
     <span class='ocr_line' id='line_1_101' title="bbox 2135 5136 3688 5216; baseline -0.008 -16"><span class='ocrx_word' id='word_1_865' title='bbox 2135 5144 2342 5216; x_wconf 89' lang='lat' dir='ltr'>quendi</span> <span class='ocrx_word' id='word_1_866' title='bbox 2359 5142 2699 5199; x_wconf 70' lang='lat' dir='ltr'>difﬁciliores</span> <span class='ocrx_word' id='word_1_867' title='bbox 2715 5144 2785 5199; x_wconf 89' lang='lat' dir='ltr'>de</span> <span class='ocrx_word' id='word_1_868' title='bbox 2809 5144 2910 5198; x_wconf 84' lang='lat' dir='ltr'>tali</span> <span class='ocrx_word' id='word_1_869' title='bbox 2927 5147 3195 5216; x_wconf 87' lang='lat' dir='ltr'>tantoque</span> <span class='ocrx_word' id='word_1_870' title='bbox 3216 5143 3467 5197; x_wconf 83' lang='lat' dir='ltr'>examine</span> <span class='ocrx_word' id='word_1_871' title='bbox 3486 5136 3688 5211; x_wconf 86' lang='lat' dir='ltr'>generet</span> 
     </span>
    </p>
   </div>
   <div class='ocr_carea' id='block_1_102' title="bbox 2133 5222 3689 5305">
    <p class='ocr_par' dir='ltr' id='par_1_102' title="bbox 2133 5222 3689 5305">
     <span class='ocr_line' id='line_1_102' title="bbox 2133 5222 3689 5305; baseline -0.006 -16"><span class='ocrx_word' id='word_1_872' title='bbox 2133 5233 2485 5304; x_wconf 62' lang='lat' dir='ltr'>quaestiones.</span> <span class='ocrx_word' id='word_1_873' title='bbox 2519 5235 2872 5305; x_wconf 86' lang='lat' dir='ltr'>Quapropter</span> <span class='ocrx_word' id='word_1_874' title='bbox 2916 5232 3160 5304; x_wconf 89' lang='lat' dir='ltr'>primum</span> <span class='ocrx_word' id='word_1_875' title='bbox 3211 5230 3439 5287; x_wconf 90' lang='lat' dir='ltr'>obsecro</span> <span class='ocrx_word' id='word_1_876' title='bbox 3465 5229 3510 5283; x_wconf 89' lang='lat' dir='ltr'>si</span> <span class='ocrx_word' id='word_1_877' title='bbox 3557 5222 3689 5293; x_wconf 77' lang='lat' dir='ltr'>cogi-</span> 
     </span>
    </p>
   </div>
   <div class='ocr_carea' id='block_1_103' title="bbox 2130 5308 3686 5393">
    <p class='ocr_par' dir='ltr' id='par_1_103' title="bbox 2130 5308 3686 5393">
     <span class='ocr_line' id='line_1_103' title="bbox 2130 5308 3686 5393; baseline -0.009 -15"><span class='ocrx_word' id='word_1_878' title='bbox 2130 5328 2283 5378; x_wconf 87' lang='lat' dir='ltr'>tetur</span> <span class='ocrx_word' id='word_1_879' title='bbox 2305 5322 2455 5378; x_wconf 85' lang='lat' dir='ltr'>illius</span> <span class='ocrx_word' id='word_1_880' title='bbox 2482 5324 2726 5377; x_wconf 89' lang='lat' dir='ltr'>hominis</span> <span class='ocrx_word' id='word_1_881' title='bbox 2745 5321 2814 5377; x_wconf 90' lang='lat' dir='ltr'>ad</span> <span class='ocrx_word' id='word_1_882' title='bbox 2826 5322 3101 5393; x_wconf 87' lang='lat' dir='ltr'>judicium</span> <span class='ocrx_word' id='word_1_883' title='bbox 3120 5324 3404 5386; x_wconf 89' lang='lat' dir='ltr'>venturus,</span> <span class='ocrx_word' id='word_1_884' title='bbox 3426 5318 3488 5373; x_wconf 86' lang='lat' dir='ltr'>ut</span> <span class='ocrx_word' id='word_1_885' title='bbox 3512 5308 3686 5370; x_wconf 86' lang='lat' dir='ltr'>intelli-</span> 
     </span>
    </p>
   </div>
   <div class='ocr_carea' id='block_1_104' title="bbox 450 5399 3687 5489">
    <p class='ocr_par' dir='ltr' id='par_1_104' title="bbox 450 5399 3687 5489">
     <span class='ocr_line' id='line_1_104' title="bbox 450 5399 3687 5489; baseline 0 -31"><span class='ocrx_word' id='word_1_886' title='bbox 450 5409 729 5471; x_wconf 89' lang='lat' dir='ltr'>sanctum,</span> <span class='ocrx_word' id='word_1_887' title='bbox 761 5404 1069 5460; x_wconf 89' lang='lat' dir='ltr'>liberaliter</span> <span class='ocrx_word' id='word_1_888' title='bbox 1110 5410 1393 5477; x_wconf 87' lang='lat' dir='ltr'>operatur,</span> <span class='ocrx_word' id='word_1_889' title='bbox 1442 5409 1714 5463; x_wconf 87' lang='lat' dir='ltr'>virtutum</span> <span class='ocrx_word' id='word_1_890' title='bbox 1751 5411 2046 5482; x_wconf 78' lang='lat' dir='ltr'>integritas</span> <span class='ocrx_word' id='word_1_891' title='bbox 2125 5417 2295 5484; x_wconf 87' lang='lat' dir='ltr'>gatur</span> <span class='ocrx_word' id='word_1_892' title='bbox 2309 5420 2366 5467; x_wconf 85' lang='lat' dir='ltr'>et</span> <span class='ocrx_word' id='word_1_893' title='bbox 2394 5412 2657 5466; x_wconf 86' lang='lat' dir='ltr'>credatur</span> <span class='ocrx_word' id='word_1_894' title='bbox 2682 5413 2850 5477; x_wconf 86' lang='lat' dir='ltr'>Deus,</span> <span class='ocrx_word' id='word_1_895' title='bbox 2880 5427 3063 5482; x_wconf 87' lang='lat' dir='ltr'>neque</span> <span class='ocrx_word' id='word_1_896' title='bbox 3084 5411 3393 5489; x_wconf 83' lang='lat' dir='ltr'>triplicetur</span> <span class='ocrx_word' id='word_1_897' title='bbox 3420 5412 3512 5462; x_wconf 81' lang='lat' dir='ltr'>aut</span> <span class='ocrx_word' id='word_1_898' title='bbox 3528 5399 3687 5479; x_wconf 83' lang='lat' dir='ltr'>dupli-</span> 
     </span>
    </p>
   </div>
   <div class='ocr_carea' id='block_1_105' title="bbox 451 5494 3683 5570">
    <p class='ocr_par' dir='ltr' id='par_1_105' title="bbox 451 5494 3683 5570">
     <span class='ocr_line' id='line_1_105' title="bbox 451 5494 3683 5570; baseline -0.002 -22"><span class='ocrx_word' id='word_1_899' title='bbox 451 5500 723 5549; x_wconf 89' lang='lat' dir='ltr'>servatur.</span> <span class='ocrx_word' id='word_1_900' title='bbox 762 5496 930 5549; x_wconf 88' lang='lat' dir='ltr'>Porro</span> <span class='ocrx_word' id='word_1_901' title='bbox 970 5495 1040 5550; x_wconf 92' lang='lat' dir='ltr'>de</span> <span class='ocrx_word' id='word_1_902' title='bbox 1068 5496 1199 5550; x_wconf 89' lang='lat' dir='ltr'>sede</span> <span class='ocrx_word' id='word_1_903' title='bbox 1224 5495 1415 5566; x_wconf 71' lang='lat' dir='ltr'>gloria:</span> <span class='ocrx_word' id='word_1_904' title='bbox 1445 5497 1669 5563; x_wconf 83' lang='lat' dir='ltr'>Christi,</span> <span class='ocrx_word' id='word_1_905' title='bbox 1705 5500 1926 5570; x_wconf 89' lang='lat' dir='ltr'>quando</span> <span class='ocrx_word' id='word_1_906' title='bbox 1956 5517 2044 5554; x_wconf 89' lang='lat' dir='ltr'>se-</span> <span class='ocrx_word' id='word_1_907' title='bbox 2125 5506 2285 5556; x_wconf 89' lang='lat' dir='ltr'>cetur</span> <span class='ocrx_word' id='word_1_908' title='bbox 2313 5500 2372 5555; x_wconf 91' lang='lat' dir='ltr'>in</span> <span class='ocrx_word' id='word_1_909' title='bbox 2400 5502 2560 5567; x_wconf 87' lang='lat' dir='ltr'>duos,</span> <span class='ocrx_word' id='word_1_910' title='bbox 2594 5500 2692 5555; x_wconf 88' lang='lat' dir='ltr'>sed</span> <span class='ocrx_word' id='word_1_911' title='bbox 2732 5501 3040 5555; x_wconf 83' lang='lat' dir='ltr'>sentiamus</span> <span class='ocrx_word' id='word_1_912' title='bbox 3079 5516 3291 5566; x_wconf 89' lang='lat' dir='ltr'>omnes,</span> <span class='ocrx_word' id='word_1_913' title='bbox 3324 5497 3453 5569; x_wconf 89' lang='lat' dir='ltr'>quia</span> <span class='ocrx_word' id='word_1_914' title='bbox 3478 5495 3613 5549; x_wconf 88' lang='lat' dir='ltr'>Deus</span> <span class='ocrx_word' id='word_1_915' title='bbox 3635 5494 3683 5542; x_wconf 87' lang='lat' dir='ltr'>et</span> 
     </span>
    </p>
   </div>
   <div class='ocr_carea' id='block_1_106' title="bbox 453 5579 3679 5660">
    <p class='ocr_par' dir='ltr' id='par_1_106' title="bbox 453 5579 3679 5660">
     <span class='ocr_line' id='line_1_106' title="bbox 453 5579 3679 5660; baseline -0.003 -18"><span class='ocrx_word' id='word_1_916' title='bbox 453 5584 602 5642; x_wconf 87' lang='lat' dir='ltr'>derit</span> <span class='ocrx_word' id='word_1_917' title='bbox 627 5582 688 5639; x_wconf 90' lang='lat' dir='ltr'>in</span> <span class='ocrx_word' id='word_1_918' title='bbox 711 5582 843 5638; x_wconf 91' lang='lat' dir='ltr'>sede</span> <span class='ocrx_word' id='word_1_919' title='bbox 871 5584 1184 5654; x_wconf 86' lang='lat' dir='ltr'>majestatis</span> <span class='ocrx_word' id='word_1_920' title='bbox 1206 5601 1340 5654; x_wconf 75' lang='lat' dir='ltr'>suae,</span> <span class='ocrx_word' id='word_1_921' title='bbox 1358 5586 1611 5657; x_wconf 88' lang='lat' dir='ltr'>quamvis</span> <span class='ocrx_word' id='word_1_922' title='bbox 1634 5589 1754 5659; x_wconf 88' lang='lat' dir='ltr'>ipse</span> <span class='ocrx_word' id='word_1_923' title='bbox 1783 5589 1932 5644; x_wconf 83' lang='lat' dir='ltr'>illius</span> <span class='ocrx_word' id='word_1_924' title='bbox 1949 5588 2044 5644; x_wconf 91' lang='lat' dir='ltr'>ho-</span> <span class='ocrx_word' id='word_1_925' title='bbox 2124 5588 2293 5645; x_wconf 87' lang='lat' dir='ltr'>homo</span> <span class='ocrx_word' id='word_1_926' title='bbox 2323 5606 2472 5646; x_wconf 89' lang='lat' dir='ltr'>unus</span> <span class='ocrx_word' id='word_1_927' title='bbox 2493 5592 2578 5645; x_wconf 86' lang='lat' dir='ltr'>est</span> <span class='ocrx_word' id='word_1_928' title='bbox 2593 5589 2869 5649; x_wconf 82' lang='lat' dir='ltr'>Christus.</span> <span class='ocrx_word' id='word_1_929' title='bbox 2898 5588 2979 5644; x_wconf 82' lang='lat' dir='ltr'>Ac</span> <span class='ocrx_word' id='word_1_930' title='bbox 3005 5600 3108 5660; x_wconf 86' lang='lat' dir='ltr'>per</span> <span class='ocrx_word' id='word_1_931' title='bbox 3134 5588 3235 5643; x_wconf 89' lang='lat' dir='ltr'>hoc</span> <span class='ocrx_word' id='word_1_932' title='bbox 3254 5585 3558 5654; x_wconf 88' lang='lat' dir='ltr'>ubicunque</span> <span class='ocrx_word' id='word_1_933' title='bbox 3582 5579 3679 5633; x_wconf 85' lang='lat' dir='ltr'>fue-</span> 
     </span>
    </p>
   </div>
  </div>
