3872 6158
129 318 219 377 861

837 309 1221 379 mosius
1255 312 1337 381 IN
1371 256 1820 384 usi-rum.
1856 358 1921 370 -
1960 318 2099 384 LIB.
2138 328 2235 396 x1,
2276 318 2438 384 CAP.
2479 316 2649 382 XXV.

3268 323 3377 384 862

128 446 197 499 rit
215 444 359 499 Deus
385 444 576 513 homo,
598 445 733 515 quia
757 444 965 516 ubique
993 452 1097 514 est,
1127 451 1281 503 totus
1304 448 1511 521 ubique
1540 456 1707 521 pute-
1723 450 1942 515 Adicit,
1976 455 2072 504 aut
2109 452 2515 520 excusantium,
2547 453 2744 507 adesse
2789 449 3159 523 singulorum,
3196 448 3256 507 in
3286 450 3378 507 die

128 543 214 589 tur
237 544 355 587 esse
385 532 664 601 Christus,
694 549 805 605 quo
834 535 1051 609 possint
1079 541 1213 591 ante
1250 538 1428 592 tilium
1460 538 1707 593 hominis

129 624 440 697 congregari
469 638 662 677 omnes
688 629 904 694 gentes,
936 625 1033 696 qui
1074 624 1359 679 descendit
1407 627 1477 681 de
1531 628 1701 692 caelo;

129 712 248 786 quia
270 710 424 766 ﬁlius
446 711 688 766 hominis
707 724 835 769 cum
859 713 976 766 haec
996 714 1338 784 loqueretur,
1348 715 1702 785 juxtaipsius

128 810 321 866 vocem,
347 800 468 877 jam
499 804 623 854 erat
647 800 706 853 in
732 800 905 854 caelia.
939 800 1154 855 Idcirco
1184 803 1318 873 quia
1340 803 1420 857 sie
1464 803 1704 857 indivisa

128 894 203 945 est
226 900 463 961 persona
482 888 710 955 Christi,
732 898 834 942 nec
852 878 1159 944 absurdum
1180 886 1266 945 est
1290 891 1535 958 credere,
1555 892 1703 963 quod

128 992 299 1033 coram
327 978 451 1048 ipso
504 978 912 1048 congreganda
949 978 1065 1032 sint
1090 984 1286 1034 omnes
1311 984 1527 1050 gentes.
1560 980 1705 1044 Quia

126 1080 391 1138 nusquam
415 1064 590 1131 abest,
621 1080 807 1136 neque
826 1072 912 1120 est
951 1066 1048 1120 ubi
1076 1082 1190 1121 non
1233 1068 1308 1122 sit
1335 1068 1610 1134 Christus,
1645 1073 1704 1123 et

126 1154 237 1211 ideo
259 1170 457 1209 omnes
476 1159 608 1209 ante
649 1170 779 1208 eum
809 1159 992 1210 erunt.
1016 1157 1142 1210 Non
1169 1156 1344 1227 igitur
1371 1161 1456 1211 est
1483 1158 1703 1212 solven-

126 1245 218 1299 dus
242 1238 381 1315 ipse.
405 1242 550 1308 Quia
562 1244 658 1314 qui
679 1234 843 1297 solvit
867 1245 1079 1311 Iesum,
1100 1244 1191 1299 hic
1219 1250 1409 1299 autem
1439 1246 1704 1300 antichri-

125 1339 232 1387 stus
254 1336 358 1386 est.
377 1333 522 1387 Tum
542 1330 602 1385 in
630 1331 870 1387 adventu
895 1334 1018 1403 ejus
1032 1340 1193 1388 tanta
1210 1334 1587 1389 manifestatio
1612 1351 1703 1389 se-

126 1420 354 1476 cundum
386 1420 675 1475 hominem
703 1421 828 1486 erit,
860 1426 926 1475 'ut
952 1434 1065 1476 non
1101 1423 1283 1477 solum
1312 1423 1503 1477 nullus
1526 1425 1705 1494 justo-

124 1526 257 1575 rum,
287 1524 485 1563 verum
510 1509 683 1563 etiam
734 1520 837 1563 nec
866 1510 1070 1581 aliquis
1098 1517 1454 1583 peccatorum
1480 1514 1704 1583 ignoret

126 1598 401 1654 Christum
428 1598 499 1652 ad
523 1596 800 1669 judicium
844 1600 1094 1668 venisse;
1131 1601 1355 1671 quando
1383 1602 1530 1655 exiet
1557 1602 1704 1657 sicut

122 1688 294 1758 fulgur
324 1687 397 1741 ab
425 1686 673 1753 Oriente,
706 1692 765 1741 et
790 1688 1011 1759 parebit
1036 1703 1213 1760 usque
1234 1689 1292 1743 in
1321 1690 1698 1744 Occidentem.

1787 554 1912 593 cum
1928 540 2262 610 judicaverit
2279 541 2429 596 Deus
2451 541 2666 596 occulta
2685 540 2997 596 hominum.
3021 542 3167 606 Quia
3189 534 3377 613 profe-

1786 634 1874 683 cto
1893 628 2024 683 boni
2046 630 2289 683 Pastoris
2304 636 2390 684 est
2412 646 2643 685 suarum
2662 630 2847 686 ovium
2863 628 3244 702 cognitionem
3272 624 3380 685 ha-

1786 717 1936 780 bere,
1965 720 2029 772 ut
2057 724 2217 772 eruat
2262 734 2356 772 eas
2385 717 2455 773 de
2484 718 2669 774 medio
2710 716 3009 785 malorum,
3036 717 3199 790 juxta
3228 708 3378 790 quod

1785 806 2035 861 Ezechiel
2070 806 2186 859 ait:
2221 806 2352 861 Haec
2396 805 2531 862 dicit
2580 805 2851 862 Dominus
2894 802 3088 863 Deus:
3128 806 3257 862 Ecce
3287 822 3379 876 ego

1784 898 1894 964 ipse
1922 896 2209 963 requiram
2228 910 2344 949 oves
2364 911 2529 961 meas,
2550 901 2598 950 et
2624 898 2856 950 visitabo
2877 894 3007 951 illas
3026 894 3167 950 sicut
3188 898 3382 950 visitat

1781 986 1970 1052 pastor
1994 998 2208 1051 gregem
2238 998 2425 1049 suum,
2451 986 2516 1038 in
2544 985 2633 1037 die
2659 984 2879 1053 quando
2906 982 3081 1052 fuerit
3111 986 3175 1039 in
3203 985 3380 1037 medio

1784 1075 1969 1125 ovium
1989 1087 2226 1126 suarum
2243 1073 2665 1141 dissipatarum;
2684 1076 2761 1126 sic
2780 1075 2888 1126 visi
2892 1075 3011 1127 tabo
3030 1088 3147 1127 oves
3157 1074 3381 1139 meas,et

1786 1162 2029 1215 liberabo
2059 1176 2146 1214 eas
2172 1161 2234 1214 de
2259 1163 2518 1215 omnibus
2550 1160 2679 1214 locis
2707 1165 2771 1214 in
2789 1160 3246 1229 quibusdispersze
3262 1160 3382 1228 fue-

1785 1255 1938 1315 rant,
1968 1252 2031 1302 in
2060 1250 2147 1302 die
2171 1251 2334 1303 nubis
2363 1253 2411 1302 et
2432 1249 3111 1317 catiginis(Esech.xxxtv,
3132 1245 3242 1314 42),
3272 1247 3379 1303 hoc

1785 1343 1871 1393 est
1926 1337 2452 1413 impresentiarum,
2512 1337 2734 1409 quando
2788 1335 2877 1390 vix
2938 1336 3055 1391 ulla
3109 1335 3375 1392 discretio

1785 1430 1871 1481 est
1917 1426 2066 1480 inter
2119 1426 2293 1481 bonos
2340 1432 2398 1480 et
2450 1426 2647 1487 malos,
2677 1424 2853 1479 donec
2896 1423 3015 1496 ipse
3064 1430 3257 1496 pastor
3278 1441 3377 1480 ve-

1784 1515 1922 1581 niat,
1956 1516 2178 1586 quando
2208 1531 2465 1569 sessurus
2493 1521 2579 1569 est
2619 1512 2678 1568 in
2731 1513 2863 1569 sede
2892 1508 3202 1583 majestatis
3241 1528 3376 1581 suae,

1785 1608 1843 1659 et
1865 1608 2000 1659 tunc
2052 1603 2378 1675 implebitur
2406 1600 2553 1674 quod
2591 1619 2741 1657 nunc
2782 1619 2885 1677 per
2929 1602 3259 1673 prophetam
3291 1598 3380 1656 di-

1785 1695 1954 1760 citur,
2010 1700 2067 1748 et
2111 1693 2429 1765 segregabit
2485 1709 2579 1747 eas
2634 1693 2705 1746 de
2751 1687 2970 1764 populis
3030 1694 3087 1745 et
3140 1688 3383 1744 nationi-

125 1776 346 1841 Qusndo
374 1768 711 1846 cognoscent
727 1790 921 1831 omnes
946 1789 1265 1847 peccatores
1293 1782 1459 1832 terra:
1480 1795 1583 1833 sua
1610 1768 1764 1833 de—B
1784 1782 1907 1849 bus,
1942 1786 1999 1836 et
2047 1782 2410 1853 congregabit
2459 1797 2572 1848 eas,
2613 1780 2699 1834 vel
2745 1776 3035 1834 collocabit
3080 1776 3139 1832 in
3171 1777 3381 1833 dextris

123 1864 257 1931 iicta,
279 1870 342 1919 et
380 1865 522 1935 justi
552 1864 845 1919 manifeste
870 1865 1139 1920 videbunt
1182 1867 1398 1921 semina
1426 1862 1701 1922 virtutum

124 1970 359 2018 suarum,
384 1954 454 2007 ad
486 1953 709 2024 qualem
738 1969 834 2007 eos
867 1954 1249 2025 perduxerunt
1276 1956 1468 2011 linem.
1501 1957 1570 2010 Et
1597 1957 1703 2011 hoc

124 2047 200 2097 est
216 2042 364 2113 quod
379 2034 517 2095 dicit
532 2042 676 2096 forte
694 2054 705 2088 ε
724 2042 1217 2110 Congregabuntur
1234 2049 1496 2098 anteeum
1517 2061 1701 2098 omnes

122 2135 301 2198 gentes.
322 2129 385 2184 Si
404 2130 554 2183 enim
577 2130 742 2183 modo
762 2130 986 2199 quando
1012 2146 1116 2184 nec
1137 2146 1332 2185 omnes
1360 2135 1704 2201 cognoscunt

123 2218 396 2273 Christum
420 2218 730 2272 secundum
751 2218 900 2288 quod
927 2223 1031 2285 est,
1055 2232 1157 2272 nec
1173 2219 1280 2289 ipsi
1303 2220 1465 2273 electi
1492 2221 1699 2291 palam,

124 2308 218 2361 nisi
252 2308 388 2378 quia
418 2312 640 2361 tantum
660 2307 718 2360 in
748 2307 857 2360 ﬁde
871 2312 1214 2377 cognoscunt
1236 2323 1400 2374 eum;
1430 2311 1487 2363 et
1514 2314 1704 2363 tamen

124 2398 321 2451 intrant
330 2396 405 2450 ad
418 2411 544 2450 eum
558 2401 617 2449 et
625 2400 756 2449 ante
765 2400 1126 2466 conspectum
1138 2397 1188 2466 ej
1196 2398 1509 2467 us,quando
1521 2398 1706 2468 cogni-

122 2484 313 2539 tionem
325 2486 376 2555 ej
385 2501 453 2539 us
462 2484 689 2549 habent,
709 2484 1168 2538 etilluminantur
1183 2486 1380 2539 saltem
1394 2502 1493 2557 per
1512 2486 1583 2539 tid
1591 2503 1700 2540 em.

1783 1871 1919 1925 suis.
1963 1870 2031 1925 Et
2082 1870 2208 1925 ideo
2250 1874 2475 1925 sanctus
2523 1868 2868 1939 evangelista
2918 1868 3063 1922 hanc
3118 1864 3375 1920 ultimam

1791 1965 2036 2027 1058
2060 1960 2313 2013 omnium
2343 1955 2758 2029 parabolarum,
2775 1971 2888 2009 non
2917 1952 2977 2009 in
3002 1952 3235 2009 alterius
3255 1969 3403 2026 per-4

1783 2062 1977 2102 sonam
1999 2048 2186 2119 posuit
2201 2049 2291 2115 (ut
2312 2063 2482 2118 supra
2506 2045 2603 2099 ubi
2623 2046 2721 2109 ait,
2746 2044 2894 2116 quod
2918 2040 3161 2097 Exibunt
3191 2045 3380 2110 angeli

1784 2141 1833 2190 et
1861 2118 2194 2205 separabunt
2228 2138 2403 2189 malos
2432 2137 2494 2189 de
2515 2134 2690 2189 medio
2704 2130 3040 2204 justorum),
3074 2131 3174 2185 sed
3204 2130 3378 2185 solius
3470 2118 3477 2125 ’

1785 2226 1844 2279 in
1879 2226 2002 2295 ejus
2032 2239 2273 2295 persona
2293 2223 2388 2294 qui
2418 2224 2530 2277 ait:
2556 2221 2664 2290 Ego
2688 2238 2812 2276 sum
2836 2225 3029 2290 pastor
3060 2223 3249 2286 bonus,
3279 2221 3381 2288 qui

1786 2329 2038 2381 cognosco
2075 2329 2238 2376 meas,
2273 2317 2322 2366 et
2350 2317 2675 2377 cognoscunt
2702 2328 2784 2364 me
2814 2326 2944 2363 mea:
2974 2306 3151 2376 (Joan.
3187 2325 3241 2373 x,
3265 2299 3375 2380 i4).

1787 2402 1986 2471 Angeli
2006 2401 2283 2473 siquidem
2307 2396 2571 2470 colligcnt
2590 2400 2765 2453 malos
2788 2397 2855 2452 de
2875 2394 3058 2451 medio
3073 2394 3375 2471 justorum;

1786 2492 1904 2562 ipse
1932 2507 2062 2544 vero
2091 2507 2193 2563 per
2244 2506 2305 2543 se
2355 2488 2630 2551 Christus,
2663 2487 2794 2558 quia
2822 2485 3003 2541 bonus
3034 2491 3229 2557 pastor
3270 2490 3374 2551 est,

124 2574 251 2627 sicut
266 2574 524 2628 canimus
542 2572 601 2626 in
614 2573 836 2627 Psalmo
863 2591 875 2625 ε
918 2575 1132 2626 Intrate
1145 2577 1208 2627 in
1222 2580 1501 2643 conspectu
1519 2578 1709 2643 ejusin
1787 2579 2028 2649 requirit
2048 2583 2104 2632 et
2131 2577 2321 2631 visitat
2347 2593 2474 2631 oves
2504 2592 2652 2641 suas,
2685 2574 2950 2646 quoniam
2999 2570 3208 2628 nullius
3237 2570 3379 2627 alte-

122 2667 470 2716 exsultatione
487 2664 647 2730 (Psat.
664 2674 810 2727 chx,
828 2660 903 2728 3),
920 2665 1131 2731 quanto
1153 2663 1334 2733 magis
1354 2668 1500 2717 recte
1516 2664 1708 2717 dicun-
1790 2668 1907 2721 rius
1935 2673 2022 2721 est
2049 2666 2326 2721 discutere
2357 2665 2725 2719 conscientias
2760 2662 3131 2734 singulorum.
3166 2663 3234 2716 Et
3262 2666 3380 2715 sta-

123 2752 1712 2823 turomnesgcntesanteeumcongregandaeetconstituen-
1792 2759 1903 2810 tuet
1933 2758 2153 2824 quidem
2181 2771 2295 2808 oves
2325 2770 2361 2808 a
2388 2755 2615 2817 dextris,
2639 2753 2812 2807 haedos
2832 2752 3015 2805 autem
3042 2767 3077 2804 a
3106 2750 3374 2803 sinistris.

125 2848 215 2905 da,
253 2840 501 2907 ιθεη
519 2841 742 2912 quando
761 2840 946 2911 palam
977 2840 1235 2895 omnibus
1264 2842 1387 2908 erit,
1420 2847 1537 2895 tam
1548 2840 1709 2896 bonis
1790 2844 2027 2899 Provide
2054 2843 2191 2898 satis
2210 2847 2337 2914 post
2361 2840 2593 2897 biduum
2623 2839 2839 2895 Pascha
2881 2838 3148 2902 facturus,
3176 2835 3380 2892 deinde

123 2944 273 2999 quam
301 2929 492 2993 malis,
514 2933 632 2982 tam
655 2928 914 2983 fidelibus
936 2946 1010 3000 qu
1022 2929 1472 2983 aminﬁdelibus.
1502 2931 1703 2984 Factus
1784 2933 2090 2989 tradendus
2119 2933 2288 2998 cruci,
2316 2937 2373 2985 et
2402 2930 2721 2985 illudendus
2746 2928 2815 2983 ab
2844 2926 3184 2993 hominibus,
3221 2929 3378 2980 aceto

122 3016 219 3071 erit
233 3023 361 3072 ante
383 3016 580 3072 oculos
599 3016 804 3071 mentis
824 3019 1159 3089 eorum,jam
1170 3035 1282 3073 non
1293 3018 1442 3084 fidei,
1462 3019 1703 3073 autdili-
1724 3080 1761 3094 η
1786 3039 2006 3094 quoque
2037 3026 2094 3076 et
2118 3021 2244 3075 felle
2280 3020 2577 3091 potandus,
2609 3023 2758 3073 recte
2803 3016 3097 3088 praemittit
3142 3012 3381 3086 gloriam

123 3107 306 3176 gentize
340 3106 588 3177 alicujus
612 3100 976 3180 inquisitione
1002 3080 1279 3179 repertus,
1304 3108 1402 3162 sed
1433 3080 1493 3162 in
1518 3109 1703 3163 carnis
1719 3080 1763 3139 Ο
1783 3080 2205 3189 triumphantis,
2221 3080 3383 3181 etjudicium'azternaz-remunerationis,ut

122 3211 222 3249 sua
267 3195 590 3250 ostensione
634 3199 752 3249 tam
794 3195 1086 3250 manifeste
1125 3196 1393 3267 prolatus,
1430 3199 1494 3251 ut
1537 3214 1704 3251 nemo

124 3284 327 3354 ignoret
342 3284 498 3355 quod
517 3284 637 3354 ipse
659 3283 737 3337 sit
752 3284 1030 3350 Christus,
1045 3290 1102 3338 et
1129 3301 1293 3339 nemo
1310 3285 1528 3340 dubitet
1556 3287 1703 3357 quod

126 3371 229 3442 ipse
247 3372 320 3427 sit
336 3372 514 3427 Deus.
540 3373 620 3426 Ac
639 3389 740 3443 per
766 3373 870 3426 hoc
890 3372 1049 3439 forte,
1079 3374 1240 3443 juxta
1268 3374 1417 3427 hunc
1449 3375 1700 3441 modum,

124 3476 221 3515 non
236 3462 295 3515 in
314 3462 510 3532 aliquo
527 3461 752 3532 quidem
770 3460 891 3515 loco
910 3461 1202 3533 apparebit
1216 3462 1389 3516 Filius
1406 3463 1507 3516 Dei
1523 3469 1581 3516 et
1602 3464 1703 3517 ho-

124 3549 288 3616 minis,
318 3566 451 3604 cum
482 3550 699 3603 venerit
742 3550 798 3603 in
828 3550 1008 3619 gloria
1036 3567 1156 3613 sua,
1190 3555 1248 3604 et
1284 3551 1341 3604 in
1371 3551 1559 3622 aliquo
1591 3568 1704 3606 non

125 3638 419 3707 apparebit,
441 3637 539 3692 sed
558 3637 700 3691 sicut
729 3637 849 3708 ipse
868 3637 937 3691 de
966 3637 1181 3708 fulgore
1208 3639 1577 3709 apparitionis
1592 3656 1705 3694 suae

126 3732 426 3781 monstrare
453 3726 719 3795 dignatus
744 3728 849 3791 est,
881 3725 1112 3780 visibilis
1142 3728 1267 3781 erit.
1290 3729 1528 3799 Propter
1557 3729 1705 3800 quod

125 3814 309 3886 ubique
328 3814 596 3869 omnibus
617 3814 967 3879 manifestus,
987 3821 1043 3868 et
1060 3815 1179 3886 ipse
1193 3816 1250 3870 in
1271 3822 1569 3888 conspectu
1590 3833 1706 3871 om-

126 3904 264 3958 nium
287 3906 421 3969 erit,
441 3908 500 3958 et
520 3919 716 3957 omnes
735 3903 945 3974 ubique
970 3909 1100 3957 ante
1128 3905 1315 3976 ipsum
1343 3911 1527 3971 erunt,
1563 3909 1619 3960 et
1645 3906 1705 3960 in

125 4000 409 4065 conspectu
433 3995 557 4064 ejus
576 3992 783 4062 singuli
804 3991 1086 4046 manifesti
1103 3998 1287 4047 erunt.
1301 3990 1703 4049 Verumtamen

96 4090 99 4093 ‘
126 4083 385 4152 apparitio
418 4083 543 4152 ejus
567 4081 933 4151 corporaliter
953 4081 1201 4152 quolibet
1229 4080 1394 4137 modo
1433 4088 1565 4138 nota
1597 4084 1705 4139 erit

123 4170 498 4237 etmaniiesta;
532 4169 615 4223 vel
642 4169 951 4223 secundum
981 4171 1130 4240 quod
1154 4171 1213 4225 in
1239 4175 1429 4226 monte
1457 4173 1702 4243 resplen~

125 4257 247 4323 duit,
267 4260 351 4314 vel
378 4261 547 4330 juxta
576 4258 726 4329 quod
768 4263 896 4329 post
947 4260 1410 4314 resurrectionem
1470 4261 1701 4315 visibilis

1786 3205 2049 3254 secutura
2068 3198 2333 3252 scandala
2359 3195 2779 3268 pollicitationis
2803 3194 3033 3266 praemio
3051 3208 3382 3264 compensa-

1786 3293 1893 3355 ret,
1916 3292 1974 3341 et
2000 3287 2277 3341 relevaret
2288 3286 2505 3339 animos
2524 3283 2926 3356 discipulorum
2948 3299 2983 3336 a
3008 3297 3247 3336 mcerore
3262 3280 3385 3335 tan-

1786 3382 1857 3430 ta:
1886 3375 2233 3429 tentationis.
2259 3374 2417 3438 Quod
2440 3377 2630 3428 autem
2653 3372 2862 3426 dicitur
2890 3388 3020 3427 oves
3048 3376 3296 3425 statuere
3324 3366 3384 3423 in

1786 3463 2221 3530 dextris,haados
2240 3478 2370 3516 vero
2391 3464 2448 3516 in
2470 3461 2712 3515 sinistris
2739 3462 2903 3531 juxta
2921 3459 3060 3513 illud
3078 3458 3329 3529 intelligo
3365 3475 3380 3513 :

1788 3554 1891 3608 σον
1903 3555 2167 3621 sapientis
2185 3555 2249 3605 in
2263 3552 2486 3604 dextera
2505 3553 2800 3618 ejus,etcor
2816 3551 2978 3602 stulti
2987 3551 3051 3601 in
3070 3544 3305 3601 sinistra
3317 3544 3387 3601 il-

1788 3639 2232 3710 lius(Eccle.x,2),
2251 3656 2378 3694 cum
2396 3655 2561 3693 nemo
2576 3639 2671 3708 qui
2688 3636 2861 3691 aliubi
2877 3635 3083 3689 habeat
3094 3651 3385 3705 cor,quam

1786 3730 1846 3784 in
1863 3732 2021 3801 parte
2039 3745 2149 3799 qua
2170 3728 2505 3782 naturaliter
2524 3725 2785 3780 omnibus
2803 3724 3131 3779 collocatum
3152 3724 3254 3776 est.
3274 3720 3385 3777 Sed

1788 3818 1918 3890 quia
1947 3818 2227 3889 sapientes
2258 3817 2487 3870 fuerunt
2526 3830 2656 3870 oves
2686 3812 2921 3879 Christi,
2954 3811 3245 3881 elegerunt
3290 3826 3388 3864 cor

1786 3924 1994 3979 ponere
2014 3907 2071 3960 in
2101 3905 2329 3971 dextris;
2354 3905 2487 3975 quia
2507 3904 2625 3957 vias
2647 3919 2768 3974 quae
2789 3918 2823 3955 a
2841 3901 3049 3955 dextris
3070 3902 3204 3953 sunt
3228 3899 3385 3953 novit

1784 3996 2280 4051 Dominus.Stultee
2292 3997 2479 4047 autem
2499 4010 2600 4047 seu
2614 3993 2779 4046 fatuae
2789 3991 3048 4044 sinistras
3057 3988 3382 4054 tenuerunt,

1784 4086 1843 4139 in
1870 4085 2072 4156 quibus
2090 4088 2397 4155 posuerunt
2411 4098 2522 4135 cor.
2532 4082 2600 4135 Et
2616 4082 2669 4135 id
2677 4097 2742 4135 eo
2755 4080 2956 4133 merito
2968 4076 3174 4150 singuli
3189 4092 3389 4148 greges

1784 4174 1853 4227 ad
1865 4174 1965 4228 has
1975 4174 2532 4244 deputanturpartes,
2542 4187 2680 4241 quas
2693 4170 2749 4223 in
2761 4168 2876 4222 suis
2891 4168 3181 4238 elegerunt
3190 4172 3385 4220 tenere

1784 4261 2063 4339 operibus.
2102 4261 2242 4315 Hinc
2259 4277 2392 4330 ergo
2413 4263 2499 4313 est
2524 4258 2671 4333 quod
2697 4261 2891 4311 monet
2919 4256 3191 4311 Dominus
3210 4255 3268 4309 in
3281 4251 3388 4309 hoc

122 4347 227 4415 fuit,
250 4355 306 4403 et
331 4347 611 4403 videbunt
628 4347 761 4401 mali
782 4363 947 4417 quem
964 4355 1341 4419 pupugerunt,
1360 4354 1418 4403 et
1436 4350 1704 4421 plangent
1722 4395 1769 4421 η
1789 4352 1984 4405 eodem
2019 4349 2317 4420 Evangelio
2347 4366 2357 4401 :
2395 4350 2613 4403 Nesczat
2642 4350 2877 4401 sinistra
2904 4348 3021 4412 tua,
3053 4346 3189 4414 quid
3214 4344 3388 4412 faciat

126 4452 272 4507 super
296 4455 359 4492 se
389 4453 590 4491 omnes
618 4435 799 4490 tribus
826 4440 1011 4490 terrae.
1034 4437 1189 4491 Tunc
1209 4454 1239 4491 e
1258 4440 1539 4493 contrario
1563 4441 1703 4510 justi
1725 4430 1770 4456 υ
1797 4440 2022 4493 dextera
2045 4444 2161 4491 tua.
2180 4439 2249 4492 Et
2270 4438 2578 4491 notandum
2606 4434 2753 4507 quod
2790 4451 2918 4489 oves
2938 4438 3149 4487 statuet
3166 4433 3225 4485 in
3253 4430 3390 4485 dex-

124 4525 439 4595 gaudebunt
456 4524 527 4579 de
542 4524 700 4579 tanto
725 4523 1021 4595 splendore
1046 4526 1285 4597 piissimi
1300 4527 1507 4598 judicis
1528 4528 1704 4583 inter-
1788 4527 1923 4581 teris
1955 4527 2088 4590 suis,
2122 4526 2309 4581 haedos
2337 4529 2527 4579 autem
2550 4529 2769 4578 tantum
2799 4522 2859 4576 in
2888 4520 3147 4576 sinistris.
3172 4521 3296 4574 Non
3324 4518 3386 4573 in

126 4613 259 4679 dum,
279 4618 337 4669 et
360 4615 436 4668 de
454 4616 617 4668 tanta
635 4613 814 4683 gloria
833 4614 1144 4683 majestatis
1157 4616 1297 4687 ejus,
1314 4616 1445 4687 quia
1456 4614 1553 4671 illa
1568 4619 1706 4672 visio
1790 4615 2032 4670 sinistris
2058 4615 2191 4675 suis,
2208 4614 2339 4685 quia
2358 4613 2715 4667 sinistrorum
2730 4611 2830 4665 viae
2856 4615 2912 4664 et
2931 4626 3102 4681 opera
3129 4624 3242 4662 non
3257 4612 3391 4663 sunt

128 4702 347 4758 necdum
377 4705 437 4758 in
469 4702 652 4756 forma
680 4702 780 4755 Dei
813 4702 937 4766 erit,
972 4718 1157 4774 neque
1209 4705 1368 4774 regni
1398 4707 1703 4777 perceptio.
1790 4707 1929 4775 ejus,
1965 4703 2060 4775 qui
2088 4701 2227 4757 nihil
2274 4701 2443 4756 habet
2470 4700 2783 4755 sinistrum.
2820 4699 2889 4753 Et
2928 4697 3054 4752 ideo
3093 4696 3393 4769 pluraliter

129 4790 223 4845 Sed
251 4794 385 4864 quia
417 4793 475 4847 in
510 4790 655 4846 tanti
696 4791 900 4860 judicis
938 4790 1191 4847 examine
1234 4811 1401 4848 nemo
1450 4795 1711 4867 gloriabi-
1793 4794 1929 4847 dicit
1951 4793 2009 4846 in
2029 4790 2238 4847 dextris
2269 4790 2354 4845 vel
2379 4789 2639 4855 sinistris,
2673 4790 2804 4859 quia
2830 4786 3023 4841 multa;
3053 4786 3186 4841 sunt
3212 4782 3388 4840 actio.

131 4888 211 4936 tur
223 4900 281 4938 se
309 4889 535 4939 castum
566 4898 663 4935 cor
691 4879 915 4945 habere,
949 4881 1007 4935 in
1036 4881 1159 4953 ipsa
1188 4884 1559 4956 apparitionis
1597 4900 1711 4937 suae
1793 4899 1893 4936 nes
1921 4888 2290 4950 utrarumque
2320 4878 2584 4949 partium.
2611 4878 2966 4947 Quapropter
2988 4891 3101 4929 non
3127 4875 3286 4946 quasi
3315 4873 3387 4929 ad

129 4970 309 5040 gloria,
323 4968 636 5025 illustrabit
662 4968 830 5023 corda
856 4985 1069 5031 eorum,
1098 4971 1192 5041 qui
1223 4970 1327 5025 sibi
1357 4972 1713 5026 ministrave-
1796 4973 2000 5037 locum,
2023 4971 2245 5025 oculum
2268 4967 2535 5022 debemus
2551 4967 2861 5027 intendere,
2884 4965 2981 5020 sed
3006 4962 3303 5020 admerita
3333 4969 3392 5019 et

132 5064 265 5121 runt,
298 5065 368 5115 ut
396 5056 715 5128 intelligant
744 5057 950 5127 singuli
979 5075 1149 5129 opera
1180 5077 1283 5114 sua
1331 5052 1496 5127 bona,
1520 5066 1583 5114 ut
1620 5061 1716 5114 ha-
1796 5059 2139 5114 differentias
2159 5056 2506 5127 singularum
2536 5055 2800 5125 partium.
2833 5054 2986 5108 Alias
3014 5059 3203 5108 autem
3226 5055 3391 5123 juxta

132 5146 283 5203 beant
311 5165 424 5203 sua
446 5163 569 5219 quae
589 5152 888 5211 gesserunt
911 5146 1079 5200 etiam
1108 5154 1165 5201 et
1192 5148 1324 5202 mali
1348 5148 1406 5202 in
1436 5149 1717 5203 conscien-

134 5236 201 5290 tia
227 5254 347 5303 sua,
385 5242 446 5291 et
473 5236 578 5290 hoc
598 5234 673 5288 sit
698 5250 1002 5307 segregare.
1032 5234 1205 5289 bonos
1243 5254 1276 5291 a
1303 5237 1487 5302 malis,
1517 5238 1715 5291 libros-

136 5341 231 5395 que
258 5333 491 5399 apertos
519 5340 664 5386 esse,
697 5312 923 5394 quando
972 5324 1322 5394 singulorum
1367 5326 1717 5380 conscientiae

136 5417 284 5471 nudae
304 5420 482 5471 erunt
507 5419 565 5469 et
583 5411 913 5466 manifestae.
934 5410 1074 5467 Hinc
1098 5430 1319 5487 quoque
1340 5416 1460 5487 ipse
1472 5433 1574 5488 per
1590 5414 1721 5470 Pro-

137 5506 353 5574 phetam
371 5505 479 5559 ait:
498 5507 627 5561 Ecce
648 5506 802 5557 venio
831 5508 1180 5574 cogitationes
1199 5521 1388 5559 eorum
1407 5511 1470 5559 ut
1494 5521 1720 5574 congre-

137 5609 263 5660 gem.
298 5588 371 5651 Et
402 5590 613 5652 Paulus
632 5596 925 5669 apostolus
953 5590 1319 5667 cogitationes
1338 5594 1751 5651 accusantium’

1799 5147 2166 5202 humanitatis
2198 5147 2482 5199 dexteram
2536 5144 2620 5196 vel
2649 5142 2953 5207 sinistram,
2984 5159 3098 5197 non
3141 5142 3389 5213 spatium

1799 5240 1885 5291 est
1909 5232 2057 5307 quod
2086 5251 2285 5305 capere
2307 5232 2483 5304 possit
2509 5232 2762 5301 singulas
2783 5232 2967 5285 ovium
2987 5231 3074 5284 vel
3100 5228 3391 5285 haedorum

1798 5326 2006 5397 partes.
2026 5322 2094 5379 Et
2120 5323 2244 5377 ideo
2273 5322 2439 5377 altius
2464 5321 2581 5376 haec
2608 5321 2799 5375 omnia
2825 5318 3233 5375 consideranda
3260 5324 3394 5373 sunt

1796 5414 1958 5487 juxta
1994 5413 2199 5467 mentis
2245 5413 2535 5467 intuitum.
2560 5411 2702 5466 Oves
2730 5410 2921 5481 itaque
2951 5408 3130 5475 electi,
3163 5411 3396 5481 propter

1802 5502 2179 5559 innocentiam
2200 5502 2485 5557 vorantur.
2517 5499 2677 5555 Unde
2705 5499 2873 5553 datur
2889 5494 3272 5567 intelligi,non
3292 5497 3397 5551 sic-

1802 5597 1868 5650 ut
1887 5592 2115 5665 quidam
2139 5588 2351 5658 volunt,
2375 5588 2603 5662 propter
2631 5587 2807 5642 solam
2835 5585 3265 5649 humanitatem,
3303 5585 3394 5652 ju-
