3872 6158
515 276 623 335 863
1280 286 1333 342 S.
1380 282 1756 343 PASCHASII
1794 284 2155 342 RADBERTI
2192 286 2494 343 ABBA'I‘IS
2532 283 3027 342 CORBEIENSIS.
3608 285 3689 339 864

517 406 633 458 stos
658 417 1000 478 remunerat,
1030 415 1401 469 verumetiam
1436 419 1492 468 et
1518 418 1748 485 prOpter
1772 414 2105 467 immacula-
2122 414 2174 473 A
2191 416 2382 466 menta
2403 412 2670 465 dicuntur
2695 409 3104 477 καταϐεϐληιέναι
3133 407 3190 462 id
3213 410 3295 461 est
3321 406 3545 462 deorsum

516 496 632 546 tam
658 495 847 563 vitam,
876 504 939 552 ut
956 517 1083 554 oves
1096 503 1225 570 jure
1247 503 1523 556 dicantur.
1560 502 1705 566 Quia
1734 504 1849 556 hec
1877 506 1964 556 est
1983 502 2109 555 vite
2185 501 2386 571 jecisse
2415 501 2695 563 dicuntur,
2738 499 2889 570 quia,
2909 498 3057 552 sicut
3075 496 3294 567 quidam
3322 495 3393 549 ait
3416 496 3691 551 Grecorum.

516 577 778 636 humane
807 586 1093 654 perfectio,
1125 594 1190 641 ut
1237 589 1511 659 propheta
1555 588 1735 655 docet,
1769 590 2046 644 declinare
2074 606 2110 643 a
2192 606 2375 643 sermo
2392 589 2560 642 latior
2580 593 2686 655 est,
2700 593 2756 641 et
2783 587 2979 658 lingua
3000 585 3228 639 felicior.
3246 585 3390 640 Unde
3408 584 3497 638 hoc
3514 583 3693 638 verbum

515 669 664 722 malo
691 676 749 724 et
776 671 958 727 facere
1005 675 1235 729 bonum.
1267 676 1519 741 Quorum
1560 694 1749 749 opera,
1785 679 1919 749 quia
1963 679 2112 733 bona
2192 678 2442 742 καταϐολὴ
2490 682 2639 731 recte
2673 676 2899 730 initium
2925 674 3273 729 fundamenti
3295 689 3476 728 sonare
3498 672 3696 741 videtur;

516 756 787 824 fecerunt,
808 767 865 813 et
903 779 1015 817 non
1046 764 1377 835 cuicunque,
1402 766 1500 820 sed
1530 767 1665 837 quia
1690 767 1912 821 Christo
1940 768 2111 821 mini-
2193 771 2249 820 et
2293 782 2396 821 nec
2450 766 2510 820 in
2537 766 2889 835 angelorum,
2920 780 3103 835 neque
3132 762 3553 832 archangelorum
3578 777 3697 814 crea-

517 852 855 915 straverunt,
879 851 1011 919 jure
1041 853 1344 907 laudantur
1372 860 1429 908 et
1455 856 1588 925 quia
1610 856 1938 911 innocenter
1956 857 2112 911 vixe—
2192 855 2365 919 tione,
2415 871 2515 909 seu
2562 860 2895 908 ceterorum
2941 853 3328 924 spiritualium,
3358 849 3572 905 invenies
3621 850 3698 903 boc

514 942 666 1003 runt,
687 954 788 991 nec
802 938 1083 995 immerito
1101 958 1236 996 oves
1252 943 1531 997 dicuntur.
1562 944 1734 998 Porro
1750 944 1972 1016 reprobi
2000 962 2112 1000 non
2196 942 2443 1009 verbum,
2479 943 2588 997 nisi
2612 943 2682 997 de
2706 942 2903 997 mundi
2930 942 3114 1008 initio,
3142 941 3228 994 vel
3270 939 3617 994 constitutione
3638 953 3700 990 re-

526 1031 564 1088 1
579 1031 772 1091 059
782 1044 930 1092 oves,
947 1046 1061 1084 non
1088 1047 1267 1101 capre
1285 1048 1406 1101 que
1422 1032 1733 1086 offeruntur
1747 1033 1807 1087 in
1827 1034 2112 1089 sacriﬁciis
2194 1049 2321 1086 rum
2342 1032 2737 1103 corporalium.
2763 1032 2938 1085 Porro
2964 1047 3000 1084 a
3029 1033 3402 1084 constitutione
3418 1027 3603 1085 mundi,
3628 1042 3699 1079 seu

516 1122 573 1167 et
592 1114 732 1169 fetos
753 1117 1032 1184 nutriunt,
1050 1135 1172 1189 que
1188 1125 1364 1173 tonse
1385 1121 1758 1174 ascenderunt
1773 1122 1842 1175 de
1872 1122 2107 1189 lavacro;
2195 1120 2265 1174 ab
2290 1120 2507 1191 origine
2536 1125 2799 1191 paratum
2826 1135 3064 1189 regnum
3075 1123 3389 1173 sanctorum
3414 1114 3698 1185 praedicatur;

514 1202 664 1257 inter
684 1220 823 1273 quas
843 1207 998 1260 nulla
1021 1207 1229 1261 sterilis
1249 1208 1551 1267 invenitur.
1573 1210 1671 1263 sed
1692 1210 1836 1263 hedi
1857 1217 1991 1265 sunt
2018 1228 2114 1282 ap-
2193 1224 2295 1263 nec
2323 1209 2550 1275 mirum,
2565 1225 2694 1263 cum
2718 1214 2777 1263 et
2796 1208 2903 1279 ipsi
2928 1207 3108 1262 sancti
3128 1212 3258 1261 ante
3283 1203 3462 1259 mundi
3487 1199 3698 1257 constitu—

512 1291 725 1361 pellati,
748 1293 896 1362 quod
916 1294 1126 1348 animal
1150 1296 1308 1349 valde
1330 1297 1595 1350 lascivum
1625 1303 1712 1351 est
1740 1304 1796 1352 et
1823 1300 2107 1369 petulcum
2188 1298 2399 1352 tionem
2444 1297 2684 1368 presciti
2712 1313 2748 1351 a
2774 1282 3013 1351 Domino
3043 1301 3099 1350 et
3127 1292 3486 1367 predestinati
3507 1291 3565 1345 ab
3586 1293 3701 1361 Apo-

512 1393 736 1447 semper
749 1395 920 1433 ruens
940 1380 1011 1434 ad
1040 1382 1268 1436 coitum.
1290 1384 1363 1437 Et
1379 1384 1505 1438 ideo
1533 1385 1774 1455 reprobi,
1807 1387 1939 1457 quia
1966 1403 2109 1442 sem-
2189 1386 2333 1441 stolo
2358 1387 2639 1452 dicuntur,
2669 1386 2731 1440 in
2754 1401 2865 1456 quo
2892 1401 3067 1455 regno
3091 1386 3211 1455 jam
3232 1386 3429 1453 parate
3446 1380 3700 1436 mansiones

512 1480 616 1534 per
642 1465 838 1518 luxum
868 1472 927 1520 et
966 1469 1306 1540 voluptatem
1355 1472 1539 1526 carnis
1567 1480 1700 1528 sunt
1745 1476 1962 1537 sectati,
1995 1492 2109 1530 non
2190 1476 2380 1530 multe
2408 1481 2557 1530 sunt.
2590 1476 2858 1529 Paratum
2887 1474 3164 1544 siquidem
3200 1488 3425 1543 regnum
3448 1470 3510 1523 ab
3535 1469 3701 1539 origine

512 1551 798 1607 immerito
830 1563 1099 1611 vocantur
1120 1558 1537 1631 hedi,quorum
1555 1563 1962 1618 sterilitasboni
1982 1581 2109 1635 ope-
2188 1564 2384 1618 mundi
2436 1569 2662 1635 paratas
2696 1564 2754 1617 in
2783 1580 2843 1617 se
2894 1564 3015 1633 jam
3065 1561 3236 1616 habet
3269 1559 3571 1623 mansiones,
3600 1574 3702 1628 quas

512 1639 594 1694 ris
613 1642 1039 1700 condemnatur.
1076 1647 1145 1700 Et
1174 1648 1307 1718 quia
1333 1650 1615 1705 luxuriose
1644 1653 1830 1706 seculi
1858 1653 2104 1707 oblecta-
2187 1651 2459 1706 Dominus
2503 1653 2532 1705 J
2538 1668 2668 1706 esus
2696 1668 2823 1705 cum
2852 1650 3104 1705 ascendit
3132 1650 3206 1704 ad
3232 1648 3392 1702 celos
3417 1647 3508 1701 ivit
3530 1661 3699 1717 parare,

513 1734 708 1784 menta
725 1738 860 1785 sunt
875 1735 1071 1801 secuti,
1088 1752 1270 1806 neque
1294 1738 1410 1792 suis
1434 1755 1494 1792 se
1512 1740 1788 1795 redimere
1811 1740 2167 1822 volueruntB
2187 1746 2246 1794 et
2263 1756 2374 1794 non
2400 1740 2565 1794 aliter
2583 1756 2752 1811 quam
2789 1744 2998 1810 parate
3019 1744 3200 1793 erant.
3234 1737 3373 1801 Quia
3398 1752 3499 1789 non
3524 1734 3613 1787 nisi
3631 1749 3703 1804 per

512 1814 677 1872 bonis
699 1821 981 1892 justisque
1011 1825 1293 1894 operibus,
1321 1828 1476 1897 justo
1505 1828 1607 1883 Dei
1631 1829 1842 1899 judicio
1870 1847 1937 1884 ex
1957 1814 2164 1886 utro--
2187 1829 2352 1883 ﬁdem
2375 1830 2445 1883 ad
2472 1845 2567 1883 eas
2592 1828 2833 1882 venitur.
2861 1828 2993 1883 Ideo
3018 1827 3098 1882 sic
3128 1826 3385 1899 paranda:
3413 1828 3531 1879 sunt
3554 1824 3603 1877 in
3625 1821 3703 1876 ﬁde

514 1922 623 1977 que
652 1909 1118 1966 condemnantur.
1150 1914 1310 1968 Unde
1339 1916 1610 1986 sequitur.
2187 1918 2728 1987 predestinatorum,
2747 1922 2811 1971 ut
2827 1923 2961 1971 sunt
2969 1916 3165 1986 jamin
3184 1916 3278 1969 illo
3298 1930 3461 1984 regno
3472 1912 3701 1966 caelorum.

591 1997 743 2050 Tunc
757 1999 897 2052 dicet
912 2002 1020 2055 Rea:
1033 2003 1119 2055 his
1140 2007 1289 2072 quia
1309 2006 1516 2058 dextris
1539 2009 1656 2059 suis
1675 2013 1872 2061 erunt:
1905 2010 2099 2075 Venite,
2185 2007 2413 2061 Esurivi
2421 2009 2592 2071 enim,
2611 2012 2659 2059 et
2679 2007 2903 2059 dedistis
2926 2006 3069 2058 mihi
3084 2006 3434 2058 manducare.
3451 2002 3622 2069 Magna
3633 1998 3706 2067 igi-

514 2085 779 2139 benedicti
795 2090 979 2142 Patris
1000 2093 1123 2157 mei,
1137 2094 1397 2160 possidete
1414 2096 1558 2147 vobis
1575 2102 1840 2163 paratum
1870 2113 2105 2164 regnum
2187 2102 2282 2149 tur
2304 2095 2492 2149 unitas
2512 2095 2570 2148 in
2616 2095 2722 2148 hoc
2745 2095 2865 2148 loco
2891 2094 3321 2148 commendatur
3350 2090 3538 2145 Christi
3561 2094 3608 2141 ct
3629 2087 3703 2140 Ec-

512 2188 548 2226 a
578 2178 965 2231 constitutione
992 2182 1213 2233 mundi.
1247 2181 1388 2235 Miro
1408 2182 1580 2252 igitur
1611 2185 1775 2238 modo
1796 2178 1979 2239 forma
2014 2203 2105 2239 re-
2187 2184 2366 2238 clesie
2389 2199 2770 2253 magnumque
2791 2186 3228 2247 sacramentum,
3247 2181 3315 2235 de
3344 2195 3448 2251 quo
3465 2176 3579 2232 dicit
3594 2177 3706 2244 Apo-

509 2262 737 2329 gnantis
754 2262 1147 2331 introducitur,
1166 2274 1228 2322 ut
1248 2286 1413 2323 nemo
1436 2271 1838 2341 discipulorum
1860 2274 1928 2328 de
1952 2274 2107 2344 igno-
2186 2272 2381 2337 stolus,
2418 2271 2551 2342 quia
2576 2276 2742 2325 erunt
2771 2272 2880 2324 duo
2902 2274 2965 2324 in
2985 2286 3155 2324 carne
3177 2286 3292 2324 una
3325 2269 3462 2337 (Gen.
3478 2279 3544 2330 xI,
3565 2262 3653 2329 24),
3668 2262 3705 2315 id

512 2348 689 2402 minia
709 2352 887 2406 crucis
910 2353 1219 2411 erubescat.
1245 2358 1312 2411 Et
1346 2364 1502 2412 vocat
1521 2376 1615 2412 eos
1649 2360 1966 2415 benedictos
1996 2362 2104 2416 Pa-
2187 2365 2274 2414 est
2294 2360 2553 2414 Christus
2572 2365 2630 2412 et
2655 2358 2917 2421 Ecclesia,
2935 2358 3017 2411 ita
3037 2363 3101 2411 ut
3130 2358 3251 2427 ipse
3280 2357 3353 2409 sit
3374 2357 3541 2425 caput,
3557 2356 3604 2405 et
3624 2365 3708 2403 om-

508 2436 612 2490 tris
639 2439 746 2503 sui,
777 2440 846 2494 ob
888 2444 1250 2499 eminentiam
1306 2447 1505 2502 divine
1551 2449 1955 2505 benedictionis
1994 2468 2105 2521 qua
2187 2464 2287 2502 nes
2316 2448 2478 2502 electi
2499 2448 2554 2501 in
2574 2462 2805 2517 corpore
2829 2463 2942 2501 uno
2970 2446 3141 2500 unius
3171 2445 3367 2516 capitis
3392 2440 3638 2497 membra:
3662 2452 3708 2489 ac
3814 2444 3817 2455 '

509 2526 859 2583 condonatur
877 2531 957 2585 eis
982 2532 1257 2587 immensa
1282 2535 1482 2605 gloria,
1502 2538 1599 2607 qui
1621 2536 1898 2591 benedicti
1914 2538 2105 2591 dicun-
2187 2553 2289 2608 per
2319 2537 2423 2589 hoc
2451 2536 2547 2589 ubi
2574 2542 2690 2589 tam
2720 2551 2991 2604 magnum
3019 2534 3442 2589 commendatur
3457 2542 3710 2584 sacramen-

507 2619 620 2680 tur,
645 2620 932 2674 aDomino
952 2625 1052 2691 qui
1068 2624 1195 2690 fecit
1221 2628 1414 2679 cretum
1446 2632 1496 2680 et
1513 2633 1723 2681 terram
1750 2630 1917 2695 (Psal.
1949 2642 2100 2695 CXIII,
2185 2633 2328 2692 tum,
2361 2625 2624 2694 evigilare
2669 2623 2835 2679 debet
2864 2624 3107 2688 animus,
3162 2630 3230 2678 ut
3264 2623 3343 2677 sic
3392 2621 3528 2674 vivat
3557 2620 3606 2670 in
3626 2631 3708 2669 uno

514 2703 622 2775 15),
638 2723 749 2777 qua
778 2710 934 2763 nulla
956 2712 1138 2781 major
1150 2718 1236 2765 est
1252 2713 1563 2768 benedictio
1585 2731 1753 2786 quam
1770 2732 1854 2781 ea,
1869 2733 1982 2786 qua
2004 2735 2105 2787 per
2185 2730 2416 2784 corpore
2436 2713 2662 2779 Christi,
2683 2718 2960 2783 quatenus
2980 2728 3040 2766 se
3064 2712 3276 2766 sentiat
3311 2726 3428 2764 esse
3454 2704 3707 2761 membrum

509 2793 711 2849 Filium
744 2796 1153 2854 benedicuntur
1181 2818 1215 2854 a
1240 2802 1425 2855 Patre.
1456 2803 1637 2866 Quam
1686 2805 1941 2874 regulam
1971 2805 2101 2860 ﬁdei
2185 2804 2412 2859 Christi.
2438 2804 2508 2857 Et
2525 2803 2672 2857 sicut
2693 2801 2988 2856 aediﬁcavit
3018 2800 3248 2871 singula
3273 2796 3513 2853 membra
3535 2807 3709 2862 corpus.

508 2886 794 2955 apostolus
814 2887 1022 2942 Paulus
1046 2895 1271 2943 secutus
1291 2890 1512 2945 aiebat:
1546 2894 1861 2946 Benedictus
1891 2896 2030 2947 Deus
2052 2900 2101 2947 et
2182 2894 2264 2947 ita
2289 2892 2659 2947 coediﬁcetur
2706 2889 3091 2960 unusquisque
3135 2905 3239 2942 suo
3280 2888 3337 2941 in
3365 2885 3478 2940 loco
3508 2883 3707 2937 honeste.

510 2974 673 3026 Pater
692 2976 919 3028 Domini
945 2981 1121 3030 nostri
1148 2980 1274 3031 Jesu
1319 2980 1525 3033 Christi
1557 2984 1658 3048 qui
1687 2982 1961 3035 benedixit
2004 2999 2100 3037 nos
2118 3034 2157 3051 η
2184 2980 2462 3051 quomodo
2486 2996 2588 3033 suo
2605 2983 2878 3048 congruat
2898 2978 3086 3048 capiti,
3105 2983 3166 3031 et
3193 2982 3259 3031 ut
3287 2976 3428 3028 vivat
3452 2975 3506 3027 in
3529 2983 3709 3040 corpore

509 3064 664 3113 omni
685 3063 1047 3118 benedictione
1073 3068 1324 3133 spiritali
1342 3070 1403 3120 in
1420 3068 1634 3122 Christo
1653 3072 1778 3123 Jesu
1791 3074 1854 3123 in
1875 3075 2102 3126 celesti-
2116 3056 2159 3094 υ
2182 3069 2409 3134 Christi,
2441 3073 2670 3138 regatur
2687 3066 2889 3138 spiritu
2908 3066 3027 3120 Dei.
3059 3066 3208 3129 Quia
3234 3065 3533 3137 quicunque
3554 3056 3712 3129 spiritu

510 3148 626 3199 bus.
649 3149 858 3217 (Ep/tes.
884 3165 923 3212 ι,
961 3150 1035 3219 3).
1062 3154 1220 3207 Unde
1251 3154 1383 3224 quia
1405 3156 1573 3209 Pater
1600 3156 1875 3212 benedicit
1896 3160 2101 3215 electos
2183 3157 2286 3212 Dei
2307 3160 2572 3228 aguntur,
2592 3156 2649 3209 hi
2669 3161 2890 3210 tantum
2906 3160 3041 3209 sunt
3060 3155 3163 3209 ﬁlii
3189 3154 3308 3220 Dei,
3328 3152 3518 3206 fratres
3528 3144 3709 3205 Christi,

508 3251 640 3289 suos
669 3252 783 3291 non
802 3239 1172 3311 qualicunque
1201 3242 1610 3313 benedictione,
1639 3246 1734 3300 sed
1766 3248 1918 3301 omni
1938 3247 2102 3303 bene—
2183 3252 2238 3301 et
2252 3248 2443 3301 vivunt
2462 3247 2520 3299 in
2532 3258 2763 3315 corpore
2776 3242 3001 3298 Christi.
3021 3245 3086 3297 In
3105 3242 3311 3315 quibus
3324 3247 3477 3296 tanta
3487 3236 3713 3292 unitasslt

508 3323 753 3379 dictione
770 3327 1008 3397 spiritali
1027 3329 1085 3382 in
1103 3331 1343 3398 Christo,
1363 3334 1492 3402 jure
1508 3334 1626 3404 ipse
1646 3333 1965 3391 benedictos
1986 3336 2095 3391 Pa-
2182 3335 2316 3401 dixi,
2348 3336 2453 3389 hoc
2482 3335 2603 3389 loco
2628 3332 3054 3388 commendatur
3079 3349 3114 3385 a
3146 3332 3403 3395 Domino,
3421 3334 3480 3383 ut
3494 3319 3714 3397 quidquid

507 3412 611 3466 tris
640 3414 727 3468 sui
750 3431 844 3468 eos
873 3423 1048 3485 vocat,
1072 3435 1210 3489 quos
1228 3421 1399 3491 elegit
1417 3422 1537 3492 ipse
1558 3428 1614 3477 et
1640 3424 1711 3477 ad
1743 3441 1978 3494 regnum
2007 3426 2096 3480 in-
2180 3425 2279 3479 uni
2308 3441 2501 3479 eorum
2530 3423 2746 3489 feceris,
2765 3423 2907 3476 miro
2941 3421 3108 3475 modo
3131 3426 3313 3475 totum
3341 3418 3442 3473 sibi
3468 3414 3635 3469 fecisse
3654 3415 3714 3462 te

507 3500 647 3555 vitat
672 3504 1113 3575 percipiendum.
1140 3509 1307 3562 Vocat
1334 3516 1525 3564 autem
1554 3528 1649 3565 eos
1679 3512 1773 3583 qui
1798 3531 1899 3584 per
1928 3515 2097 3568 ﬁdem
2180 3519 2379 3568 stetur.
2416 3514 2595 3584 Super
2622 3512 2967 3566 exultantem
2998 3527 3207 3564 munus
3234 3508 3417 3579 operis
3444 3506 3496 3560 in
3522 3520 3573 3557 se
3599 3495 3713 3571 quod

508 3595 565 3645 et
584 3592 917 3648 charitatem
947 3612 1075 3649 eum
1097 3602 1231 3669 sunt
1250 3599 1447 3664 secuti,
1469 3606 1532 3654 ut
1558 3606 1851 3656 transeant
1877 3603 1947 3656 ad
1977 3620 2099 3674 spe-
2179 3602 2394 3666 feceris,
2410 3608 2475 3656 ut
2492 3602 2701 3656 factum
2718 3600 2856 3655 illud
2886 3599 3190 3669 gloriosius
3210 3594 3563 3652 commendet.
3589 3586 3713 3644 Unde

506 3679 648 3734 ciem
678 3687 902 3738 eterne
923 3683 1166 3752 visionis,
1201 3692 1265 3741 ut
1294 3688 1426 3758 quia
1453 3706 1580 3743 cum
1610 3690 1725 3744 Deo
1753 3691 2011 3746 vixerunt
2038 3692 2097 3746 in
2179 3690 2282 3745 ait:
2307 3692 2532 3744 Esurivi
2545 3693 2714 3755 enim,
2740 3694 2787 3742 et
2804 3690 3027 3742 dedistis
3047 3688 3195 3741 mihi
3209 3675 3711 3741 manducare.Sitiei,

506 3770 725 3835 seculo,
745 3772 1111 3841 proximiores
1137 3779 1194 3827 et
1213 3776 1529 3831 coheredes
1550 3779 1687 3833 ﬁant
1716 3780 1773 3833 in
1796 3796 1966 3849 regno
1996 3797 2097 3850 per
2177 3784 2225 3833 et
2255 3780 2479 3832 dedistis
2510 3780 2655 3831 mihi
2670 3783 2887 3846 potum,
2911 3792 3009 3830 seu
3035 3781 3263 3841 cetera,
3297 3790 3416 3845 que
3443 3768 3611 3824 omnia
3631 3766 3713 3818 hu.

506 3862 1034 3933 contemplationem
1056 3865 1229 3919 totius
1256 3867 1565 3933 Trinitatis.
1585 3869 1748 3931 Cave,
1763 3886 1969 3939 queso,
1985 3870 2095 3923 lec-
2179 3867 2469 3921 manitatis
2496 3867 2756 3920 videntur
2785 3882 2907 3920 esse
2926 3864 3130 3918 ofﬁcia.
3165 3864 3294 3930 Sed,
3319 3868 3380 3916 ut
3399 3860 3523 3926 dixi,
3543 3871 3637 3911 non
3657 3850 3716 3903 sic

505 3952 614 4013 tor,
646 3966 869 4021 semper
896 3952 1288 4007 hereticorum
1312 3955 1563 4021 insidias,
1600 3957 1695 4026 qui
1724 3957 1920 4010 dicunt
1948 3956 2094 4027 quod
2176 3955 2428 4026 accipere
2446 3959 2685 4026 oportet,
2700 3954 2860 4024 quasi
2879 3953 3274 4024 praetermissis
3300 3949 3504 4006 ceteris
3530 3939 3717 3999 virtuti-

503 4035 826 4093 benedictos
856 4040 955 4094 Dei
988 4041 1169 4094 Patris
1203 4042 1329 4096 ideo
1357 4044 1462 4109 hoc
1493 4045 1611 4098 loco
1641 4062 1736 4099 eos
1768 4045 1993 4111 vocarit,
2026 4045 2096 4099 ad
2177 4043 2298 4109 bus,
2323 4049 2565 4110 [03]
2603 4048 2659 4097 et
2687 4042 2947 4096 admissis
2975 4041 3327 4105 criminibus,
3350 4039 3507 4093 unius
3526 4028 3715 4104 justitiiﬁ

504 4124 919 4181 distinctionem
940 4145 1132 4183 eorum
1156 4131 1252 4200 qui
1282 4131 1560 4186 benedicti
1576 4134 1802 4203 quidem
1828 4138 1978 4199 sunt,
1996 4134 2095 4188 sed
2177 4133 2389 4203 species
2410 4133 2468 4186 in
2482 4132 2563 4185 eis
2584 4136 2996 4196 remuneratur,
3013 4130 3163 4184 sicut
3182 4128 3435 4184 nonnulli
3465 4123 3714 4180 aestimant-

502 4211 1037 4285 longeinferius,per
1051 4218 1356 4284 Christum;
1374 4222 1534 4288 quasi
1546 4227 1875 4276 remaneant
1889 4222 1988 4275 ulli
2008 4238 2097 4275 ex—
2177 4221 2601 4289 Absurdumest
2614 4221 2764 4274 enim
2782 4219 2921 4273 nihil
2933 4204 3086 4273 aliud
3098 4219 3413 4287 intelligere
3430 4205 3718 4268 virtutisilliS

504 4304 595 4352 tra
609 4299 753 4355 hanc
768 4301 1331 4377 benedictionem,qui
1349 4306 1625 4362 benedicti
1646 4310 1906 4364 dicantur
1927 4311 2096 4381 (quod
2178 4310 2347 4364 fuisse
2376 4311 2447 4364 ad
2477 4310 2790 4380 premium,
2825 4308 2921 4379 qui
2942 4309 3023 4361 ita
3040 4310 3491 4369 remunerantur,
3509 4299 3604 4356 nisi
3626 4302 3719 4349 tan-

503 4388 734 4443 omnino
761 4391 1035 4445 catholica
1076 4391 1214 4446 ﬁdes
1239 4409 1351 4447 non
1379 4395 1612 4465 recipit),
1647 4396 1791 4450 sicut
1817 4414 1919 4451 nec
1945 4398 2094 4452 ullus
2113 4385 2161 4443 D
2180 4404 2302 4453 tum
2349 4398 2910 4459 communicationem
2942 4396 3332 4450 humanitatis.
3376 4392 3478 4447 Sed
3516 4387 3645 4459 quia,
3671 4386 3719 4433 ut

503 4482 661 4531 extra
678 4477 835 4532 illam
862 4480 1329 4547 maledictionem,
1347 4498 1516 4552 quam
1533 4483 1754 4554 reprobi
1781 4491 1914 4540 sunt
1938 4486 2095 4539 audi-
2176 4486 2308 4551 dixi,
2328 4501 2522 4540 eorum
2533 4500 2772 4555 persona
2790 4484 3185 4549 introducitur,
3209 4482 3326 4553 qui,
3347 4480 3506 4535 rebus
3532 4469 3715 4529 habitis.

501 4565 635 4618 turi.
667 4567 748 4620 Ac
767 4573 1063 4637 propterea
1082 4585 1195 4623 non
1223 4570 1331 4624 nisi
1350 4571 1473 4625 due
1508 4578 1695 4643 partes
1725 4579 1910 4640 erunt,
1938 4574 2092 4627 due-
2174 4591 2277 4629 nec
2304 4591 2370 4627 ex
2390 4580 2508 4628 toto
2530 4590 2652 4644 que
2671 4573 2865 4627 mundi
2886 4578 3019 4626 sunt
3039 4572 3410 4642 reliquerunt,
3429 4572 3618 4622 rectum
3637 4556 3721 4612 fuit

503 4668 611 4721 que
631 4653 899 4720 civitates,
914 4672 1036 4726 que
1061 4655 1131 4710 ab
1150 4657 1312 4737 initio
1332 4660 1520 4713 seculi
1543 4660 1902 4731 colliguntur.
1939 4661 2091 4725 Qua-
2173 4670 2238 4718 ut
2261 4663 2318 4718 in
2346 4664 2433 4717 his
2452 4662 3077 4733 ampliuslaudarentur
3101 4658 3499 4714 ofﬁciosissime
3521 4648 3715 4737 Domine

500 4756 627 4794 rum
651 4756 781 4803 una,
805 4759 918 4798 non
942 4745 1050 4799 nisi
1070 4732 1642 4819 ﬁlios'benedictionis
1663 4755 1957 4820 receptura
1985 4754 2089 4815 est,
2174 4751 2506 4817 deseruisse,
2529 4732 2583 4805 in
2612 4750 2814 4821 quibus
2833 4749 3019 4822 adhuc
3043 4749 3203 4820 quasi
3234 4749 3294 4802 in
3322 4745 3512 4802 seculo
3535 4732 3718 4795 obnoxii

502 4829 683 4883 altera
708 4847 839 4885 vero
868 4835 1296 4907 maledictionis.
1313 4840 1596 4905 Percipite,
1622 4837 1825 4908 inquit,
1856 4854 2091 4905 regnum
2170 4839 2525 4894 tenebantur.
2542 4839 2702 4903 Quod
2724 4845 2781 4892 et
2803 4838 3103 4908 Apostolus
3131 4837 3189 4891 in
3221 4835 3465 4907 Epistola
3483 4846 3577 4886 sua
3600 4838 3718 4880 com-

501 4920 645 4987 quod
658 4922 803 4973 vobis
818 4928 1084 4989 paratum
1109 4929 1231 4978 esta
1251 4929 1635 4980 constitutione
1666 4926 2087 4992 mundi.Porro,
2172 4927 2402 4981 mendat
2429 4928 2499 4981 ad
2520 4927 2839 4982 Corinthios
2858 4925 2945 4979 his
2974 4925 3070 4996 qui
3093 4924 3210 4978 suis
3243 4923 3535 4979 utebantur
3564 4913 3713 4981 rebus,

501 5007 649 5077 quod
687 5008 746 5062 in
784 5010 981 5065 Latino
1008 5030 1044 5066 a
1080 5017 1466 5068 constitutione
1496 5017 1711 5079 mundi,
1746 5014 1805 5068 in
1845 5018 2094 5080 1000
2184 5017 2381 5081 Vestra,
2401 5015 2971 5086 inquit,abundantia
2992 5017 3224 5067 illorum
3257 5002 3712 5081 inopiamsupplcai

501 5097 693 5151 Greco
722 5097 908 5163 habet,
944 5096 1041 5152 οἱπό
1086 5103 1361 5169 καταϐολῆς
1395 5102 1581 5173 κόσμου
1612 5104 1668 5156 id
1693 5110 1780 5157 est
1804 5121 1837 5157 a
1865 5103 2030 5174 depos

2185 5104 2261 5174 [ΙΙ
2294 5104 2417 5159 Cor.
2459 5118 2573 5169 vin,
2600 5104 2685 5169 14,
2726 5102 2826 5172 15);
2858 5102 2915 5156 id
2949 5108 3035 5155 est
3062 5117 3257 5155 eorum
3290 5100 3384 5170 qui
3412 5113 3506 5169 pro
3532 5090 3714 5148 Christo

498 5184 651 5239 tione
669 5187 884 5240 mundi.
916 5189 1039 5241 Non
1065 5189 1213 5242 enim
1240 5190 1343 5244 hoc
1372 5191 1603 5246 verbum
1634 5192 2090 5248 constitutionem
2173 5209 2275 5246 sua
2297 5192 2658 5263 reliquerant,
2676 5197 2742 5244 ut
2760 5196 2817 5244 et
2834 5190 3059 5243 illorum
3078 5186 3605 5243 abundantiavestre
3620 5177 3712 5229 ino-

500 5280 686 5339 sonat,
711 5276 809 5328 sed
839 5276 1249 5346 signiﬁcantius
1268 5278 1323 5332 id
1348 5280 1496 5349 quod
1522 5280 1781 5335 deorsum
1806 5283 2015 5352 jacitur
2031 5283 2092 5337 in
2173 5283 2277 5352 pie
2306 5281 2378 5334 sit
2406 5280 2881 5351 supplementum,
2912 5284 2977 5332 ut
3021 5279 3131 5349 ﬁat
3172 5282 3230 5330 et
3275 5273 3567 5345 equalitas,
3600 5264 3715 5318 sic“t

499 5360 879 5417 fundamentis
934 5365 1301 5435 signiﬁcatur,
1334 5373 1391 5421 et
1430 5368 1487 5422 in
1534 5368 1853 5439 interiorem
1904 5372 2088 5425 locum
2170 5370 2442 5440 scriptum
2462 5375 2549 5422 est
2572 5387 2585 5422 :
2609 5370 2715 5436 Qui
2729 5371 2975 5422 multum
2994 5383 3103 5421 non
3123 5365 3440 5425 abundavit,
3464 5365 3508 5413 et
3523 5357 3611 5425 qui
3622 5366 3713 5440 nio-

499 5450 746 5505 mittitur
784 5452 853 5513 de
881 5452 1258 5523 subliini,,seu
1294 5456 1648 5527 cumqaliqua
1680 5474 1770 5512 res
1800 5459 2088 5512 exordium
2169 5439 2356 5512 dicunt
2392 5474 2503 5511 non
2524 5450 3001 5511 mineravit.~Non
3022 5454 3171 5508 enim
3190 5454 3295 5506 hoc
3313 5451 3458 5515 dicit,
3490 5444 3587 5501 nisi
3604 5439 3712 5494 ﬁde-

500 5540 691 5597 sumit.
724 5541 883 5595 Unde
912 5548 970 5596 et
997 5544 1092 5615 qui
1117 5544 1411 5599 domorum
1440 5544 1625 5617 prima
1644 5546 1864 5615 jaciunt
1887 5547 2088 5603 funda—
2169 5546 2316 5601 libus
2344 5552 2401 5600 et
2448 5546 2679 5623 devotis,
2709 5562 2847 5617 quos
2886 5546 2945 5601 in
2975 5543 3166 5599 multis
3212 5541 3402 5623 laudat
3448 5531 3712 5603 locupletes
