3872 6158
170 235 276 292 865

896 235 1276 291 EXPOSITIO
1318 235 1397 291 IN
1436 235 1889 291 MATTl-IIEUM.
1933 266 2000 277 —
2037 236 2174 293 LIB.
2217 238 2313 305 x1,
2359 226 2517 295 CAP:
2559 241 2726 297 xxv.

3336 243 3441 307 866

170 376 289 413 esse
307 357 624 414 virtutibus.
647 340 953 429 Propterea
975 359 1315 413 studendum
1342 358 1401 413 in
1421 358 1678 414 omnibus
1698 364 1763 414 ut
1778 361 1830 421 Α
1848 359 1907 412 in
1936 375 2003 413 ea
2029 360 2209 415 forma
2238 378 2348 432 qua
2375 365 2599 435 proprie
2624 366 2775 420 ﬁlius
2803 366 3046 424 hominis
3073 376 3176 438 est,
3221 378 3278 427 et
3316 374 3441 446 ipsa

172 452 226 500 et
243 449 350 501 ista
370 447 641 501 habentes
659 447 942 512 studeant,
963 454 1019 501 et
1038 452 1240 501 caetera
1258 448 1529 502 virtutum
1557 448 1761 503 funda-

168 541 356 589 menta
382 551 495 589 non
524 535 807 600 amittant,
842 536 963 589 sine
993 536 1195 606 quibus
1240 536 1381 590 nihil
1416 542 1515 591 aut
1562 553 1762 608 parum

168 624 461 695 proficiunt
488 623 615 678 ista.
648 624 807 678 Unde
836 625 1124 679 sciendum
1167 626 1313 695 quod
1354 625 1499 679 sicut
1526 626 1597 679 ad
1627 643 1760 680 con-

165 711 505 781 sequendam
523 711 910 765 hmreditatem
932 718 1198 766 aeternam
1212 713 1331 767 sola
1342 730 1455 767 non
1473 713 1761 786 sufficiunt

164 800 267 853 ista
298 818 310 852 :
341 800 421 853 ita
449 816 565 853 non
594 805 681 853 est
704 800 966 875 possibile
997 800 1187 854 omnia
1213 801 1311 854 illa
1338 801 1591 872 implere,
1615 802 1761 856 sicut

164 888 387 959 quidam
398 888 548 942 male.
560 895 928 958 praesumunt,
948 895 1010 943 ut
1022 905 1135 943 non
1150 889 1441 959 contingat
1470 907 1573 944 nos
1592 906 1759 961 agere

160 976 376 1047 aliquid
392 981 589 1030 contra
608 977 710 1030 Dei
732 978 1090 1044 mandatum;
1124 978 1256 1049 quia
1284 981 1348 1032 in
1374 982 1567 1033 multis
1588 983 1758 1046 offen-

158 1066 338 1119 dimus
357 1082 543 1119 omnes
564 1067 697 1128 (Jac.
740 1079 823 1131 ΙΙΙ,
867 1064 948 1136 2).
976 1066 1136 1121 Unde
1166 1071 1223 1120 et
1260 1066 1372 1120 ista
1397 1083 1519 1138 qua:
1556 1084 1758 1121 nume-

154 1158 366 1217 rantur,
389 1153 470 1207 sic
490 1153 709 1224 agenda
727 1159 876 1219 sunt,
905 1159 970 1208 ut
986 1159 1043 1208 et
1063 1159 1265 1209 caetera
1289 1155 1460 1210 etiam
1494 1173 1751 1227 corpora-

156 1241 677 1313 lia,quibuscunque
687 1241 957 1297 beneficia
970 1259 1083 1297 non
1104 1243 1483 1313 negligantur,
1498 1245 1556 1298 id
1569 1245 1751 1299 estin-

156 1348 319 1402 super
342 1337 400 1384 et
427 1330 721 1402 spiritalia,
742 1331 923 1386 modis
942 1332 1203 1386 omnibus
1223 1332 1426 1403 quibus
1453 1349 1753 1404 possumus

156 1424 208 1473 et
217 1425 493 1491 quantum
513 1436 812 1490 possumus
830 1436 944 1474 non
960 1421 1289 1475 omittamus
1306 1440 1319 1488 ;
1335 1421 1467 1492 quia
1485 1421 1599 1475 sive
1626 1422 1750 1487 hoc,

155 1508 264 1561 sive
282 1507 380 1562 illo
399 1508 584 1573 modo,
613 1508 850 1579 quisque
866 1508 1338 1579 impleatbonum,
1357 1515 1419 1563 ut
1440 1515 1539 1563 aut
1552 1526 1753 1581 corpus

154 1596 487 1661 carnalibus,
521 1602 620 1651 aut
648 1596 838 1650 anima
865 1597 1151 1651 reficietur
1180 1598 1565 1669 spiritualibus
1593 1599 1748 1664 cibis,

1842 464 1958 502 una
1979 449 2286 520 eademque
2306 468 2562 521 persona,
2587 472 2744 525 aeque
2764 456 2938 511 Filius
2966 459 3069 512 Dei
3090 466 3147 514 et
3165 462 3313 517 ﬁlius
3335 464 3439 518 ho-

1844 537 2031 590 minis.
2055 537 2178 592 Non
2201 539 2333 609 quia
2351 540 2711 611 singulariter
2728 546 2932 599 veritas
2953 553 3055 613 est,
3086 550 3309 604 mentiri
3326 568 3440 608 non

1841 631 2044 695 potest.
2076 627 2145 680 Et
2165 627 2289 681 ideo
2310 630 2648 685 credendum
2680 634 2827 703 quod
2848 636 2964 689 haec
2980 638 3171 691 omnia
3188 638 3247 692 in
3268 656 3441 693 mem-

1840 711 1955 766 bris
1982 714 2118 780 suis,
2149 732 2213 769 ac
2240 716 2289 769 si
2315 716 2372 771 in
2400 734 2478 784 se,
2510 719 2630 789 ipse
2659 721 2944 792 suscipiat,
2978 726 3127 794 quod
3154 727 3214 781 in
3245 728 3440 783 multis

1840 801 1976 856 locis
1997 803 2411 874 Scripturarum
2431 808 2784 878 apertissime
2799 818 3163 880 monstratur,
3181 816 3327 870 sicut
3353 822 3440 872 est

1839 890 1978 944 illud
2010 914 2023 946 :
2056 894 2163 958 Qui
2179 909 2266 947 vos
2286 896 2464 960 audit,
2489 912 2572 949 me
2590 900 2785 963 audit;
2816 905 2864 953 et
2893 905 2993 969 qui
3004 919 3091 955 vos
3114 908 3326 973 recipit,
3352 923 3438 961 me

1840 978 2035 1048 utique
2064 983 2259 1049 recipit
2287 982 2433 1050 (Luc.
2461 999 2515 1046 x,
2554 983 2661 1049 16).
2692 987 2921 1042 Necnon
2959 995 3017 1043 et
3055 990 3223 1046 Saulo
3259 994 3340 1047 ait
3367 995 3437 1050 de

1841 1066 1979 1120 caelo
2006 1066 2217 1133 :Saute,
2242 1068 2429 1135 Saute,
2448 1088 2550 1125 cur
2569 1090 2653 1126 me
2662 1081 3040 1144 persequeris?
3062 1080 3197 1147 (Act.
3220 1080 3299 1149 9.)
3324 1082 3437 1137 Seu

1831 1154 2007 1208 etalia
2019 1157 2372 1227 quamplura.
2388 1159 2452 1212 In
2468 1160 2671 1228 quibus
2686 1164 2942 1219 omnibus
2953 1183 3083 1221 cum
3098 1168 3249 1235 dicit,
3270 1170 3431 1237 mihi,

1832 1247 1932 1296 aut
1958 1260 2072 1311 me,
2095 1261 2153 1297 se
2182 1247 2375 1315 procul
2404 1246 2571 1301 dubio
2598 1249 2813 1320 sibique
2836 1246 3048 1320 fecisse,
3072 1260 3130 1309 et
3157 1257 3227 1310 ad
3257 1275 3315 1312 se
3339 1275 3436 1313 ve-

1833 1330 2002 1397 nisse,
2035 1349 2136 1403 pro
2168 1333 2436 1388 membris
2462 1336 2600 1402 suis,
2619 1337 2857 1409 intelligi
2878 1342 3010 1396 vult.
3032 1344 3434 1402 Verumtamen

1834 1420 2302 1475 considerandum
2344 1427 2429 1476 est
2476 1424 2609 1493 quia
2647 1442 2775 1479 cum
2822 1428 2910 1481 his
2950 1430 3220 1500 loquitur,
3254 1435 3434 1503 quiin

1834 1508 2044 1562 dextris
2063 1517 2163 1562 aut
2184 1510 2427 1565 sinistris
2456 1518 2641 1580 erunt,
2669 1515 2764 1585 qui
2786 1523 2920 1571 sunt
2941 1519 3010 1572 de
3031 1520 3231 1589 quibus
3251 1523 3434 1593 loqui-

1833 1601 1946 1662 tur,
1981 1597 2249 1664 minimis,
2283 1599 2488 1668 quibus
2518 1601 2611 1655 isti
2646 1602 2794 1657 bona
2820 1605 3073 1661 fecerunt
3101 1609 3198 1679 qui
3226 1610 3285 1663 in
3308 1612 3436 1665 dex-

154 1684 323 1739 Deum
354 1686 551 1756 utique
579 1685 776 1755 pascit,
796 1690 853 1738 et
881 1685 1061 1739 reficit
1088 1686 1147 1739 in
1177 1685 1443 1740 membris
1456 1686 1751 1750 suis.Quia
1775 1670 1935 1738 Btris
1962 1692 2146 1753 erunt,
2178 1688 2265 1740 vel
2291 1688 2371 1741 illi
2401 1705 2515 1742 non
2550 1689 2820 1757 fecerunt,
2856 1695 2952 1763 qui
3001 1712 3036 1748 a
3082 1670 3345 1765 sinistris,
3378 1705 3437 1754 et

155 1774 292 1828 sicut
319 1774 534 1828 Christi
562 1774 717 1829 cibus
747 1779 833 1827 est
856 1780 921 1828 ut
946 1774 1117 1828 faciat
1154 1775 1497 1829 voluntatem
1540 1776 1745 1841 Patris,

153 1863 228 1916 ita
255 1867 312 1915 et
340 1862 468 1932 ejus
497 1861 653 1915 cibus
682 1866 739 1915 et
768 1867 933 1932 potus
963 1866 1066 1927 est,
1095 1866 1159 1915 ut
1178 1878 1237 1915 se
1263 1862 1320 1916 in
1344 1862 1631 1917 voluntate
1646 1863 1748 1917 Dei

155 1950 220 2004 ad
245 1949 519 2004 invicem”
535 1950 773 2014 foveant,
823 1955 881 2003 et
920 1949 1206 2004 enutriant
1249 1967 1351 2021 pro
1398 1952 1520 2020 ejus
1557 1967 1749 2005 amore

152 2038 401 2093 membra
422 2039 651 2105 Christi,
673 2039 877 2092 idcirco
897 2038 956 2092 in
974 2038 1064 2092 his
1100 2039 1339 2109 negotiis
1369 2039 1474 2093 sibi
1504 2040 1574 2093 ad
1604 2039 1749 2094 invi-

154 2145 264 2182 cem
285 2144 517 2182 necessc
543 2132 629 2181 est
654 2127 903 2181 serviant
929 2126 1181 2180 membra
1219 2127 1446 2192 Christi,
1481 2133 1546 2182 ut
1566 2132 1623 2181 et
1651 2145 1748 2182 eo-

152 2233 269 2271 rum
296 2216 649 2271 abundantia
677 2215 772 2287 qui
796 2214 1006 2269 habent
1036 2232 1158 2286 quaa
1188 2216 1383 2269 mundi
1410 2222 1561 2279 sunt,
1585 2233 1747 2271 sanc-

152 2312 330 2360 torum
355 2305 610 2376 inopiam
629 2305 905 2375 suppleat,
930 2309 996 2358 ut
1013 2320 1208 2358 eorum
1229 2304 1452 2370 divitiae,
1473 2306 1569 2376 qui
1588 2305 1751 2376 spiri-

152 2393 310 2447 talem
341 2392 517 2446 Verbi
537 2392 910 2446 substantiam
937 2391 1162 2456 habent,
1180 2396 1238 2446 et
1261 2393 1590 2446 meritorum
1610 2393 1748 2447 isto-

154 2498 269 2535 rum
296 2482 373 2535 sit
401 2482 879 2552 supplementum.
902 2480 1061 2535 Unde
1079 2497 1180 2552 pro
1209 2487 1380 2546 certo,
1400 2481 1635 2551 quisque
1654 2498 1749 2536 ne-

156 2587 297 2624 cesse
341 2575 435 2624 est
469 2569 679 2635 credat,
713 2569 979 2640 quoniam
1022 2585 1352 2638 quaecunque
1391 2573 1747 2624 seminaverit

157 2658 322 2723 homo,
350 2658 485 2728 .hzc
518 2661 566 2709 et
604 2661 761 2710 metet
790 2656 995 2729 (Galat.
1027 2670 1104 2723 VI,
1134 2656 1207 2725 7).
1257 2655 1469 2719 Quibus
1514 2672 1746 2711 enume-

156 2746 300 2799 ratis.

225 2834 372 2887 Tunc
400 2834 803 2902 respondebunt
813 2835 961 2901 justi
974 2850 991 2885 :
1013 2833 1261 2898 Domine,
1286 2834 1508 2901 quando
1529 2838 1578 2887 te
1607 2835 1747 2887 vidi-

1830 1772 1955 1826 ideo
1974 1774 2196 1829 Christo
2219 1775 2332 1829 filio
2354 1776 2597 1831 hominis
2620 1794 2729 1831 non
2754 1785 2999 1848 [063
3019 1782 3287 1839 fecerunt.
3304 1786 3436 1850 Qui-

1830 1877 1960 1915 nam
1984 1862 2098 1916 sint
2112 1863 2207 1933 qui
2224 1868 2280 1917 et
2296 1863 2514 1918 minimi
2533 1865 2821 1935 dicantur;
2855 1876 2912 1923 et
2940 1875 3132 1925 tamen
3157 1874 3291 1943 quia
3318 1874 3435 1929 fra-

1828 1954 1946 2003 tres
1971 1957 2121 2012 sunt,
2153 1953 2341 2021 magni
2370 1957 2556 2017 erunt,
2590 1958 2647 2007 et
2677 1970 2778 2024 pro
2825 1957 3048 2012 Christo
3095 1960 3271 2031 accipi
3309 1979 3435 2032 pos-

1830 2043 1982 2102 sunt,
2016 2039 2242 2092 omnino
2273 2055 2384 2094 non
2413 2040 2484 2094 ab
2508 2057 2568 2094 re
2597 2042 2884 2111 quaeritur.
2929 2045 3183 2101 Profecto
3216 2065 3341 2103 cum
3370 2046 3439 2105 in'

1830 2126 2026 2180 eodem
2050 2127 2263 2197 judicio
2293 2130 2436 2183 nulli
2479 2131 2576 2185 alii
2607 2138 2774 2186 erunt
2800 2150 2968 2203 quam
3001 2135 3097 2204 qui
3126 2135 3185 2189 in
3222 2137 3431 2193 dextris

1829 2220 1928 2269 aut
1938 2215 2180 2270 sinistris
2202 2223 2389 2272 erunt.
2408 2225 2464 2272 et
2484 2220 2566 2273 illi
2591 2221 2844 2276 fecerunt
2866 2215 2989 2293 quze
3017 2223 3165 2278 facta
3191 2225 3432 2282 laudan-

1828 2306 1941 2369 tur,
1976 2305 2064 2358 vel
2091 2321 2213 2375 quae
2241 2322 2352 2359 non
2369 2306 2515 2360 facta
2544 2309 3008 2364 condemnantur.
3036 2312 3105 2365 Et
3126 2317 3317 2368 tamen
3337 2316 3431 2369 de-

1822 2394 2194 2448 monstrativa
2206 2394 2615 2464 dicit,quandiu
2627 2397 2855 2464 fecistis,
2874 2400 2961 2453 vel
2981 2416 3093 2454 non
3103 2400 3311 2457 fecistis
3329 2404 3430 2458 uni

1828 2479 1897 2533 de
1917 2480 2004 2533 his
2023 2482 2271 2536 minimis
2288 2483 2555 2538 fratribus
2576 2486 2901 2540 meis.Unde
2911 2493 3067 2557 patet
3077 2493 3433 2562 sensus,quia

1827 2575 2131 2637 praesentes
2152 2577 2337 2637 erunt,
2361 2577 2418 2625 et
2438 2572 2496 2626 hi
2524 2574 2593 2627 de
2623 2575 2827 2644 quibus
2843 2576 3109 2646 loquitur,
3126 2585 3184 2633 et
3200 2580 3272 2633 ad
3290 2597 3430 2650 quos

1828 2657 1989 2726 quasi
2001 2658 2240 2727 digitum
2252 2660 2688 2716 demonstrative
2703 2663 2990 2734 porrigere
3006 2665 3242 2722 videtur.
3258 2669 3428 2723 Idcir-

1826 2760 1890 2799 co
1911 2750 1967 2799 et
1994 2746 2101 2816 ipsi
2129 2747 2188 2800 in
2214 2748 2409 2802 eodem
2421 2750 2633 2819 judicio
2664 2757 2831 2805 erunt
2860 2770 2987 2806 cum
3008 2754 3426 2827 Domino.Ergo

1825 2849 1938 2887 non
1949 2840 2014 2888 ut
2020 2835 2364 2904 judicentur,
2378 2842 2596 2903 utreor,
2612 2840 2708 2893 sed
2722 2846 2786 2893 ut
2790 2841 2811 2910 j
2820 2841 3166 2914 udicent,qui
3184 2861 3290 2899 sua
3311 2862 3428 2899 om-

160 2936 272 2975 mus
282 2925 618 2975 esurientem
632 2923 947 2989 etpavimus
960 2925 1025 2985 te;
1039 2924 1333 2986 sitientem,
1350 2927 1387 2986 1
1401 2925 1594 2987 062
1605 2927 1654 2975 et
1664 2924 1749 2975 de-
1764 2905 1807 2965 Ο
1829 2923 1924 2977 nia
1942 2924 2112 2978 etiam
2133 2934 2190 2979 et
2207 2928 2556 2998 semetipsos,
2581 2945 2682 2999 pro
2704 2905 2925 2984 Christo
2955 2905 3321 3002 reliquerunt.
3355 2935 3427 2989 Hi

157 3012 326 3064 dimus
343 3013 453 3064 tibi
460 3015 671 3079 potum.
693 3010 923 3077 Quando
934 3014 1118 3063 autem
1141 3015 1187 3062 te
1208 3011 1449 3064 vidimus
1462 3011 1743 3078 hospitem,

158 3106 200 3152 et
223 3101 540 3167 collegimus
567 3104 633 3163 te,
653 3114 751 3151 seu
766 3104 985 3152 caetera.
1010 3098 1170 3162 Quod
1188 3097 1234 3150 si
1261 3098 1377 3152 ulla
1395 3098 1747 3153 ratiocinatio

156 3185 208 3239 in
234 3186 433 3240 eodem
457 3185 671 3256 judicio
692 3202 821 3239 voce
846 3185 1211 3256 intelligenda
1227 3190 1397 3252 esset;
1421 3203 1535 3240 non
1553 3186 1748 3257 utique

154 3275 279 3343 justi
304 3291 504 3329 eorum
527 3273 775 3328 oblivisci
794 3279 1057 3344 poterant
1073 3274 1215 3328 forte
1238 3275 1748 3345 imprmsentiarum

158 3379 269 3433 qua
294 3364 579 3435 legerant,
603 3379 700 3417 seu
723 3379 845 3433 qua:
873 3379 975 3434 pro
1000 3364 1124 3433 ejus
1150 3379 1341 3417 amore
1360 3364 1419 3418 in
1436 3364 1623 3417 electis
1645 3363 1747 3417 Dei

156 3457 456 3521 gesserant.
491 3452 649 3505 Sicut
675 3452 842 3505 hodie
862 3468 1028 3506 nemo
1057 3457 1143 3505 est
1167 3453 1263 3522 qui
1293 3452 1516 3522 ignoret
1542 3453 1657 3506 Deo
1688 3468 1746 3505 se

160 3546 417 3610 praestare
448 3540 718 3611 quidquid
735 3540 793 3593 in
813 3540 1153 3612 pauperibus
1171 3540 1379 3594 Christi
1398 3540 1616 3594 tribuit.
1639 3541 1749 3595 Sed

162 3628 253 3682 iste
279 3630 515 3684 effectus
540 3629 708 3694 vocis,
737 3635 836 3684 aut
865 3629 1051 3684 nimia:
1081 3629 1419 3683 humilitatis
1445 3634 1531 3683 est
1558 3646 1745 3693 causa,

162 3722 248 3771 aut
287 3734 511 3788 magna:
544 3717 937 3772 admirationis
976 3724 1061 3772 est
1103 3724 1319 3788 stupor,
1349 3734 1450 3771 cur
1497 3734 1664 3789 quem
1692 3718 1751 3771 in

161 3810 303 3860 tanta
328 3806 647 3876 majestatis
664 3806 844 3876 gloria
871 3806 1222 3877 conspiciunt
1248 3811 1303 3861 et
1327 3807 1659 3873 claritatem,
1703 3806 1751 3860 si

163 3910 276 3948 eum
315 3895 623 3965 aliquando
648 3895 986 3949 esurientem
1015 3896 1100 3948 vel
1128 3890 1411 3949 sitientem
1436 3895 1622 3949 videre
1650 3912 1750 3966 po-

161 3984 418 4051 tuissent;
453 3989 554 4037 aut
572 3984 764 4050 etiam,
788 3989 853 4037 ut
881 3984 962 4037 ita
987 3984 1190 4050 dicam,
1221 4001 1323 4055 pro
1349 3984 1547 4038 eodem
1576 3984 1750 4038 nimio

162 4077 374 4143 stupore
392 4078 452 4126 et
471 4071 847 4126 admiratione
866 4072 1297 4137 incredulitatis,
1314 4073 1461 4143 quod
1482 4072 1630 4126 hunc
1650 4089 1752 4127 un-

162 4177 315 4230 quam
342 4165 622 4232 azgrotum
653 4161 913 4228 viderint,
947 4166 1047 4215 aut
1092 4161 1224 4216 huic
1260 4161 1362 4215 tali
1390 4166 1661 4232 tantoque
1691 4161 1750 4215 in

160 4265 366 4305 carcere
386 4251 571 4321 posito
610 4251 695 4304 vel
722 4250 965 4315 infirmo,
997 4250 1165 4320 digne
1195 4249 1519 4304 ministrare
1549 4256 1750 4321 potue-

1828 3028 2071 3083 namque
2094 3030 2193 3084 pro
2213 3015 2453 3080 Christo,
2480 3016 2539 3070 in
2558 3018 2766 3072 mundo
2785 3018 3025 3089 judicatl
3038 3027 3187 3087 sunt,
3222 3028 3279 3076 et
3300 3024 3426 3078 ideo

1829 3101 1957 3172 ipsi,
1979 3102 2123 3156 sicut
2141 3103 2539 3173 repromissum
2563 3110 2648 3158 est
2667 3106 2724 3160 in
2745 3106 2851 3160 hoc
2866 3107 2987 3177 ipso
3007 3109 3328 3181 Evangelio,
3359 3112 3428 3167 de

1831 3189 1956 3243 aliis
1969 3190 2317 3260 judicabunt.
2338 3192 2450 3263 Ipsi
2464 3196 2527 3247 in
2539 3196 2686 3262 fame
2697 3200 2745 3249 et
2756 3197 2851 3248 siti
2857 3195 3274 3264 ,fuerunt,sicut
3289 3200 3429 3256 Pau-

1828 3278 1918 3332 lus
1939 3285 2237 3334 enumerat
2262 3280 2343 3348 (ΙΙ
2368 3282 2580 3348 Gor.x1,
2615 3283 2721 3351 17).
2755 3286 2824 3338 In
2851 3287 3061 3353 frigore
3084 3292 3135 3341 et
3154 3291 3428 3357 nuditate,

1832 3382 1972 3436 quos
2000 3366 2093 3420 isti
2115 3374 2388 3437 paverunt
2406 3369 2475 3423 de
2496 3370 2613 3423 suis
2628 3371 2800 3440 justis
2829 3372 3132 3441 laboribus,
3167 3381 3225 3430 et
3249 3378 3430 3433 nudos

1831 3460 2259 3524 cooperuerunt.
2283 3457 2368 3510 Ad
2386 3473 2524 3526 quos
2544 3474 2645 3529 pro
2680 3460 2888 3514 Christi
2906 3463 3152 3531 nomine,
3169 3464 3227 3519 in
3243 3482 3430 3521 carce-

1831 3541 1986 3596 ribus
2008 3543 2236 3614 positos,
2260 3552 2533 3600 venerunt
2547 3551 2603 3600 et
2630 3547 3111 3617 ministraverunt,
3134 3569 3350 3609 necnon
3374 3561 3433 3610 et

1829 3631 1889 3685 in
1934 3631 2281 3699 infirmitate,
2325 3649 2419 3687 eos
2454 3635 2729 3689 foverunt.
2763 3637 3117 3709 Quapropter
3146 3658 3258 3695 non
3288 3644 3429 3698 mihi

1830 3719 2050 3774 videtur
2074 3722 2414 3790 generaliter
2436 3723 2646 3777 dictum
2676 3725 2746 3778 de
2775 3726 3033 3781 omnibus
3064 3731 3424 3799 pauperibus,

1831 3809 1929 3862 sed
1960 3809 2027 3863 de
2042 3809 2131 3863 his
2156 3826 2294 3881 quos
2315 3826 2587 3881 pauperes
2609 3812 2815 3866 Christi
2831 3816 3132 3885 Apostolus
3152 3819 3426 3886 nominat,

1834 3898 1929 3968 qui
1960 3904 2017 3951 et
2042 3898 2191 3952 beati
2219 3899 2501 3965 dicuntur,
2539 3901 2673 3970 quia
2700 3918 2973 3971 pauperes
3003 3910 3152 3970 sunt,
3180 3905 3250 3958 ad
3290 3923 3430 3977 quos

1827 3987 1948 4057 jam
1964 4002 2135 4057 supra
2152 3988 2455 4041 extendens
2472 4005 2720 4053 manum,
2752 3990 3008 4044 dicebat:
3042 3994 3115 4047 Hi
3143 4000 3276 4048 sunt
3303 3998 3430 4062 fra-

1834 4080 1939 4128 tres
1967 4079 2095 4140 mei,
2112 4080 2161 4129 et
2186 4082 2364 4129 mater
2375 4092 2514 4141 mea,
2531 4080 2631 4145 qui
2647 4079 2866 4145 faciunt
2886 4084 3222 4136 voluntatem
3245 4086 3429 4138 Patris

1834 4166 1944 4217 mei
1977 4165 2166 4230 (Marc.
2199 4177 2280 4228 III,
2308 4162 2394 4229 33,
2439 4163 2552 4232 34).
2596 4165 2739 4235 Ergo
2770 4167 3026 4223 voluntas
3056 4170 3240 4225 Patris
3270 4172 3425 4227 cibus

1833 4251 2044 4305 Christi
2073 4256 2176 4317 est,
2203 4257 2260 4304 et
2284 4254 2745 4324 potus.Alioquin
2774 4254 2951 4310 libera
2974 4257 3133 4312 nobis
3167 4265 3315 4314 esset
3339 4261 3429 4315 in-

160 4338 277 4405 rint,
309 4345 414 4394 aut
435 4339 506 4393 ad
533 4355 664 4394 eum
695 4336 901 4393 venire.
921 4339 1099 4405 Unde,
1126 4344 1193 4393 ut
1218 4338 1351 4405 dixi,
1386 4339 1434 4393 si
1463 4355 1629 4393 causa
1648 4336 2160 4409 hu-"telligentia.
2188 4341 2335 4411 quod
2364 4341 2423 4395 in
2455 4341 2609 4396 omni
2629 4359 2874 4414 paupere
2896 4344 3152 4400 Christus
3172 4365 3430 4418 pascere-

163 4427 403 4483 militatis
425 4427 686 4498 indignos
705 4444 765 4482 se
781 4428 1147 4498 proclamant,
1167 4428 1346 4498 magis
1367 4428 1568 4482 affectu
1588 4444 1745 4481 men-
1830 4432 1924 4481 tur
1951 4428 2222 4492 esuriens,
2246 4435 2303 4483 et
2322 4430 2516 4484 sitiens
2538 4436 2849 4501 potaretur,
2873 4433 3076 4505 hospes
3096 4450 3319 4507 quoque
3339 4438 3428 4492 in-

165 4516 246 4581 tis,
276 4532 449 4587 quam
479 4518 722 4571 clamore
754 4516 921 4571 vocis.
956 4518 1083 4587 Ipse
1120 4522 1330 4583 autem,
1359 4532 1424 4570 ac
1452 4516 1500 4569 si
1536 4516 1663 4588 pius
1692 4521 1749 4571 et
1830 4516 2132 4571 duceretur
2158 4518 2217 4572 in
2244 4524 2476 4586 tectum,
2505 4520 2689 4574 nudus
2717 4521 3034 4587 vestiretur,
3067 4523 3165 4577 sed
3193 4530 3250 4577 et
3274 4524 3428 4579 inﬁr-

164 4604 395 4660 clemens
419 4606 630 4660 relevat
648 4621 763 4672 eos,
793 4604 1012 4659 blandit
1038 4605 1292 4676 palpans,
1315 4605 1528 4676 aspirat
1554 4605 1612 4658 in
1642 4606 1742 4671 eis,
1830 4621 1955 4659 mus
1983 4606 2321 4673 visitaretur,
2353 4608 2577 4661 clausus
2594 4608 2652 4662 in
2664 4625 2885 4664 carcere
2908 4609 3141 4666 haberet
3162 4613 3427 4669 solatium

165 4693 339 4748 volens
362 4695 445 4748 eis
465 4695 761 4748 ostendere
790 4694 1235 4765 compassionem
1270 4710 1385 4748 sum
1411 4694 1752 4764 germanita-
1830 4694 2239 4748 consolantium
2269 4711 2349 4761 se,
2381 4695 2491 4749 nisi
2520 4701 2639 4750 tam
2668 4697 2894 4752 evidens
2922 4715 3117 4754 eorum
3151 4706 3298 4756 esset
3326 4703 3426 4757 de-

166 4781 245 4848 tis,
274 4788 330 4837 et
359 4783 499 4836 dicit
529 4801 541 4835 :
573 4783 749 4837 Amen
778 4784 897 4837 dico
925 4784 1090 4847 vobis,
1121 4784 1374 4851 quandiu
1398 4784 1601 4850 fecistis
1644 4786 1751 4837 uni
1829 4783 2182 4848 monstratio,
2207 4783 2276 4836 de
2299 4783 2501 4854 quibus
2530 4784 2699 4850 dicat,
2724 4790 2788 4840 ut
2808 4787 3011 4841 alicubi
3029 4804 3130 4844 nos
3149 4790 3425 4861 respicere

167 4874 488 4925 “minimis
518 4874 639 4925 istis
662 4873 939 4939 fratribus
968 4874 1119 4937 meis,
1138 4872 1283 4924 mihi
1305 4872 1529 4937 fecistis.
1550 4871 1616 4925 In
1634 4871 1749 4925 suis
1830 4886 1945 4925 non
1973 4871 2140 4935 sinat,
2164 4871 2273 4925 nisi
2293 4871 2363 4925 ad
2383 4888 2478 4926 eos
2507 4888 2645 4942 quos
2669 4875 2828 4944 quasi
2860 4876 3224 4945 proximiores
3252 4880 3426 4950 digito

166 4958 400 5026 profecto
432 4976 492 5013 se
520 4958 850 5029 pronuntiat
867 4958 1057 5024 fuisse,
1078 4958 1193 5013 imo
1220 4957 1326 5012 sibi
1356 4958 1547 5012 omnia
1570 4959 1750 5029 magis
1808 4960 2199 5025 demonstrat,
2224 4975 2363 5031 quos
2383 4960 2584 5015 fratres
2612 4978 2762 5027 suos,
2778 4962 2908 5018 licet
2928 4964 3211 5033 minimos,
3233 4974 3422 5038 vocat;

166 5061 319 5115 quam
350 5048 465 5101 illis
488 5048 858 5113 ministrasse,
879 5052 935 5101 et
952 5053 1018 5102 ut
1036 5047 1119 5101 ita
1144 5047 1341 5113 f'atear,
1355 5052 1516 5101 tanta
1533 5064 1661 5102 cum
1683 5065 1749 5102 eo
1830 5064 1943 5103 non
1972 5049 2043 5103 ad
2074 5048 2549 5119 comparationem
2580 5064 2773 5103 eorum
2802 5067 2941 5121 quos
2961 5069 3062 5123 pro
3078 5053 3215 5124 ipsis
3235 5072 3425 5110 remu-

164 5133 216 5186 in
240 5137 459 5191 unitate
483 5137 673 5201 fuisse,
704 5142 770 5190 ut
804 5136 972 5190 simul
1001 5136 1149 5189 dicat
1184 5136 1244 5189 in
1282 5151 1395 5190 uno
1441 5136 1749 5207 eodemque
1831 5143 2010 5204 nerat,
2043 5142 2107 5191 ut
2144 5137 2363 5190 minimi
2382 5153 2575 5191 eorum
2602 5138 2876 5205 dicantur,
2910 5142 3007 5195 sed
3036 5142 3107 5195 ad
3132 5159 3426 5214 compara-

165 5220 300 5276 facto
331 5222 440 5278 sibi
463 5231 520 5278 et
538 5225 651 5278 illis
675 5224 864 5279 omnia
882 5224 1097 5279 fecisse.
1121 5224 1264 5279 Hinc
1286 5241 1508 5296 quoque
1526 5225 1751 5279 eviden-
1832 5226 2044 5279 tionem
2074 5226 2181 5278 sui.
2206 5226 2306 5279 Vel
2333 5225 2503 5280 etiam
2519 5225 2644 5281 ideo
2663 5228 2903 5294 minimi,
2930 5230 3061 5300 quia
3080 5231 3219 5284 tales
3248 5233 3425 5288 mitis-

165 5315 244 5364 ter
268 5312 350 5366 ait
378 5331 392 5365 :
428 5306 711 5380 Quandiu‘
739 5316 942 5381 fecistis
978 5317 1085 5367 uni
1111 5315 1174 5367 de
1204 5314 1289 5367 his
1322 5316 1578 5366 minimis
1608 5318 1747 5379 istis,
1833 5314 1960 5368 simi
1986 5319 2045 5367 et
2063 5313 2304 5368 humiles
2333 5320 2500 5369 erunt
2530 5334 2544 5371 :
2574 5333 2811 5387 quorum
2842 5334 3129 5386 numerus,
3161 5320 3292 5390 quia
3312 5324 3427 5379 exi-

166 5399 302 5452 mihi
328 5401 556 5467 fecistis;
587 5416 649 5455 se
676 5401 943 5455 nimirum
970 5400 1204 5472 pavisse,
1238 5416 1409 5471 seque
1429 5406 1671 5470 potasse,
1695 5404 1754 5454 et
1833 5403 1933 5457 mii
1961 5409 2145 5468 erunt,
2177 5403 2303 5458 ideo
2340 5403 2482 5458 forte
2528 5405 2588 5459 in
2621 5407 3036 5477 comparatione
3066 5410 3338 5479 omnium,
3370 5420 3428 5467 et

166 5489 266 5545 sibi
291 5492 486 5550 fecisse
515 5499 574 5550 ct
603 5494 674 5551 ad
701 5512 762 5550 se
797 5495 1016 5550 venisse
1053 5498 1313 5549 testatur.
1348 5493 1753 5550 Verumtamen
1832 5493 1953 5564 ipse
1980 5491 2249 5547 minimus
2275 5493 2410 5552 erit.
2447 5492 2607 5549 Unde
2634 5500 2692 5550 et
2717 5496 2838 5566 ipse
2869 5496 3041 5552 aliubi
3074 5516 3086 5552 :
3123 5499 3424 5569 Conﬁtebor
