  <div class='ocr_page' id='page_1' title='image "/cluster/home/n/w/nwhite01/storage/ocr_20150623/120/hvd.32044054759824/439.png"; bbox 0 0 3872 6158; ppageno 0'>
   <div class='ocr_carea' id='block_1_1' title="bbox 488 218 595 283">
    <p class='ocr_par' dir='ltr' id='par_1_1' title="bbox 488 218 595 283">
     <span class='ocr_line' id='line_1_1' title="bbox 488 218 595 283; baseline 0 -4"><span class='ocrx_word' id='word_1_1' title='bbox 488 218 595 283; x_wconf 74' lang='grc'>867</span> 
     </span>
    </p>
   </div>
   <div class='ocr_carea' id='block_1_2' title="bbox 1237 201 2082 271">
    <p class='ocr_par' dir='ltr' id='par_1_2' title="bbox 1237 203 2082 271">
     <span class='ocr_line' id='line_1_2' title="bbox 1237 203 2082 271; baseline -0.005 -9"><span class='ocrx_word' id='word_1_2' title='bbox 1237 206 1297 262; x_wconf 83' lang='lat'>8.</span> <span class='ocrx_word' id='word_1_3' title='bbox 1336 204 1719 271; x_wconf 74' lang='lat' dir='ltr'>PASCHASII</span> <span class='ocrx_word' id='word_1_4' title='bbox 1756 203 2082 269; x_wconf 73' lang='lat' dir='ltr'>RADBER&#39;I</span> 
     </span>
    </p>
   </div>
   <div class='ocr_carea' id='block_1_3' title="bbox 2170 201 2999 271">
    <p class='ocr_par' dir='ltr' id='par_1_3' title="bbox 2170 201 2999 271">
     <span class='ocr_line' id='line_1_3' title="bbox 2170 201 2999 271; baseline 0 -11"><span class='ocrx_word' id='word_1_5' title='bbox 2170 201 2462 271; x_wconf 60' lang='lat' dir='ltr'>ABBATIS</span> <span class='ocrx_word' id='word_1_6' title='bbox 2498 202 2867 271; x_wconf 74' lang='lat' dir='ltr'>GORBEIEN</span> <span class='ocrx_word' id='word_1_7' title='bbox 2870 203 2999 271; x_wconf 64' lang='lat'>818.</span> 
     </span>
    </p>
   </div>
   <div class='ocr_carea' id='block_1_4' title="bbox 3587 210 3673 275">
    <p class='ocr_par' dir='ltr' id='par_1_4' title="bbox 3587 210 3673 275">
     <span class='ocr_line' id='line_1_4' title="bbox 3587 210 3673 275; baseline 0 0"><span class='ocrx_word' id='word_1_8' title='bbox 3587 210 3673 275; x_wconf 74' lang='lat'><strong>868</strong></span> 
     </span>
    </p>
   </div>
   <div class='ocr_carea' id='block_1_5' title="bbox 485 322 3676 409">
    <p class='ocr_par' dir='ltr' id='par_1_5' title="bbox 485 322 3676 409">
     <span class='ocr_line' id='line_1_5' title="bbox 485 322 3676 409; baseline -0.004 -18"><span class='ocrx_word' id='word_1_9' title='bbox 485 343 612 409; x_wconf 62' lang='lat' dir='ltr'>tibi,</span> <span class='ocrx_word' id='word_1_10' title='bbox 638 342 868 403; x_wconf 67' lang='lat' dir='ltr'>Domine</span> <span class='ocrx_word' id='word_1_11' title='bbox 886 340 1071 402; x_wconf 67' lang='lat' dir='ltr'>Pater,</span> <span class='ocrx_word' id='word_1_12' title='bbox 1093 334 1195 403; x_wconf 79' lang='lat' dir='ltr'>qui</span> <span class='ocrx_word' id='word_1_13' title='bbox 1212 329 1544 385; x_wconf 71' lang='lat' dir='ltr'>abscondisti</span> <span class='ocrx_word' id='word_1_14' title='bbox 1560 326 1669 380; x_wconf 59' lang='lat' dir='ltr'>hac</span> <span class='ocrx_word' id='word_1_15' title='bbox 1685 340 1721 377; x_wconf 94' lang='lat' dir='ltr'>a</span> <span class='ocrx_word' id='word_1_16' title='bbox 1744 323 2081 393; x_wconf 78' lang='lat' dir='ltr'>sapientibus</span> <span class='ocrx_word' id='word_1_17' title='bbox 2096 323 2149 385; x_wconf 74' lang='grc' dir='ltr'><strong>Α</strong></span> <span class='ocrx_word' id='word_1_18' title='bbox 2163 322 2477 391; x_wconf 86' lang='lat' dir='ltr'>hominum,</span> <span class='ocrx_word' id='word_1_19' title='bbox 2514 340 2644 379; x_wconf 91' lang='lat' dir='ltr'>cum</span> <span class='ocrx_word' id='word_1_20' title='bbox 2671 323 2822 380; x_wconf 86' lang='lat' dir='ltr'>Deus</span> <span class='ocrx_word' id='word_1_21' title='bbox 2848 324 3053 381; x_wconf 86' lang='lat' dir='ltr'>veritas</span> <span class='ocrx_word' id='word_1_22' title='bbox 3087 326 3212 397; x_wconf 84' lang='lat' dir='ltr'>jam</span> <span class='ocrx_word' id='word_1_23' title='bbox 3247 342 3371 385; x_wconf 82' lang='lat' dir='ltr'>eum</span> <span class='ocrx_word' id='word_1_24' title='bbox 3391 333 3447 385; x_wconf 80' lang='lat' dir='ltr'>et</span> <span class='ocrx_word' id='word_1_25' title='bbox 3466 339 3676 402; x_wconf 58' lang='lat' dir='ltr'>parum</span> 
     </span>
    </p>
   </div>
   <div class='ocr_carea' id='block_1_6' title="bbox 484 409 2082 500">
    <p class='ocr_par' dir='ltr' id='par_1_6' title="bbox 484 409 2082 500">
     <span class='ocr_line' id='line_1_6' title="bbox 484 409 2082 500; baseline -0.016 -11"><span class='ocrx_word' id='word_1_26' title='bbox 484 436 538 493; x_wconf 71' lang='lat' dir='ltr'>et</span> <span class='ocrx_word' id='word_1_27' title='bbox 560 428 950 500; x_wconf 70' lang='lat' dir='ltr'>prudentibus,</span> <span class='ocrx_word' id='word_1_28' title='bbox 980 430 1029 481; x_wconf 80' lang='lat' dir='ltr'>et</span> <span class='ocrx_word' id='word_1_29' title='bbox 1057 422 1314 487; x_wconf 76' lang='lat' dir='ltr'>reuelasti</span> <span class='ocrx_word' id='word_1_30' title='bbox 1340 434 1402 471; x_wconf 83' lang='lat' dir='ltr'>ea</span> <span class='ocrx_word' id='word_1_31' title='bbox 1425 416 1680 485; x_wconf 77' lang='lat' dir='ltr'>parvulis</span> <span class='ocrx_word' id='word_1_32' title='bbox 1713 414 1859 480; x_wconf 74' lang='lat' dir='ltr'>(Luc.</span> <span class='ocrx_word' id='word_1_33' title='bbox 1890 429 1943 479; x_wconf 85' lang='lat' dir='ltr'>x,</span> <span class='ocrx_word' id='word_1_34' title='bbox 1972 409 2082 481; x_wconf 76' lang='grc'><strong>21).</strong></span> 
     </span>
    </p>
   </div>
   <div class='ocr_carea' id='block_1_7' title="bbox 485 500 2089 582">
    <p class='ocr_par' dir='ltr' id='par_1_7' title="bbox 485 500 2089 582">
     <span class='ocr_line' id='line_1_7' title="bbox 485 500 2089 582; baseline -0.018 -1"><span class='ocrx_word' id='word_1_35' title='bbox 485 519 605 582; x_wconf 84' lang='lat' dir='ltr'>Nec</span> <span class='ocrx_word' id='word_1_36' title='bbox 631 524 825 581; x_wconf 80' lang='lat' dir='ltr'>tamen</span> <span class='ocrx_word' id='word_1_37' title='bbox 850 517 960 571; x_wconf 85' lang='lat' dir='ltr'>ista</span> <span class='ocrx_word' id='word_1_38' title='bbox 983 514 1111 571; x_wconf 86' lang='lat' dir='ltr'>ideo</span> <span class='ocrx_word' id='word_1_39' title='bbox 1138 507 1491 579; x_wconf 86' lang='lat' dir='ltr'>replicamus,</span> <span class='ocrx_word' id='word_1_40' title='bbox 1526 508 1591 557; x_wconf 91' lang='lat' dir='ltr'>ut</span> <span class='ocrx_word' id='word_1_41' title='bbox 1618 518 1887 572; x_wconf 79' lang='lat' dir='ltr'>negemus</span> <span class='ocrx_word' id='word_1_42' title='bbox 1917 500 2089 571; x_wconf 90' lang='lat' dir='ltr'>quod-</span> 
     </span>
    </p>
   </div>
   <div class='ocr_carea' id='block_1_8' title="bbox 486 590 2088 679">
    <p class='ocr_par' dir='ltr' id='par_1_8' title="bbox 486 590 2088 679">
     <span class='ocr_line' id='line_1_8' title="bbox 486 590 2088 679; baseline -0.015 -13"><span class='ocrx_word' id='word_1_43' title='bbox 486 624 709 679; x_wconf 84' lang='lat' dir='ltr'>cunque</span> <span class='ocrx_word' id='word_1_44' title='bbox 730 606 882 670; x_wconf 89' lang='lat' dir='ltr'>boni,</span> <span class='ocrx_word' id='word_1_45' title='bbox 896 604 982 660; x_wconf 88' lang='lat' dir='ltr'>vel</span> <span class='ocrx_word' id='word_1_46' title='bbox 1006 600 1319 666; x_wconf 79' lang='lat' dir='ltr'>cuicunque</span> <span class='ocrx_word' id='word_1_47' title='bbox 1338 595 1397 648; x_wconf 89' lang='lat' dir='ltr'>in</span> <span class='ocrx_word' id='word_1_48' title='bbox 1414 591 1643 648; x_wconf 82' lang='lat' dir='ltr'>nomine</span> <span class='ocrx_word' id='word_1_49' title='bbox 1660 591 1826 679; x_wconf 80' lang='lat' dir='ltr'>justi,</span> <span class='ocrx_word' id='word_1_50' title='bbox 1853 590 2088 679; x_wconf 89' lang='lat' dir='ltr'>quisque</span> 
     </span>
    </p>
   </div>
   <div class='ocr_carea' id='block_1_9' title="bbox 482 678 2075 765">
    <p class='ocr_par' dir='ltr' id='par_1_9' title="bbox 482 678 2075 765">
     <span class='ocr_line' id='line_1_9' title="bbox 482 678 2075 765; baseline -0.016 -9"><span class='ocrx_word' id='word_1_51' title='bbox 482 678 699 762; x_wconf 64' lang='lat' dir='ltr'>fecerit,</span> <span class='ocrx_word' id='word_1_52' title='bbox 730 693 880 765; x_wconf 88' lang='lat' dir='ltr'>quod</span> <span class='ocrx_word' id='word_1_53' title='bbox 910 688 1224 749; x_wconf 79' lang='lat' dir='ltr'>mercedem</span> <span class='ocrx_word' id='word_1_54' title='bbox 1250 682 1391 753; x_wconf 84' lang='lat' dir='ltr'>justi</span> <span class='ocrx_word' id='word_1_55' title='bbox 1430 697 1543 736; x_wconf 91' lang='lat' dir='ltr'>non</span> <span class='ocrx_word' id='word_1_56' title='bbox 1581 678 1784 734; x_wconf 89' lang='lat' dir='ltr'>debeat</span> <span class='ocrx_word' id='word_1_57' title='bbox 1820 678 2075 750; x_wconf 85' lang='lat' dir='ltr'>perdere,</span> 
     </span>
    </p>
   </div>
   <div class='ocr_carea' id='block_1_10' title="bbox 483 766 2091 855">
    <p class='ocr_par' dir='ltr' id='par_1_10' title="bbox 483 766 2091 855">
     <span class='ocr_line' id='line_1_10' title="bbox 483 766 2091 855; baseline -0.012 -16"><span class='ocrx_word' id='word_1_58' title='bbox 483 785 595 847; x_wconf 79' lang='lat' dir='ltr'>Sed</span> <span class='ocrx_word' id='word_1_59' title='bbox 623 787 943 855; x_wconf 75' lang='lat' dir='ltr'>propterea,</span> <span class='ocrx_word' id='word_1_60' title='bbox 982 778 1225 843; x_wconf 68' lang='lat' dir='ltr'><strong>I064</strong></span> <span class='ocrx_word' id='word_1_61' title='bbox 1254 778 1319 825; x_wconf 89' lang='lat' dir='ltr'>ut</span> <span class='ocrx_word' id='word_1_62' title='bbox 1345 768 1639 824; x_wconf 79' lang='lat' dir='ltr'>domestici</span> <span class='ocrx_word' id='word_1_63' title='bbox 1667 766 1845 837; x_wconf 87' lang='lat' dir='ltr'>magis</span> <span class='ocrx_word' id='word_1_64' title='bbox 1868 781 2091 837; x_wconf 80' lang='lat' dir='ltr'>semper</span> 
     </span>
    </p>
   </div>
   <div class='ocr_carea' id='block_1_11' title="bbox 487 855 2092 939">
    <p class='ocr_par' dir='ltr' id='par_1_11' title="bbox 487 855 2092 939">
     <span class='ocr_line' id='line_1_11' title="bbox 487 855 2092 939; baseline -0.011 -11"><span class='ocrx_word' id='word_1_65' title='bbox 487 874 548 936; x_wconf 83' lang='lat' dir='ltr'>in</span> <span class='ocrx_word' id='word_1_66' title='bbox 568 873 676 931; x_wconf 84' lang='lat' dir='ltr'>ﬁde</span> <span class='ocrx_word' id='word_1_67' title='bbox 697 870 998 939; x_wconf 76' lang='lat' dir='ltr'>eligantur,</span> <span class='ocrx_word' id='word_1_68' title='bbox 1014 870 1073 918; x_wconf 90' lang='lat' dir='ltr'>et</span> <span class='ocrx_word' id='word_1_69' title='bbox 1088 863 1184 934; x_wconf 87' lang='lat' dir='ltr'>qui</span> <span class='ocrx_word' id='word_1_70' title='bbox 1202 860 1462 916; x_wconf 79' lang='lat' dir='ltr'>laborant</span> <span class='ocrx_word' id='word_1_71' title='bbox 1477 859 1538 913; x_wconf 90' lang='lat' dir='ltr'>in</span> <span class='ocrx_word' id='word_1_72' title='bbox 1556 857 1721 912; x_wconf 87' lang='lat' dir='ltr'>verbo</span> <span class='ocrx_word' id='word_1_73' title='bbox 1741 856 1841 912; x_wconf 87' lang='lat' dir='ltr'>Dei</span> <span class='ocrx_word' id='word_1_74' title='bbox 1856 862 1912 910; x_wconf 89' lang='lat' dir='ltr'>et</span> <span class='ocrx_word' id='word_1_75' title='bbox 1931 855 2092 911; x_wconf 82' lang='lat' dir='ltr'>disci-</span> 
     </span>
    </p>
   </div>
   <div class='ocr_carea' id='block_1_12' title="bbox 487 945 2092 1029">
    <p class='ocr_par' dir='ltr' id='par_1_12' title="bbox 487 945 2092 1029">
     <span class='ocr_line' id='line_1_12' title="bbox 487 945 2092 1029; baseline -0.011 -16"><span class='ocrx_word' id='word_1_76' title='bbox 487 960 701 1029; x_wconf 84' lang='lat' dir='ltr'>plinam</span> <span class='ocrx_word' id='word_1_77' title='bbox 730 953 939 1011; x_wconf 84' lang='lat' dir='ltr'>Christi</span> <span class='ocrx_word' id='word_1_78' title='bbox 964 950 1228 1011; x_wconf 81' lang='lat' dir='ltr'>exhibent</span> <span class='ocrx_word' id='word_1_79' title='bbox 1266 949 1325 1003; x_wconf 91' lang='lat' dir='ltr'>in</span> <span class='ocrx_word' id='word_1_80' title='bbox 1366 963 1444 1014; x_wconf 90' lang='lat' dir='ltr'>se,</span> <span class='ocrx_word' id='word_1_81' title='bbox 1479 945 1719 1016; x_wconf 87' lang='lat' dir='ltr'>amplius</span> <span class='ocrx_word' id='word_1_82' title='bbox 1745 945 2092 998; x_wconf 82' lang='lat' dir='ltr'>honorantur</span> 
     </span>
    </p>
   </div>
   <div class='ocr_carea' id='block_1_13' title="bbox 484 1032 2090 1111">
    <p class='ocr_par' dir='ltr' id='par_1_13' title="bbox 484 1032 2090 1111">
     <span class='ocr_line' id='line_1_13' title="bbox 484 1032 2090 1111; baseline -0.012 -7"><span class='ocrx_word' id='word_1_83' title='bbox 484 1045 641 1107; x_wconf 83' lang='lat' dir='ltr'>omni</span> <span class='ocrx_word' id='word_1_84' title='bbox 668 1042 936 1111; x_wconf 84' lang='lat' dir='ltr'>obsequio</span> <span class='ocrx_word' id='word_1_85' title='bbox 956 1038 1346 1097; x_wconf 77' lang='lat' dir='ltr'>humanitatis.</span> <span class='ocrx_word' id='word_1_86' title='bbox 1371 1035 1517 1099; x_wconf 85' lang='lat' dir='ltr'>Quia</span> <span class='ocrx_word' id='word_1_87' title='bbox 1543 1050 1645 1105; x_wconf 89' lang='lat' dir='ltr'>pro</span> <span class='ocrx_word' id='word_1_88' title='bbox 1674 1032 1881 1087; x_wconf 84' lang='lat' dir='ltr'>talibus</span> <span class='ocrx_word' id='word_1_89' title='bbox 1908 1033 2090 1102; x_wconf 76' lang='lat' dir='ltr'>major</span> 
     </span>
    </p>
   </div>
   <div class='ocr_carea' id='block_1_14' title="bbox 489 1124 1959 1202">
    <p class='ocr_par' dir='ltr' id='par_1_14' title="bbox 489 1124 1959 1202">
     <span class='ocr_line' id='line_1_14' title="bbox 489 1124 1959 1202; baseline -0.012 -11"><span class='ocrx_word' id='word_1_90' title='bbox 489 1149 704 1196; x_wconf 80' lang='lat' dir='ltr'>merces</span> <span class='ocrx_word' id='word_1_91' title='bbox 732 1129 1064 1202; x_wconf 80' lang='lat' dir='ltr'>acquiritur,</span> <span class='ocrx_word' id='word_1_92' title='bbox 1097 1132 1156 1182; x_wconf 87' lang='lat' dir='ltr'>et</span> <span class='ocrx_word' id='word_1_93' title='bbox 1182 1124 1381 1196; x_wconf 79' lang='lat' dir='ltr'>religio</span> <span class='ocrx_word' id='word_1_94' title='bbox 1404 1124 1615 1179; x_wconf 76' lang='lat' dir='ltr'>Christi</span> <span class='ocrx_word' id='word_1_95' title='bbox 1644 1126 1959 1177; x_wconf 82' lang='lat' dir='ltr'>veneratur.</span> 
     </span>
    </p>
   </div>
   <div class='ocr_carea' id='block_1_15' title="bbox 566 1212 2081 1286">
    <p class='ocr_par' dir='ltr' id='par_1_15' title="bbox 566 1212 2081 1286">
     <span class='ocr_line' id='line_1_15' title="bbox 566 1212 2081 1286; baseline -0.009 -10"><span class='ocrx_word' id='word_1_96' title='bbox 566 1223 717 1277; x_wconf 73' lang='lat' dir='ltr'>Tum:</span> <span class='ocrx_word' id='word_1_97' title='bbox 730 1222 870 1281; x_wconf 78' lang='lat' dir='ltr'>dicet</span> <span class='ocrx_word' id='word_1_98' title='bbox 883 1224 932 1273; x_wconf 81' lang='lat' dir='ltr'>et</span> <span class='ocrx_word' id='word_1_99' title='bbox 946 1219 1032 1273; x_wconf 74' lang='lat' dir='ltr'>his</span> <span class='ocrx_word' id='word_1_100' title='bbox 1043 1219 1143 1286; x_wconf 81' lang='lat' dir='ltr'>qui</span> <span class='ocrx_word' id='word_1_101' title='bbox 1152 1216 1446 1273; x_wconf 67' lang='lat' dir='ltr'>ministris</span> <span class='ocrx_word' id='word_1_102' title='bbox 1457 1218 1644 1267; x_wconf 83' lang='lat' dir='ltr'>erunt:</span> <span class='ocrx_word' id='word_1_103' title='bbox 1660 1212 1969 1265; x_wconf 79' lang='lat' dir='ltr'>Disceditea</span> <span class='ocrx_word' id='word_1_104' title='bbox 1981 1226 2081 1278; x_wconf 82' lang='lat' dir='ltr'>me,</span> 
     </span>
    </p>
   </div>
   <div class='ocr_carea' id='block_1_16' title="bbox 488 1300 2089 1374">
    <p class='ocr_par' dir='ltr' id='par_1_16' title="bbox 488 1300 2089 1374">
     <span class='ocr_line' id='line_1_16' title="bbox 488 1300 2089 1374; baseline -0.006 -11"><span class='ocrx_word' id='word_1_105' title='bbox 488 1310 790 1374; x_wconf 73' lang='lat' dir='ltr'>maledicti,</span> <span class='ocrx_word' id='word_1_106' title='bbox 804 1310 869 1362; x_wconf 86' lang='lat' dir='ltr'>in</span> <span class='ocrx_word' id='word_1_107' title='bbox 896 1310 1080 1374; x_wconf 79' lang='lat' dir='ltr'>ignem</span> <span class='ocrx_word' id='word_1_108' title='bbox 1101 1310 1391 1365; x_wconf 55' lang='lat' dir='ltr'>aeternum,</span> <span class='ocrx_word' id='word_1_109' title='bbox 1411 1304 1511 1370; x_wconf 82' lang='lat' dir='ltr'>qui</span> <span class='ocrx_word' id='word_1_110' title='bbox 1532 1306 1765 1369; x_wconf 79' lang='lat' dir='ltr'>paratus</span> <span class='ocrx_word' id='word_1_111' title='bbox 1778 1304 1855 1354; x_wconf 76' lang='lat' dir='ltr'>est</span> <span class='ocrx_word' id='word_1_112' title='bbox 1873 1300 2089 1353; x_wconf 76' lang='lat' dir='ltr'>diabolo</span> 
     </span>
    </p>
   </div>
   <div class='ocr_carea' id='block_1_17' title="bbox 484 1388 2092 1465">
    <p class='ocr_par' dir='ltr' id='par_1_17' title="bbox 484 1388 2092 1465">
     <span class='ocr_line' id='line_1_17' title="bbox 484 1388 2092 1465; baseline -0.007 -11"><span class='ocrx_word' id='word_1_113' title='bbox 484 1404 539 1463; x_wconf 74' lang='lat' dir='ltr'>et</span> <span class='ocrx_word' id='word_1_114' title='bbox 575 1400 785 1465; x_wconf 71' lang='lat' dir='ltr'>angeli:</span> <span class='ocrx_word' id='word_1_115' title='bbox 816 1399 952 1464; x_wconf 74' lang='lat' dir='ltr'>eius,</span> <span class='ocrx_word' id='word_1_116' title='bbox 999 1409 1100 1451; x_wconf 84' lang='lat' dir='ltr'>seu</span> <span class='ocrx_word' id='word_1_117' title='bbox 1131 1397 1329 1447; x_wconf 82' lang='lat' dir='ltr'>caetera</span> <span class='ocrx_word' id='word_1_118' title='bbox 1354 1405 1478 1460; x_wconf 72' lang='lat' dir='ltr'>quae</span> <span class='ocrx_word' id='word_1_119' title='bbox 1505 1394 1838 1459; x_wconf 86' lang='lat' dir='ltr'>sequuntur.</span> <span class='ocrx_word' id='word_1_120' title='bbox 1866 1388 2092 1458; x_wconf 85' lang='lat' dir='ltr'>Nequa-</span> 
     </span>
    </p>
   </div>
   <div class='ocr_carea' id='block_1_18' title="bbox 489 1477 2090 1556">
    <p class='ocr_par' dir='ltr' id='par_1_18' title="bbox 489 1477 2090 1556">
     <span class='ocr_line' id='line_1_18' title="bbox 489 1477 2090 1556; baseline -0.008 -15"><span class='ocrx_word' id='word_1_121' title='bbox 489 1502 660 1556; x_wconf 89' lang='lat' dir='ltr'>quam</span> <span class='ocrx_word' id='word_1_122' title='bbox 693 1483 868 1553; x_wconf 78' lang='lat' dir='ltr'>igitur</span> <span class='ocrx_word' id='word_1_123' title='bbox 897 1479 1145 1535; x_wconf 85' lang='lat' dir='ltr'>invenies</span> <span class='ocrx_word' id='word_1_124' title='bbox 1176 1478 1398 1544; x_wconf 80' lang='lat' dir='ltr'>dixisse,</span> <span class='ocrx_word' id='word_1_125' title='bbox 1431 1494 1466 1535; x_wconf 88' lang='lat' dir='ltr'>a</span> <span class='ocrx_word' id='word_1_126' title='bbox 1492 1477 1739 1532; x_wconf 85' lang='lat' dir='ltr'>sinistris</span> <span class='ocrx_word' id='word_1_127' title='bbox 1764 1478 1909 1547; x_wconf 87' lang='lat' dir='ltr'>ejus,</span> <span class='ocrx_word' id='word_1_128' title='bbox 1929 1481 2030 1530; x_wconf 87' lang='lat' dir='ltr'>aut</span> <span class='ocrx_word' id='word_1_129' title='bbox 2056 1491 2090 1528; x_wconf 89' lang='lat' dir='ltr'>a</span> 
     </span>
    </p>
   </div>
   <div class='ocr_carea' id='block_1_19' title="bbox 484 1563 2091 1631">
    <p class='ocr_par' dir='ltr' id='par_1_19' title="bbox 484 1563 2091 1631">
     <span class='ocr_line' id='line_1_19' title="bbox 484 1563 2091 1631; baseline -0.009 -2"><span class='ocrx_word' id='word_1_130' title='bbox 484 1571 732 1631; x_wconf 84' lang='lat' dir='ltr'>sinistris</span> <span class='ocrx_word' id='word_1_131' title='bbox 761 1570 876 1624; x_wconf 88' lang='lat' dir='ltr'>suis</span> <span class='ocrx_word' id='word_1_132' title='bbox 905 1568 1127 1625; x_wconf 82' lang='lat' dir='ltr'>stetisse</span> <span class='ocrx_word' id='word_1_133' title='bbox 1141 1566 1348 1631; x_wconf 69' lang='lat' dir='ltr'>haedos,</span> <span class='ocrx_word' id='word_1_134' title='bbox 1378 1565 1477 1619; x_wconf 90' lang='lat' dir='ltr'>sed</span> <span class='ocrx_word' id='word_1_135' title='bbox 1504 1565 1857 1619; x_wconf 82' lang='lat' dir='ltr'>solummodo</span> <span class='ocrx_word' id='word_1_136' title='bbox 1875 1564 1933 1618; x_wconf 91' lang='lat' dir='ltr'>in</span> <span class='ocrx_word' id='word_1_137' title='bbox 1954 1563 2091 1621; x_wconf 88' lang='lat' dir='ltr'>sini-</span> 
     </span>
    </p>
   </div>
   <div class='ocr_carea' id='block_1_20' title="bbox 2167 411 3680 494">
    <p class='ocr_par' dir='ltr' id='par_1_20' title="bbox 2167 411 3680 494">
     <span class='ocr_line' id='line_1_20' title="bbox 2167 411 3680 494; baseline 0.006 -25"><span class='ocrx_word' id='word_1_138' title='bbox 2167 411 2334 478; x_wconf 82' lang='lat' dir='ltr'>dicat,</span> <span class='ocrx_word' id='word_1_139' title='bbox 2367 417 2425 466; x_wconf 93' lang='lat' dir='ltr'>et</span> <span class='ocrx_word' id='word_1_140' title='bbox 2450 417 2724 468; x_wconf 61' lang='lat' dir='ltr'>mternum</span> <span class='ocrx_word' id='word_1_141' title='bbox 2761 430 2883 468; x_wconf 87' lang='lat' dir='ltr'>esse</span> <span class='ocrx_word' id='word_1_142' title='bbox 2926 419 3181 471; x_wconf 88' lang='lat' dir='ltr'>testetur.</span> <span class='ocrx_word' id='word_1_143' title='bbox 3211 416 3290 471; x_wconf 89' lang='lat' dir='ltr'>De</span> <span class='ocrx_word' id='word_1_144' title='bbox 3328 434 3427 489; x_wconf 89' lang='lat' dir='ltr'>quo</span> <span class='ocrx_word' id='word_1_145' title='bbox 3450 419 3563 490; x_wconf 84' lang='lat' dir='ltr'>igne</span> <span class='ocrx_word' id='word_1_146' title='bbox 3586 438 3680 494; x_wconf 85' lang='lat' dir='ltr'>pro-</span> 
     </span>
    </p>
   </div>
   <div class='ocr_carea' id='block_1_21' title="bbox 2166 500 3680 579">
    <p class='ocr_par' dir='ltr' id='par_1_21' title="bbox 2166 500 3680 579">
     <span class='ocr_line' id='line_1_21' title="bbox 2166 500 3680 579; baseline 0.007 -24"><span class='ocrx_word' id='word_1_147' title='bbox 2166 500 2313 556; x_wconf 82' lang='lat' dir='ltr'>fecto</span> <span class='ocrx_word' id='word_1_148' title='bbox 2338 501 2514 557; x_wconf 78' lang='lat' dir='ltr'>Isaias</span> <span class='ocrx_word' id='word_1_149' title='bbox 2540 501 2691 567; x_wconf 90' lang='lat' dir='ltr'>dicit,</span> <span class='ocrx_word' id='word_1_150' title='bbox 2726 502 2874 573; x_wconf 91' lang='lat' dir='ltr'>quod</span> <span class='ocrx_word' id='word_1_151' title='bbox 2894 507 3093 557; x_wconf 79' lang='lat' dir='ltr'>vermis</span> <span class='ocrx_word' id='word_1_152' title='bbox 3114 520 3301 559; x_wconf 83' lang='lat' dir='ltr'>eorum</span> <span class='ocrx_word' id='word_1_153' title='bbox 3321 522 3423 561; x_wconf 83' lang='lat' dir='ltr'>non</span> <span class='ocrx_word' id='word_1_154' title='bbox 3445 513 3680 579; x_wconf 78' lang='lat' dir='ltr'>morietur,</span> 
     </span>
    </p>
   </div>
   <div class='ocr_carea' id='block_1_22' title="bbox 2167 592 3686 666">
    <p class='ocr_par' dir='ltr' id='par_1_22' title="bbox 2167 592 3686 666">
     <span class='ocr_line' id='line_1_22' title="bbox 2167 592 3686 666; baseline 0.005 -19"><span class='ocrx_word' id='word_1_155' title='bbox 2167 595 2215 647; x_wconf 74' lang='lat' dir='ltr'>et</span> <span class='ocrx_word' id='word_1_156' title='bbox 2252 592 2398 659; x_wconf 80' lang='lat' dir='ltr'>ignis</span> <span class='ocrx_word' id='word_1_157' title='bbox 2427 606 2619 645; x_wconf 71' lang='lat' dir='ltr'>serunt</span> <span class='ocrx_word' id='word_1_158' title='bbox 2640 607 2751 645; x_wconf 84' lang='lat' dir='ltr'>non</span> <span class='ocrx_word' id='word_1_159' title='bbox 2779 593 3159 661; x_wconf 71' lang='lat' dir='ltr'>exstinguetur</span> <span class='ocrx_word' id='word_1_160' title='bbox 3182 596 3307 665; x_wconf 62' lang='lat' dir='ltr'>(Ira.</span> <span class='ocrx_word' id='word_1_161' title='bbox 3335 610 3466 661; x_wconf 73' lang='lat' dir='ltr'>LXVI,</span> <span class='ocrx_word' id='word_1_162' title='bbox 3486 596 3582 666; x_wconf 77' lang='grc'>24).</span> <span class='ocrx_word' id='word_1_163' title='bbox 3605 599 3686 663; x_wconf 85' lang='lat' dir='ltr'>Qui</span> 
     </span>
    </p>
   </div>
   <div class='ocr_carea' id='block_1_23' title="bbox 2166 677 3687 755">
    <p class='ocr_par' dir='ltr' id='par_1_23' title="bbox 2166 677 3687 755">
     <span class='ocr_line' id='line_1_23' title="bbox 2166 677 3687 755; baseline 0.006 -23"><span class='ocrx_word' id='word_1_164' title='bbox 2166 678 2411 750; x_wconf 89' lang='lat' dir='ltr'>denique</span> <span class='ocrx_word' id='word_1_165' title='bbox 2432 678 2578 749; x_wconf 80' lang='lat' dir='ltr'>ignis</span> <span class='ocrx_word' id='word_1_166' title='bbox 2606 677 2841 734; x_wconf 85' lang='lat' dir='ltr'>forsitan</span> <span class='ocrx_word' id='word_1_167' title='bbox 2860 680 2992 735; x_wconf 87' lang='lat' dir='ltr'>talis</span> <span class='ocrx_word' id='word_1_168' title='bbox 3019 686 3298 753; x_wconf 63' lang='lat' dir='ltr'>tantaque</span> <span class='ocrx_word' id='word_1_169' title='bbox 3314 682 3597 740; x_wconf 68' lang='lat' dir='ltr'>substantia</span> <span class='ocrx_word' id='word_1_170' title='bbox 3609 694 3687 755; x_wconf 82' lang='lat' dir='ltr'>est,</span> 
     </span>
    </p>
   </div>
   <div class='ocr_carea' id='block_1_24' title="bbox 2170 766 3691 840">
    <p class='ocr_par' dir='ltr' id='par_1_24' title="bbox 2170 766 3691 840">
     <span class='ocr_line' id='line_1_24' title="bbox 2170 766 3691 840; baseline 0.007 -21"><span class='ocrx_word' id='word_1_171' title='bbox 2170 771 2235 820; x_wconf 92' lang='lat' dir='ltr'>ut</span> <span class='ocrx_word' id='word_1_172' title='bbox 2266 766 2438 821; x_wconf 89' lang='lat' dir='ltr'>etiam</span> <span class='ocrx_word' id='word_1_173' title='bbox 2466 768 2842 840; x_wconf 87' lang='lat' dir='ltr'>incorporalia</span> <span class='ocrx_word' id='word_1_174' title='bbox 2869 775 2925 824; x_wconf 87' lang='lat' dir='ltr'>et</span> <span class='ocrx_word' id='word_1_175' title='bbox 2953 769 3256 824; x_wconf 82' lang='lat' dir='ltr'>invisibilia</span> <span class='ocrx_word' id='word_1_176' title='bbox 3273 770 3552 826; x_wconf 80' lang='lat' dir='ltr'>comburat.</span> <span class='ocrx_word' id='word_1_177' title='bbox 3568 774 3691 829; x_wconf 82' lang='lat' dir='ltr'>Unde</span> 
     </span>
    </p>
   </div>
   <div class='ocr_carea' id='block_1_25' title="bbox 2170 857 3696 930">
    <p class='ocr_par' dir='ltr' id='par_1_25' title="bbox 2170 857 3696 930">
     <span class='ocr_line' id='line_1_25' title="bbox 2170 857 3696 930; baseline 0.005 -20"><span class='ocrx_word' id='word_1_178' title='bbox 2170 860 2228 910; x_wconf 87' lang='lat' dir='ltr'>et</span> <span class='ocrx_word' id='word_1_179' title='bbox 2258 857 2573 910; x_wconf 86' lang='lat' dir='ltr'>multorum</span> <span class='ocrx_word' id='word_1_180' title='bbox 2601 857 2788 928; x_wconf 89' lang='lat' dir='ltr'>opinio</span> <span class='ocrx_word' id='word_1_181' title='bbox 2814 863 2920 924; x_wconf 86' lang='lat' dir='ltr'>est,</span> <span class='ocrx_word' id='word_1_182' title='bbox 2963 858 3110 930; x_wconf 89' lang='lat' dir='ltr'>quod</span> <span class='ocrx_word' id='word_1_183' title='bbox 3137 858 3260 930; x_wconf 88' lang='lat' dir='ltr'>ipse</span> <span class='ocrx_word' id='word_1_184' title='bbox 3285 859 3446 913; x_wconf 84' lang='lat' dir='ltr'>etiam</span> <span class='ocrx_word' id='word_1_185' title='bbox 3465 860 3696 917; x_wconf 80' lang='lat' dir='ltr'>invisibilis</span> 
     </span>
    </p>
   </div>
   <div class='ocr_carea' id='block_1_26' title="bbox 2172 944 3693 1019">
    <p class='ocr_par' dir='ltr' id='par_1_26' title="bbox 2172 944 3693 1019">
     <span class='ocr_line' id='line_1_26' title="bbox 2172 944 3693 1019; baseline 0.003 -19"><span class='ocrx_word' id='word_1_186' title='bbox 2172 944 2247 1001; x_wconf 88' lang='lat' dir='ltr'>sit</span> <span class='ocrx_word' id='word_1_187' title='bbox 2273 945 2640 1001; x_wconf 89' lang='lat' dir='ltr'>constitutus.</span> <span class='ocrx_word' id='word_1_188' title='bbox 2671 946 2948 1013; x_wconf 82' lang='lat' dir='ltr'>Quoniam</span> <span class='ocrx_word' id='word_1_189' title='bbox 2971 948 3132 1017; x_wconf 80' lang='lat' dir='ltr'>juxta</span> <span class='ocrx_word' id='word_1_190' title='bbox 3153 948 3302 1019; x_wconf 89' lang='lat' dir='ltr'>quod</span> <span class='ocrx_word' id='word_1_191' title='bbox 3328 948 3404 1002; x_wconf 83' lang='lat' dir='ltr'>ait</span> <span class='ocrx_word' id='word_1_192' title='bbox 3422 950 3693 1019; x_wconf 80' lang='lat' dir='ltr'>Apostolus:</span> 
     </span>
    </p>
   </div>
   <div class='ocr_carea' id='block_1_27' title="bbox 2178 1034 3696 1105">
    <p class='ocr_par' dir='ltr' id='par_1_27' title="bbox 2178 1034 3696 1105">
     <span class='ocr_line' id='line_1_27' title="bbox 2178 1034 3696 1105; baseline 0.002 -18"><span class='ocrx_word' id='word_1_193' title='bbox 2178 1034 2523 1103; x_wconf 78' lang='lat' dir='ltr'>Temporalia</span> <span class='ocrx_word' id='word_1_194' title='bbox 2542 1039 2673 1089; x_wconf 83' lang='lat' dir='ltr'>sunt</span> <span class='ocrx_word' id='word_1_195' title='bbox 2702 1050 2821 1104; x_wconf 72' lang='lat' dir='ltr'>qua:</span> <span class='ocrx_word' id='word_1_196' title='bbox 2836 1036 3116 1102; x_wconf 78' lang='lat' dir='ltr'>videntur,</span> <span class='ocrx_word' id='word_1_197' title='bbox 3139 1040 3191 1090; x_wconf 77' lang='lat' dir='ltr'>et</span> <span class='ocrx_word' id='word_1_198' title='bbox 3216 1052 3331 1105; x_wconf 67' lang='lat' dir='ltr'>qua</span> <span class='ocrx_word' id='word_1_199' title='bbox 3356 1052 3459 1090; x_wconf 77' lang='lat' dir='ltr'>non</span> <span class='ocrx_word' id='word_1_200' title='bbox 3475 1038 3696 1105; x_wconf 75' lang='lat' dir='ltr'>videntur,</span> 
     </span>
    </p>
   </div>
   <div class='ocr_carea' id='block_1_28' title="bbox 2169 1120 3699 1197">
    <p class='ocr_par' dir='ltr' id='par_1_28' title="bbox 2169 1120 3699 1197">
     <span class='ocr_line' id='line_1_28' title="bbox 2169 1120 3699 1197; baseline 0.001 -19"><span class='ocrx_word' id='word_1_201' title='bbox 2169 1127 2374 1178; x_wconf 59' lang='lat' dir='ltr'>mterna</span> <span class='ocrx_word' id='word_1_202' title='bbox 2410 1120 2494 1190; x_wconf 83' lang='grc' dir='ltr'>(ΙΙ</span> <span class='ocrx_word' id='word_1_203' title='bbox 2512 1123 2633 1178; x_wconf 76' lang='lat' dir='ltr'>Cor.</span> <span class='ocrx_word' id='word_1_204' title='bbox 2666 1136 2740 1187; x_wconf 78' lang='lat' dir='ltr'>IV,</span> <span class='ocrx_word' id='word_1_205' title='bbox 2774 1121 2882 1193; x_wconf 79' lang='grc'>18).</span> <span class='ocrx_word' id='word_1_206' title='bbox 2920 1123 3031 1178; x_wconf 85' lang='lat' dir='ltr'>Sed</span> <span class='ocrx_word' id='word_1_207' title='bbox 3059 1123 3205 1179; x_wconf 84' lang='lat' dir='ltr'>forte</span> <span class='ocrx_word' id='word_1_208' title='bbox 3232 1124 3301 1178; x_wconf 90' lang='lat' dir='ltr'>de</span> <span class='ocrx_word' id='word_1_209' title='bbox 3320 1125 3403 1179; x_wconf 87' lang='lat' dir='ltr'>bis</span> <span class='ocrx_word' id='word_1_210' title='bbox 3427 1126 3513 1196; x_wconf 86' lang='lat' dir='ltr'>qui</span> <span class='ocrx_word' id='word_1_211' title='bbox 3535 1126 3699 1197; x_wconf 74' lang='lat' dir='ltr'>impra-</span> 
     </span>
    </p>
   </div>
   <div class='ocr_carea' id='block_1_29' title="bbox 2170 1210 3700 1285">
    <p class='ocr_par' dir='ltr' id='par_1_29' title="bbox 2170 1210 3700 1285">
     <span class='ocr_line' id='line_1_29' title="bbox 2170 1210 3700 1285; baseline 0.001 -19"><span class='ocrx_word' id='word_1_212' title='bbox 2170 1210 2482 1266; x_wconf 87' lang='lat' dir='ltr'>sentiarum</span> <span class='ocrx_word' id='word_1_213' title='bbox 2510 1216 2647 1267; x_wconf 87' lang='lat' dir='ltr'>sunt</span> <span class='ocrx_word' id='word_1_214' title='bbox 2672 1212 2827 1267; x_wconf 83' lang='lat' dir='ltr'>dicit.</span> <span class='ocrx_word' id='word_1_215' title='bbox 2860 1212 3136 1284; x_wconf 85' lang='lat' dir='ltr'>Alioquin</span> <span class='ocrx_word' id='word_1_216' title='bbox 3172 1213 3221 1269; x_wconf 88' lang='lat' dir='ltr'>si</span> <span class='ocrx_word' id='word_1_217' title='bbox 3247 1213 3366 1269; x_wconf 88' lang='lat' dir='ltr'>sola</span> <span class='ocrx_word' id='word_1_218' title='bbox 3388 1230 3500 1285; x_wconf 65' lang='lat' dir='ltr'>qua</span> <span class='ocrx_word' id='word_1_219' title='bbox 3520 1230 3614 1268; x_wconf 88' lang='lat' dir='ltr'>non</span> <span class='ocrx_word' id='word_1_220' title='bbox 3634 1214 3700 1267; x_wconf 55' lang='lat' dir='ltr'>vi.</span> 
     </span>
    </p>
   </div>
   <div class='ocr_carea' id='block_1_30' title="bbox 2170 1299 3697 1373">
    <p class='ocr_par' dir='ltr' id='par_1_30' title="bbox 2170 1299 3697 1373">
     <span class='ocr_line' id='line_1_30' title="bbox 2170 1299 3697 1373; baseline 0.001 -19"><span class='ocrx_word' id='word_1_221' title='bbox 2170 1299 2379 1354; x_wconf 89' lang='lat' dir='ltr'>dentur</span> <span class='ocrx_word' id='word_1_222' title='bbox 2403 1305 2616 1355; x_wconf 69' lang='lat' dir='ltr'>mterna</span> <span class='ocrx_word' id='word_1_223' title='bbox 2657 1306 2810 1373; x_wconf 83' lang='lat' dir='ltr'>sunt,</span> <span class='ocrx_word' id='word_1_224' title='bbox 2851 1306 2918 1355; x_wconf 89' lang='lat' dir='ltr'>ut</span> <span class='ocrx_word' id='word_1_225' title='bbox 2946 1318 3071 1372; x_wconf 68' lang='lat' dir='ltr'>qua</span> <span class='ocrx_word' id='word_1_226' title='bbox 3114 1301 3373 1357; x_wconf 89' lang='lat' dir='ltr'>videntur</span> <span class='ocrx_word' id='word_1_227' title='bbox 3406 1303 3697 1372; x_wconf 71' lang='lat' dir='ltr'>temporalia,</span> 
     </span>
    </p>
   </div>
   <div class='ocr_carea' id='block_1_31' title="bbox 2173 1387 3701 1462">
    <p class='ocr_par' dir='ltr' id='par_1_31' title="bbox 2173 1387 3701 1462">
     <span class='ocr_line' id='line_1_31' title="bbox 2173 1387 3701 1462; baseline 0.003 -21"><span class='ocrx_word' id='word_1_228' title='bbox 2173 1387 2466 1443; x_wconf 84' lang='lat' dir='ltr'>invisibilis</span> <span class='ocrx_word' id='word_1_229' title='bbox 2493 1394 2581 1443; x_wconf 88' lang='lat' dir='ltr'>est</span> <span class='ocrx_word' id='word_1_230' title='bbox 2606 1388 2700 1444; x_wconf 90' lang='lat' dir='ltr'>ille</span> <span class='ocrx_word' id='word_1_231' title='bbox 2720 1389 2887 1461; x_wconf 88' lang='lat' dir='ltr'>ignis,</span> <span class='ocrx_word' id='word_1_232' title='bbox 2915 1407 2987 1446; x_wconf 90' lang='lat' dir='ltr'>ne</span> <span class='ocrx_word' id='word_1_233' title='bbox 3012 1391 3341 1462; x_wconf 83' lang='lat' dir='ltr'>temporalis</span> <span class='ocrx_word' id='word_1_234' title='bbox 3357 1391 3604 1459; x_wconf 66' lang='lat' dir='ltr'>credatur,</span> <span class='ocrx_word' id='word_1_235' title='bbox 3630 1391 3701 1462; x_wconf 88' lang='lat' dir='ltr'>qui</span> 
     </span>
    </p>
   </div>
   <div class='ocr_carea' id='block_1_32' title="bbox 2172 1476 3703 1551">
    <p class='ocr_par' dir='ltr' id='par_1_32' title="bbox 2172 1476 3703 1551">
     <span class='ocr_line' id='line_1_32' title="bbox 2172 1476 3703 1551; baseline 0.002 -19"><span class='ocrx_word' id='word_1_236' title='bbox 2172 1482 2418 1535; x_wconf 65' lang='lat' dir='ltr'>aeternus</span> <span class='ocrx_word' id='word_1_237' title='bbox 2446 1476 2671 1532; x_wconf 87' lang='lat' dir='ltr'>dicitur.</span> <span class='ocrx_word' id='word_1_238' title='bbox 2701 1478 2760 1534; x_wconf 87' lang='lat' dir='ltr'>Si</span> <span class='ocrx_word' id='word_1_239' title='bbox 2806 1486 2995 1534; x_wconf 85' lang='lat' dir='ltr'>autem</span> <span class='ocrx_word' id='word_1_240' title='bbox 3036 1479 3298 1545; x_wconf 84' lang='lat' dir='ltr'>diabolus</span> <span class='ocrx_word' id='word_1_241' title='bbox 3331 1486 3386 1535; x_wconf 89' lang='lat' dir='ltr'>et</span> <span class='ocrx_word' id='word_1_242' title='bbox 3425 1480 3533 1551; x_wconf 87' lang='lat' dir='ltr'>ipse</span> <span class='ocrx_word' id='word_1_243' title='bbox 3569 1477 3703 1535; x_wconf 75' lang='lat' dir='ltr'>etiam</span> 
     </span>
    </p>
   </div>
   <div class='ocr_carea' id='block_1_33' title="bbox 2174 1568 3703 1640">
    <p class='ocr_par' dir='ltr' id='par_1_33' title="bbox 2174 1568 3703 1640">
     <span class='ocr_line' id='line_1_33' title="bbox 2174 1568 3703 1640; baseline 0.001 -19"><span class='ocrx_word' id='word_1_244' title='bbox 2174 1571 2417 1622; x_wconf 75' lang='lat' dir='ltr'>aeternus</span> <span class='ocrx_word' id='word_1_245' title='bbox 2442 1571 2549 1633; x_wconf 88' lang='lat' dir='ltr'>est,</span> <span class='ocrx_word' id='word_1_246' title='bbox 2586 1583 2716 1621; x_wconf 80' lang='lat' dir='ltr'>vere</span> <span class='ocrx_word' id='word_1_247' title='bbox 2744 1573 2802 1622; x_wconf 89' lang='lat' dir='ltr'>et</span> <span class='ocrx_word' id='word_1_248' title='bbox 2820 1568 2941 1638; x_wconf 87' lang='lat' dir='ltr'>ipse</span> <span class='ocrx_word' id='word_1_249' title='bbox 2965 1568 3118 1639; x_wconf 89' lang='lat' dir='ltr'>ignis</span> <span class='ocrx_word' id='word_1_250' title='bbox 3168 1569 3267 1640; x_wconf 87' lang='lat' dir='ltr'>qui</span> <span class='ocrx_word' id='word_1_251' title='bbox 3311 1568 3363 1623; x_wconf 87' lang='lat' dir='ltr'>ei</span> <span class='ocrx_word' id='word_1_252' title='bbox 3402 1574 3605 1639; x_wconf 80' lang='lat' dir='ltr'>paratus</span> <span class='ocrx_word' id='word_1_253' title='bbox 3624 1575 3703 1635; x_wconf 80' lang='lat' dir='ltr'>est,</span> 
     </span>
    </p>
   </div>
   <div class='ocr_carea' id='block_1_34' title="bbox 485 1652 3705 1732">
    <p class='ocr_par' dir='ltr' id='par_1_34' title="bbox 485 1652 3705 1732">
     <span class='ocr_line' id='line_1_34' title="bbox 485 1652 3705 1732; baseline -0.002 -15"><span class='ocrx_word' id='word_1_254' title='bbox 485 1659 638 1719; x_wconf 80' lang='lat' dir='ltr'>stris.</span> <span class='ocrx_word' id='word_1_255' title='bbox 660 1658 917 1713; x_wconf 89' lang='lat' dir='ltr'>Primum</span> <span class='ocrx_word' id='word_1_256' title='bbox 941 1657 1000 1710; x_wconf 92' lang='lat' dir='ltr'>in</span> <span class='ocrx_word' id='word_1_257' title='bbox 1030 1657 1166 1715; x_wconf 73' lang='lat' dir='ltr'>Deo,</span> <span class='ocrx_word' id='word_1_258' title='bbox 1199 1660 1264 1708; x_wconf 87' lang='lat' dir='ltr'>ut</span> <span class='ocrx_word' id='word_1_259' title='bbox 1289 1653 1425 1719; x_wconf 84' lang='lat' dir='ltr'>dixi,</span> <span class='ocrx_word' id='word_1_260' title='bbox 1454 1653 1589 1724; x_wconf 85' lang='lat' dir='ltr'>quia</span> <span class='ocrx_word' id='word_1_261' title='bbox 1615 1653 1757 1707; x_wconf 89' lang='lat' dir='ltr'>nihil</span> <span class='ocrx_word' id='word_1_262' title='bbox 1794 1652 2086 1706; x_wconf 87' lang='lat' dir='ltr'>sinistrum</span> <span class='ocrx_word' id='word_1_263' title='bbox 2111 1672 2156 1732; x_wconf 80' lang='grc' dir='ltr'>Β</span> <span class='ocrx_word' id='word_1_264' title='bbox 2173 1660 2418 1709; x_wconf 76' lang='lat' dir='ltr'>aeternus</span> <span class='ocrx_word' id='word_1_265' title='bbox 2445 1660 2596 1710; x_wconf 85' lang='lat' dir='ltr'>recte</span> <span class='ocrx_word' id='word_1_266' title='bbox 2621 1656 2933 1711; x_wconf 89' lang='lat' dir='ltr'>credendus</span> <span class='ocrx_word' id='word_1_267' title='bbox 2955 1662 3062 1722; x_wconf 87' lang='lat' dir='ltr'>est,</span> <span class='ocrx_word' id='word_1_268' title='bbox 3087 1657 3225 1728; x_wconf 86' lang='lat' dir='ltr'>quia</span> <span class='ocrx_word' id='word_1_269' title='bbox 3248 1657 3388 1713; x_wconf 88' lang='lat' dir='ltr'>nulli</span> <span class='ocrx_word' id='word_1_270' title='bbox 3412 1656 3559 1712; x_wconf 78' lang='lat' dir='ltr'>alteri</span> <span class='ocrx_word' id='word_1_271' title='bbox 3577 1672 3705 1728; x_wconf 80' lang='lat' dir='ltr'>quam</span> 
     </span>
    </p>
   </div>
   <div class='ocr_carea' id='block_1_35' title="bbox 482 1741 2086 1816">
    <p class='ocr_par' dir='ltr' id='par_1_35' title="bbox 482 1741 2086 1816">
     <span class='ocr_line' id='line_1_35' title="bbox 482 1741 2086 1816; baseline -0.006 -14"><span class='ocrx_word' id='word_1_272' title='bbox 482 1753 592 1811; x_wconf 75' lang='lat' dir='ltr'>est.</span> <span class='ocrx_word' id='word_1_273' title='bbox 626 1745 840 1801; x_wconf 88' lang='lat' dir='ltr'>Deinde</span> <span class='ocrx_word' id='word_1_274' title='bbox 865 1745 999 1816; x_wconf 85' lang='lat' dir='ltr'>quia</span> <span class='ocrx_word' id='word_1_275' title='bbox 1026 1761 1130 1800; x_wconf 86' lang='lat' dir='ltr'>nec</span> <span class='ocrx_word' id='word_1_276' title='bbox 1158 1743 1259 1798; x_wconf 91' lang='lat' dir='ltr'>Dei</span> <span class='ocrx_word' id='word_1_277' title='bbox 1290 1749 1379 1796; x_wconf 88' lang='lat' dir='ltr'>est</span> <span class='ocrx_word' id='word_1_278' title='bbox 1409 1741 1558 1813; x_wconf 93' lang='lat' dir='ltr'>quod</span> <span class='ocrx_word' id='word_1_279' title='bbox 1603 1758 1640 1796; x_wconf 88' lang='lat' dir='ltr'>a</span> <span class='ocrx_word' id='word_1_280' title='bbox 1663 1741 1908 1795; x_wconf 86' lang='lat' dir='ltr'>sinistris</span> <span class='ocrx_word' id='word_1_281' title='bbox 1934 1745 2086 1807; x_wconf 91' lang='lat' dir='ltr'>sunt,</span> 
     </span>
    </p>
   </div>
   <div class='ocr_carea' id='block_1_36' title="bbox 482 1828 2088 1907">
    <p class='ocr_par' dir='ltr' id='par_1_36' title="bbox 482 1828 2088 1907">
     <span class='ocr_line' id='line_1_36' title="bbox 482 1828 2088 1907; baseline -0.007 -14"><span class='ocrx_word' id='word_1_282' title='bbox 482 1835 589 1893; x_wconf 83' lang='lat' dir='ltr'>sed</span> <span class='ocrx_word' id='word_1_283' title='bbox 614 1835 867 1907; x_wconf 87' lang='lat' dir='ltr'>ipsorum</span> <span class='ocrx_word' id='word_1_284' title='bbox 893 1833 990 1905; x_wconf 86' lang='lat' dir='ltr'>qui</span> <span class='ocrx_word' id='word_1_285' title='bbox 1014 1850 1076 1889; x_wconf 88' lang='lat' dir='ltr'>se</span> <span class='ocrx_word' id='word_1_286' title='bbox 1102 1833 1161 1886; x_wconf 87' lang='lat' dir='ltr'>in</span> <span class='ocrx_word' id='word_1_287' title='bbox 1181 1831 1424 1889; x_wconf 86' lang='lat' dir='ltr'>sinistris</span> <span class='ocrx_word' id='word_1_288' title='bbox 1451 1830 1680 1885; x_wconf 64' lang='lat' dir='ltr'>malitia:</span> <span class='ocrx_word' id='word_1_289' title='bbox 1707 1846 1821 1884; x_wconf 69' lang='lat' dir='ltr'>suae</span> <span class='ocrx_word' id='word_1_290' title='bbox 1848 1828 2088 1883; x_wconf 87' lang='lat' dir='ltr'>colloca-</span> 
     </span>
    </p>
   </div>
   <div class='ocr_carea' id='block_1_37' title="bbox 491 1916 2089 1990">
    <p class='ocr_par' dir='ltr' id='par_1_37' title="bbox 491 1916 2089 1990">
     <span class='ocr_line' id='line_1_37' title="bbox 491 1916 2089 1990; baseline -0.004 -11"><span class='ocrx_word' id='word_1_291' title='bbox 491 1930 710 1990; x_wconf 80' lang='lat' dir='ltr'>verunt,</span> <span class='ocrx_word' id='word_1_292' title='bbox 742 1924 997 1984; x_wconf 82' lang='lat' dir='ltr'>nolentes</span> <span class='ocrx_word' id='word_1_293' title='bbox 1026 1923 1383 1985; x_wconf 77' lang='lat' dir='ltr'>dexterarum</span> <span class='ocrx_word' id='word_1_294' title='bbox 1426 1919 1587 1990; x_wconf 87' lang='lat' dir='ltr'>sequi</span> <span class='ocrx_word' id='word_1_295' title='bbox 1629 1918 1881 1988; x_wconf 81' lang='lat' dir='ltr'>vestigia.</span> <span class='ocrx_word' id='word_1_296' title='bbox 1929 1916 2089 1980; x_wconf 86' lang='lat' dir='ltr'>Quod</span> 
     </span>
    </p>
   </div>
   <div class='ocr_carea' id='block_1_38' title="bbox 486 2008 2085 2083">
    <p class='ocr_par' dir='ltr' id='par_1_38' title="bbox 486 2008 2085 2083">
     <span class='ocr_line' id='line_1_38' title="bbox 486 2008 2085 2083; baseline -0.004 -16"><span class='ocrx_word' id='word_1_297' title='bbox 486 2018 682 2075; x_wconf 75' lang='lat' dir='ltr'>autem</span> <span class='ocrx_word' id='word_1_298' title='bbox 728 2012 974 2083; x_wconf 86' lang='lat' dir='ltr'>primum</span> <span class='ocrx_word' id='word_1_299' title='bbox 1012 2027 1108 2065; x_wconf 89' lang='lat' dir='ltr'>eos</span> <span class='ocrx_word' id='word_1_300' title='bbox 1147 2027 1260 2081; x_wconf 87' lang='lat' dir='ltr'>qua</span> <span class='ocrx_word' id='word_1_301' title='bbox 1302 2008 1513 2070; x_wconf 75' lang='lat' dir='ltr'>dextris</span> <span class='ocrx_word' id='word_1_302' title='bbox 1548 2013 1701 2074; x_wconf 89' lang='lat' dir='ltr'>sunt,</span> <span class='ocrx_word' id='word_1_303' title='bbox 1741 2011 2085 2071; x_wconf 75' lang='lat' dir='ltr'>remaneret,</span> 
     </span>
    </p>
   </div>
   <div class='ocr_carea' id='block_1_39' title="bbox 488 2094 2091 2172">
    <p class='ocr_par' dir='ltr' id='par_1_39' title="bbox 488 2094 2091 2172">
     <span class='ocr_line' id='line_1_39' title="bbox 488 2094 2091 2172; baseline -0.004 -17"><span class='ocrx_word' id='word_1_304' title='bbox 488 2101 809 2172; x_wconf 79' lang='lat' dir='ltr'>benignitas</span> <span class='ocrx_word' id='word_1_305' title='bbox 833 2106 920 2163; x_wconf 77' lang='lat' dir='ltr'>est</span> <span class='ocrx_word' id='word_1_306' title='bbox 948 2098 1254 2159; x_wconf 76' lang='lat' dir='ltr'>Salvatoris</span> <span class='ocrx_word' id='word_1_307' title='bbox 1291 2098 1413 2164; x_wconf 86' lang='lat' dir='ltr'>Dei,</span> <span class='ocrx_word' id='word_1_308' title='bbox 1447 2097 1581 2169; x_wconf 84' lang='lat' dir='ltr'>quia</span> <span class='ocrx_word' id='word_1_309' title='bbox 1622 2113 1845 2167; x_wconf 87' lang='lat' dir='ltr'>semper</span> <span class='ocrx_word' id='word_1_310' title='bbox 1877 2094 2091 2155; x_wconf 78' lang='lat' dir='ltr'>mavult</span> 
     </span>
    </p>
   </div>
   <div class='ocr_carea' id='block_1_40' title="bbox 482 2186 2091 2260">
    <p class='ocr_par' dir='ltr' id='par_1_40' title="bbox 482 2186 2091 2260">
     <span class='ocr_line' id='line_1_40' title="bbox 482 2186 2091 2260; baseline -0.004 -15"><span class='ocrx_word' id='word_1_311' title='bbox 482 2190 760 2251; x_wconf 74' lang='lat' dir='ltr'>beneﬁcia</span> <span class='ocrx_word' id='word_1_312' title='bbox 781 2190 961 2260; x_wconf 79' lang='lat' dir='ltr'>gratis</span> <span class='ocrx_word' id='word_1_313' title='bbox 988 2193 1274 2259; x_wconf 67' lang='lat' dir='ltr'>priestare,</span> <span class='ocrx_word' id='word_1_314' title='bbox 1312 2203 1483 2257; x_wconf 85' lang='lat' dir='ltr'>quam</span> <span class='ocrx_word' id='word_1_315' title='bbox 1510 2186 1812 2241; x_wconf 86' lang='lat' dir='ltr'>vindictam</span> <span class='ocrx_word' id='word_1_316' title='bbox 1833 2190 2091 2255; x_wconf 84' lang='lat' dir='ltr'>peccato-</span> 
     </span>
    </p>
   </div>
   <div class='ocr_carea' id='block_1_41' title="bbox 486 2274 2093 2347">
    <p class='ocr_par' dir='ltr' id='par_1_41' title="bbox 486 2274 2093 2347">
     <span class='ocr_line' id='line_1_41' title="bbox 486 2274 2093 2347; baseline -0.003 -13"><span class='ocrx_word' id='word_1_317' title='bbox 486 2295 637 2345; x_wconf 84' lang='lat' dir='ltr'>rum,</span> <span class='ocrx_word' id='word_1_318' title='bbox 672 2279 846 2339; x_wconf 75' lang='lat' dir='ltr'>etiam</span> <span class='ocrx_word' id='word_1_319' title='bbox 876 2276 1142 2343; x_wconf 83' lang='lat' dir='ltr'>debitam,</span> <span class='ocrx_word' id='word_1_320' title='bbox 1175 2276 1504 2347; x_wconf 83' lang='lat' dir='ltr'>rependere.</span> <span class='ocrx_word' id='word_1_321' title='bbox 1551 2274 1808 2336; x_wconf 84' lang='lat' dir='ltr'>Imitator</span> <span class='ocrx_word' id='word_1_322' title='bbox 1852 2289 1986 2344; x_wconf 87' lang='lat' dir='ltr'>ergo</span> <span class='ocrx_word' id='word_1_323' title='bbox 2005 2280 2093 2335; x_wconf 84' lang='lat' dir='ltr'>est</span> 
     </span>
    </p>
   </div>
   <div class='ocr_carea' id='block_1_42' title="bbox 487 2362 2092 2436">
    <p class='ocr_par' dir='ltr' id='par_1_42' title="bbox 487 2362 2092 2436">
     <span class='ocr_line' id='line_1_42' title="bbox 487 2362 2092 2436; baseline -0.002 -15"><span class='ocrx_word' id='word_1_324' title='bbox 487 2367 675 2431; x_wconf 80' lang='lat' dir='ltr'>Patris</span> <span class='ocrx_word' id='word_1_325' title='bbox 698 2386 713 2433; x_wconf 86' lang='lat'><strong>;</strong></span> <span class='ocrx_word' id='word_1_326' title='bbox 741 2382 874 2429; x_wconf 71' lang='lat' dir='ltr'>nam</span> <span class='ocrx_word' id='word_1_327' title='bbox 893 2367 1061 2425; x_wconf 83' lang='lat' dir='ltr'>Pater</span> <span class='ocrx_word' id='word_1_328' title='bbox 1089 2382 1185 2420; x_wconf 90' lang='lat' dir='ltr'>eos</span> <span class='ocrx_word' id='word_1_329' title='bbox 1206 2381 1346 2436; x_wconf 89' lang='lat' dir='ltr'>quos</span> <span class='ocrx_word' id='word_1_330' title='bbox 1371 2364 1431 2423; x_wconf 88' lang='lat' dir='ltr'>in</span> <span class='ocrx_word' id='word_1_331' title='bbox 1456 2364 1667 2419; x_wconf 80' lang='lat' dir='ltr'>dextris</span> <span class='ocrx_word' id='word_1_332' title='bbox 1684 2362 1978 2418; x_wconf 79' lang='lat' dir='ltr'>constituit</span> <span class='ocrx_word' id='word_1_333' title='bbox 1995 2362 2092 2418; x_wconf 88' lang='lat' dir='ltr'>be-</span> 
     </span>
    </p>
   </div>
   <div class='ocr_carea' id='block_1_43' title="bbox 492 2450 2094 2525">
    <p class='ocr_par' dir='ltr' id='par_1_43' title="bbox 492 2450 2094 2525">
     <span class='ocr_line' id='line_1_43' title="bbox 492 2450 2094 2525; baseline -0.006 -10"><span class='ocrx_word' id='word_1_334' title='bbox 492 2455 756 2521; x_wconf 66' lang='lat' dir='ltr'>nedicere</span> <span class='ocrx_word' id='word_1_335' title='bbox 779 2455 1009 2520; x_wconf 81' lang='lat' dir='ltr'>mavult,</span> <span class='ocrx_word' id='word_1_336' title='bbox 1046 2469 1217 2525; x_wconf 87' lang='lat' dir='ltr'>quam</span> <span class='ocrx_word' id='word_1_337' title='bbox 1261 2453 1591 2511; x_wconf 86' lang='lat' dir='ltr'>maledicere</span> <span class='ocrx_word' id='word_1_338' title='bbox 1621 2468 1760 2523; x_wconf 89' lang='lat' dir='ltr'>quos</span> <span class='ocrx_word' id='word_1_339' title='bbox 1789 2468 1824 2506; x_wconf 88' lang='lat' dir='ltr'>a</span> <span class='ocrx_word' id='word_1_340' title='bbox 1851 2450 2094 2506; x_wconf 88' lang='lat' dir='ltr'>sinistris</span> 
     </span>
    </p>
   </div>
   <div class='ocr_carea' id='block_1_44' title="bbox 490 2540 2096 2616">
    <p class='ocr_par' dir='ltr' id='par_1_44' title="bbox 490 2540 2096 2616">
     <span class='ocr_line' id='line_1_44' title="bbox 490 2540 2096 2616; baseline -0.003 -16"><span class='ocrx_word' id='word_1_341' title='bbox 490 2544 766 2616; x_wconf 76' lang='lat' dir='ltr'>iniquitas</span> <span class='ocrx_word' id='word_1_342' title='bbox 789 2545 1039 2614; x_wconf 85' lang='lat' dir='ltr'>ipsorum</span> <span class='ocrx_word' id='word_1_343' title='bbox 1056 2550 1208 2597; x_wconf 83' lang='lat' dir='ltr'>stare</span> <span class='ocrx_word' id='word_1_344' title='bbox 1227 2542 1376 2599; x_wconf 86' lang='lat' dir='ltr'>fecit.</span> <span class='ocrx_word' id='word_1_345' title='bbox 1400 2543 1707 2612; x_wconf 84' lang='lat' dir='ltr'>Propterea</span> <span class='ocrx_word' id='word_1_346' title='bbox 1732 2557 1846 2599; x_wconf 88' lang='lat' dir='ltr'>non</span> <span class='ocrx_word' id='word_1_347' title='bbox 1863 2540 1946 2597; x_wconf 87' lang='lat' dir='ltr'>ait</span> <span class='ocrx_word' id='word_1_348' title='bbox 1967 2558 1977 2593; x_wconf 91' lang='lat'><strong>:</strong></span> <span class='ocrx_word' id='word_1_349' title='bbox 2002 2540 2096 2597; x_wconf 86' lang='lat' dir='ltr'>Di-</span> 
     </span>
    </p>
   </div>
   <div class='ocr_carea' id='block_1_45' title="bbox 484 2628 2093 2700">
    <p class='ocr_par' dir='ltr' id='par_1_45' title="bbox 484 2628 2093 2700">
     <span class='ocr_line' id='line_1_45' title="bbox 484 2628 2093 2700; baseline -0.004 -11"><span class='ocrx_word' id='word_1_350' title='bbox 484 2634 703 2689; x_wconf 85' lang='lat' dir='ltr'>scedite</span> <span class='ocrx_word' id='word_1_351' title='bbox 731 2651 767 2689; x_wconf 85' lang='lat' dir='ltr'>a</span> <span class='ocrx_word' id='word_1_352' title='bbox 795 2649 906 2699; x_wconf 83' lang='lat' dir='ltr'>me,</span> <span class='ocrx_word' id='word_1_353' title='bbox 938 2632 1221 2689; x_wconf 81' lang='lat' dir='ltr'>maledicti</span> <span class='ocrx_word' id='word_1_354' title='bbox 1254 2631 1438 2697; x_wconf 83' lang='lat' dir='ltr'>Patris</span> <span class='ocrx_word' id='word_1_355' title='bbox 1469 2630 1598 2695; x_wconf 90' lang='lat' dir='ltr'>mei,</span> <span class='ocrx_word' id='word_1_356' title='bbox 1626 2630 1893 2700; x_wconf 86' lang='lat' dir='ltr'>quoniam</span> <span class='ocrx_word' id='word_1_357' title='bbox 1922 2628 2093 2689; x_wconf 85' lang='lat' dir='ltr'>bene-</span> 
     </span>
    </p>
   </div>
   <div class='ocr_carea' id='block_1_46' title="bbox 488 2718 2095 2792">
    <p class='ocr_par' dir='ltr' id='par_1_46' title="bbox 488 2718 2095 2792">
     <span class='ocr_line' id='line_1_46' title="bbox 488 2718 2095 2792; baseline -0.003 -14"><span class='ocrx_word' id='word_1_358' title='bbox 488 2722 752 2781; x_wconf 84' lang='lat' dir='ltr'>dictionis</span> <span class='ocrx_word' id='word_1_359' title='bbox 769 2726 859 2779; x_wconf 86' lang='lat' dir='ltr'>est</span> <span class='ocrx_word' id='word_1_360' title='bbox 876 2721 1064 2792; x_wconf 85' lang='lat' dir='ltr'>potius</span> <span class='ocrx_word' id='word_1_361' title='bbox 1078 2720 1312 2790; x_wconf 86' lang='lat' dir='ltr'>largitor</span> <span class='ocrx_word' id='word_1_362' title='bbox 1342 2720 1528 2784; x_wconf 87' lang='lat' dir='ltr'>Pater,</span> <span class='ocrx_word' id='word_1_363' title='bbox 1561 2718 1969 2779; x_wconf 82' lang='lat' dir='ltr'>maledictionis</span> <span class='ocrx_word' id='word_1_364' title='bbox 1997 2736 2095 2773; x_wconf 87' lang='lat' dir='ltr'>au-</span> 
     </span>
    </p>
   </div>
   <div class='ocr_carea' id='block_1_47' title="bbox 491 2807 2095 2889">
    <p class='ocr_par' dir='ltr' id='par_1_47' title="bbox 491 2807 2095 2889">
     <span class='ocr_line' id='line_1_47' title="bbox 491 2807 2095 2889; baseline -0.004 -20"><span class='ocrx_word' id='word_1_365' title='bbox 491 2818 608 2869; x_wconf 80' lang='lat' dir='ltr'>tem</span> <span class='ocrx_word' id='word_1_366' title='bbox 638 2810 1024 2889; x_wconf 79' lang='lat' dir='ltr'>unusquisque</span> <span class='ocrx_word' id='word_1_367' title='bbox 1043 2809 1149 2867; x_wconf 87' lang='lat' dir='ltr'>sibi</span> <span class='ocrx_word' id='word_1_368' title='bbox 1174 2814 1261 2863; x_wconf 84' lang='lat' dir='ltr'>est</span> <span class='ocrx_word' id='word_1_369' title='bbox 1287 2813 1503 2873; x_wconf 85' lang='lat' dir='ltr'>auctor,</span> <span class='ocrx_word' id='word_1_370' title='bbox 1536 2824 1664 2863; x_wconf 87' lang='lat' dir='ltr'>cum</span> <span class='ocrx_word' id='word_1_371' title='bbox 1693 2807 2095 2863; x_wconf 83' lang='lat' dir='ltr'>maledictioni—</span> 
     </span>
    </p>
   </div>
   <div class='ocr_carea' id='block_1_48' title="bbox 491 2896 2094 2969">
    <p class='ocr_par' dir='ltr' id='par_1_48' title="bbox 491 2896 2094 2969">
     <span class='ocr_line' id='line_1_48' title="bbox 491 2896 2094 2969; baseline -0.003 -15"><span class='ocrx_word' id='word_1_372' title='bbox 491 2899 597 2955; x_wconf 85' lang='lat' dir='ltr'>bus</span> <span class='ocrx_word' id='word_1_373' title='bbox 622 2899 798 2968; x_wconf 84' lang='lat' dir='ltr'>digna</span> <span class='ocrx_word' id='word_1_374' title='bbox 818 2903 1103 2969; x_wconf 86' lang='lat' dir='ltr'>operatur.</span> <span class='ocrx_word' id='word_1_375' title='bbox 1137 2898 1207 2951; x_wconf 86' lang='lat' dir='ltr'>Et</span> <span class='ocrx_word' id='word_1_376' title='bbox 1227 2896 1536 2953; x_wconf 86' lang='lat' dir='ltr'>notandum</span> <span class='ocrx_word' id='word_1_377' title='bbox 1554 2896 1704 2966; x_wconf 89' lang='lat' dir='ltr'>quod</span> <span class='ocrx_word' id='word_1_378' title='bbox 1725 2896 1824 2961; x_wconf 88' lang='lat' dir='ltr'>ait,</span> <span class='ocrx_word' id='word_1_379' title='bbox 1839 2897 2094 2950; x_wconf 76' lang='lat' dir='ltr'>discedite</span> 
     </span>
    </p>
   </div>
   <div class='ocr_carea' id='block_1_49' title="bbox 2175 1742 3707 1816">
    <p class='ocr_par' dir='ltr' id='par_1_49' title="bbox 2175 1742 3707 1816">
     <span class='ocr_line' id='line_1_49' title="bbox 2175 1742 3707 1816; baseline -0.001 -17"><span class='ocrx_word' id='word_1_380' title='bbox 2175 1742 2395 1799; x_wconf 88' lang='lat' dir='ltr'>diabolo</span> <span class='ocrx_word' id='word_1_381' title='bbox 2424 1750 2657 1815; x_wconf 86' lang='lat' dir='ltr'>paratus</span> <span class='ocrx_word' id='word_1_382' title='bbox 2675 1744 2902 1800; x_wconf 85' lang='lat' dir='ltr'>dicitur.</span> <span class='ocrx_word' id='word_1_383' title='bbox 2919 1746 3086 1803; x_wconf 84' lang='lat' dir='ltr'>Forte</span> <span class='ocrx_word' id='word_1_384' title='bbox 3110 1745 3223 1802; x_wconf 89' lang='lat' dir='ltr'>iste</span> <span class='ocrx_word' id='word_1_385' title='bbox 3250 1745 3395 1816; x_wconf 85' lang='lat' dir='ltr'>ignis</span> <span class='ocrx_word' id='word_1_386' title='bbox 3420 1745 3616 1816; x_wconf 79' lang='lat' dir='ltr'>quando</span> <span class='ocrx_word' id='word_1_387' title='bbox 3638 1760 3707 1816; x_wconf 55' lang='lat' dir='ltr'>pec</span> 
     </span>
    </p>
   </div>
   <div class='ocr_carea' id='block_1_50' title="bbox 2169 1832 3707 1906">
    <p class='ocr_par' dir='ltr' id='par_1_50' title="bbox 2169 1832 3707 1906">
     <span class='ocr_line' id='line_1_50' title="bbox 2169 1832 3707 1906; baseline -0.001 -15"><span class='ocrx_word' id='word_1_388' title='bbox 2169 1836 2328 1891; x_wconf 76' lang='lat' dir='ltr'>ratus</span> <span class='ocrx_word' id='word_1_389' title='bbox 2350 1839 2439 1889; x_wconf 89' lang='lat' dir='ltr'>est</span> <span class='ocrx_word' id='word_1_390' title='bbox 2466 1832 2688 1891; x_wconf 86' lang='lat' dir='ltr'>diabolo</span> <span class='ocrx_word' id='word_1_391' title='bbox 2716 1850 2751 1888; x_wconf 86' lang='lat' dir='ltr'>a</span> <span class='ocrx_word' id='word_1_392' title='bbox 2770 1834 2928 1903; x_wconf 88' lang='lat' dir='ltr'>justo</span> <span class='ocrx_word' id='word_1_393' title='bbox 2951 1834 3162 1904; x_wconf 87' lang='lat' dir='ltr'>judice,</span> <span class='ocrx_word' id='word_1_394' title='bbox 3188 1835 3310 1906; x_wconf 88' lang='lat' dir='ltr'>ipse</span> <span class='ocrx_word' id='word_1_395' title='bbox 3336 1834 3494 1891; x_wconf 84' lang='lat' dir='ltr'>homo</span> <span class='ocrx_word' id='word_1_396' title='bbox 3518 1834 3707 1889; x_wconf 82' lang='lat' dir='ltr'>necdum</span> 
     </span>
    </p>
   </div>
   <div class='ocr_carea' id='block_1_51' title="bbox 2169 1920 3709 1994">
    <p class='ocr_par' dir='ltr' id='par_1_51' title="bbox 2169 1920 3709 1994">
     <span class='ocr_line' id='line_1_51' title="bbox 2169 1920 3709 1994; baseline -0.001 -17"><span class='ocrx_word' id='word_1_397' title='bbox 2169 1925 2311 1979; x_wconf 78' lang='lat' dir='ltr'>erat.</span> <span class='ocrx_word' id='word_1_398' title='bbox 2345 1921 2415 1983; x_wconf 81' lang='lat' dir='ltr'>Et</span> <span class='ocrx_word' id='word_1_399' title='bbox 2450 1920 2578 1976; x_wconf 90' lang='lat' dir='ltr'>ideo</span> <span class='ocrx_word' id='word_1_400' title='bbox 2614 1921 2696 1975; x_wconf 89' lang='lat' dir='ltr'>illi</span> <span class='ocrx_word' id='word_1_401' title='bbox 2735 1927 2970 1993; x_wconf 82' lang='lat' dir='ltr'>paratur</span> <span class='ocrx_word' id='word_1_402' title='bbox 3007 1923 3103 1994; x_wconf 88' lang='lat' dir='ltr'>qui</span> <span class='ocrx_word' id='word_1_403' title='bbox 3139 1928 3428 1979; x_wconf 86' lang='lat' dir='ltr'>corruerat</span> <span class='ocrx_word' id='word_1_404' title='bbox 3463 1928 3709 1992; x_wconf 77' lang='lat' dir='ltr'>antequam</span> 
     </span>
    </p>
   </div>
   <div class='ocr_carea' id='block_1_52' title="bbox 2166 2008 3712 2083">
    <p class='ocr_par' dir='ltr' id='par_1_52' title="bbox 2166 2008 3712 2083">
     <span class='ocr_line' id='line_1_52' title="bbox 2166 2008 3712 2083; baseline 0.002 -19"><span class='ocrx_word' id='word_1_405' title='bbox 2166 2008 2337 2064; x_wconf 86' lang='lat' dir='ltr'>homo</span> <span class='ocrx_word' id='word_1_406' title='bbox 2368 2016 2536 2071; x_wconf 79' lang='lat' dir='ltr'>esset.</span> <span class='ocrx_word' id='word_1_407' title='bbox 2568 2012 2636 2069; x_wconf 88' lang='lat' dir='ltr'>Et</span> <span class='ocrx_word' id='word_1_408' title='bbox 2664 2010 2785 2081; x_wconf 85' lang='lat' dir='ltr'>ipse</span> <span class='ocrx_word' id='word_1_409' title='bbox 2813 2012 2906 2066; x_wconf 84' lang='lat' dir='ltr'>cui</span> <span class='ocrx_word' id='word_1_410' title='bbox 2936 2016 3194 2082; x_wconf 74' lang='lat' dir='ltr'>paratur,</span> <span class='ocrx_word' id='word_1_411' title='bbox 3238 2012 3368 2067; x_wconf 88' lang='lat' dir='ltr'>licet</span> <span class='ocrx_word' id='word_1_412' title='bbox 3390 2011 3631 2083; x_wconf 74' lang='lat' dir='ltr'>spiritale,</span> <span class='ocrx_word' id='word_1_413' title='bbox 3654 2016 3712 2073; x_wconf 59' lang='lat' dir='ltr'>tuo</span> 
     </span>
    </p>
   </div>
   <div class='ocr_carea' id='block_1_53' title="bbox 2170 2098 3821 2174">
    <p class='ocr_par' dir='ltr' id='par_1_53' title="bbox 2170 2098 3821 2174">
     <span class='ocr_line' id='line_1_53' title="bbox 2170 2098 3821 2174; baseline 0.01 -23"><span class='ocrx_word' id='word_1_414' title='bbox 2170 2114 2302 2159; x_wconf 91' lang='lat' dir='ltr'>men</span> <span class='ocrx_word' id='word_1_415' title='bbox 2329 2114 2530 2174; x_wconf 73' lang='lat' dir='ltr'>corpus</span> <span class='ocrx_word' id='word_1_416' title='bbox 2558 2098 2765 2161; x_wconf 84' lang='lat' dir='ltr'>habere</span> <span class='ocrx_word' id='word_1_417' title='bbox 2785 2117 2900 2159; x_wconf 86' lang='lat' dir='ltr'>non</span> <span class='ocrx_word' id='word_1_418' title='bbox 2931 2107 3191 2171; x_wconf 77' lang='lat' dir='ltr'>negatur.</span> <span class='ocrx_word' id='word_1_419' title='bbox 3225 2101 3385 2170; x_wconf 83' lang='lat' dir='ltr'>QuOd</span> <span class='ocrx_word' id='word_1_420' title='bbox 3419 2101 3465 2155; x_wconf 72' lang='grc' dir='ltr'>εἰ</span> <span class='ocrx_word' id='word_1_421' title='bbox 3490 2099 3709 2166; x_wconf 65' lang='grc' dir='ltr'>(ὶὶεδοιυδι</span> <span class='ocrx_word' id='word_1_422' title='bbox 3820 2118 3821 2129; x_wconf 86' lang='lat'>‘</span> 
     </span>
    </p>
   </div>
   <div class='ocr_carea' id='block_1_54' title="bbox 2172 2186 3821 2261">
    <p class='ocr_par' dir='ltr' id='par_1_54' title="bbox 2172 2186 3821 2261">
     <span class='ocr_line' id='line_1_54' title="bbox 2172 2186 3821 2261; baseline -0.013 -20"><span class='ocrx_word' id='word_1_423' title='bbox 2172 2186 2427 2256; x_wconf 82' lang='lat' dir='ltr'>quamvis</span> <span class='ocrx_word' id='word_1_424' title='bbox 2450 2187 2703 2258; x_wconf 70' lang='lat' dir='ltr'>spiritale</span> <span class='ocrx_word' id='word_1_425' title='bbox 2732 2206 2934 2261; x_wconf 61' lang='lat' dir='ltr'>corpu;</span> <span class='ocrx_word' id='word_1_426' title='bbox 2960 2189 3173 2255; x_wconf 55' lang='lat' dir='ltr'>habere</span> <span class='ocrx_word' id='word_1_427' title='bbox 3201 2190 3463 2256; x_wconf 52' lang='lat' dir='ltr'>creditur,</span> <span class='ocrx_word' id='word_1_428' title='bbox 3497 2188 3612 2261; x_wconf 65' lang='lat' dir='ltr'>quid</span> <span class='ocrx_word' id='word_1_429' title='bbox 3631 2188 3710 2243; x_wconf 51' lang='grc' dir='ltr'>ωδ,</span> <span class='ocrx_word' id='word_1_430' title='bbox 3820 2208 3821 2219; x_wconf 51' lang='grc' dir='ltr'><strong>η</strong></span> 
     </span>
    </p>
   </div>
   <div class='ocr_carea' id='block_1_55' title="bbox 2172 2275 3710 2349">
    <p class='ocr_par' dir='ltr' id='par_1_55' title="bbox 2172 2275 3710 2349">
     <span class='ocr_line' id='line_1_55' title="bbox 2172 2275 3710 2349; baseline 0.002 -21"><span class='ocrx_word' id='word_1_431' title='bbox 2172 2290 2321 2341; x_wconf 86' lang='lat' dir='ltr'>rum,</span> <span class='ocrx_word' id='word_1_432' title='bbox 2351 2276 2398 2331; x_wconf 89' lang='lat' dir='ltr'>si</span> <span class='ocrx_word' id='word_1_433' title='bbox 2428 2281 2490 2329; x_wconf 88' lang='lat' dir='ltr'>et</span> <span class='ocrx_word' id='word_1_434' title='bbox 2514 2275 2636 2347; x_wconf 88' lang='lat' dir='ltr'>ipse</span> <span class='ocrx_word' id='word_1_435' title='bbox 2662 2276 2810 2347; x_wconf 85' lang='lat' dir='ltr'>ignis</span> <span class='ocrx_word' id='word_1_436' title='bbox 2856 2277 2953 2348; x_wconf 89' lang='lat' dir='ltr'>qui</span> <span class='ocrx_word' id='word_1_437' title='bbox 2990 2277 3044 2331; x_wconf 90' lang='lat' dir='ltr'>ei</span> <span class='ocrx_word' id='word_1_438' title='bbox 3085 2283 3324 2349; x_wconf 67' lang='lat' dir='ltr'>paratus</span> <span class='ocrx_word' id='word_1_439' title='bbox 3350 2283 3453 2345; x_wconf 73' lang='lat' dir='ltr'>est,</span> <span class='ocrx_word' id='word_1_440' title='bbox 3497 2276 3710 2348; x_wconf 75' lang='lat' dir='ltr'>spiritalis</span> 
     </span>
    </p>
   </div>
   <div class='ocr_carea' id='block_1_56' title="bbox 2174 2366 3821 2438">
    <p class='ocr_par' dir='ltr' id='par_1_56' title="bbox 2174 2366 3821 2438">
     <span class='ocr_line' id='line_1_56' title="bbox 2174 2366 3821 2438; baseline 0.002 -19"><span class='ocrx_word' id='word_1_441' title='bbox 2174 2367 2344 2433; x_wconf 81' lang='lat' dir='ltr'>atque</span> <span class='ocrx_word' id='word_1_442' title='bbox 2363 2380 2663 2435; x_wconf 87' lang='lat' dir='ltr'>corporeus</span> <span class='ocrx_word' id='word_1_443' title='bbox 2677 2382 2799 2421; x_wconf 86' lang='lat' dir='ltr'>esse</span> <span class='ocrx_word' id='word_1_444' title='bbox 2812 2366 3076 2427; x_wconf 74' lang='lat' dir='ltr'>credamr</span> <span class='ocrx_word' id='word_1_445' title='bbox 3088 2367 3113 2419; x_wconf 76' lang='lat' dir='ltr'>’I</span> <span class='ocrx_word' id='word_1_446' title='bbox 3134 2367 3299 2431; x_wconf 85' lang='lat' dir='ltr'>Unde</span> <span class='ocrx_word' id='word_1_447' title='bbox 3318 2372 3376 2423; x_wconf 90' lang='lat' dir='ltr'>et</span> <span class='ocrx_word' id='word_1_448' title='bbox 3401 2368 3516 2438; x_wconf 81' lang='lat' dir='ltr'>ipsa</span> <span class='ocrx_word' id='word_1_449' title='bbox 3530 2379 3713 2436; x_wconf 67' lang='lat' dir='ltr'>corpora</span> <span class='ocrx_word' id='word_1_450' title='bbox 3820 2396 3821 2423; x_wconf 40' lang='grc' dir='ltr'>ξ</span> 
     </span>
    </p>
   </div>
   <div class='ocr_carea' id='block_1_57' title="bbox 2175 2452 3821 2526">
    <p class='ocr_par' dir='ltr' id='par_1_57' title="bbox 2175 2452 3821 2526">
     <span class='ocr_line' id='line_1_57' title="bbox 2175 2452 3821 2526; baseline 0.001 -21"><span class='ocrx_word' id='word_1_451' title='bbox 2175 2452 2426 2513; x_wconf 80' lang='lat' dir='ltr'>humana</span> <span class='ocrx_word' id='word_1_452' title='bbox 2449 2453 2508 2507; x_wconf 89' lang='lat' dir='ltr'>in</span> <span class='ocrx_word' id='word_1_453' title='bbox 2538 2455 2964 2521; x_wconf 87' lang='lat' dir='ltr'>resurrectione,</span> <span class='ocrx_word' id='word_1_454' title='bbox 2997 2455 3133 2525; x_wconf 86' lang='lat' dir='ltr'>quia</span> <span class='ocrx_word' id='word_1_455' title='bbox 3162 2456 3439 2526; x_wconf 85' lang='lat' dir='ltr'>spiritalia</span> <span class='ocrx_word' id='word_1_456' title='bbox 3462 2460 3610 2511; x_wconf 88' lang='lat' dir='ltr'>erunt</span> <span class='ocrx_word' id='word_1_457' title='bbox 3630 2469 3713 2506; x_wconf 83' lang='lat' dir='ltr'>non</span> <span class='ocrx_word' id='word_1_458' title='bbox 3820 2456 3821 2461; x_wconf 68' lang='grc'><em>“</em></span> 
     </span>
    </p>
   </div>
   <div class='ocr_carea' id='block_1_58' title="bbox 2171 2539 3712 2614">
    <p class='ocr_par' dir='ltr' id='par_1_58' title="bbox 2171 2539 3712 2614">
     <span class='ocr_line' id='line_1_58' title="bbox 2171 2539 3712 2614; baseline 0.005 -20"><span class='ocrx_word' id='word_1_459' title='bbox 2171 2539 2244 2595; x_wconf 90' lang='lat' dir='ltr'>ab</span> <span class='ocrx_word' id='word_1_460' title='bbox 2292 2558 2355 2595; x_wconf 87' lang='lat' dir='ltr'>re</span> <span class='ocrx_word' id='word_1_461' title='bbox 2395 2542 2644 2599; x_wconf 86' lang='lat' dir='ltr'>creditur</span> <span class='ocrx_word' id='word_1_462' title='bbox 2685 2560 2754 2597; x_wconf 89' lang='lat' dir='ltr'>eo</span> <span class='ocrx_word' id='word_1_463' title='bbox 2798 2543 2917 2614; x_wconf 87' lang='lat' dir='ltr'>igni</span> <span class='ocrx_word' id='word_1_464' title='bbox 2960 2561 3124 2614; x_wconf 79' lang='lat' dir='ltr'>posse</span> <span class='ocrx_word' id='word_1_465' title='bbox 3167 2545 3408 2601; x_wconf 81' lang='lat' dir='ltr'>cremari</span> <span class='ocrx_word' id='word_1_466' title='bbox 3449 2548 3712 2612; x_wconf 65' lang='lat' dir='ltr'>unumque.</span> 
     </span>
    </p>
   </div>
   <div class='ocr_carea' id='block_1_59' title="bbox 2174 2630 3717 2703">
    <p class='ocr_par' dir='ltr' id='par_1_59' title="bbox 2174 2630 3717 2703">
     <span class='ocr_line' id='line_1_59' title="bbox 2174 2630 3717 2703; baseline 0 -19"><span class='ocrx_word' id='word_1_467' title='bbox 2174 2646 2374 2700; x_wconf 89' lang='lat' dir='ltr'>corpus</span> <span class='ocrx_word' id='word_1_468' title='bbox 2422 2630 2633 2687; x_wconf 87' lang='lat' dir='ltr'>scilicet</span> <span class='ocrx_word' id='word_1_469' title='bbox 2678 2637 2736 2686; x_wconf 88' lang='lat' dir='ltr'>et</span> <span class='ocrx_word' id='word_1_470' title='bbox 2782 2633 3032 2688; x_wconf 87' lang='lat' dir='ltr'>animam</span> <span class='ocrx_word' id='word_1_471' title='bbox 3069 2632 3130 2691; x_wconf 88' lang='lat' dir='ltr'>in</span> <span class='ocrx_word' id='word_1_472' title='bbox 3180 2635 3458 2703; x_wconf 82' lang='lat' dir='ltr'>gehenna.</span> <span class='ocrx_word' id='word_1_473' title='bbox 3501 2632 3717 2686; x_wconf 77' lang='lat' dir='ltr'>Geheana</span> 
     </span>
    </p>
   </div>
   <div class='ocr_carea' id='block_1_60' title="bbox 2176 2718 3821 2793">
    <p class='ocr_par' dir='ltr' id='par_1_60' title="bbox 2176 2718 3821 2793">
     <span class='ocr_line' id='line_1_60' title="bbox 2176 2718 3821 2793; baseline -0.002 -22"><span class='ocrx_word' id='word_1_474' title='bbox 2176 2718 2399 2789; x_wconf 89' lang='lat' dir='ltr'>quippe,</span> <span class='ocrx_word' id='word_1_475' title='bbox 2432 2718 2636 2790; x_wconf 81' lang='lat' dir='ltr'>duplex</span> <span class='ocrx_word' id='word_1_476' title='bbox 2659 2736 2826 2791; x_wconf 71' lang='lat' dir='ltr'>poena</span> <span class='ocrx_word' id='word_1_477' title='bbox 2873 2721 3099 2775; x_wconf 91' lang='lat' dir='ltr'>dicitur.</span> <span class='ocrx_word' id='word_1_478' title='bbox 3132 2722 3305 2776; x_wconf 91' lang='lat' dir='ltr'>Forte</span> <span class='ocrx_word' id='word_1_479' title='bbox 3335 2722 3461 2792; x_wconf 86' lang='lat' dir='ltr'>quia</span> <span class='ocrx_word' id='word_1_480' title='bbox 3484 2734 3655 2789; x_wconf 86' lang='lat' dir='ltr'>corpus</span> <span class='ocrx_word' id='word_1_481' title='bbox 3675 2720 3718 2769; x_wconf 78' lang='lat' dir='ltr'>et</span> <span class='ocrx_word' id='word_1_482' title='bbox 3820 2784 3821 2793; x_wconf 11' lang='grc' dir='ltr'>χ</span> 
     </span>
    </p>
   </div>
   <div class='ocr_carea' id='block_1_61' title="bbox 2173 2806 3719 2881">
    <p class='ocr_par' dir='ltr' id='par_1_61' title="bbox 2173 2806 3719 2881">
     <span class='ocr_line' id='line_1_61' title="bbox 2173 2806 3719 2881; baseline 0.001 -20"><span class='ocrx_word' id='word_1_483' title='bbox 2173 2807 2367 2862; x_wconf 85' lang='lat' dir='ltr'>anima</span> <span class='ocrx_word' id='word_1_484' title='bbox 2411 2824 2478 2864; x_wconf 90' lang='lat' dir='ltr'>eo</span> <span class='ocrx_word' id='word_1_485' title='bbox 2531 2814 2820 2864; x_wconf 87' lang='lat' dir='ltr'>crematur</span> <span class='ocrx_word' id='word_1_486' title='bbox 2863 2810 3152 2876; x_wconf 85' lang='lat' dir='ltr'>incendio;</span> <span class='ocrx_word' id='word_1_487' title='bbox 3197 2817 3267 2867; x_wconf 91' lang='lat' dir='ltr'>ut</span> <span class='ocrx_word' id='word_1_488' title='bbox 3309 2810 3439 2881; x_wconf 80' lang='lat' dir='ltr'>quia</span> <span class='ocrx_word' id='word_1_489' title='bbox 3475 2806 3719 2879; x_wconf 78' lang='lat' dir='ltr'>dupliciter</span> 
     </span>
    </p>
   </div>
   <div class='ocr_carea' id='block_1_62' title="bbox 2174 2892 3720 2969">
    <p class='ocr_par' dir='ltr' id='par_1_62' title="bbox 2174 2892 3720 2969">
     <span class='ocr_line' id='line_1_62' title="bbox 2174 2892 3720 2969; baseline 0.001 -21"><span class='ocrx_word' id='word_1_490' title='bbox 2174 2894 2343 2949; x_wconf 89' lang='lat' dir='ltr'>homo</span> <span class='ocrx_word' id='word_1_491' title='bbox 2380 2894 2640 2967; x_wconf 85' lang='lat' dir='ltr'>deliquit,</span> <span class='ocrx_word' id='word_1_492' title='bbox 2673 2896 2973 2967; x_wconf 86' lang='lat' dir='ltr'>dupliciter</span> <span class='ocrx_word' id='word_1_493' title='bbox 3006 2899 3299 2969; x_wconf 78' lang='lat' dir='ltr'>puniatur.</span> <span class='ocrx_word' id='word_1_494' title='bbox 3340 2900 3454 2954; x_wconf 88' lang='lat' dir='ltr'>Nec</span> <span class='ocrx_word' id='word_1_495' title='bbox 3476 2897 3628 2967; x_wconf 79' lang='lat' dir='ltr'>igitur</span> <span class='ocrx_word' id='word_1_496' title='bbox 3647 2892 3720 2947; x_wconf 81' lang='lat' dir='ltr'>mi-</span> 
     </span>
    </p>
   </div>
   <div class='ocr_carea' id='block_1_63' title="bbox 484 2982 3718 3058">
    <p class='ocr_par' dir='ltr' id='par_1_63' title="bbox 484 2982 3718 3058">
     <span class='ocr_line' id='line_1_63' title="bbox 484 2982 3718 3058; baseline -0.002 -15"><span class='ocrx_word' id='word_1_497' title='bbox 484 3006 527 3053; x_wconf 76' lang='lat' dir='ltr'>a</span> <span class='ocrx_word' id='word_1_498' title='bbox 556 3004 663 3043; x_wconf 83' lang='lat' dir='ltr'>me.</span> <span class='ocrx_word' id='word_1_499' title='bbox 694 2990 744 3045; x_wconf 82' lang='lat' dir='ltr'><strong>A</strong></span> <span class='ocrx_word' id='word_1_500' title='bbox 770 2988 1076 3058; x_wconf 83' lang='lat' dir='ltr'>sequidem</span> <span class='ocrx_word' id='word_1_501' title='bbox 1099 2986 1263 3057; x_wconf 81' lang='lat' dir='ltr'>jubet</span> <span class='ocrx_word' id='word_1_502' title='bbox 1280 2985 1586 3051; x_wconf 84' lang='lat' dir='ltr'>discedere,</span> <span class='ocrx_word' id='word_1_503' title='bbox 1598 2986 1711 3050; x_wconf 87' lang='lat' dir='ltr'>cui,</span> <span class='ocrx_word' id='word_1_504' title='bbox 1733 2985 1869 3055; x_wconf 86' lang='lat' dir='ltr'>quia</span> <span class='ocrx_word' id='word_1_505' title='bbox 1886 2987 2096 3045; x_wconf 79' lang='lat' dir='ltr'>media—</span> <span class='ocrx_word' id='word_1_506' title='bbox 2113 2983 2157 3043; x_wconf 88' lang='lat' dir='ltr'>C</span> <span class='ocrx_word' id='word_1_507' title='bbox 2176 2983 2337 3049; x_wconf 85' lang='lat' dir='ltr'>reris,</span> <span class='ocrx_word' id='word_1_508' title='bbox 2386 2984 2437 3039; x_wconf 87' lang='lat' dir='ltr'>si</span> <span class='ocrx_word' id='word_1_509' title='bbox 2478 2984 2699 3040; x_wconf 86' lang='lat' dir='ltr'>dicatur</span> <span class='ocrx_word' id='word_1_510' title='bbox 2738 2986 2888 3056; x_wconf 84' lang='lat' dir='ltr'>ignis</span> <span class='ocrx_word' id='word_1_511' title='bbox 2938 2987 3035 3045; x_wconf 88' lang='lat' dir='ltr'>ille</span> <span class='ocrx_word' id='word_1_512' title='bbox 3070 2987 3312 3043; x_wconf 85' lang='lat' dir='ltr'>visibilis</span> <span class='ocrx_word' id='word_1_513' title='bbox 3339 2994 3437 3042; x_wconf 86' lang='lat' dir='ltr'>aut</span> <span class='ocrx_word' id='word_1_514' title='bbox 3460 2982 3718 3046; x_wconf 77' lang='lat' dir='ltr'>invisibilis,</span> 
     </span>
    </p>
   </div>
   <div class='ocr_carea' id='block_1_64' title="bbox 493 3072 3724 3144">
    <p class='ocr_par' dir='ltr' id='par_1_64' title="bbox 493 3072 3724 3144">
     <span class='ocr_line' id='line_1_64' title="bbox 493 3072 3724 3144; baseline -0 -15"><span class='ocrx_word' id='word_1_515' title='bbox 493 3082 584 3138; x_wconf 74' lang='lat' dir='ltr'>tor</span> <span class='ocrx_word' id='word_1_516' title='bbox 610 3078 712 3133; x_wconf 77' lang='lat' dir='ltr'>Dei</span> <span class='ocrx_word' id='word_1_517' title='bbox 729 3080 779 3130; x_wconf 75' lang='lat' dir='ltr'>et</span> <span class='ocrx_word' id='word_1_518' title='bbox 807 3076 1100 3129; x_wconf 82' lang='lat' dir='ltr'>hominum</span> <span class='ocrx_word' id='word_1_519' title='bbox 1118 3077 1167 3139; x_wconf 83' lang='grc' dir='ltr'>(Ι</span> <span class='ocrx_word' id='word_1_520' title='bbox 1186 3075 1325 3129; x_wconf 82' lang='lat' dir='ltr'>Tim.</span> <span class='ocrx_word' id='word_1_521' title='bbox 1358 3088 1419 3135; x_wconf 77' lang='grc' dir='ltr'>ιι,</span> <span class='ocrx_word' id='word_1_522' title='bbox 1444 3074 1495 3142; x_wconf 82' lang='grc'>5)</span> <span class='ocrx_word' id='word_1_523' title='bbox 1514 3079 1618 3138; x_wconf 88' lang='lat' dir='ltr'>est,</span> <span class='ocrx_word' id='word_1_524' title='bbox 1648 3072 1983 3132; x_wconf 85' lang='lat' dir='ltr'>videbantur</span> <span class='ocrx_word' id='word_1_525' title='bbox 1995 3089 2098 3144; x_wconf 86' lang='lat' dir='ltr'>per</span> <span class='ocrx_word' id='word_1_526' title='bbox 2176 3072 2275 3142; x_wconf 87' lang='lat' dir='ltr'>qui</span> <span class='ocrx_word' id='word_1_527' title='bbox 2325 3087 2441 3128; x_wconf 89' lang='lat' dir='ltr'>non</span> <span class='ocrx_word' id='word_1_528' title='bbox 2483 3073 2795 3131; x_wconf 84' lang='lat' dir='ltr'>secundum</span> <span class='ocrx_word' id='word_1_529' title='bbox 2840 3074 2988 3130; x_wconf 86' lang='lat' dir='ltr'>hanc</span> <span class='ocrx_word' id='word_1_530' title='bbox 3041 3075 3320 3133; x_wconf 86' lang='lat' dir='ltr'>visionem</span> <span class='ocrx_word' id='word_1_531' title='bbox 3358 3080 3606 3138; x_wconf 77' lang='lat' dir='ltr'>nostram,</span> <span class='ocrx_word' id='word_1_532' title='bbox 3636 3085 3724 3140; x_wconf 65' lang='lat' dir='ltr'>qua</span> 
     </span>
    </p>
   </div>
   <div class='ocr_carea' id='block_1_65' title="bbox 481 3160 3722 3232">
    <p class='ocr_par' dir='ltr' id='par_1_65' title="bbox 481 3160 3722 3232">
     <span class='ocr_line' id='line_1_65' title="bbox 481 3160 3722 3232; baseline 0.001 -15"><span class='ocrx_word' id='word_1_533' title='bbox 481 3168 852 3227; x_wconf 66' lang='lat' dir='ltr'>sacramenta</span> <span class='ocrx_word' id='word_1_534' title='bbox 878 3179 1034 3221; x_wconf 72' lang='lat' dir='ltr'>novas</span> <span class='ocrx_word' id='word_1_535' title='bbox 1055 3162 1363 3219; x_wconf 84' lang='lat' dir='ltr'>nativitatis</span> <span class='ocrx_word' id='word_1_536' title='bbox 1382 3161 1685 3232; x_wconf 82' lang='lat' dir='ltr'>conjuncti.</span> <span class='ocrx_word' id='word_1_537' title='bbox 1709 3162 1819 3216; x_wconf 87' lang='lat' dir='ltr'>Sed</span> <span class='ocrx_word' id='word_1_538' title='bbox 1838 3162 1971 3232; x_wconf 88' lang='lat' dir='ltr'>quia</span> <span class='ocrx_word' id='word_1_539' title='bbox 1987 3162 2096 3232; x_wconf 84' lang='lat' dir='ltr'>ipsi</span> <span class='ocrx_word' id='word_1_540' title='bbox 2176 3175 2326 3219; x_wconf 85' lang='lat' dir='ltr'>nunc</span> <span class='ocrx_word' id='word_1_541' title='bbox 2353 3160 2628 3228; x_wconf 85' lang='lat' dir='ltr'>videmus,</span> <span class='ocrx_word' id='word_1_542' title='bbox 2662 3162 2762 3224; x_wconf 72' lang='lat' dir='ltr'>illa</span> <span class='ocrx_word' id='word_1_543' title='bbox 2787 3164 3080 3225; x_wconf 71' lang='lat' dir='ltr'>visibilitas</span> <span class='ocrx_word' id='word_1_544' title='bbox 3118 3165 3255 3229; x_wconf 89' lang='lat' dir='ltr'>erit,</span> <span class='ocrx_word' id='word_1_545' title='bbox 3282 3165 3427 3227; x_wconf 67' lang='lat' dir='ltr'>sicut</span> <span class='ocrx_word' id='word_1_546' title='bbox 3452 3178 3546 3219; x_wconf 85' lang='lat' dir='ltr'>nec</span> <span class='ocrx_word' id='word_1_547' title='bbox 3564 3173 3722 3228; x_wconf 67' lang='lat' dir='ltr'>corpo-</span> 
     </span>
    </p>
   </div>
   <div class='ocr_carea' id='block_1_66' title="bbox 493 3249 3724 3324">
    <p class='ocr_par' dir='ltr' id='par_1_66' title="bbox 493 3249 3724 3324">
     <span class='ocr_line' id='line_1_66' title="bbox 493 3249 3724 3324; baseline -0 -16"><span class='ocrx_word' id='word_1_548' title='bbox 493 3256 849 3309; x_wconf 81' lang='lat' dir='ltr'>recesserant</span> <span class='ocrx_word' id='word_1_549' title='bbox 869 3251 1024 3322; x_wconf 88' lang='lat' dir='ltr'>prius</span> <span class='ocrx_word' id='word_1_550' title='bbox 1050 3267 1122 3305; x_wconf 88' lang='lat' dir='ltr'>ne</span> <span class='ocrx_word' id='word_1_551' title='bbox 1149 3250 1200 3304; x_wconf 88' lang='lat' dir='ltr'>ei</span> <span class='ocrx_word' id='word_1_552' title='bbox 1229 3250 1571 3306; x_wconf 69' lang='lat' dir='ltr'>inhaererent</span> <span class='ocrx_word' id='word_1_553' title='bbox 1594 3251 1705 3304; x_wconf 81' lang='lat' dir='ltr'>fide</span> <span class='ocrx_word' id='word_1_554' title='bbox 1728 3256 1788 3304; x_wconf 88' lang='lat' dir='ltr'>et</span> <span class='ocrx_word' id='word_1_555' title='bbox 1812 3250 2092 3320; x_wconf 86' lang='lat' dir='ltr'>operibus,</span> <span class='ocrx_word' id='word_1_556' title='bbox 2176 3265 2277 3310; x_wconf 77' lang='lat' dir='ltr'>rea</span> <span class='ocrx_word' id='word_1_557' title='bbox 2304 3250 2583 3321; x_wconf 77' lang='lat' dir='ltr'>spiritalia</span> <span class='ocrx_word' id='word_1_558' title='bbox 2608 3252 2765 3318; x_wconf 79' lang='lat' dir='ltr'>talia,</span> <span class='ocrx_word' id='word_1_559' title='bbox 2804 3254 2996 3324; x_wconf 78' lang='lat' dir='ltr'>qualia</span> <span class='ocrx_word' id='word_1_560' title='bbox 3022 3270 3177 3315; x_wconf 82' lang='lat' dir='ltr'>nunc</span> <span class='ocrx_word' id='word_1_561' title='bbox 3201 3260 3341 3315; x_wconf 80' lang='lat' dir='ltr'>sunt</span> <span class='ocrx_word' id='word_1_562' title='bbox 3367 3258 3541 3313; x_wconf 71' lang='lat' dir='ltr'>erant.</span> <span class='ocrx_word' id='word_1_563' title='bbox 3566 3249 3724 3318; x_wconf 54' lang='lat' dir='ltr'>Etim!</span> 
     </span>
    </p>
   </div>
   <div class='ocr_carea' id='block_1_67' title="bbox 492 3338 3725 3412">
    <p class='ocr_par' dir='ltr' id='par_1_67' title="bbox 492 3338 3725 3412">
     <span class='ocr_line' id='line_1_67' title="bbox 492 3338 3725 3412; baseline -0.001 -13"><span class='ocrx_word' id='word_1_564' title='bbox 492 3341 751 3403; x_wconf 81' lang='lat' dir='ltr'>decernit</span> <span class='ocrx_word' id='word_1_565' title='bbox 767 3341 921 3412; x_wconf 85' lang='lat' dir='ltr'>justo</span> <span class='ocrx_word' id='word_1_566' title='bbox 938 3356 1042 3399; x_wconf 82' lang='lat' dir='ltr'>suo</span> <span class='ocrx_word' id='word_1_567' title='bbox 1062 3339 1271 3410; x_wconf 76' lang='lat' dir='ltr'>judicio</span> <span class='ocrx_word' id='word_1_568' title='bbox 1296 3356 1393 3395; x_wconf 88' lang='lat' dir='ltr'>eos</span> <span class='ocrx_word' id='word_1_569' title='bbox 1408 3339 1490 3395; x_wconf 90' lang='lat' dir='ltr'>ire</span> <span class='ocrx_word' id='word_1_570' title='bbox 1514 3339 1574 3393; x_wconf 89' lang='lat' dir='ltr'>in</span> <span class='ocrx_word' id='word_1_571' title='bbox 1592 3338 1780 3407; x_wconf 82' lang='lat' dir='ltr'>ignem</span> <span class='ocrx_word' id='word_1_572' title='bbox 1801 3344 2093 3397; x_wconf 67' lang='lat' dir='ltr'>aeternum.</span> <span class='ocrx_word' id='word_1_573' title='bbox 2176 3339 2326 3409; x_wconf 86' lang='lat' dir='ltr'>ignis</span> <span class='ocrx_word' id='word_1_574' title='bbox 2346 3355 2383 3393; x_wconf 82' lang='lat' dir='ltr'>a</span> <span class='ocrx_word' id='word_1_575' title='bbox 2406 3339 2662 3409; x_wconf 73' lang='lat' dir='ltr'>sapiente</span> <span class='ocrx_word' id='word_1_576' title='bbox 2685 3340 2873 3411; x_wconf 81' lang='lat' dir='ltr'>judice</span> <span class='ocrx_word' id='word_1_577' title='bbox 2901 3341 3036 3408; x_wconf 84' lang='lat' dir='ltr'>Deo,</span> <span class='ocrx_word' id='word_1_578' title='bbox 3068 3358 3178 3399; x_wconf 82' lang='lat' dir='ltr'>nec</span> <span class='ocrx_word' id='word_1_579' title='bbox 3203 3343 3410 3403; x_wconf 86' lang='lat' dir='ltr'>mirum</span> <span class='ocrx_word' id='word_1_580' title='bbox 3444 3341 3490 3397; x_wconf 84' lang='lat' dir='ltr'>si</span> <span class='ocrx_word' id='word_1_581' title='bbox 3512 3339 3626 3402; x_wconf 78' lang='lat' dir='ltr'>talis</span> <span class='ocrx_word' id='word_1_582' title='bbox 3658 3340 3725 3393; x_wconf 66' lang='lat' dir='ltr'>est</span> 
     </span>
    </p>
   </div>
   <div class='ocr_carea' id='block_1_68' title="bbox 478 3423 3725 3500">
    <p class='ocr_par' dir='ltr' id='par_1_68' title="bbox 478 3423 3725 3500">
     <span class='ocr_line' id='line_1_68' title="bbox 478 3423 3725 3500; baseline 0.001 -19"><span class='ocrx_word' id='word_1_583' title='bbox 478 3429 643 3495; x_wconf 77' lang='lat' dir='ltr'>Quia</span> <span class='ocrx_word' id='word_1_584' title='bbox 670 3429 826 3500; x_wconf 86' lang='lat' dir='ltr'>prius</span> <span class='ocrx_word' id='word_1_585' title='bbox 868 3427 976 3499; x_wconf 87' lang='lat' dir='ltr'>ipsi</span> <span class='ocrx_word' id='word_1_586' title='bbox 1022 3428 1080 3483; x_wconf 83' lang='lat' dir='ltr'>in</span> <span class='ocrx_word' id='word_1_587' title='bbox 1111 3442 1242 3487; x_wconf 84' lang='lat' dir='ltr'>eum</span> <span class='ocrx_word' id='word_1_588' title='bbox 1268 3427 1596 3483; x_wconf 84' lang='lat' dir='ltr'>deciderant</span> <span class='ocrx_word' id='word_1_589' title='bbox 1622 3427 1830 3497; x_wconf 87' lang='lat' dir='ltr'>ignem,</span> <span class='ocrx_word' id='word_1_590' title='bbox 1876 3444 2008 3483; x_wconf 85' lang='lat' dir='ltr'>cum</span> <span class='ocrx_word' id='word_1_591' title='bbox 2035 3427 2096 3482; x_wconf 89' lang='lat' dir='ltr'>in</span> <span class='ocrx_word' id='word_1_592' title='bbox 2176 3428 2445 3499; x_wconf 60' lang='lat' dir='ltr'>praevisus</span> <span class='ocrx_word' id='word_1_593' title='bbox 2470 3432 2531 3481; x_wconf 89' lang='lat' dir='ltr'>et</span> <span class='ocrx_word' id='word_1_594' title='bbox 2557 3434 2925 3499; x_wconf 64' lang='lat' dir='ltr'>praeparatus,</span> <span class='ocrx_word' id='word_1_595' title='bbox 2955 3430 3053 3500; x_wconf 85' lang='lat' dir='ltr'>qui</span> <span class='ocrx_word' id='word_1_596' title='bbox 3069 3435 3131 3487; x_wconf 84' lang='lat' dir='ltr'>et</span> <span class='ocrx_word' id='word_1_597' title='bbox 3150 3430 3464 3500; x_wconf 78' lang='lat' dir='ltr'>angelicam</span> <span class='ocrx_word' id='word_1_598' title='bbox 3486 3428 3624 3485; x_wconf 73' lang='lat' dir='ltr'>illam</span> <span class='ocrx_word' id='word_1_599' title='bbox 3638 3423 3725 3493; x_wconf 71' lang='grc' dir='ltr'>ερὶ·</span> 
     </span>
    </p>
   </div>
   <div class='ocr_carea' id='block_1_69' title="bbox 486 3515 3723 3588">
    <p class='ocr_par' dir='ltr' id='par_1_69' title="bbox 486 3515 3723 3588">
     <span class='ocr_line' id='line_1_69' title="bbox 486 3515 3723 3588; baseline -0.001 -11"><span class='ocrx_word' id='word_1_600' title='bbox 486 3519 695 3577; x_wconf 75' lang='lat' dir='ltr'>saeculo</span> <span class='ocrx_word' id='word_1_601' title='bbox 723 3518 843 3573; x_wconf 86' lang='lat' dir='ltr'>sine</span> <span class='ocrx_word' id='word_1_602' title='bbox 870 3516 1219 3588; x_wconf 83' lang='lat' dir='ltr'>poenitentia,</span> <span class='ocrx_word' id='word_1_603' title='bbox 1267 3517 1531 3571; x_wconf 71' lang='lat' dir='ltr'>saeculum</span> <span class='ocrx_word' id='word_1_604' title='bbox 1569 3516 1750 3586; x_wconf 86' lang='lat' dir='ltr'>magis</span> <span class='ocrx_word' id='word_1_605' title='bbox 1780 3517 2096 3577; x_wconf 85' lang='lat' dir='ltr'>amaverint</span> <span class='ocrx_word' id='word_1_606' title='bbox 2178 3517 2400 3575; x_wconf 70' lang='lat' dir='ltr'>vitalem</span> <span class='ocrx_word' id='word_1_607' title='bbox 2430 3523 2602 3586; x_wconf 72' lang='lat' dir='ltr'>queat</span> <span class='ocrx_word' id='word_1_608' title='bbox 2628 3530 2893 3588; x_wconf 74' lang='lat' dir='ltr'>torquere</span> <span class='ocrx_word' id='word_1_609' title='bbox 2921 3524 3209 3585; x_wconf 77' lang='lat' dir='ltr'>naturam,</span> <span class='ocrx_word' id='word_1_610' title='bbox 3243 3525 3304 3581; x_wconf 81' lang='lat' dir='ltr'>et</span> <span class='ocrx_word' id='word_1_611' title='bbox 3330 3520 3613 3575; x_wconf 82' lang='lat' dir='ltr'>humanam</span> <span class='ocrx_word' id='word_1_612' title='bbox 3630 3515 3723 3583; x_wconf 72' lang='lat' dir='ltr'>iam</span> 
     </span>
    </p>
   </div>
   <div class='ocr_carea' id='block_1_70' title="bbox 487 3604 3725 3678">
    <p class='ocr_par' dir='ltr' id='par_1_70' title="bbox 487 3604 3725 3678">
     <span class='ocr_line' id='line_1_70' title="bbox 487 3604 3725 3678; baseline -0 -15"><span class='ocrx_word' id='word_1_613' title='bbox 487 3607 878 3678; x_wconf 78' lang='lat' dir='ltr'>quemDeum.</span> <span class='ocrx_word' id='word_1_614' title='bbox 902 3607 1016 3662; x_wconf 87' lang='lat' dir='ltr'>Nec</span> <span class='ocrx_word' id='word_1_615' title='bbox 1040 3604 1192 3659; x_wconf 89' lang='lat' dir='ltr'>enim</span> <span class='ocrx_word' id='word_1_616' title='bbox 1222 3604 1343 3660; x_wconf 86' lang='lat' dir='ltr'>sola</span> <span class='ocrx_word' id='word_1_617' title='bbox 1362 3605 1817 3665; x_wconf 81' lang='lat' dir='ltr'>inhumanitesin</span> <span class='ocrx_word' id='word_1_618' title='bbox 1837 3605 1918 3666; x_wconf 75' lang='lat' dir='ltr'>eis</span> <span class='ocrx_word' id='word_1_619' title='bbox 1937 3605 2095 3665; x_wconf 82' lang='lat' dir='ltr'>dam-</span> <span class='ocrx_word' id='word_1_620' title='bbox 2174 3605 2485 3676; x_wconf 81' lang='lat' dir='ltr'>spiritalem</span> <span class='ocrx_word' id='word_1_621' title='bbox 2511 3606 2901 3668; x_wconf 83' lang='lat' dir='ltr'>resuscitatam</span> <span class='ocrx_word' id='word_1_622' title='bbox 2929 3623 3312 3665; x_wconf 82' lang='lat' dir='ltr'>concremare.</span> <span class='ocrx_word' id='word_1_623' title='bbox 3352 3609 3495 3663; x_wconf 83' lang='lat' dir='ltr'>Nam</span> <span class='ocrx_word' id='word_1_624' title='bbox 3530 3614 3725 3673; x_wconf 69' lang='lat' dir='ltr'>regnum</span> 
     </span>
    </p>
   </div>
   <div class='ocr_carea' id='block_1_71' title="bbox 490 3686 3722 3769">
    <p class='ocr_par' dir='ltr' id='par_1_71' title="bbox 490 3686 3722 3769">
     <span class='ocr_line' id='line_1_71' title="bbox 490 3686 3722 3769; baseline -0 -19"><span class='ocrx_word' id='word_1_625' title='bbox 490 3700 625 3757; x_wconf 80' lang='lat' dir='ltr'>nata</span> <span class='ocrx_word' id='word_1_626' title='bbox 641 3695 908 3761; x_wconf 80' lang='lat' dir='ltr'>creditur,</span> <span class='ocrx_word' id='word_1_627' title='bbox 932 3694 1079 3753; x_wconf 86' lang='lat' dir='ltr'>sicut</span> <span class='ocrx_word' id='word_1_628' title='bbox 1100 3711 1203 3749; x_wconf 89' lang='lat' dir='ltr'>nec</span> <span class='ocrx_word' id='word_1_629' title='bbox 1218 3694 1340 3753; x_wconf 86' lang='lat' dir='ltr'>sola</span> <span class='ocrx_word' id='word_1_630' title='bbox 1358 3694 1589 3764; x_wconf 80' lang='lat' dir='ltr'>largitas</span> <span class='ocrx_word' id='word_1_631' title='bbox 1612 3694 1672 3755; x_wconf 83' lang='lat' dir='ltr'>in</span> <span class='ocrx_word' id='word_1_632' title='bbox 1690 3694 1778 3751; x_wconf 84' lang='lat' dir='ltr'>his</span> <span class='ocrx_word' id='word_1_633' title='bbox 1798 3694 1897 3769; x_wconf 85' lang='lat' dir='ltr'>qui</span> <span class='ocrx_word' id='word_1_634' title='bbox 1911 3711 1947 3749; x_wconf 87' lang='lat' dir='ltr'>a</span> <span class='ocrx_word' id='word_1_635' title='bbox 1966 3695 2095 3751; x_wconf 81' lang='lat' dir='ltr'>dex-</span> <span class='ocrx_word' id='word_1_636' title='bbox 2174 3709 2287 3755; x_wconf 84' lang='lat' dir='ltr'>non</span> <span class='ocrx_word' id='word_1_637' title='bbox 2308 3694 2437 3748; x_wconf 85' lang='lat' dir='ltr'>aliis</span> <span class='ocrx_word' id='word_1_638' title='bbox 2453 3700 2826 3765; x_wconf 60' lang='lat' dir='ltr'>preparatum</span> <span class='ocrx_word' id='word_1_639' title='bbox 2851 3696 3063 3755; x_wconf 84' lang='lat' dir='ltr'>dicitur</span> <span class='ocrx_word' id='word_1_640' title='bbox 3083 3711 3119 3755; x_wconf 86' lang='lat' dir='ltr'>a</span> <span class='ocrx_word' id='word_1_641' title='bbox 3136 3696 3531 3755; x_wconf 78' lang='lat' dir='ltr'>constitutione</span> <span class='ocrx_word' id='word_1_642' title='bbox 3548 3686 3722 3751; x_wconf 59' lang='lat' dir='ltr'>mundi.</span> 
     </span>
    </p>
   </div>
   <div class='ocr_carea' id='block_1_72' title="bbox 490 3780 3725 3855">
    <p class='ocr_par' dir='ltr' id='par_1_72' title="bbox 490 3780 3725 3855">
     <span class='ocr_line' id='line_1_72' title="bbox 490 3780 3725 3855; baseline -0.003 -14"><span class='ocrx_word' id='word_1_643' title='bbox 490 3785 593 3841; x_wconf 88' lang='lat' dir='ltr'>tris</span> <span class='ocrx_word' id='word_1_644' title='bbox 622 3789 789 3840; x_wconf 85' lang='lat' dir='ltr'>erunt</span> <span class='ocrx_word' id='word_1_645' title='bbox 812 3789 1200 3839; x_wconf 81' lang='lat' dir='ltr'>remunerate.</span> <span class='ocrx_word' id='word_1_646' title='bbox 1230 3782 1337 3836; x_wconf 85' lang='lat' dir='ltr'>Sed</span> <span class='ocrx_word' id='word_1_647' title='bbox 1366 3782 1500 3852; x_wconf 88' lang='lat' dir='ltr'>quia</span> <span class='ocrx_word' id='word_1_648' title='bbox 1526 3782 1724 3837; x_wconf 86' lang='lat' dir='ltr'>mundi</span> <span class='ocrx_word' id='word_1_649' title='bbox 1753 3782 1922 3843; x_wconf 89' lang='lat' dir='ltr'>rebus</span> <span class='ocrx_word' id='word_1_650' title='bbox 1946 3784 2093 3844; x_wconf 83' lang='lat' dir='ltr'>male</span> <span class='ocrx_word' id='word_1_651' title='bbox 2176 3799 2346 3852; x_wconf 81' lang='lat' dir='ltr'>quam</span> <span class='ocrx_word' id='word_1_652' title='bbox 2365 3783 2539 3852; x_wconf 84' lang='lat' dir='ltr'>justis</span> <span class='ocrx_word' id='word_1_653' title='bbox 2566 3789 2624 3839; x_wconf 91' lang='lat' dir='ltr'>et</span> <span class='ocrx_word' id='word_1_654' title='bbox 2649 3784 2859 3841; x_wconf 82' lang='lat' dir='ltr'>sanctis</span> <span class='ocrx_word' id='word_1_655' title='bbox 2882 3802 2895 3851; x_wconf 82' lang='lat'>;</span> <span class='ocrx_word' id='word_1_656' title='bbox 2922 3790 2981 3845; x_wconf 82' lang='lat' dir='ltr'>et</span> <span class='ocrx_word' id='word_1_657' title='bbox 3007 3784 3135 3841; x_wconf 83' lang='lat' dir='ltr'>ideo</span> <span class='ocrx_word' id='word_1_658' title='bbox 3159 3784 3368 3855; x_wconf 69' lang='lat' dir='ltr'>quibus</span> <span class='ocrx_word' id='word_1_659' title='bbox 3400 3787 3638 3855; x_wconf 79' lang='lat' dir='ltr'>paratmn</span> <span class='ocrx_word' id='word_1_660' title='bbox 3657 3780 3725 3831; x_wconf 82' lang='lat' dir='ltr'>est</span> 
     </span>
    </p>
   </div>
   <div class='ocr_carea' id='block_1_73' title="bbox 482 3867 3721 3942">
    <p class='ocr_par' dir='ltr' id='par_1_73' title="bbox 482 3867 3721 3942">
     <span class='ocr_line' id='line_1_73' title="bbox 482 3867 3721 3942; baseline 0 -15"><span class='ocrx_word' id='word_1_661' title='bbox 482 3874 652 3934; x_wconf 71' lang='lat' dir='ltr'>abusi</span> <span class='ocrx_word' id='word_1_662' title='bbox 678 3878 814 3931; x_wconf 85' lang='lat' dir='ltr'>sunt</span> <span class='ocrx_word' id='word_1_663' title='bbox 837 3872 894 3929; x_wconf 87' lang='lat' dir='ltr'>in</span> <span class='ocrx_word' id='word_1_664' title='bbox 926 3871 1204 3941; x_wconf 84' lang='lat' dir='ltr'>superbia,</span> <span class='ocrx_word' id='word_1_665' title='bbox 1237 3870 1567 3941; x_wconf 87' lang='lat' dir='ltr'>semetipsos</span> <span class='ocrx_word' id='word_1_666' title='bbox 1591 3871 1947 3929; x_wconf 80' lang='lat' dir='ltr'>tradiderunt</span> <span class='ocrx_word' id='word_1_667' title='bbox 1964 3886 2093 3927; x_wconf 87' lang='lat' dir='ltr'>con-</span> <span class='ocrx_word' id='word_1_668' title='bbox 2177 3870 2347 3930; x_wconf 86' lang='lat' dir='ltr'>datur</span> <span class='ocrx_word' id='word_1_669' title='bbox 2367 3871 2468 3936; x_wconf 86' lang='lat' dir='ltr'>eis,</span> <span class='ocrx_word' id='word_1_670' title='bbox 2497 3876 2561 3930; x_wconf 83' lang='lat' dir='ltr'>ut</span> <span class='ocrx_word' id='word_1_671' title='bbox 2583 3871 2699 3927; x_wconf 69' lang='lat' dir='ltr'>Sint</span> <span class='ocrx_word' id='word_1_672' title='bbox 2733 3877 2984 3937; x_wconf 69' lang='lat' dir='ltr'>Im</span> <span class='ocrx_word' id='word_1_673' title='bbox 3015 3888 3145 3927; x_wconf 85' lang='lat' dir='ltr'>cum</span> <span class='ocrx_word' id='word_1_674' title='bbox 3192 3890 3298 3928; x_wconf 87' lang='lat' dir='ltr'>suo</span> <span class='ocrx_word' id='word_1_675' title='bbox 3344 3874 3490 3942; x_wconf 78' lang='lat' dir='ltr'>Rege</span> <span class='ocrx_word' id='word_1_676' title='bbox 3523 3867 3721 3927; x_wconf 73' lang='lat' dir='ltr'>Christo-</span> 
     </span>
    </p>
   </div>
   <div class='ocr_carea' id='block_1_74' title="bbox 484 3956 3723 4033">
    <p class='ocr_par' dir='ltr' id='par_1_74' title="bbox 484 3956 3723 4033">
     <span class='ocr_line' id='line_1_74' title="bbox 484 3956 3723 4033; baseline -0.002 -17"><span class='ocrx_word' id='word_1_677' title='bbox 484 3961 851 4033; x_wconf 82' lang='lat' dir='ltr'>cupiscentiis</span> <span class='ocrx_word' id='word_1_678' title='bbox 875 3961 1010 4026; x_wconf 85' lang='lat' dir='ltr'>suis,</span> <span class='ocrx_word' id='word_1_679' title='bbox 1031 3960 1264 4031; x_wconf 85' lang='lat' dir='ltr'>suisque</span> <span class='ocrx_word' id='word_1_680' title='bbox 1284 3959 1657 4019; x_wconf 83' lang='lat' dir='ltr'>inservierunt</span> <span class='ocrx_word' id='word_1_681' title='bbox 1669 3960 1905 4017; x_wconf 80' lang='lat' dir='ltr'>luxuriis</span> <span class='ocrx_word' id='word_1_682' title='bbox 1918 3966 1979 4016; x_wconf 91' lang='lat' dir='ltr'>et</span> <span class='ocrx_word' id='word_1_683' title='bbox 1994 3977 2092 4014; x_wconf 77' lang='grc' dir='ltr'><strong>νο-</strong></span> <span class='ocrx_word' id='word_1_684' title='bbox 2176 3959 2331 4028; x_wconf 81' lang='lat' dir='ltr'>Ignis</span> <span class='ocrx_word' id='word_1_685' title='bbox 2349 3974 2480 4021; x_wconf 85' lang='lat' dir='ltr'>vero</span> <span class='ocrx_word' id='word_1_686' title='bbox 2492 3964 2755 4025; x_wconf 66' lang='lat' dir='ltr'>internus,</span> <span class='ocrx_word' id='word_1_687' title='bbox 2778 3975 2896 4017; x_wconf 86' lang='lat' dir='ltr'>non</span> <span class='ocrx_word' id='word_1_688' title='bbox 2905 3960 3016 4017; x_wconf 88' lang='lat' dir='ltr'>illis</span> <span class='ocrx_word' id='word_1_689' title='bbox 3041 3962 3247 4032; x_wconf 81' lang='lat' dir='ltr'>quibus</span> <span class='ocrx_word' id='word_1_690' title='bbox 3259 3962 3487 4017; x_wconf 84' lang='lat' dir='ltr'>dicitur:</span> <span class='ocrx_word' id='word_1_691' title='bbox 3508 3956 3723 4017; x_wconf 71' lang='lat' dir='ltr'>Discedite</span> 
     </span>
    </p>
   </div>
   <div class='ocr_carea' id='block_1_75' title="bbox 488 4038 3724 4121">
    <p class='ocr_par' dir='ltr' id='par_1_75' title="bbox 488 4038 3724 4121">
     <span class='ocr_line' id='line_1_75' title="bbox 488 4038 3724 4121; baseline -0 -15"><span class='ocrx_word' id='word_1_692' title='bbox 488 4050 823 4121; x_wconf 82' lang='lat' dir='ltr'>luptatibus,</span> <span class='ocrx_word' id='word_1_693' title='bbox 872 4066 976 4105; x_wconf 88' lang='lat' dir='ltr'>nec</span> <span class='ocrx_word' id='word_1_694' title='bbox 1012 4050 1312 4104; x_wconf 87' lang='lat' dir='ltr'>voluerunt</span> <span class='ocrx_word' id='word_1_695' title='bbox 1354 4048 1468 4103; x_wconf 90' lang='lat' dir='ltr'>Deo</span> <span class='ocrx_word' id='word_1_696' title='bbox 1502 4054 1770 4118; x_wconf 67' lang='lat' dir='ltr'>prmstare</span> <span class='ocrx_word' id='word_1_697' title='bbox 1808 4047 2010 4119; x_wconf 85' lang='lat' dir='ltr'>quibus</span> <span class='ocrx_word' id='word_1_698' title='bbox 2034 4067 2095 4103; x_wconf 85' lang='lat' dir='ltr'>se</span> <span class='ocrx_word' id='word_1_699' title='bbox 2173 4064 2211 4107; x_wconf 75' lang='grc' dir='ltr'><em>α</em></span> <span class='ocrx_word' id='word_1_700' title='bbox 2238 4064 2342 4113; x_wconf 80' lang='lat' dir='ltr'>me,</span> <span class='ocrx_word' id='word_1_701' title='bbox 2366 4050 2663 4113; x_wconf 78' lang='lat' dir='ltr'>maledicti,</span> <span class='ocrx_word' id='word_1_702' title='bbox 2679 4054 2910 4119; x_wconf 81' lang='lat' dir='ltr'>paratus</span> <span class='ocrx_word' id='word_1_703' title='bbox 2935 4055 3043 4115; x_wconf 78' lang='lat' dir='ltr'>est,</span> <span class='ocrx_word' id='word_1_704' title='bbox 3060 4050 3209 4111; x_wconf 80' lang='lat' dir='ltr'>sicut</span> <span class='ocrx_word' id='word_1_705' title='bbox 3222 4038 3724 4120; x_wconf 55' lang='lat' dir='ltr'>mgnumjustisﬁod</span> 
     </span>
    </p>
   </div>
   <div class='ocr_carea' id='block_1_76' title="bbox 487 4136 3723 4209">
    <p class='ocr_par' dir='ltr' id='par_1_76' title="bbox 487 4136 3723 4209">
     <span class='ocr_line' id='line_1_76' title="bbox 487 4136 3723 4209; baseline 0 -17"><span class='ocrx_word' id='word_1_706' title='bbox 487 4138 836 4197; x_wconf 70' lang='lat' dir='ltr'>redimerem;</span> <span class='ocrx_word' id='word_1_707' title='bbox 862 4157 875 4204; x_wconf 88' lang='lat'><strong>;</strong></span> <span class='ocrx_word' id='word_1_708' title='bbox 908 4142 967 4195; x_wconf 82' lang='lat' dir='ltr'>et</span> <span class='ocrx_word' id='word_1_709' title='bbox 983 4138 1109 4197; x_wconf 85' lang='lat' dir='ltr'>ideo</span> <span class='ocrx_word' id='word_1_710' title='bbox 1129 4137 1289 4192; x_wconf 84' lang='lat' dir='ltr'>valde</span> <span class='ocrx_word' id='word_1_711' title='bbox 1320 4136 1747 4203; x_wconf 88' lang='lat' dir='ltr'>rationabiliter,</span> <span class='ocrx_word' id='word_1_712' title='bbox 1766 4154 1831 4195; x_wconf 85' lang='lat' dir='ltr'>ac</span> <span class='ocrx_word' id='word_1_713' title='bbox 1853 4137 1980 4192; x_wconf 86' lang='lat' dir='ltr'>siin</span> <span class='ocrx_word' id='word_1_714' title='bbox 2004 4154 2096 4195; x_wconf 82' lang='lat' dir='ltr'>ra-</span> <span class='ocrx_word' id='word_1_715' title='bbox 2172 4136 2399 4197; x_wconf 84' lang='lat' dir='ltr'>diabolo</span> <span class='ocrx_word' id='word_1_716' title='bbox 2418 4142 2477 4197; x_wconf 87' lang='lat' dir='ltr'>et</span> <span class='ocrx_word' id='word_1_717' title='bbox 2502 4137 2718 4208; x_wconf 77' lang='lat' dir='ltr'>angelis</span> <span class='ocrx_word' id='word_1_718' title='bbox 2744 4138 2889 4208; x_wconf 82' lang='lat' dir='ltr'>ejus.</span> <span class='ocrx_word' id='word_1_719' title='bbox 2910 4138 3058 4203; x_wconf 81' lang='lat' dir='ltr'>Quia</span> <span class='ocrx_word' id='word_1_720' title='bbox 3075 4138 3441 4209; x_wconf 71' lang='lat' dir='ltr'>quantumad</span> <span class='ocrx_word' id='word_1_721' title='bbox 3465 4137 3626 4195; x_wconf 76' lang='lat' dir='ltr'>Deum</span> <span class='ocrx_word' id='word_1_722' title='bbox 3649 4146 3723 4193; x_wconf 68' lang='lat'>.81-</span> 
     </span>
    </p>
   </div>
   <div class='ocr_carea' id='block_1_77' title="bbox 492 4215 3722 4335">
    <p class='ocr_par' dir='ltr' id='par_1_77' title="bbox 492 4215 3722 4335">
     <span class='ocr_line' id='line_1_77' title="bbox 492 4215 3722 4335; baseline -0.002 -52"><span class='ocrx_word' id='word_1_723' title='bbox 492 4226 615 4283; x_wconf 75' lang='lat' dir='ltr'>dine</span> <span class='ocrx_word' id='word_1_724' title='bbox 628 4231 748 4323; x_wconf 74' lang='lat' dir='ltr'>tota</span> <span class='ocrx_word' id='word_1_725' title='bbox 761 4224 1361 4335; x_wconf 49' lang='lat' dir='ltr'>damnatuqiniquitas,</span> <span class='ocrx_word' id='word_1_726' title='bbox 1380 4240 1505 4335; x_wconf 64' lang='lat' dir='ltr'>cum</span> <span class='ocrx_word' id='word_1_727' title='bbox 1523 4225 1915 4335; x_wconf 45' lang='lat' dir='ltr'>s‘olacjulpatur</span> <span class='ocrx_word' id='word_1_728' title='bbox 1932 4225 2097 4283; x_wconf 84' lang='lat' dir='ltr'>inhu-</span> <span class='ocrx_word' id='word_1_729' title='bbox 2114 4230 2412 4335; x_wconf 69' lang='lat' dir='ltr'>l)spectat,</span> <span class='ocrx_word' id='word_1_730' title='bbox 2434 4226 2694 4286; x_wconf 84' lang='lat' dir='ltr'>homines</span> <span class='ocrx_word' id='word_1_731' title='bbox 2711 4243 2827 4287; x_wconf 88' lang='lat' dir='ltr'>non</span> <span class='ocrx_word' id='word_1_732' title='bbox 2844 4227 2917 4283; x_wconf 86' lang='lat' dir='ltr'>ad</span> <span class='ocrx_word' id='word_1_733' title='bbox 2937 4227 3314 4299; x_wconf 69' lang='lat' dir='ltr'>perditionem</span> <span class='ocrx_word' id='word_1_734' title='bbox 3332 4225 3547 4290; x_wconf 85' lang='lat' dir='ltr'>creavit,</span> <span class='ocrx_word' id='word_1_735' title='bbox 3566 4220 3652 4276; x_wconf 80' lang='lat' dir='ltr'>sed</span> <span class='ocrx_word' id='word_1_736' title='bbox 3665 4215 3722 4272; x_wconf 70' lang='lat' dir='ltr'>ad</span> 
     </span>
    </p>
   </div>
   <div class='ocr_carea' id='block_1_78' title="bbox 490 4311 3719 4384">
    <p class='ocr_par' dir='ltr' id='par_1_78' title="bbox 490 4311 3719 4384">
     <span class='ocr_line' id='line_1_78' title="bbox 490 4311 3719 4384; baseline -0.001 -15"><span class='ocrx_word' id='word_1_737' title='bbox 490 4313 757 4377; x_wconf 74' lang='lat' dir='ltr'>munitas,</span> <span class='ocrx_word' id='word_1_738' title='bbox 772 4318 1032 4369; x_wconf 87' lang='lat' dir='ltr'>etrerum</span> <span class='ocrx_word' id='word_1_739' title='bbox 1050 4311 1367 4381; x_wconf 83' lang='lat' dir='ltr'>benignitas</span> <span class='ocrx_word' id='word_1_740' title='bbox 1384 4311 1652 4370; x_wconf 79' lang='lat' dir='ltr'>fratribus</span> <span class='ocrx_word' id='word_1_741' title='bbox 1667 4313 1947 4383; x_wconf 80' lang='lat' dir='ltr'>denegata</span> <span class='ocrx_word' id='word_1_742' title='bbox 1968 4328 2096 4371; x_wconf 87' lang='lat' dir='ltr'>con-</span> <span class='ocrx_word' id='word_1_743' title='bbox 2115 4311 2162 4335; x_wconf 65' lang='lat'><strong>&quot;</strong></span> <span class='ocrx_word' id='word_1_744' title='bbox 2177 4313 2350 4373; x_wconf 79' lang='lat' dir='ltr'>vitam</span> <span class='ocrx_word' id='word_1_745' title='bbox 2377 4319 2435 4368; x_wconf 87' lang='lat' dir='ltr'>et</span> <span class='ocrx_word' id='word_1_746' title='bbox 2458 4316 2749 4384; x_wconf 68' lang='lat' dir='ltr'>gaudium,</span> <span class='ocrx_word' id='word_1_747' title='bbox 2776 4321 2847 4370; x_wconf 88' lang='lat' dir='ltr'>ut</span> <span class='ocrx_word' id='word_1_748' title='bbox 2867 4322 3223 4377; x_wconf 77' lang='lat' dir='ltr'>restauretur</span> <span class='ocrx_word' id='word_1_749' title='bbox 3258 4331 3519 4379; x_wconf 83' lang='lat' dir='ltr'>numerus</span> <span class='ocrx_word' id='word_1_750' title='bbox 3543 4323 3719 4368; x_wconf 66' lang='lat' dir='ltr'>eam,</span> 
     </span>
    </p>
   </div>
   <div class='ocr_carea' id='block_1_79' title="bbox 490 4392 3722 4477">
    <p class='ocr_par' dir='ltr' id='par_1_79' title="bbox 490 4392 3722 4477">
     <span class='ocr_line' id='line_1_79' title="bbox 490 4392 3722 4477; baseline -0.001 -18"><span class='ocrx_word' id='word_1_751' title='bbox 490 4402 820 4461; x_wconf 73' lang='lat' dir='ltr'>demantur.</span> <span class='ocrx_word' id='word_1_752' title='bbox 850 4400 1045 4469; x_wconf 83' lang='lat' dir='ltr'>Ignem</span> <span class='ocrx_word' id='word_1_753' title='bbox 1066 4404 1257 4457; x_wconf 82' lang='lat' dir='ltr'>autem</span> <span class='ocrx_word' id='word_1_754' title='bbox 1285 4404 1560 4457; x_wconf 61' lang='lat' dir='ltr'>aeternum</span> <span class='ocrx_word' id='word_1_755' title='bbox 1590 4416 1757 4469; x_wconf 86' lang='lat' dir='ltr'>quem</span> <span class='ocrx_word' id='word_1_756' title='bbox 1774 4402 1929 4468; x_wconf 86' lang='lat' dir='ltr'>dicit,</span> <span class='ocrx_word' id='word_1_757' title='bbox 1954 4404 2094 4463; x_wconf 83' lang='lat' dir='ltr'>nulli</span> <span class='ocrx_word' id='word_1_758' title='bbox 2176 4403 2273 4473; x_wconf 85' lang='lat' dir='ltr'>qui</span> <span class='ocrx_word' id='word_1_759' title='bbox 2299 4403 2361 4463; x_wconf 80' lang='lat' dir='ltr'>in</span> <span class='ocrx_word' id='word_1_760' title='bbox 2395 4402 2617 4463; x_wconf 77' lang='lat' dir='ltr'>diabolo</span> <span class='ocrx_word' id='word_1_761' title='bbox 2646 4409 2704 4463; x_wconf 88' lang='lat' dir='ltr'>et</span> <span class='ocrx_word' id='word_1_762' title='bbox 2726 4404 2943 4474; x_wconf 83' lang='lat' dir='ltr'>angelis</span> <span class='ocrx_word' id='word_1_763' title='bbox 2971 4404 3094 4477; x_wconf 82' lang='lat' dir='ltr'>ejus</span> <span class='ocrx_word' id='word_1_764' title='bbox 3117 4406 3268 4461; x_wconf 79' lang='lat' dir='ltr'>male</span> <span class='ocrx_word' id='word_1_765' title='bbox 3296 4403 3612 4475; x_wconf 82' lang='lat' dir='ltr'>deperierat.</span> <span class='ocrx_word' id='word_1_766' title='bbox 3632 4392 3722 4465; x_wconf 63' lang='lat' dir='ltr'>{pii</span> 
     </span>
    </p>
   </div>
   <div class='ocr_carea' id='block_1_80' title="bbox 490 4482 3721 4562">
    <p class='ocr_par' dir='ltr' id='par_1_80' title="bbox 490 4482 3721 4562">
     <span class='ocr_line' id='line_1_80' title="bbox 490 4482 3721 4562; baseline 0.002 -18"><span class='ocrx_word' id='word_1_767' title='bbox 490 4489 723 4551; x_wconf 84' lang='lat' dir='ltr'>dubium</span> <span class='ocrx_word' id='word_1_768' title='bbox 748 4488 903 4560; x_wconf 89' lang='lat' dir='ltr'>quod</span> <span class='ocrx_word' id='word_1_769' title='bbox 946 4487 1182 4545; x_wconf 78' lang='lat' dir='ltr'>alterius</span> <span class='ocrx_word' id='word_1_770' title='bbox 1211 4486 1434 4556; x_wconf 86' lang='lat' dir='ltr'>generis</span> <span class='ocrx_word' id='word_1_771' title='bbox 1471 4492 1560 4543; x_wconf 86' lang='lat' dir='ltr'>est</span> <span class='ocrx_word' id='word_1_772' title='bbox 1588 4487 1753 4556; x_wconf 82' lang='lat' dir='ltr'>ignis,</span> <span class='ocrx_word' id='word_1_773' title='bbox 1782 4506 1954 4560; x_wconf 84' lang='lat' dir='ltr'>quam</span> <span class='ocrx_word' id='word_1_774' title='bbox 1983 4482 2119 4551; x_wconf 80' lang='lat' dir='ltr'>iste</span> <span class='ocrx_word' id='word_1_775' title='bbox 2174 4508 2305 4547; x_wconf 79' lang='lat' dir='ltr'>vero</span> <span class='ocrx_word' id='word_1_776' title='bbox 2339 4498 2634 4562; x_wconf 77' lang='lat' dir='ltr'>peccantes</span> <span class='ocrx_word' id='word_1_777' title='bbox 2669 4494 2984 4562; x_wconf 78' lang='lat' dir='ltr'>junxerunt</span> <span class='ocrx_word' id='word_1_778' title='bbox 3025 4508 3105 4560; x_wconf 84' lang='lat' dir='ltr'>se,</span> <span class='ocrx_word' id='word_1_779' title='bbox 3156 4492 3521 4557; x_wconf 76' lang='lat' dir='ltr'>inobediendo</span> <span class='ocrx_word' id='word_1_780' title='bbox 3557 4482 3721 4555; x_wconf 55' lang='lat'>81188“</span> 
     </span>
    </p>
   </div>
   <div class='ocr_carea' id='block_1_81' title="bbox 488 4574 3722 4652">
    <p class='ocr_par' dir='ltr' id='par_1_81' title="bbox 488 4574 3722 4652">
     <span class='ocr_line' id='line_1_81' title="bbox 488 4574 3722 4652; baseline -0.001 -12"><span class='ocrx_word' id='word_1_781' title='bbox 488 4594 823 4651; x_wconf 70' lang='lat' dir='ltr'>quemnam:</span> <span class='ocrx_word' id='word_1_782' title='bbox 832 4575 1101 4646; x_wconf 71' lang='lat' dir='ltr'>teniporis</span> <span class='ocrx_word' id='word_1_783' title='bbox 1114 4574 1388 4634; x_wconf 81' lang='lat' dir='ltr'>habemus</span> <span class='ocrx_word' id='word_1_784' title='bbox 1401 4574 1577 4631; x_wconf 82' lang='lat' dir='ltr'>inusu</span> <span class='ocrx_word' id='word_1_785' title='bbox 1601 4576 1745 4640; x_wconf 86' lang='lat' dir='ltr'>Quia</span> <span class='ocrx_word' id='word_1_786' title='bbox 1755 4579 2098 4650; x_wconf 81' lang='lat' dir='ltr'>nullusignis</span> <span class='ocrx_word' id='word_1_787' title='bbox 2180 4580 2560 4641; x_wconf 80' lang='lat' dir='ltr'>tenebrarum.</span> <span class='ocrx_word' id='word_1_788' title='bbox 2583 4581 2742 4640; x_wconf 80' lang='lat' dir='ltr'>Unde</span> <span class='ocrx_word' id='word_1_789' title='bbox 2741 4582 2965 4652; x_wconf 82' lang='lat' dir='ltr'>justum</span> <span class='ocrx_word' id='word_1_790' title='bbox 2975 4582 3101 4650; x_wconf 84' lang='lat' dir='ltr'>fuit,</span> <span class='ocrx_word' id='word_1_791' title='bbox 3122 4588 3188 4639; x_wconf 86' lang='lat' dir='ltr'>ut</span> <span class='ocrx_word' id='word_1_792' title='bbox 3197 4584 3343 4647; x_wconf 79' lang='lat' dir='ltr'>sicut</span> <span class='ocrx_word' id='word_1_793' title='bbox 3360 4580 3535 4651; x_wconf 84' lang='lat' dir='ltr'>illiqui</span> <span class='ocrx_word' id='word_1_794' title='bbox 3544 4575 3722 4637; x_wconf 62' lang='lat' dir='ltr'>salm-</span> 
     </span>
    </p>
   </div>
   <div class='ocr_carea' id='block_1_82' title="bbox 495 4662 3721 4741">
    <p class='ocr_par' dir='ltr' id='par_1_82' title="bbox 495 4662 3721 4741">
     <span class='ocr_line' id='line_1_82' title="bbox 495 4662 3721 4741; baseline 0.002 -21"><span class='ocrx_word' id='word_1_795' title='bbox 495 4666 789 4739; x_wconf 68' lang='lat' dir='ltr'>praesentis</span> <span class='ocrx_word' id='word_1_796' title='bbox 804 4664 993 4727; x_wconf 77' lang='lat' dir='ltr'>saeculi</span> <span class='ocrx_word' id='word_1_797' title='bbox 1004 4664 1470 4723; x_wconf 64' lang='lat' dir='ltr'>mternusNesoio</span> <span class='ocrx_word' id='word_1_798' title='bbox 1481 4664 1630 4723; x_wconf 85' lang='lat' dir='ltr'>enim</span> <span class='ocrx_word' id='word_1_799' title='bbox 1643 4671 1833 4725; x_wconf 79' lang='lat' dir='ltr'>utrum</span> <span class='ocrx_word' id='word_1_800' title='bbox 1852 4668 2098 4740; x_wconf 74' lang='lat' dir='ltr'>soLquia</span> <span class='ocrx_word' id='word_1_801' title='bbox 2178 4674 2273 4729; x_wconf 79' lang='lat' dir='ltr'>tur</span> <span class='ocrx_word' id='word_1_802' title='bbox 2299 4670 2510 4726; x_wconf 81' lang='lat' dir='ltr'>sanctis</span> <span class='ocrx_word' id='word_1_803' title='bbox 2534 4670 2752 4740; x_wconf 75' lang='lat' dir='ltr'>angelis</span> <span class='ocrx_word' id='word_1_804' title='bbox 2775 4677 3141 4741; x_wconf 68' lang='lat' dir='ltr'>coaequantur</span> <span class='ocrx_word' id='word_1_805' title='bbox 3171 4672 3232 4734; x_wconf 81' lang='lat' dir='ltr'>in</span> <span class='ocrx_word' id='word_1_806' title='bbox 3676 4662 3721 4717; x_wconf 60' lang='lat' dir='ltr'>et</span> 
     </span>
    </p>
   </div>
   <div class='ocr_carea' id='block_1_83' title="bbox 491 4754 3721 4831">
    <p class='ocr_par' dir='ltr' id='par_1_83' title="bbox 491 4754 3721 4831">
     <span class='ocr_line' id='line_1_83' title="bbox 491 4754 3721 4831; baseline -0.001 -16"><span class='ocrx_word' id='word_1_807' title='bbox 491 4755 642 4827; x_wconf 74' lang='lat' dir='ltr'>ignis</span> <span class='ocrx_word' id='word_1_808' title='bbox 664 4772 727 4811; x_wconf 82' lang='lat' dir='ltr'>se</span> <span class='ocrx_word' id='word_1_809' title='bbox 756 4771 876 4813; x_wconf 80' lang='lat' dir='ltr'>esse</span> <span class='ocrx_word' id='word_1_810' title='bbox 902 4754 1128 4820; x_wconf 77' lang='lat' dir='ltr'>dicitur.</span> <span class='ocrx_word' id='word_1_811' title='bbox 1177 4760 1419 4813; x_wconf 79' lang='lat' dir='ltr'>aeternus</span> <span class='ocrx_word' id='word_1_812' title='bbox 1454 4754 1657 4811; x_wconf 84' lang='lat' dir='ltr'>debeat</span> <span class='ocrx_word' id='word_1_813' title='bbox 1685 4756 1867 4813; x_wconf 82' lang='lat' dir='ltr'>vocari</span> <span class='ocrx_word' id='word_1_814' title='bbox 1894 4773 2092 4824; x_wconf 80' lang='lat' dir='ltr'>necne,</span> <span class='ocrx_word' id='word_1_815' title='bbox 2176 4759 3098 4831; x_wconf 73' lang='lat' dir='ltr'>ﬁuntﬁliiDei;siequi,pei-ierunt</span> <span class='ocrx_word' id='word_1_816' title='bbox 3112 4756 3721 4826; x_wconf 65' lang='lat' dir='ltr'>diabolicisoeaeqesnm</span> 
     </span>
    </p>
   </div>
   <div class='ocr_carea' id='block_1_84' title="bbox 492 4841 3716 4931">
    <p class='ocr_par' dir='ltr' id='par_1_84' title="bbox 492 4841 3716 4931">
     <span class='ocr_line' id='line_1_84' title="bbox 492 4841 3716 4931; baseline -0.001 -33"><span class='ocrx_word' id='word_1_817' title='bbox 492 4844 631 4916; x_wconf 78' lang='lat' dir='ltr'>quia</span> <span class='ocrx_word' id='word_1_818' title='bbox 642 4842 933 4903; x_wconf 84' lang='lat' dir='ltr'>mutabilis</span> <span class='ocrx_word' id='word_1_819' title='bbox 954 4842 1188 4911; x_wconf 84' lang='lat' dir='ltr'>est,etsi</span> <span class='ocrx_word' id='word_1_820' title='bbox 1207 4843 1267 4898; x_wconf 86' lang='lat' dir='ltr'>in</span> <span class='ocrx_word' id='word_1_821' title='bbox 1296 4842 1496 4901; x_wconf 87' lang='lat' dir='ltr'>melius</span> <span class='ocrx_word' id='word_1_822' title='bbox 1515 4843 1967 4903; x_wconf 83' lang='lat' dir='ltr'>commutabitur.</span> <span class='ocrx_word' id='word_1_823' title='bbox 1994 4847 2094 4901; x_wconf 85' lang='lat' dir='ltr'>Ille</span> <span class='ocrx_word' id='word_1_824' title='bbox 2172 4848 2408 4919; x_wconf 75' lang='lat' dir='ltr'>angelis,</span> <span class='ocrx_word' id='word_1_825' title='bbox 2441 4852 2501 4907; x_wconf 83' lang='lat' dir='ltr'>et</span> <span class='ocrx_word' id='word_1_826' title='bbox 2540 4850 2687 4909; x_wconf 73' lang='lat' dir='ltr'>ﬁunt</span> <span class='ocrx_word' id='word_1_827' title='bbox 2711 4854 2999 4907; x_wconf 84' lang='lat' dir='ltr'>consortes</span> <span class='ocrx_word' id='word_1_828' title='bbox 3034 4865 3251 4912; x_wconf 84' lang='lat' dir='ltr'>eorum.</span> <span class='ocrx_word' id='word_1_829' title='bbox 3284 4847 3492 4914; x_wconf 79' lang='lat' dir='ltr'>Quibus</span> <span class='ocrx_word' id='word_1_830' title='bbox 3514 4841 3716 4931; x_wconf 47' lang='lat' dir='ltr'>dicitur}</span> 
     </span>
    </p>
   </div>
   <div class='ocr_carea' id='block_1_85' title="bbox 504 4931 3717 5003">
    <p class='ocr_par' dir='ltr' id='par_1_85' title="bbox 504 4931 3717 5003">
     <span class='ocr_line' id='line_1_85' title="bbox 504 4931 3717 5003; baseline 0.002 -17"><span class='ocrx_word' id='word_1_831' title='bbox 504 4938 753 5000; x_wconf 66' lang='lat'>1035</span> <span class='ocrx_word' id='word_1_832' title='bbox 775 4937 964 4991; x_wconf 84' lang='lat' dir='ltr'>autem</span> <span class='ocrx_word' id='word_1_833' title='bbox 993 4932 1138 5002; x_wconf 84' lang='lat' dir='ltr'>ignis</span> <span class='ocrx_word' id='word_1_834' title='bbox 1158 4932 1230 4991; x_wconf 81' lang='lat' dir='ltr'>de</span> <span class='ocrx_word' id='word_1_835' title='bbox 1246 4948 1359 5002; x_wconf 82' lang='lat' dir='ltr'>quo</span> <span class='ocrx_word' id='word_1_836' title='bbox 1377 4931 1469 4991; x_wconf 82' lang='lat' dir='ltr'>hic</span> <span class='ocrx_word' id='word_1_837' title='bbox 1483 4932 1712 4998; x_wconf 84' lang='lat' dir='ltr'>dicitur,</span> <span class='ocrx_word' id='word_1_838' title='bbox 1729 4932 1924 5003; x_wconf 84' lang='lat' dir='ltr'>utique</span> <span class='ocrx_word' id='word_1_839' title='bbox 1934 4938 2093 4991; x_wconf 56' lang='grc' dir='ltr'>θείας·</span> <span class='ocrx_word' id='word_1_840' title='bbox 2169 4938 2399 4995; x_wconf 69' lang='lat' dir='ltr'>Esurivi</span> <span class='ocrx_word' id='word_1_841' title='bbox 2426 4943 2477 4995; x_wconf 77' lang='lat' dir='ltr'>et</span> <span class='ocrx_word' id='word_1_842' title='bbox 2498 4952 2613 4993; x_wconf 68' lang='lat' dir='ltr'>non</span> <span class='ocrx_word' id='word_1_843' title='bbox 2640 4938 2866 4997; x_wconf 73' lang='lat' dir='ltr'>dedistis</span> <span class='ocrx_word' id='word_1_844' title='bbox 2892 4939 3038 4993; x_wconf 76' lang='lat' dir='ltr'>mihi</span> <span class='ocrx_word' id='word_1_845' title='bbox 3053 4940 3406 5002; x_wconf 61' lang='lat' dir='ltr'>seandimus-4:,</span> <span class='ocrx_word' id='word_1_846' title='bbox 3421 4933 3717 4993; x_wconf 61' lang='lat' dir='ltr'>sitde</span> 
     </span>
    </p>
   </div>
   <div class='ocr_carea' id='block_1_86' title="bbox 490 5014 3718 5095">
    <p class='ocr_par' dir='ltr' id='par_1_86' title="bbox 490 5014 3718 5095">
     <span class='ocr_line' id='line_1_86' title="bbox 490 5014 3718 5095; baseline 0.001 -19"><span class='ocrx_word' id='word_1_847' title='bbox 490 5038 604 5085; x_wconf 74' lang='lat' dir='ltr'>nus</span> <span class='ocrx_word' id='word_1_848' title='bbox 626 5036 750 5076; x_wconf 81' lang='lat' dir='ltr'>esse</span> <span class='ocrx_word' id='word_1_849' title='bbox 770 5021 1062 5087; x_wconf 75' lang='lat' dir='ltr'>ﬁrmatur;</span> <span class='ocrx_word' id='word_1_850' title='bbox 1094 5021 1228 5092; x_wconf 80' lang='lat' dir='ltr'>quia</span> <span class='ocrx_word' id='word_1_851' title='bbox 1244 5020 1448 5077; x_wconf 82' lang='lat' dir='ltr'>veritas</span> <span class='ocrx_word' id='word_1_852' title='bbox 1476 5027 1564 5080; x_wconf 85' lang='lat' dir='ltr'>est</span> <span class='ocrx_word' id='word_1_853' title='bbox 1590 5021 1689 5092; x_wconf 74' lang='lat' dir='ltr'>qui</span> <span class='ocrx_word' id='word_1_854' title='bbox 1714 5037 1843 5079; x_wconf 73' lang='lat' dir='ltr'>eum</span> <span class='ocrx_word' id='word_1_855' title='bbox 1863 5021 2091 5079; x_wconf 82' lang='lat' dir='ltr'>diabolo</span> <span class='ocrx_word' id='word_1_856' title='bbox 2169 5027 2397 5084; x_wconf 69' lang='lat' dir='ltr'>dedistis</span> <span class='ocrx_word' id='word_1_857' title='bbox 2415 5027 2561 5085; x_wconf 70' lang='lat' dir='ltr'>mihi</span> <span class='ocrx_word' id='word_1_858' title='bbox 2578 5031 2792 5095; x_wconf 74' lang='lat' dir='ltr'>petum.</span> <span class='ocrx_word' id='word_1_859' title='bbox 2815 5025 2957 5087; x_wconf 69' lang='lat' dir='ltr'>Mira</span> <span class='ocrx_word' id='word_1_860' title='bbox 2966 5026 3192 5087; x_wconf 84' lang='lat' dir='ltr'>Domini</span> <span class='ocrx_word' id='word_1_861' title='bbox 3207 5027 3343 5087; x_wconf 74' lang='lat' dir='ltr'>Iesu</span> 
     </span>
    </p>
   </div>
   <div class='ocr_carea' id='block_1_87' title="bbox 492 5108 3719 5184">
    <p class='ocr_par' dir='ltr' id='par_1_87' title="bbox 492 5108 3719 5184">
     <span class='ocr_line' id='line_1_87' title="bbox 492 5108 3719 5184; baseline 0 -15"><span class='ocrx_word' id='word_1_862' title='bbox 492 5115 757 5183; x_wconf 72' lang='lat' dir='ltr'>paratum</span> <span class='ocrx_word' id='word_1_863' title='bbox 784 5122 905 5169; x_wconf 78' lang='lat' dir='ltr'>esse</span> <span class='ocrx_word' id='word_1_864' title='bbox 931 5108 1291 5179; x_wconf 75' lang='lat' dir='ltr'>repromittit.</span> <span class='ocrx_word' id='word_1_865' title='bbox 1309 5109 1378 5165; x_wconf 90' lang='lat' dir='ltr'>Et</span> <span class='ocrx_word' id='word_1_866' title='bbox 1399 5110 1526 5165; x_wconf 89' lang='lat' dir='ltr'>ideo</span> <span class='ocrx_word' id='word_1_867' title='bbox 1543 5121 1661 5169; x_wconf 78' lang='lat' dir='ltr'>non</span> <span class='ocrx_word' id='word_1_868' title='bbox 1679 5109 1845 5165; x_wconf 84' lang='lat' dir='ltr'>aliter</span> <span class='ocrx_word' id='word_1_869' title='bbox 1862 5111 2089 5167; x_wconf 75' lang='lat' dir='ltr'>credere</span> <span class='ocrx_word' id='word_1_870' title='bbox 2166 5114 2509 5184; x_wconf 74' lang='lat' dir='ltr'>praedicatur</span> <span class='ocrx_word' id='word_1_871' title='bbox 2544 5130 2679 5174; x_wconf 86' lang='lat' dir='ltr'>cum</span> <span class='ocrx_word' id='word_1_872' title='bbox 2734 5130 2834 5173; x_wconf 86' lang='lat' dir='ltr'>suo</span> <span class='ocrx_word' id='word_1_873' title='bbox 2863 5128 3114 5184; x_wconf 70' lang='lat' dir='ltr'>corpore,</span> <span class='ocrx_word' id='word_1_874' title='bbox 3170 5119 3236 5173; x_wconf 84' lang='lat' dir='ltr'>ut</span> <span class='ocrx_word' id='word_1_875' title='bbox 3272 5112 3543 5180; x_wconf 62' lang='lat' dir='ltr'>intelligas</span> <span class='ocrx_word' id='word_1_876' title='bbox 3577 5109 3719 5173; x_wconf 67' lang='grc' dir='ltr'>σεριη</span> 
     </span>
    </p>
   </div>
   <div class='ocr_carea' id='block_1_88' title="bbox 495 5192 3719 5273">
    <p class='ocr_par' dir='ltr' id='par_1_88' title="bbox 495 5192 3719 5273">
     <span class='ocr_line' id='line_1_88' title="bbox 495 5192 3719 5273; baseline -0.002 -17"><span class='ocrx_word' id='word_1_877' title='bbox 495 5204 739 5273; x_wconf 79' lang='lat' dir='ltr'>oportet,</span> <span class='ocrx_word' id='word_1_878' title='bbox 783 5198 895 5259; x_wconf 82' lang='lat' dir='ltr'>nisi</span> <span class='ocrx_word' id='word_1_879' title='bbox 933 5203 998 5254; x_wconf 90' lang='lat' dir='ltr'>ut</span> <span class='ocrx_word' id='word_1_880' title='bbox 1031 5197 1153 5267; x_wconf 83' lang='lat' dir='ltr'>ipsa</span> <span class='ocrx_word' id='word_1_881' title='bbox 1178 5198 1400 5255; x_wconf 81' lang='lat' dir='ltr'>Veritas</span> <span class='ocrx_word' id='word_1_882' title='bbox 1426 5200 1527 5257; x_wconf 81' lang='lat' dir='ltr'>ait.</span> <span class='ocrx_word' id='word_1_883' title='bbox 1561 5200 1829 5264; x_wconf 78' lang='lat' dir='ltr'>Quamvis</span> <span class='ocrx_word' id='word_1_884' title='bbox 1857 5200 2089 5272; x_wconf 78' lang='lat' dir='ltr'>quidam</span> <span class='ocrx_word' id='word_1_885' title='bbox 2170 5202 2288 5259; x_wconf 80' lang='lat' dir='ltr'>suis</span> <span class='ocrx_word' id='word_1_886' title='bbox 2310 5202 2578 5272; x_wconf 77' lang='lat' dir='ltr'>oompati&#39;,</span> <span class='ocrx_word' id='word_1_887' title='bbox 2609 5202 3088 5272; x_wconf 68' lang='lat' dir='ltr'>veloongratulm&#39;i</span> <span class='ocrx_word' id='word_1_888' title='bbox 3116 5202 3399 5268; x_wconf 73' lang='lat' dir='ltr'>membris,</span> 
     </span>
    </p>
   </div>
   <div class='ocr_carea' id='block_1_89' title="bbox 492 5286 3715 5362">
    <p class='ocr_par' dir='ltr' id='par_1_89' title="bbox 492 5286 3715 5362">
     <span class='ocr_line' id='line_1_89' title="bbox 492 5286 3715 5362; baseline -0.001 -19"><span class='ocrx_word' id='word_1_889' title='bbox 492 5288 624 5351; x_wconf 83' lang='lat' dir='ltr'>novi</span> <span class='ocrx_word' id='word_1_890' title='bbox 643 5293 948 5347; x_wconf 75' lang='lat' dir='ltr'>assertores</span> <span class='ocrx_word' id='word_1_891' title='bbox 964 5286 1245 5352; x_wconf 72' lang='lat' dir='ltr'>falsitatis,</span> <span class='ocrx_word' id='word_1_892' title='bbox 1263 5292 1328 5345; x_wconf 89' lang='lat' dir='ltr'>ut</span> <span class='ocrx_word' id='word_1_893' title='bbox 1340 5288 1622 5359; x_wconf 74' lang='lat' dir='ltr'>decipiant</span> <span class='ocrx_word' id='word_1_894' title='bbox 1634 5291 1784 5349; x_wconf 84' lang='lat' dir='ltr'>male</span> <span class='ocrx_word' id='word_1_895' title='bbox 1813 5290 2087 5357; x_wconf 74' lang='lat' dir='ltr'>incautos,</span> <span class='ocrx_word' id='word_1_896' title='bbox 2170 5291 2232 5346; x_wconf 86' lang='lat' dir='ltr'>in</span> <span class='ocrx_word' id='word_1_897' title='bbox 2256 5305 2491 5361; x_wconf 60' lang='lat' dir='ltr'>corpore</span> <span class='ocrx_word' id='word_1_898' title='bbox 2516 5291 2765 5351; x_wconf 84' lang='lat' dir='ltr'>humano</span> <span class='ocrx_word' id='word_1_899' title='bbox 2787 5292 3128 5361; x_wconf 77' lang='lat' dir='ltr'>compstitur</span> <span class='ocrx_word' id='word_1_900' title='bbox 3140 5292 3214 5358; x_wconf 84' lang='lat' dir='ltr'>ei,</span> <span class='ocrx_word' id='word_1_901' title='bbox 3235 5288 3481 5362; x_wconf 75' lang='lat' dir='ltr'>quamvis</span> <span class='ocrx_word' id='word_1_902' title='bbox 3493 5299 3594 5346; x_wconf 78' lang='lat' dir='ltr'>non</span> <span class='ocrx_word' id='word_1_903' title='bbox 3608 5295 3715 5341; x_wconf 69' lang='grc' dir='ltr'>θω-</span> 
     </span>
    </p>
   </div>
   <div class='ocr_carea' id='block_1_90' title="bbox 495 5365 3717 5452">
    <p class='ocr_par' dir='ltr' id='par_1_90' title="bbox 495 5365 3717 5452">
     <span class='ocr_line' id='line_1_90' title="bbox 495 5365 3717 5452; baseline 0.001 -14"><span class='ocrx_word' id='word_1_904' title='bbox 495 5376 673 5437; x_wconf 75' lang='lat' dir='ltr'>velint</span> <span class='ocrx_word' id='word_1_905' title='bbox 697 5381 948 5437; x_wconf 77' lang='lat' dir='ltr'>astruere</span> <span class='ocrx_word' id='word_1_906' title='bbox 976 5375 1136 5436; x_wconf 78' lang='lat' dir='ltr'>nulla</span> <span class='ocrx_word' id='word_1_907' title='bbox 1151 5375 1263 5433; x_wconf 72' lang='lat' dir='ltr'>alia</span> <span class='ocrx_word' id='word_1_908' title='bbox 1286 5390 1406 5435; x_wconf 73' lang='lat' dir='ltr'>esse</span> <span class='ocrx_word' id='word_1_909' title='bbox 1430 5393 1644 5446; x_wconf 76' lang='lat' dir='ltr'>genere</span> <span class='ocrx_word' id='word_1_910' title='bbox 1663 5394 1975 5449; x_wconf 78' lang='lat' dir='ltr'>poenarum,</span> <span class='ocrx_word' id='word_1_911' title='bbox 1994 5397 2094 5439; x_wconf 82' lang='lat' dir='ltr'>ne-</span> <span class='ocrx_word' id='word_1_912' title='bbox 2170 5379 2302 5446; x_wconf 78' lang='lat' dir='ltr'>riat,</span> <span class='ocrx_word' id='word_1_913' title='bbox 2326 5385 2607 5452; x_wconf 67' lang='lat' dir='ltr'>quantum</span> <span class='ocrx_word' id='word_1_914' title='bbox 2640 5380 2717 5439; x_wconf 80' lang='lat' dir='ltr'>ad</span> <span class='ocrx_word' id='word_1_915' title='bbox 2744 5396 2905 5442; x_wconf 70' lang='lat' dir='ltr'>suam</span> <span class='ocrx_word' id='word_1_916' title='bbox 2934 5386 3218 5452; x_wconf 70' lang='lat' dir='ltr'>exspectet</span> <span class='ocrx_word' id='word_1_917' title='bbox 3248 5384 3521 5442; x_wconf 62' lang='lat' dir='ltr'>autumni.</span> <span class='ocrx_word' id='word_1_918' title='bbox 3550 5365 3717 5431; x_wconf 67' lang='grc' dir='ltr'>εειυίίί</span> 
     </span>
    </p>
   </div>
   <div class='ocr_carea' id='block_1_91' title="bbox 493 5464 3713 5542">
    <p class='ocr_par' dir='ltr' id='par_1_91' title="bbox 493 5464 3713 5542">
     <span class='ocr_line' id='line_1_91' title="bbox 493 5464 3713 5542; baseline -0.002 -13"><span class='ocrx_word' id='word_1_919' title='bbox 493 5479 610 5537; x_wconf 69' lang='lat' dir='ltr'>que</span> <span class='ocrx_word' id='word_1_920' title='bbox 655 5464 780 5527; x_wconf 75' lang='lat' dir='ltr'>lace</span> <span class='ocrx_word' id='word_1_921' title='bbox 811 5468 1226 5528; x_wconf 59' lang='lat' dir='ltr'>tormentorum</span> <span class='ocrx_word' id='word_1_922' title='bbox 1260 5464 1413 5536; x_wconf 70' lang='lat' dir='ltr'>quod</span> <span class='ocrx_word' id='word_1_923' title='bbox 1438 5465 1696 5537; x_wconf 64' lang='lat' dir='ltr'>ptem-ias</span> <span class='ocrx_word' id='word_1_924' title='bbox 2168 5472 2367 5532; x_wconf 65' lang='lat' dir='ltr'>tamen</span> <span class='ocrx_word' id='word_1_925' title='bbox 2387 5467 2641 5541; x_wconf 62' lang='lat' dir='ltr'>certioris</span> <span class='ocrx_word' id='word_1_926' title='bbox 2661 5466 2875 5537; x_wconf 62' lang='lat' dir='ltr'>cibum,</span> <span class='ocrx_word' id='word_1_927' title='bbox 2900 5468 2968 5533; x_wconf 68' lang='lat' dir='ltr'>in</span> <span class='ocrx_word' id='word_1_928' title='bbox 2988 5486 3062 5535; x_wconf 64' lang='grc' dir='ltr'><em>φφ</em></span> <span class='ocrx_word' id='word_1_929' title='bbox 3080 5464 3594 5542; x_wconf 51' lang='lat' dir='ltr'>quosdamet-eest</span> <span class='ocrx_word' id='word_1_930' title='bbox 3612 5470 3713 5522; x_wconf 43' lang='lat' dir='ltr'>eor.</span> 
     </span>
    </p>
   </div>
  </div>
