3872 6158
160 172 258 233 869

878 168 1260 227 EXPOSITIO
1297 167 1378 231 IN
1413 166 1746 225 ΜΔΤΤΗᾸΞῙ

1829 168 1859 223 [.
1890 194 1958 213 --
1987 168 2129 227 LIB.
2168 172 2267 243 xx,
2304 174 2467 241 cap.
2507 176 2677 232 xxv.

3309 180 3423 245 870

162 297 275 371 peri
286 312 408 364 suo,
434 299 498 352 et
519 260 787 367 pascitur.
813 293 904 349 Sic
922 298 982 348 et
995 292 1251 346 Christus
1282 291 1477 353 esurit.
1510 296 1567 346 et
1588 292 1737 364 pati-
1756 292 2120 364 Apraecipuis
2150 294 2211 349 in
2255 296 2501 354 Ecclesia
2553 299 2841 369 membris,
2872 318 2977 359 nec
3004 304 3256 362 minimis
3289 309 3418 380 qui-

164 392 248 441 tur
262 385 319 439 in
338 401 572 456 corpore
585 400 687 438 suo
720 400 842 454 quae
871 388 958 437 est
974 381 1233 445 Ecclesia,
1250 380 1500 452 pascitur
1522 397 1743 453 quoque

161 480 214 530 et
236 473 500 538 reﬁcitur,
530 490 660 527 cum
678 472 752 527 sit
780 471 901 542 ipse
928 469 1289 541 impassibilis
1309 473 1366 523 et
1396 469 1565 523 nullis
1584 477 1746 540 egeat

161 562 450 618 alimentis.
478 562 588 617 Sed
609 561 669 615 in
696 576 1036 631 unoquoque
1060 564 1381 613 sanctorum
1410 558 1583 611 alitur
1609 558 1745 612 cibis

161 658 212 707 et
233 651 485 705 reﬁcitur
514 656 671 721 potu,
728 648 964 703 vestitur
992 648 1177 702 nudus
1205 653 1262 700 et
1292 646 1580 716 colligitur
1610 647 1745 700 hos-

160 758 265 813 pes,
296 740 358 793 in
385 755 611 794 carcere
639 738 959 792 consolatur
978 743 1037 790 et
1062 735 1743 806 visitaturinﬁrmus,quze

160 844 311 882 nemo
326 828 438 881 nisi
453 843 581 881 vere
600 826 779 881 ﬁdelis
797 824 1145 895 intelligit,et
1165 823 1375 897 Spiritu
1397 828 1591 877 sancto
1620 822 1744 877 illu-

161 915 416 969 minatus.
451 914 611 981 Quod
650 914 697 968 si
743 913 953 967 Paulus
988 928 1116 966 vere
1145 928 1274 965 cum
1327 910 1744 966 infirmantibus

159 1005 487 1068 intimatur,
506 1009 564 1057 et
582 1019 710 1057 cum
729 1001 991 1057 omnibus
1006 1001 1221 1071 patitur
1238 1000 1743 1073 fratribus,quanto

160 1092 326 1162 magis
353 1097 525 1163 caput
542 1092 715 1147 totius
757 1089 1011 1145 Ecclesiae
1035 1089 1309 1153 Christus,
1345 1089 1440 1160 qui
1462 1089 1597 1143 dicit
1614 1089 1746 1143 uni-

158 1181 350 1252 cuique
366 1180 626 1251 patienti,
649 1197 776 1235 cum
798 1179 921 1250 ipso
944 1195 1073 1233 sum
1095 1179 1153 1232 in
1170 1177 1561 1232 tribulatione?
1584 1178 1735 1242 Quae-

158 1287 231 1336 so,
250 1269 501 1339 prudens
518 1268 714 1335 lector,
736 1268 1032 1325 considera
1058 1284 1231 1338 quam
1253 1268 1551 1337 diligenter
1571 1267 1744 1341 justis

160 1358 516 1413 dinumerans
569 1356 719 1411 bona
762 1374 886 1422 sua,
942 1357 1280 1410 immoratur
1314 1356 1374 1409 in
1404 1371 1743 1427 unoquoque

159 1445 333 1513 verbo,
365 1463 469 1517 per
492 1445 715 1517 singula
741 1445 977 1500 laudans
998 1461 1112 1509 eos,
1140 1450 1199 1498 et
1218 1445 1486 1501 extollens
1516 1444 1745 1499 benefa-

158 1542 238 1589 cta
263 1552 481 1591 eorum.
526 1536 700 1589 Porro
757 1533 844 1588 his
900 1534 999 1606 qui
1045 1551 1080 1587 a
1109 1533 1352 1587 sinistris
1397 1540 1584 1600 erunt,
1619 1534 1743 1587 vide

160 1640 315 1695 quam
356 1622 749 1694 compendiose
802 1622 1056 1696 praecidit
1080 1622 1325 1692 singula,
1358 1627 1418 1676 et
1444 1622 1659 1692 colligit
1684 1621 1743 1675 in

160 1713 299 1768 brevi
329 1712 608 1782 neglecta,
628 1713 795 1781 juxta
826 1712 1102 1782 quosdam
1129 1711 1364 1777 codices,
1399 1728 1521 1782 quae
1572 1728 1745 1783 supra

156 1799 315 1855 latius
345 1799 579 1854 revolvit
599 1799 904 1854 benefacta.
928 1799 1205 1863 Quoniam
1237 1798 1745 1853 misericordissimi

151 1888 346 1959 judicis
374 1893 463 1943 est
490 1888 628 1942 talia
654 1888 987 1961 locupletius
1036 1888 1340 1959 praedicare
1391 1892 1449 1941 et
1470 1888 1745 1958 ampliare

158 1977 729 2040 laudibus,malefacta
756 1994 885 2031 vero
906 1994 1103 2031 eorum
1123 1976 1445 2032 transitorie
1475 1994 1539 2031 ac
1569 1976 1745 2030 brevi-

157 2073 251 2130 ter,
275 2066 445 2138 quasi
464 2067 659 2121 dolens
679 2066 1001 2121 memorari.
1022 2066 1134 2121 Sed
1165 2071 1223 2120 et.
1232 2066 1375 2136 justi
1404 2066 1475 2119 ad
1498 2066 1743 2120 favorem

148 2155 351 2227 judicis
377 2154 467 2209 sui
491 2155 913 2227 respondentes,
933 2155 1380 2209 immorantur'in
1406 2170 1745 2225 unoquoque

157 2244 334 2311 verbo,
384 2249 447 2299 et
470 2260 577 2298 sua
598 2261 668 2299 eo
692 2248 888 2299 tenore
917 2261 1028 2315 quo
1058 2250 1116 2298 et
1134 2236 1310 2319 judex
1349 2244 1736 2306 dinumerant,

157 2332 244 2389 sed
266 2349 400 2388 cum
420 2333 618 2397 nimia,
645 2338 711 2386 ut
733 2333 864 2392 dixi,
899 2332 1289 2386 admirationis
1320 2338 1376 2386 et
1402 2331 1743 2385 humilitatis

156 2422 324 2477 forma
359 2421 664 2495 ;quoniam
694 2421 982 2493 proprium
1012 2422 1295 2490 justorum
1326 2426 1413 2475 est
1450 2418 1747 2474 benefacta

153 2528 248 2565 sua
279 2511 345 2565 in
386 2510 529 2565 facie
571 2510 771 2577 relata,
796 2509 1085 2565 humiliter
1112 2508 1411 2583 suscipere,
1461 2508 1747 2561 interdum

157 2599 310 2654 etiam
340 2603 401 2653 et
423 2599 724 2670 denegare,
750 2615 921 2653 causa
949 2597 1303 2653 humilitatis.
1321 2602 1561 2667 [063
1586 2596 1747 2651 Unde

161 2689 291 2759 quod
321 2688 601 2759 replicant
646 2687 873 2759 singula
900 2687 980 2741 sic
1008 2692 1111 2753 est,
1147 2692 1420 2758 tanquam
1446 2685 1704 2740 dicerent
1729 2704 1742 2738 :

156 2776 258 2831 Nec
280 2777 394 2832 hoc
422 2793 526 2830 nec
555 2774 701 2829 bona
722 2792 847 2849 quae
871 2776 1069 2830 laudas
1097 2776 1264 2846 digne
1291 2792 1395 2830 nos
1430 2774 1625 2829 fecisse
1652 2791 1748 2828 co-

154 2866 490 2936 gnoscimus.
514 2866 591 2918 At
620 2879 754 2919 vero
783 2865 1001 2936 injusti,
1036 2865 1195 2936 quasi
1221 2864 1398 2918 nimio
1418 2864 1632 2939 pudore
1661 2863 1748 2917 vel

1824 382 2446 450 buslibet,dinumerata
2463 394 2597 445 sunt
2616 391 3285 461 praestiteruntMinimos
3312 413 3418 453 au-

1824 476 1938 524 tem
1968 472 2244 542 quoslibet
2264 491 2458 529 eorum
2488 476 2631 533 adeo
2659 486 2838 544 vocat,
2860 481 2947 535 vel
2967 480 3099 554 quia
3125 482 3184 537 in
3209 486 3421 540 mundo

1824 559 2047 613 minimi
2095 568 2228 616 sunt
2271 564 2554 631 aestimati,
2611 567 2695 620 vel
2752 569 2883 639 quia
2909 570 3060 640 apud
3083 573 3419 644 semetipsos

1826 646 2089 702 minimos
2141 650 2558 720 judicaverunt,
2590 670 2656 707 eo
2686 656 2834 726 quod
2865 657 3126 712 deessent
3152 659 3214 713 in
3243 660 3421 715 oculis

1821 735 1940 789 suis
1968 736 2229 803 humiles,
2262 744 2326 793 ut
2353 742 2504 811 apud
2532 743 2713 796 Deum
2740 743 3127 801 invenirentur
3153 749 3344 818 magni
3372 749 3422 803 si

1826 831 2196 895 sequerentur
2213 830 2466 899 eum,qui
2480 829 2621 884 dixit
2643 850 2655 885 ε
2682 834 2880 887 Discite
2908 851 2945 889 a
2972 851 3076 903 me,
3108 840 3244 905 quia
3266 840 3420 894 mitis

1824 930 1950 967 sum
1974 920 2025 971 et
2051 916 2286 970 humilis
2315 920 2471 972 corde
2504 920 2719 988 (Matth.
2742 935 2818 984 x1,
2857 921 2967 997 29).

1901 1004 1963 1058 Et
2006 1005 2168 1058 ibunt
2208 1005 2269 1058 hi
2296 1008 2359 1059 in
2385 1011 2722 1076 supplicium
2750 1015 3038 1077 aeternum,
3060 1017 3210 1084 justi
3233 1022 3420 1071 autem

1826 1095 1889 1146 in
1921 1096 2095 1146 vitam
2138 1099 2422 1149 aeternam.
2462 1096 2711 1151 Audiant
2740 1098 2836 1168 qui
2870 1101 3066 1156 volunt
3115 1108 3419 1160 extenuare

1824 1184 2108 1234 tormenta
2124 1180 2454 1248 inferorum,
2479 1188 2537 1236 et
2550 1201 2745 1239 omnes
2773 1189 3108 1263 quandoque
3135 1191 3321 1246 redire
3343 1192 3419 1246 ad

1826 1269 2063 1323 veniam.
2088 1271 2233 1324 Nam
2260 1276 2318 1325 et
2344 1272 2490 1342 ignis
2516 1279 2760 1329 aeternus
2787 1292 2823 1329 a
2859 1276 3097 1332 Domino
3125 1280 3416 1350 probatur,

1824 1363 1884 1412 et
1909 1358 1968 1412 in
1994 1359 2332 1431 supplicium
2359 1366 2632 1416 aeternum
2670 1363 2764 1417 isti
2815 1365 3136 1421 mittuntur.
3181 1368 3341 1435 Quod
3366 1370 3419 1424 si

1828 1446 1940 1500 vita
1968 1452 2176 1502 aeterna
2203 1453 2526 1503 sanctorum
2556 1456 2613 1505 et
2640 1457 2929 1525 perpetua,
2961 1454 3227 1526 nullaque
3258 1457 3420 1512 dein-

1826 1552 1957 1606 ceps
1980 1536 2159 1590 sancti
2208 1538 2428 1609 passuri
2475 1539 2693 1593 ruinas:
2740 1540 2821 1594 ita
2866 1540 3157 1596 fatendum
3186 1544 3335 1617 quod
3366 1550 3424 1599 et

1764 1604 1811 1664 Β
1828 1604 2101 1695 supplicia
2125 1604 2475 1695 perditorum
2504 1626 2820 1696 hominum,
2852 1635 3099 1699 ,ωδ
3126 1636 3185 1684 et
3200 1604 3424 1701 angelo-

1824 1729 1973 1778 rum,
2005 1718 2216 1767 aeterna
2252 1714 2531 1770 credenda
2557 1720 2709 1770 sunt.
2736 1718 2872 1771 Tres
2914 1718 3195 1790 siquidem
3222 1737 3423 1775 narra-

1825 1800 2007 1855 tiones
2035 1802 2176 1868 istae,
2205 1819 2308 1856 seu
2335 1802 2631 1875 parabolae,
2660 1821 2798 1876 quas
2829 1806 3085 1861 Salvator
3110 1807 3277 1862 simul
3291 1810 3424 1881 jun-

1827 1889 1975 1944 xisse
1995 1889 2234 1956 videtur,
2259 1890 2331 1944 ad
2361 1890 2601 1945 invicem
2645 1893 2880 1960 collatis,
2908 1910 3081 1949 unam
3110 1895 3423 1969 probantur

1822 1977 2032 2032 habere
2060 1978 2509 2049 intelligentiam,
2543 1997 2768 2053 unoque
2797 1982 2857 2037 in
2887 1982 3122 2056 singulis
3148 1985 3266 2039 suis
3294 2003 3421 2057 par-

1823 2066 1974 2120 tibus
2000 2067 2343 2122 clauduntur
2370 2070 2499 2122 ﬁne.
2532 2069 2784 2133 Quarum
2819 2077 3008 2145 partes
3026 2073 3267 2143 geminae
3286 2080 3421 2130 sunt

1824 2155 1884 2210 in
1913 2154 2088 2209 bonos
2117 2156 2330 2210 scilicet
2357 2162 2412 2211 et
2466 2158 2665 2214 malos.
2695 2159 2843 2213 Nam
2872 2160 3118 2237 quinque
3168 2163 3417 2233 pruden-

1823 2249 1926 2309 tes,
1960 2262 2084 2318 quae
2112 2245 2376 2299 dicuntur
2402 2245 2664 2316 virgines,
2681 2247 2815 2318 ipsae
2842 2254 2975 2304 sunt
3002 2266 3130 2304 oves
3161 2267 3283 2327 quae
3304 2256 3418 2307 sta-

1824 2337 2065 2386 tuuntur
2082 2332 2141 2386 in
2166 2333 2405 2400 dextris;
2436 2334 2544 2406 ipsi
2596 2340 2654 2388 et
2683 2335 2794 2390 duo
2823 2336 2955 2391 boni
2986 2338 3131 2392 servi
3159 2355 3264 2394 sua
3296 2356 3418 2411 quae

1825 2425 2163 2491 acceperunt
2182 2420 2414 2486 talenta,
2440 2421 2785 2499 duplicantes
2804 2424 2877 2476 ad
2898 2424 3116 2479 lucrum
3141 2444 3153 2492 ;
3177 2443 3418 2497 quorum

1827 2525 1974 2563 unus
2002 2509 2113 2563 duo
2142 2508 2360 2579 accipit,
2391 2510 2539 2564 alter
2573 2527 2705 2564 vero
2748 2511 3015 2587 quinque.
3045 2514 3221 2569 Porro
3245 2514 3415 2571 fatuae

1827 2614 1950 2668 quae
1979 2604 2266 2661 vocantur,
2286 2597 2396 2670 ipsi
2424 2604 2556 2653 sunt
2583 2599 2727 2654 hedi
2744 2600 2893 2669 quia
2920 2601 3163 2656 sinistris
3192 2619 3421 2674 seques-

1828 2691 2054 2740 trantur
2085 2705 2098 2753 ;
2154 2686 2275 2761 ipse
2326 2690 2380 2741 et
2410 2687 2592 2742 malus
2620 2688 2715 2742 ille
2742 2704 2957 2756 servus,
2990 2691 3085 2760 qui
3122 2691 3303 2746 noluit
3328 2692 3418 2747 lu-

1828 2792 1984 2829 crum
2014 2791 2261 2846 quaerere
2281 2775 2351 2829 de
2366 2776 2596 2829 talento.
2630 2776 2855 2832 Interea
2866 2778 3024 2833 lucra
3049 2778 3414 2848 talentorum,

1828 2863 1951 2934 ipsa
1970 2870 2104 2917 sunt
2134 2863 2339 2930 oleum,
2364 2864 2512 2935 quod
2539 2869 2779 2935 paratur
2812 2870 2870 2918 et
2895 2866 3221 2921 reconditur
3240 2868 3421 2940 quoti-

158 2969 414 3021 merore,
455 2970 557 3024 pro
586 2959 745 3008 tanto
792 2952 1091 3025 opprobrio
1148 2952 1381 3024 perfusi,
1418 2952 1626 3005 cunsim
1682 2956 1804 3017 acc
1827 2951 1917 3005 die
1944 2952 2006 3005 in
2036 2952 2180 3006 vasis
2200 2952 2595 3006 misericordiae
2626 2953 2783 3029 ;ipsa
2798 2957 2933 3008 sunt
2954 2959 3010 3008 et
3027 2955 3306 3025 stipendia
3320 2956 3420 3010 bo-

162 3040 395 3097 breviter
407 3042 607 3097 dicunt
630 3061 645 3096 :
672 3044 923 3107 Domine,
938 3042 1158 3111 quando
1179 3047 1226 3094 te
1244 3042 1485 3094 vidimus
1503 3043 1748 3094 esurienr.
1826 3056 2030 3095 norum
2056 3057 2309 3115 operum,
2350 3040 2556 3111 quibus
2584 3047 2892 3115 pascuntur
2918 3043 3015 3113 qui
3059 3044 3333 3111 esuriant,
3367 3049 3425 3099 et

160 3136 255 3185 tem
277 3138 381 3186 aut
407 3134 704 3197 sitientem,
731 3136 834 3185 aut
871 3133 1108 3195 nudum,
1141 3134 1239 3182 aut
1260 3132 1574 3197 inﬁrmum,
1608 3133 1656 3182 et
1684 3130 1746 3182 in
1824 3134 2095 3201 potantur
2110 3129 2206 3199 qui
2218 3128 2436 3195 sitiunt,
2460 3134 2516 3183 et
2534 3130 2849 3184 vestiuntur
2872 3131 3029 3186 nudi.
3053 3132 3287 3196 Quando
3307 3133 3425 3189 haec

156 3235 382 3286 carcere,
408 3223 594 3273 etnon
615 3221 1063 3274 ministravimus
1085 3220 1187 3272 tibi
1207 3219 1374 3282 ?Quae
1398 3218 1540 3273 forte
1557 3218 1749 3272 omnia
1830 3218 2022 3271 omnia
2031 3223 2518 3291 agantur,tempus
2539 3223 2625 3272 est
2636 3218 2930 3290 praesentis
2952 3220 3097 3288 vitae;
3122 3225 3180 3276 et
3199 3222 3423 3292 quando

158 3309 307 3378 quasi
328 3314 552 3363 terrore
571 3307 833 3379 perculsi,
855 3308 935 3361 sic
968 3307 1180 3371 dicunt,
1217 3307 1492 3377 negando,
1520 3312 1584 3361 ut
1611 3323 1746 3361 con-
1828 3305 1946 3361 haec
1956 3306 2146 3360 omnia
2159 3306 2465 3381 adimpleta
2478 3313 3200 3381 reprasentantur,tempus
3213 3311 3424 3365 ultimae

159 3397 388 3452 suetudo
431 3401 520 3451 est
558 3396 1029 3470 delinquentium.
1063 3392 1233 3460 Quasi
1263 3395 1434 3450 velint
1462 3411 1744 3461 excusare,
1828 3394 2274 3459 resurrectionis,
2310 3396 2533 3465 quando
2555 3401 2613 3449 et
2645 3396 2893 3469 quinque
2918 3398 3225 3471 prudentes
3252 3399 3423 3471 virgi-

163 3487 297 3556 qnod
318 3502 618 3558 nunquam
648 3503 779 3540 eum
801 3486 1043 3541 viderint
1070 3485 1410 3540 esurientem
1438 3486 1525 3539 vel
1550 3484 1746 3539 sitien-
1822 3500 1924 3538 nes
1974 3482 2196 3537 venient
2234 3482 2455 3538 obviam
2503 3478 2744 3549 Christo,
2778 3491 2835 3539 et
2881 3486 2991 3540 duo
3028 3486 3124 3543 isti
3149 3488 3293 3542 servi
3322 3504 3427 3542 sua

161 3580 285 3643 tem,
312 3592 416 3630 seu
448 3580 676 3631 caetera.
714 3575 900 3629 Unum
925 3575 1119 3644 itaque
1148 3574 1389 3628 verbum
1407 3572 1747 3627 ministravi-
1826 3588 2016 3625 secum
2052 3572 2353 3643 deportant
2378 3572 2552 3637 lucra,
2587 3577 2643 3625 et
2691 3578 2825 3626 tunc
2868 3575 3426 3631 connumerabuntur

160 3679 274 3719 mus
326 3664 436 3718 tibi
485 3664 559 3718 ad
606 3663 798 3718 omnia
825 3662 1149 3717 referentes.
1197 3662 1435 3717 Faciunt
1464 3662 1616 3716 enim
1642 3662 1751 3716 hoc
1832 3660 2041 3714 eisdem
2070 3660 2206 3732 ipsis
2229 3662 2350 3731 jam
2378 3660 2437 3716 in
2477 3661 2686 3715 dextris
2711 3659 2859 3716 bona
2882 3663 3072 3717 omnia
3096 3680 3218 3734 quae
3239 3680 3427 3737 gesse-

163 3752 309 3823 quasi
337 3758 711 3808 extenuantes
724 3751 961 3805 crimina
984 3768 1106 3817 sua,
1132 3767 1202 3805 ne
1216 3750 1479 3822 graviora
1499 3746 1750 3804 videren-
1828 3754 1984 3804 runt.
2015 3751 2064 3803 Λ
2093 3766 2203 3820 quo
2230 3749 2380 3804 enim
2411 3749 2857 3815 dinumerentur,
2904 3751 3267 3806 manifestum
3315 3759 3420 3817 est,

164 3845 249 3895 tur
273 3841 585 3912 sigillatim,
616 3846 675 3894 et
700 3839 998 3913 diligenter
1020 3844 1353 3894 enumerata
1379 3856 1392 3906 ;
1442 3839 1589 3910 quod
1618 3854 1751 3910 pro-
1831 3837 1904 3891 ab
1924 3838 2045 3909 ipso
2062 3838 2257 3909 utique
2284 3854 2435 3909 rege,
2471 3838 2567 3911 qui
2609 3843 2666 3892 et
2683 3855 2922 3909 sponsus
2944 3840 3201 3895 Ecclesia
3231 3846 3334 3907 est,
3369 3846 3429 3896 et
3456 3886 3459 3890 .
3513 3888 3519 3893 .

164 3929 336 3999 prium
350 3944 584 3999 semper
601 3927 878 3981 malorum
898 3932 985 3981 est
1011 3927 1204 3998 culpas
1222 3942 1354 3980 suas
1380 3925 1751 3981 excusationis
1825 3926 2234 4000 paterfamilias
2265 3927 2416 3998 (quia
2443 3926 2512 3982 de
2539 3926 2712 3981 servis
2739 3927 2940 3997 agitur)
2960 3928 3155 3998 utique
3174 3930 3425 4000 appella-

164 4034 339 4085 causa,
393 4017 484 4071 vel
539 4016 741 4080 nullas,
788 4021 889 4069 aut
936 4016 1083 4069 leves
1115 4014 1428 4079 ostendere,
1460 4014 1547 4068 vel
1576 4013 1750 4067 etiam
1830 4020 1944 4069 tur.
1997 4015 2065 4070 Et
2092 4015 2239 4081 ideo,
2283 4020 2348 4069 ut
2375 4014 2511 4079 dixi,
2557 4020 2710 4069 totus
2752 4015 2842 4069 hic
2871 4032 3056 4070 sermo
3091 4016 3428 4074 mirabiliter

163 4122 382 4177 paums.
407 4105 570 4170 Quod
599 4110 655 4159 et
680 4104 969 4177 responsio
991 4103 1198 4158 Christi
1226 4101 1576 4174 adutrosque
1598 4087 1753 4156 facta
1834 4104 2017 4159 editus
2045 4104 2115 4157 de
2136 4103 2345 4170 futuro,
2375 4120 2500 4158 cum
2535 4102 2752 4158 duobus
2782 4094 3190 4175 comparandus
3222 4112 3308 4162 est
3336 4124 3427 4163 su-

164 4195 377 4250 videtur
398 4194 737 4266 signiﬁcare,
750 4208 883 4247 cum
901 4192 1035 4245 dicit
1051 4192 1120 4245 ad
1140 4192 1358 4261 justas:
1392 4193 1544 4259 Quod
1562 4194 1669 4245 uni
1686 4207 1816 4291 emD
1830 4190 2164 4265 perioribus,
2207 4196 2272 4246 ut
2325 4195 2382 4245 et
2417 4191 2734 4246 intellectus
2760 4191 3200 4264 uniuscujusque
3231 4199 3428 4249 eorum

169 4287 416 4338 minimis
435 4283 843 4351 istisfratn'bus
864 4284 996 4335 meis
1009 4282 1232 4349 fecistis,
1253 4281 1396 4334 mihi
1409 4281 1635 4349 fecistis.
1666 4280 1754 4334 Ad
1768 4279 1812 4291 ”
1835 4296 1901 4334 ex
1924 4280 2035 4334 illis
2062 4284 2359 4354 augeatur,
2383 4290 2440 4334 et
2471 4279 2721 4334 ornatior
2748 4296 2932 4334 sermo
2962 4279 3428 4345 introducatur,si

167 4370 401 4442 injustas
429 4377 623 4427 autem
652 4370 766 4426 sic:
808 4369 1036 4437 Quando
1067 4386 1179 4424 non
1202 4371 1410 4437 fecistis
1437 4371 1545 4423 uni
1563 4385 1627 4422 ex
1642 4372 1755 4422 mi-
1838 4366 2119 4441 quomodo
2146 4368 2364 4439 aliquid
2393 4369 2462 4422 de
2493 4373 2655 4423 tanta
2700 4369 2996 4438 majestate
3024 4368 3193 4439 digne
3220 4370 3429 4426 intelli-

172 4464 355 4527 m‘mis,
382 4477 480 4516 nec
499 4461 643 4514 mihi
658 4462 885 4528 fecistis.
907 4457 1023 4512 Nec
1042 4457 1234 4529 itaque
1252 4457 1473 4512 addidit
1488 4456 1755 4512 fratribus
1830 4457 2307 4529 gatnr.Quoniam
2330 4457 2451 4529 ipse
2496 4462 2582 4511 est
2603 4457 2752 4511 ﬁlius
2774 4456 3036 4522 hominis,
3067 4457 3163 4528 qui
3187 4458 3341 4513 venit
3368 4458 3428 4513 in

172 4550 321 4617 meis,
338 4543 815 4622 quemadmodum
837 4546 969 4601 fecit
986 4546 1532 4619 cumloquereturad
1544 4546 1751 4617 justos,
1837 4545 1969 4599 sede
1992 4546 2309 4616 majestatis
2334 4561 2485 4610 suae;
2529 4545 2648 4616 ipse
2690 4544 2969 4600 Dominus
2984 4562 3281 4602 servorum
3306 4547 3429 4603 illo-

168 4638 350 4693 volens
366 4641 655 4710 justorum
685 4635 994 4702 benefacta,
1027 4635 1267 4706 grandia
1294 4640 1352 4689 et
1374 4635 1657 4709 praecipua
1670 4651 1756 4688 os—
1830 4650 1985 4699 rum,
2014 4633 2110 4704 qui
2140 4633 2294 4687 venit
2305 4633 2583 4691 rationem
2611 4649 2839 4704 ponere,
2871 4626 3095 4705 quando
3119 4640 3178 4690 et
3198 4636 3431 4706 angelo-

168 4727 414 4790 tendene,
476 4731 535 4779 et
589 4741 814 4780 reorum
844 4725 1035 4799 culpas
1068 4724 1133 4778 in
1182 4724 1339 4779 nullo
1395 4738 1753 4794 exaggerans.

171 4815 442 4879 Quoniam
488 4815 796 4887 gratiosius
827 4814 1045 4869 videtur
1069 4830 1207 4885 opus
1237 4813 1467 4881 bonum,
1507 4813 1656 4885 quod
1687 4814 1756 4867 fit

166 4903 223 4959 in
246 4904 622 4960 sanctioribus
674 4908 734 4959 et
762 4902 1054 4976 praecipuis
1083 4901 1290 4957 Christi
1320 4901 1627 4973 discipulis,
1660 4901 1757 4975 qui

169 4998 402 5061 possunt
428 4992 615 5047 dicere
647 5007 775 5046 cum
798 4991 972 5045 Paulo
1008 4990 1296 5063 apostolo:
1320 4991 1759 5045 Imitatoresmei

169 5084 322 5134 estote
346 5082 491 5134 sicut
524 5084 575 5133 et
600 5095 691 5146 ego
720 5078 926 5132 Christi
961 5079 1011 5146 (Ι
1035 5078 1158 5132 Cor.
1187 5091 1267 5141 x1,
1305 5075 1374 5144 '1),
1403 5093 1577 5151 quam
1604 5078 1674 5132 ﬁt
1692 5077 1759 5131 in

170 5167 354 5232 minus
408 5167 634 5224 sanctis.
675 5166 953 5230 Quoniam
980 5165 1071 5220 hic
1117 5165 1396 5239 praecipue
1448 5165 1652 5220 fratres
1680 5164 1762 5220 di-

1832 4738 1963 4775 rum
1991 4721 2202 4775 clamor
2219 4721 2406 4776 media
2426 4726 2587 4776 nocte
2611 4720 2790 4777 factus
2825 4720 3126 4777 dicitur.Et
3144 4728 3279 4779 tunc
3298 4730 3430 4781 ante

1834 4809 2028 4864 sedem
2059 4808 2370 4880 maiestatis
2390 4826 2506 4864 suae
2530 4824 2686 4863 more
2710 4809 2918 4880 judicis
2938 4810 3432 4883 congregabuntur

1834 4914 2035 4953 omnes
2060 4903 2291 4969 gentes;
2339 4903 2397 4952 et
2443 4913 2565 4971 quae
2594 4896 2780 4952 oleum
2809 4913 2997 4952 secum
3023 4892 3348 4956 detulerunt
3370 4898 3433 4957 in

1838 4986 1983 5042 vasis
2006 4986 2144 5052 suis,
2164 4990 2223 5040 et
2240 4986 2336 5056 qui
2363 4986 2578 5040 talenta
2592 4985 2764 5057 dupla
2776 4985 3048 5054 fecerunt,
3073 4995 3130 5041 et
3146 4988 3206 5043 in
3226 4984 3435 5044 dextris

1834 5075 1948 5149 ipsi
1976 5092 2104 5130 oves
2133 5079 2317 5129 erunt.
2360 5074 2573 5138 Quibus
2600 5073 2857 5130 omnibus
2889 5070 3134 5147 profecto
3155 5093 3328 5147 supra
3354 5074 3436 5131 di-

1842 5170 1994 5219 ctum
2006 5164 2194 5219 fuerat
2210 5180 2220 5212 :
2259 5165 2482 5231 Vigilate
2494 5166 2628 5235 quia
2648 5167 2865 5219 nescitis
2880 5165 3026 5219 diem
3038 5180 3206 5233 neque
3216 5166 3436 5223 horam.

170 5260 375 5310 cuntur
394 5252 725 5327 Christi,qui
752 5254 933 5325 magis
957 5253 1171 5308 faciunt
1191 5254 1535 5309 voluntatem
1554 5253 1757 5308 Patris.
1841 5254 2029 5309 Unum
2059 5257 2145 5307 est
2173 5268 2306 5323 ergo
2334 5252 2487 5323 quod
2519 5252 2686 5308 dicit:
2730 5252 3229 5322 Gongregabuntur
3242 5272 3262 5321 ;
3282 5259 3331 5311 et
3350 5271 3439 5313 ac-

171 5342 589 5410 Yerumtamen,
622 5343 728 5399 etsi
780 5343 863 5397 ita
890 5342 1108 5416 loquar,
1146 5342 1202 5398 in
1229 5343 1384 5399 nullo
1419 5342 1763 5398 excusabiles
1841 5344 1996 5398 cessit
2016 5344 2116 5415 qui
2151 5344 2396 5415 quinque
2439 5346 2648 5398 talenta
2674 5347 2908 5411 iecerat;
2951 5354 3168 5396 necnon
3201 5347 3259 5401 et
3288 5343 3437 5417 quod

174 5437 345 5491 aunt
398 5433 492 5507 qui
541 5448 646 5491 nec
692 5430 963 5490 fratribus
991 5430 1201 5489 Christi
1224 5431 1374 5490 bona
1397 5431 1671 5502 facerunt,
1697 5436 1763 5507 et
1834 5430 1959 5488 ait:
1998 5430 2151 5488 Tunc
2164 5436 2535 5488 surrexerunt
2552 5447 2767 5489 omnes.
2795 5424 3069 5491 Similiter
3087 5435 3147 5491 et
3167 5432 3319 5506 quod
3344 5426 3437 5493 hic
