3872 6158
482 214 600 285 ’871

1263 226 1321 281 s.
1362 223 1740 280 pxsansn
1778 220 2143 279 RADBER’I‘I
2182 220 2488 279 ABBATIS
2525 202 3019 278 CORBEIENSISL

3585 234 3667 291 87‘:

500 354 837 422 separantur
864 365 991 406 oves
1012 349 1083 404 ab
1112 334 1305 416 hédis,
1320 356 1379 405 et
1397 350 1511 404 illic
1526 349 1693 402 fatuae
1708 328 1843 402 eunt
1863 364 2048 401 emere
2072 366 2084 413 ;
2106 351 2157 409 Α
2174 347 2319 403 facta
2340 354 2425 403 est
2442 328 2589 402 mira
2615 332 3094 403 commemoratio.
3126 334 3249 403 Haec
3266 348 3378 404 ideo
3390 352 3601 422 dixerim,
3624 365 3672 412 ut

498 456 718 494 necnon
743 446 801 494 et
815 440 965 509 quod
977 456 1169 493 servus
1185 438 1396 493 inutilis
1412 436 1717 507 judicatur.
1752 435 1895 500 Quia
1919 436 2096 489 donec

500 529 572 583 ad
590 528 867 605 judicium
891 514 1059 582 causa
1102 528 1310 592 veniat,
1360 542 1556 600 omnes
1603 524 1755 578 misti
1802 530 1950 579 sunt.
1985 525 2095 579 Sed

499 634 627 672 cum
667 622 917 683 .039
934 616 1136 669 dixerit
1161 616 1257 685 qui
1284 631 1317 667 a
1342 613 1550 667 dextris
1569 615 2094 679 erunt,venite,tunc

502 712 557 760 et
584 722 705 776 quae
733 710 943 775 paratae
957 710 1141 767 erunt,
1172 702 1436 773 quoniam
1468 702 1601 772 ipsae
1622 706 1754 755 sunt
1785 701 1985 771 quibus
2006 702 2096 771 ju-

505 794 617 859 bet,
658 792 956 846 intrabunt
974 808 1102 845 cum
1125 807 1190 844 eo
1219 790 1290 843 ad
1321 790 1566 861 nuptias.
1607 790 1753 852 Quid
1776 790 1885 842 erit
1910 790 2094 843 dicere

499 896 557 944 et
580 904 739 942 servo
754 886 900 941 bono
922 904 933 938 :
958 886 1127 952 Euge,
1166 882 1322 937 intra
1342 887 1405 937 in
1422 884 1695 950 gaudium
1722 884 1950 936 Domini
1974 885 2060 935 tui
2070 928 2084 941 .

496 980 671 1032 Porro
700 976 796 1047 qui
824 993 857 1030 a
887 973 1131 1028 sinistris
1182 978 1369 1034 erunt,
1398 971 1547 1042 quod
1594 975 1680 1024 est
1716 969 1899 1023 dicere
1937 969 2048 1023 illis
2076 987 2089 1022 :

501 1067 760 1133 Quandiu
788 1081 899 1118 non
928 1065 1130 1131 fecistis
1154 1064 1262 1114 uni
1277 1062 1339 1113 de
1369 1060 1473 1125 his,
1494 1076 1590 1112 nec
1604 1059 1745 1111 mihi
1764 1060 1993 1125 fecistis,
2022 1061 2094 1111 ite

476 1156 563 1209 'in
596 1158 780 1223 ignem
811 1158 1077 1206 aternum
1094 1169 1109 1213 ;
1160 1150 1266 1202 hoc
1300 1152 1385 1201 est
1414 1148 1797 1217 improyierare
1826 1163 1983 1200 servo
2012 1146 2095 1198 in-

498 1244 709 1308 utili,et
736 1242 947 1295 dicere:
979 1241 1167 1293 Tollite
1184 1241 1455 1291 talentum
1483 1238 1552 1289 ab
1581 1252 1656 1302 eo,
1680 1240 1727 1288 et
1746 1238 1945 1288 mittite
1968 1251 2095 1287 eum

498 1336 561 1387 in
576 1333 821 1386 tenebras
834 1331 1145 1390 exteriores;
1168 1331 1338 1397 atque
1361 1324 1672 1394 virginibus
1684 1323 1851 1377 fatuis
1863 1339 2094 1393 respon-

501 1422 635 1475 dere
656 1420 789 1473 dum
818 1418 1047 1489 pulsant
1074 1415 1207 1485 quia
1236 1414 1425 1467 clausa
1454 1420 1538 1467 est
1559 1414 1755 1484 janua,
1780 1416 1954 1465 nescio
1982 1427 2090 1464 vos.

478 1509 642 1572 "Quia
670 1507 787 1560 vias
819 1523 939 1577 qua:
958 1523 993 1559 a
1021 1504 1236 1558 dextris
1285 1508 1417 1556 sunt
1442 1502 1595 1556 novit
1637 1501 1928 1567 Dominus,
1972 1516 2094 1570 quae

498 1604 687 1649 autem
709 1612 743 1648 a
763 1594 1006 1649 sinistris
1047 1597 1180 1646 sunt
1214 1607 1486 1662 perversae
1518 1595 1703 1643 erunt.
1731 1590 1860 1643 Haec
1889 1588 2093 1642 idcirco

2177 454 2242 491 ex
2270 438 2375 492 hoc
2403 437 2682 508 intelligat
2719 436 3107 507 unusquisque
3152 453 3250 508 per
3276 439 3472 509 singula
3493 459 3673 499 concor-

2176 527 2328 581 diam
2358 526 2846 596 evangelistarum,
2899 531 2957 579 et
2999 542 3121 596 quae
3150 528 3534 598 quamplurimis
3572 533 3676 587 locis

2175 633 2343 670 causa
2376 615 2660 669 brevitatis
2675 614 2856 677 omisi,
2873 614 3171 684 diligenter
3184 616 3424 685 colligere
3445 635 3499 672 ac
3517 621 3679 676 sentire

2177 722 2301 775 qua:
2331 704 2438 774 ipsi
2470 720 2580 757 non
2611 703 2825 765 dicunt,
2868 704 3110 756 studeat.
3141 704 3280 767 Quia
3305 722 3451 759 nemo
3484 709 3563 777 qui
3594 709 3682 764 haec

2176 793 2365 846 omnia
2380 791 2584 845 litteris
2614 789 3086 861 comprehendere
3107 792 3601 861 possit.Quoniamin
3618 797 3682 850 his

2176 880 2414 946 omissis,
2466 880 2714 944 variatis,
2777 896 2841 933 ac
2884 880 3256 949 transpositis,
3286 881 3415 934 nihil
3441 882 3679 949 dictorum,

2174 969 2269 1023 ubi
2296 971 2381 1023 vel
2410 969 2528 1034 ubi,
2560 973 2767 1022 vacata
2786 969 3077 1039 mysterio.
3114 969 3271 1023 Unde
3289 975 3343 1023 et
3366 986 3518 1040 supra
3540 973 3685 1026 volens

2177 1059 2469 1112 ostendere
2518 1057 2860 1128 evangelista
2914 1057 3063 1133 quod
3111 1058 3298 1111 omnia
3322 1058 3378 1112 in
3401 1068 3687 1114 mensuraet

2177 1147 2442 1219 pondere,
2468 1152 2526 1201 et
2553 1163 2790 1200 numero
2818 1146 3110 1200 constituit
3131 1147 3295 1211 Deus,
3330 1148 3569 1218 praemisit
3590 1165 3689 1202 con-

2176 1236 2610 1289 summationem
2667 1234 3063 1305 perfectionis;
3123 1240 3180 1288 et
3231 1235 3392 1306 coepit
3439 1242 3691 1290 monstrare

2177 1342 2345 1395 quam
2375 1324 2629 1395 proxima
2668 1329 2793 1377 erat
2822 1324 2977 1389 hora,
3011 1323 3081 1377 de
3132 1340 3244 1394 qua
3271 1324 3427 1378 Matri
3468 1341 3566 1378 sua:
3595 1324 3692 1379 alibi

2175 1413 2392 1467 dixerat
2419 1431 2430 1466 :
2468 1415 2609 1480 Quia
2634 1414 2885 1466 nondum
2915 1414 3064 1468 venit
3082 1413 3219 1466 hora
3247 1429 3361 1466 mea
3378 1414 3536 1478 (Joan.
3568 1427 3614 1477 ιι,
3638 1410 3691 1488 4).

2176 1503 2245 1556 Et
2264 1502 2388 1555 ideo
2411 1502 2492 1554 ait
2519 1501 2807 1572 discipulis
2828 1501 2963 1566 suis,
2988 1507 3053 1555 ut
3090 1502 3405 1555 ostenderet
3433 1518 3540 1571 qua:
3561 1502 3691 1554 dico:

2174 1590 2344 1645 Scitis
2366 1594 2499 1661 quia
2516 1596 2635 1660 post
2673 1592 2901 1667 biduum
2923 1592 3125 1660 pascha
3139 1595 3246 1658 ﬁet.
3266 1591 3388 1661 Ipsa
3411 1596 3487 1645 est
3504 1607 3694 1661 namque

476 1692 671 1756 ’parva
699 1683 883 1749 intuli,
917 1687 981 1736 ut
1007 1698 1073 1735 ex
1101 1680 1295 1752 paucis
1322 1684 1621 1750 cognoscat
1651 1678 1896 1749 prudens
1921 1663 2155 1730 lectorB
2175 1681 2315 1735 hora
2345 1680 2602 1751 praescia;
2630 1684 2688 1733 et
2727 1663 3104 1749 pmordinata
3118 1684 3251 1733 ante
3268 1680 3451 1734 mundi
3478 1680 3696 1734 constitu-

496 1773 744 1844 cogitare
772 1788 939 1842 quam
959 1758 1236 1841 profunda
1257 1772 1388 1822 sunt
1407 1767 1754 1837 eloquiorum
1767 1766 1867 1820 Dei
1891 1771 2095 1836 myste-

499 1862 603 1929 ria,
627 1868 684 1916 et
703 1858 1039 1915 adumbrata
1073 1859 1347 1912 dictorum
1381 1860 1751 1911 sacramenta.
1785 1854 1965 1917 Quam
1996 1870 2092 1907 va-

496 1951 583 2005 ria
606 1956 662 2004 et
684 1950 881 2005 ﬂorida
894 1948 1301 2003 sententiarum
1324 1946 1710 2015 aenigmatamt
1730 1949 1786 1998 et
1797 1948 2093 1997 exerceant

494 2040 747 2094 animum
778 2038 1020 2103 lectoris,
1062 2042 1119 2090 et
1170 2035 1458 2089 fastidium
1486 2033 1785 2103 detergent
1811 2037 2090 2086 exornatae

494 2146 685 2185 rerum
715 2143 1011 2181 causarum
1039 2126 1251 2195 ﬁgurae.
1297 2125 1537 2194 Ipsaque
1557 2122 1762 2175 veritas
1789 2121 1847 2174 in
1876 2120 2088 2174 eisdem

494 2217 714 2273 obtecta
745 2215 947 2270 excitet
973 2213 1294 2267 aviditatem
1315 2210 1572 2282 legentis,
1598 2209 1984 2268 etauditorum
2007 2209 2087 2262 in-

492 2305 885 2375 telligentiam,
919 2319 1046 2357 cum
1065 2302 1233 2356 fuerit
1267 2306 1535 2366 reserata,
1566 2305 1629 2353 ut
1651 2314 1875 2369 semper
1898 2298 1955 2351 in
1984 2296 2083 2351 ob-

493 2394 672 2449 scuris
695 2392 900 2445 veritas
928 2390 1145 2444 avidius
1163 2390 1509 2460 requiratur.

569 2482 717 2550 (Car.
746 2479 965 2547 XXVI.)
989 2479 1055 2533 Et
1065 2481 1276 2547 factum
1301 2483 1375 2532 est
1395 2494 1523 2532 cum
1546 2479 1974 2531 consummasset
2003 2477 2086 2529 Je-

492 2586 585 2626 sus
606 2585 881 2624 sermones
913 2570 1009 2623 hos
1039 2584 1241 2633 omnes,
1289 2569 1423 2620 dicit
1443 2567 1736 2634 discipulis
1750 2567 1886 2619 suis.
1916 2563 2085 2627 Quin-

494 2659 652 2730 quies
681 2658 830 2712 enim
859 2657 1107 2711 invenies
1136 2656 1194 2709 in
1223 2656 1328 2709 hoc
1354 2653 1648 2724 Evangelio
1664 2653 1808 2706 hanc
1829 2656 2083 2706 Consum-

493 2748 801 2801 mationem
828 2746 1000 2811 verbi,
1038 2752 1095 2799 et
1127 2761 1349 2815 semper
1384 2743 1782 2814 perfectionem
1835 2741 2086 2795 insinuat

492 2853 702 2890 rerum.
750 2836 894 2900 Quia
946 2834 1087 2888 nihil
1125 2840 1211 2887 est
1238 2833 1387 2902 quod
1416 2833 1579 2885 Jesus
1608 2829 1859 2900 cmperit,
1888 2828 1996 2881 nisi
2029 2833 2086 2881 et

492 2923 1033 2978 consummationem
1088 2919 1443 2992 perfectionis
1478 2918 1698 2971 habeat.
1756 2917 1863 2971 Sed
1902 2922 2087 2987 potest

2173 1770 2406 1824 tionem.
2431 1770 2511 1823 De
2533 1784 2645 1839 qua
2667 1769 2807 1822 hora
2828 1768 2961 1822 dicit
2974 1768 3129 1822 Patri
3145 1782 3278 1822 suo:
3300 1770 3471 1834 Pater,
3492 1772 3619 1822 salva
3637 1785 3695 1821 me

2174 1876 2238 1912 ea:
2258 1860 2359 1913 hac
2373 1860 2511 1912 liora
2535 1860 2711 1919 (Joan.
2763 1871 2857 1918 xu,
2886 1855 3061 1927 ‘27),et
3082 1857 3289 1911 clarius
3308 1862 3555 1929 appareat
3568 1873 3696 1927 quam

2175 1947 2460 2001 evidenter
2501 1946 2575 1999 sit
2600 1944 2669 1999 ab
2708 1945 2829 2016 ipso
2861 1946 3267 2017 praescitaJdeo
3303 1950 3439 2009 veni,
3462 1946 3633 2016 inquit,
3651 1948 3697 1999 in

2172 2038 2315 2091 hanc
2343 2037 2533 2089 horam
2548 2077 2557 2088 .
2574 2035 2683 2090 Sed
2707 2041 2764 2089 et
2780 2052 2907 2089 cum
2930 2041 3054 2089 orat
3084 2036 3157 2089 ad
3179 2036 3420 2101 Patrem,
3442 2035 3619 2089 clamat
3640 2034 3698 2088 di-

2169 2127 2531 2191 censzPater,
2568 2128 2715 2178 venit
2740 2125 2896 2189 hora,
2943 2127 3193 2191 clari/ica
3242 2125 3442 2179 Filium
3470 2129 3622 2189 tuum,
3653 2128 3697 2175 ut

2166 2214 2343 2267 Filius
2366 2218 2493 2267 tuus
2514 2215 2657 2267 clari
2658 2215 2773 2281 ﬂeet
2797 2217 2844 2266 te
2862 2214 3042 2277 (Joan.
3067 2227 3222 2277 xvm,
3247 2210 3355 2278 11).
3379 2213 3527 2276 Quod
3543 2211 3584 2265 si
3600 2227 3699 2280 ergo

2165 2301 2364 2355 horam
2392 2301 2667 2373 passionis
2691 2318 2805 2355 sua:
2833 2318 2868 2355 a
2894 2301 3061 2371 longe
3089 2306 3210 2354 tam
3237 2301 3515 2356 evidenter
3533 2299 3702 2371 praisci

2166 2391 2245 2444 vit
2269 2390 2436 2456 titius,
2458 2406 2573 2444 non
2604 2406 2901 2461 possumus
2929 2389 3211 2455 dubitare,
3239 2391 3385 2444 sicut
3398 2388 3616 2445 haeretici
3630 2404 3703 2441 vo-

2165 2480 2307 2544 lunt,
2330 2479 2478 2549 quod
2519 2479 2862 2548 ignoraverit
2885 2478 3034 2533 diem
3052 2478 3327 2533 adventus
3346 2483 3508 2545 sui,et
3527 2476 3701 2548 quando

2166 2567 2294 2622 finis
2334 2568 2409 2622 sit
2448 2568 2653 2634 saeculi,
2704 2567 2840 2621 dum
2868 2568 3066 2621 horam
3105 2572 3166 2622 et
3194 2568 3344 2622 diem
3372 2565 3633 2622 constituit
3655 2581 3701 2618 ac

2165 2657 2541 2711 dinumeravit
2570 2656 2844 2727 passionis
2875 2673 3010 2710 suae.
3043 2657 3351 2728 Propterea
3378 2657 3577 2728 quoties
3600 2655 3702 2709 insi-

2166 2745 2287 2799 dias
2310 2761 2344 2798 a
2371 2744 2577 2800 Iudaeis
2606 2762 2803 2816 passus
2837 2750 2939 2808 est,
2971 2746 3193 2816 quoties
3215 2746 3495 2817 quaesitus,
3519 2760 3614 2799 non
3635 2758 3706 2815 po-

2165 2834 2277 2886 tuit
2302 2834 2459 2905 prius
2486 2833 2603 2904 pati
2623 2834 2798 2888 donec
2825 2835 3039 2888 veniret
3059 2834 3200 2889 hora
3219 2841 3278 2889 et
3293 2833 3594 2906 tempus.Et
3609 2847 3706 2885 cum

2167 2927 2314 2975 esset
2342 2922 2592 2993 quotidie
2620 2921 2823 2976 docens
2861 2939 2955 2977 eos
2984 2922 3041 2976 in
3071 2924 3306 2995 templo,
3335 2939 3445 2978 non
3472 2922 3632 2994 potuit
3651 2924 3709 2973 te-

490 3011 665 3064 videri
691 3010 857 3065 alicui
885 3008 1251 3070 contrarium,
1273 3008 1419 3078 quod
1442 3006 1732 3064 Matthaeus
1761 3012 1819 3058 et
1848 3008 2079 3071 Marcus,
2101 3016 2144 3076 ο
2168 3012 2310 3075 neri,
2342 3010 2520 3064 donec
2561 3017 2980 3065 consummaret
3025 3027 3224 3066 omnes
3269 3028 3544 3067 sermones
3586 3010 3707 3069 istos,

490 3104 857 3172 posteaquam
884 3098 1126 3152 dixerint
1148 3096 1361 3150 Pascha
1384 3103 1510 3165 post
1528 3094 1759 3147 biduum
1780 3094 2081 3159 ﬁeri,com-

489 3192 945 3243 memoraverunt
972 3186 1120 3256 quod
1149 3190 1272 3238 erat
1299 3185 1463 3238 Jesus
1487 3184 1545 3236 in
1575 3182 1981 3245 Bethania,ubi
2012 3182 2081 3236 de

490 3283 781 3348 unguento
810 3276 904 3329 illo
935 3274 1178 3346 pretioso
1209 3278 1492 3327 narratur.
1529 3272 1598 3325 Et
1633 3270 1901 3337 Joannes,
1954 3277 2082 3326 ante

489 3384 582 3421 sea:
620 3369 732 3420 dies
773 3366 1006 3427 Pascha,
1029 3363 1165 3417 dicit
1182 3363 1209 3416 ,Ι
1217 3378 1371 3415 esum
1396 3360 1612 3414 venisse
1632 3360 1691 3413 in
1729 3359 2077 3427 Bethaniam,

480 3454 561 3509 de
594 3455 789 3508 eodem
839 3461 1128 3523 unguento
1176 3455 1527 3511 narraturus.
1578 3449 1735 3503 Unde
1784 3449 2075 3519 quaeritur,

490 3544 769 3615 quomodo
822 3542 1129 3596 secundum
1158 3540 1261 3593 hos
1288 3538 1429 3593 duos
1452 3543 1581 3609 post
1607 3537 1840 3592 biduum
1870 3538 2082 3591 Pascha

486 3634 739 3688 futurum
760 3631 917 3686 erat?
948 3630 1088 3685 Cum
1112 3634 1305 3700 postea
1343 3642 1511 3697 quam
1551 3626 1609 3678 id
1643 3625 1905 3680 dixerunt
1925 3626 2079 3679 inve-

484 3722 716 3776 niantur
742 3737 870 3775 cum
900 3720 1115 3774 Joanne
1145 3717 1204 3771 in
1251 3715 1549 3779 Bethania,
1596 3714 1734 3768 illud
1783 3714 1931 3785 quod
1961 3715 2079 3785 ipse

486 3812 555 3865 de
584 3815 872 3881 unguento
904 3811 1309 3862 commemorat
1335 3809 1651 3867 narrantes,
1685 3804 1908 3873 quando
1960 3803 2079 3872 ipse

485 3901 728 3955 Joannes
754 3904 879 3969 post
906 3914 1002 3951 sex
1026 3896 1146 3950 dies
1167 3895 1418 3948 futurum
1441 3892 1654 3946 Pascha
1675 3891 1945 3961 praedicit.
1973 3890 2082 3944 Sed

488 3989 583 4059 qui
612 3989 681 4042 de
710 3986 918 4041 talibus
947 3990 1261 4051 moventur,
1302 3998 1413 4036 non
1444 3980 1772 4049 intelligunt
1804 3995 1973 4049 quam
2002 3979 2082 4033 di-

485 4077 801 4147 spensative
842 4076 991 4128 inter
1028 4092 1087 4128 se
1135 4072 1489 4142 evangelista;
1533 4070 1637 4123 hoc
1665 4067 1895 4132 faciunt,
1930 4072 1995 4121 ut
2024 4073 2082 4122 et

487 4165 777 4218 veritatem
806 4164 887 4216 rei
917 4179 1028 4216 non
1057 4167 1299 4225 taceant,
1336 4167 1393 4213 et
1444 4158 1712 4213 nonnulla
1737 4173 2071 4227 quamsaape,

2167 3116 2307 3170 quos
2334 3106 2705 3171 proposuerat
2728 3100 2843 3154 suis
2894 3100 3161 3154 intimare
3182 3101 3487 3172 discipulis.
3514 3099 3575 3153 Et
3596 3099 3711 3168 post-

2166 3205 2332 3259 quam
2360 3190 2765 3243 consummavit
2792 3205 2986 3243 omnes
3014 3206 3309 3244 sermones
3336 3190 3487 3254 istos,
3515 3194 3630 3242 tunc
3652 3185 3714 3238 di-

2162 3278 2244 3331 xit
2270 3277 2558 3349 discipulis
2587 3279 2703 3333 suis
2727 3280 2846 3349 jam
2865 3278 2922 3331 in
2948 3279 3230 3333 Bethania
3259 3297 3271 3331 :
3309 3280 3469 3334 Scitis
3488 3279 3605 3346 quia
3620 3275 3711 3343 post

2168 3367 2398 3420 biduum
2431 3369 2633 3435 pascha
2664 3371 2773 3435 fiet.
2816 3368 2885 3421 Et
2938 3368 3278 3435 notandum,
3315 3367 3446 3438 quia
3478 3382 3580 3420 non
3603 3361 3713 3417 dixit

2163 3460 2387 3508 tantum
2420 3472 2614 3510 omnes
2643 3472 2951 3521 sermones,
2983 3455 3081 3509 sed
3122 3455 3369 3521 addidit,
3416 3456 3514 3509 hos
3539 3467 3712 3507 omnes.

2163 3542 2220 3596 id
2249 3548 2335 3597 est
2363 3559 2501 3613 quos
2530 3544 2748 3598 locutus
2784 3538 2967 3597 fuerat
2995 3559 3182 3597 coram
3219 3544 3303 3598 eis
3328 3544 3387 3598 in
3415 3547 3593 3598 monte
3631 3538 3720 3594 01i-

2161 3630 2305 3695 veti;
2339 3647 2452 3684 non
2481 3648 2620 3702 quos
2649 3631 2831 3686 adhuc
2860 3632 3150 3685 locuturus
3178 3638 3311 3687 erat
3349 3632 3407 3685 in
3451 3646 3595 3685 ccena
3618 3630 3716 3681 cuin

2161 3718 2467 3790 discipulis,
2494 3726 2594 3773 aut
2617 3720 2674 3773 in
2695 3720 2862 3774 domo
2879 3720 3123 3774 Simonis
3138 3721 3372 3792 leprosi,
3412 3725 3576 3787 10"
3593 3724 3626 3784 |
3665 3714 3717 3769 de

2162 3808 2399 3861 muliere
2430 3808 2730 3862 accedente
2776 3809 2846 3862 ad
2888 3825 2968 3875 se,
3008 3825 3109 3862 seu
3156 3815 3220 3863 et
3255 3810 3369 3864 alia
3406 3807 3715 3880 quamplura,

2164 3912 2285 3966 quae
2316 3902 2501 3966 potest
2529 3896 2765 3966 diligens
2793 3897 2970 3951 lector
2993 3897 3374 3963 considerare,
3407 3903 3463 3952 et
3486 3896 3651 3950 videre
3672 3891 3716 3945 in

2161 3984 2267 4049 his,
2310 3985 2459 4054 quod
2486 3985 2628 4038 nihil
2656 3990 2835 4048 vacat,
2866 3986 2962 4040 sed
2990 3987 3183 4041 omnia
3210 3988 3385 4058 plena
3414 3992 3541 4040 sunt
3564 3996 3717 4038 sacra-

2161 4073 2386 4127 mentis.
2420 4072 2601 4140 Scitis,
2637 4074 2837 4144 inquit,
2869 4078 3002 4144 quia
3024 4081 3143 4145 post
3168 4078 3405 4129 biduum
3423 4074 3612 4130 Pascha
3631 4073 3716 4139 ﬁet,

2160 4166 2207 4215 et
2236 4164 2388 4229 ﬁlius
2415 4163 2657 4216 hominis
2689 4165 2941 4216 tradetur
2972 4167 3045 4217 ad
3082 4166 3542 4233 cruci/ﬁgendum.
3565 4162 3719 4227 Longe

486 4268 643 4306 more
670 4266 1042 4323 gemmarum,
1076 4262 1141 4302 ut.
1173 4247 1460 4319 pulchrius
1484 4247 1633 4299 dicta
1661 4244 2073 4315 resplendeant,
2158 4266 2329 4319 supra
2350 4251 2471 4319 jam
2499 4250 2609 4303 ista
2643 4249 2967 4321 frequenter
2992 4252 3349 4321 prtedixerat,
3389 4252 3487 4306 sed
3512 4264 3643 4305 nunc
3668 4251 3717 4299 ut

487 4340 617 4394 aliis
645 4340 703 4393 in
732 4339 867 4393 locis
897 4338 1079 4409 posita
1116 4341 1404 4399 exornent,
1428 4340 1596 4405 prout
1624 4351 1970 4405 consequens
1990 4352 2075 4390 ra-
2092 4326 2141 4385 D
2158 4338 2288 4403 dixi,
2305 4343 2362 4392 et
2382 4338 2581 4392 horam
2612 4343 2669 4392 et
2685 4338 2831 4393 diem
2862 4339 3129 4394 declarat.
3151 4341 3367 4395 Etideo
3387 4342 3590 4413 priores
3611 4352 3723 4408 pra:-

484 4428 563 4483 tio
592 4428 784 4490 dictat,
813 4427 957 4482 sicut
996 4427 1101 4480 hoc
1120 4426 1240 4478 loco
1286 4424 1611 4479 Matthaeum
1640 4428 1696 4476 et
1721 4422 1968 4477 Marcum
1999 4424 2074 4480 fe-
2155 4426 2386 4480 miserat
2401 4443 2687 4481 sermones
2707 4428 2777 4482 de
2797 4429 2978 4498 gloria
2996 4435 3053 4483 et
3072 4429 3334 4484 claritate
3349 4430 3607 4484 adventus
3630 4423 3717 4487 sui,

486 4518 627 4572 cisse
653 4519 957 4581 cernimus,
991 4515 1087 4586 qui
1132 4513 1270 4567 illud
1305 4512 1449 4583 quod
1472 4512 1677 4565 factum
1705 4512 1825 4580 jam
1855 4517 1978 4565 erat
2005 4514 2074 4567 de
2156 4515 2398 4585 quos'in
2436 4511 2539 4569 hoc
2579 4533 2692 4570 uno
2730 4517 3018 4583 conclusit,
3062 4518 3122 4571 in
3153 4534 3267 4589 quo
3309 4518 3636 4590 permaxima
3672 4529 3721 4565 sc

484 4612 772 4676 unguento
789 4606 849 4659 in
867 4603 1161 4667 Bethania,
1192 4601 1377 4672 potius
1407 4599 1828 4671 recapitulando
1876 4618 2073 4671 posue-
2157 4608 2455 4657 venturum
2484 4603 2543 4658 in
2573 4621 2745 4676 regno
2774 4622 2899 4660 cum
2921 4606 3135 4676 angelis
3160 4607 3305 4675 suis,
3332 4613 3391 4661 et
3409 4608 3465 4661 in
3485 4605 3606 4660 sede
3620 4616 3719 4656 ma-

482 4699 698 4761 runt;et
709 4694 834 4748 ideo
855 4710 968 4747 non
985 4696 1112 4764 post
1124 4691 1260 4744 illud
1284 4689 1535 4753 biduum,
1554 4688 1650 4742 sed
1677 4695 1715 4754 ι
1729 4694 1924 4754 θτθ
1942 4696 2074 4744 ante
2152 4691 2375 4761 jestatis
2411 4709 2525 4747 suae
2558 4709 2845 4748 sessurum
2875 4710 2936 4748 se
2955 4694 3219 4760 declarat,
3260 4703 3319 4750 et
3333 4698 3590 4750 continuo
3608 4689 3722 4746 satis

483 4782 692 4837 factum
722 4788 825 4847 est,
870 4798 995 4836 cum
1028 4781 1209 4834 adhuc
1255 4795 1351 4832 sex
1384 4777 1503 4831 dies
1555 4782 1743 4831 essent
1785 4794 1962 4848 usque
2004 4779 2076 4832 ad

483 4871 718 4925 Pascha.
750 4870 961 4925 Idcirco
1003 4885 1168 4924 nemo
1189 4868 1416 4921 illorum
1434 4883 1561 4921 cum
1587 4866 1818 4919 dixisset
1846 4871 1973 4936 post
1996 4865 2078 4920 bi-

484 4960 661 5014 duum
691 4960 905 5013 Pascha
930 4959 1203 5022 futurum,
1231 4956 1496 5011 continuo
1523 4954 1727 5024 adjecit
1759 4959 1823 5007 ut
1847 4954 2073 5021 diceret,

483 5049 768 5121 posthaec,
793 5066 918 5103 cum
948 5054 1074 5103 esset
1096 5052 1157 5102 in
1187 5048 1474 5111 Bethania,
1509 5044 1605 5097 sed
1634 5043 1884 5097 consulte
1913 5042 2078 5097 ambo

480 5143 723 5205 tantum,
752 5156 880 5192 cum
902 5144 1050 5192 esset
1076 5138 1133 5190 in
1155 5134 1447 5209 Bethania.
1472 5132 1631 5196 Quod
1655 5132 1848 5202 utique
1872 5132 2077 5186 intelli-

479 5228 633 5298 gitur
674 5228 903 5294 factum,
931 5233 1235 5295 antequam
1264 5222 1403 5276 illud
1433 5221 1501 5274 de
1530 5221 1747 5275 Pascha
1772 5221 2070 5290 diceretur,

482 5332 583 5370 seu
624 5322 823 5372 cratera
851 5334 973 5388 quae
1023 5315 1174 5369 dicta
1201 5313 1483 5367 dicuntur.
1513 5309 1656 5373 Quia
1685 5315 1811 5367 ante
1840 5327 1934 5364 sea:
1960 5313 2071 5364 dies

2157 4779 2531 4851 dispensative
2585 4799 2646 4836 se
2673 4798 2969 4853 passurum
2999 4783 3057 4837 in
3093 4784 3373 4854 proximo,
3409 4792 3474 4839 ut
3497 4776 3720 4851 discipuli

2158 4874 2572 4924 sacramentum
2620 4871 2797 4925 crucis
2825 4871 3131 4927 admistum
3157 4888 3283 4926 esse
3310 4873 3502 4943 gloriae
3528 4866 3718 4925 aeterni-

2157 4957 2309 5023 tatis,
2334 4958 2655 5017 ﬁdelissime
2696 4965 3055 5029 cognoscant,
3089 4967 3147 5015 et
3173 4960 3234 5014 in
3267 4962 3425 5015 nullo
3455 4957 3720 5013 formident

2159 5046 2229 5100 de
2255 5052 2476 5113 eventu,
2507 5047 2602 5117 qui
2630 5047 2867 5102 audiunt
2917 5049 3153 5118 gloriam
3183 5054 3241 5102 et
3269 5050 3615 5119 majestatem
3648 5059 3721 5097 re-

2156 5135 2404 5204 gnantis.
2436 5135 2609 5191 Porro
2660 5142 2787 5207 post
2815 5136 3048 5192 biduum
3070 5137 3275 5209 pascha
3310 5139 3432 5191 ﬁeri
3456 5139 3721 5207 propterea

2156 5224 2504 5294 pronuntiat,
2557 5231 2623 5279 ut
2670 5226 2877 5280 scirent
2926 5226 3121 5280 horam
3152 5227 3471 5297 praescitam
3493 5226 3605 5295 jam
3648 5237 3724 5274 ve-

2157 5313 2305 5367 nisse
2329 5331 2341 5380 ;
2394 5314 2699 5367 secundum
2729 5315 2877 5386 quod
2900 5315 3250 5370 ostendimus
3281 5332 3415 5370 eum
3444 5330 3553 5368 non
3579 5326 3721 5383 posse

482 5406 688 5459 Pascha
734 5411 966 5461 venerat
1015 5404 1147 5460 illuc
1183 5402 1345 5457 Jesus
1389 5399 1553 5469 juxta
1579 5400 1874 5466 Joannem,
1908 5404 1964 5453 et
1992 5398 2071 5454 ibi
2153 5401 2317 5468 mori,
2349 5407 2649 5475 antequam
2679 5405 2869 5458 omnia
2888 5404 3151 5459 doctrinae
3165 5420 3281 5459 suae
3303 5404 3721 5475 expleretsacra-

481 5500 615 5550 tunc
644 5494 853 5551 factum
880 5499 966 5550 est
992 5494 1129 5549 illud
1157 5488 1490 5555 convivium,
1550 5486 1641 5543 ubi
1670 5488 1739 5542 de
1779 5493 2068 5558 unguento
2151 5496 2359 5545 menta.
2394 5490 2701 5562 Oportebat
2731 5508 2865 5563 ergo
2888 5496 2953 5548 ut
2977 5493 3220 5565 primum
3246 5492 3575 5549 dissolveret
3599 5486 3723 5545 illud
