3872 6158
202 195 298 252 873
912 194 1289 250 EXPOSITIO
1329 194 1405 250 ΙΝ
1444 190 1798 250 ΜΑΤΤΗᾸΕΙ]

1881 237 1886 249 ,
1921 226 1984 237 -
2016 198 2155 254 LIB.
2197 202 2293 270 x1,
2338 202 2494 257 CAP.
2537 202 2731 257 XXVI.
3350 208 3455 265 s74

197 319 436 390 typicum
465 319 690 391 pascha,
726 323 847 373 tum
875 318 1102 373 demum
1126 317 1375 373 traderet
1388 318 1674 390 discipulis
1701 319 2025 378 te-Ahodie
2046 328 2276 378 vocatur
2292 342 2306 388 ;
2324 324 2423 379 sed
2435 330 2492 379 et
2505 324 2763 382 diabolus
2794 327 2891 399 qui
2918 328 3074 384 misit
3091 330 3151 384 in
3178 346 3274 385 cor
3295 331 3453 387 Judaa

196 412 532 462 stamantum
579 422 805 474 novum,
839 407 1062 479 quando
1114 407 1361 462 instabat
1399 408 1632 462 definita
1658 408 1779 463 dies
1860 415 1923 463 ut
1950 410 2201 467 traderet
2227 428 2388 478 eum;
2421 413 2787 470 nihilominus
2808 422 2866 471 et
2893 417 3175 489 principes
3195 420 3454 474 sacerdo-

196 496 384 558 altera.
415 501 480 550 ut
508 497 715 567 pascha
734 502 989 551 nostrum
1012 496 1403 552 immolaretur
1422 498 1698 562 Christus,
1722 505 1780 552 et
1859 504 1980 553 tum
2013 505 2071 554 et
2096 502 2345 557 seniores
2373 502 2563 573 populi
2585 504 2943 561 tradiderunt
2978 523 3106 561 eum
3135 507 3195 562 in
3221 507 3456 562 damna-

194 583 321 639 illud
373 585 439 639 ﬁt
482 585 542 639 in
588 601 836 658 vespere,
863 585 1065 640 deinde
1104 586 1379 652 Christus,
1408 587 1495 642 his
1523 586 1774 658 expletis,
1860 588 2073 643 tionem
2102 591 2314 645 mortis.
2355 591 2424 645 Et
2459 591 2586 646 ideo
2616 591 2871 648 fortassis
2890 595 2981 649 hic
3008 596 3459 667 impersonaliter

193 672 381 727 eadem
411 689 538 727 mox
562 674 806 728 traditur
824 679 1004 728 nocte.
1039 674 1114 728 Et
1142 675 1267 746 ipsa
1293 680 1379 729 est
1407 676 1547 730 hora
1574 677 1782 746 passio-
1864 677 2108 748 positum
2128 683 2232 745 est,
2257 681 2648 746 tradetur,non
2668 681 2904 737 dicensa
2924 700 3033 756 quo
3049 685 3133 739 vel
3153 702 3255 756 per
3270 701 3456 757 quem,

194 763 271 816 nis
287 780 414 833 quae
438 762 593 834 prius
630 764 880 818 nondum
911 770 1140 819 venerat
1160 771 1464 837 antequam
1488 767 1782 837 expleren-
1863 772 1928 820 ut
1955 767 2059 821 hoc
2077 765 2307 822 verbum
2336 768 2405 822 ad
2428 784 2623 823 omnes
2653 771 2931 841 respicere
2963 773 3137 843 possit
3167 790 3458 844 personas,

194 857 280 905 tur
307 852 500 906 omnia
531 853 646 907 haec
671 853 1137 924 typica.Venerat
1164 860 1354 909 autem
1383 872 1564 910 annus
1593 862 1651 910 et
1664 856 1782 911 dies
1863 856 1995 911 licet
2028 874 2143 911 non
2174 873 2286 911 uno
2332 863 2478 924 voto,
2511 874 2695 930 neque
2724 859 2922 914 eadem
2947 861 3234 916 voluntate
3263 878 3459 916 omnes

194 942 255 995 de
288 941 492 1012 quibus
533 942 826 1013 propheta,
856 943 1159 1013 praedicare
1200 960 1412 998 annum
1437 944 1660 999 Domini
1688 962 1783 999 ac-
1864 945 2220 1000 tradiderunt
2240 963 2390 1001 eum.
2423 945 2636 1011 Quibus
2662 965 2793 1003 vero
2819 949 3060 1005 traditus
3099 950 3174 1004 sit
3202 950 3323 1022 ipse
3340 952 3462 1022 jam

193 1029 518 1101 ceptabilem
553 1030 709 1085 misit
735 1047 845 1097 me,
880 1036 937 1085 et
966 1031 1114 1086 diem
1151 1032 1503 1104 placabilem,
1537 1051 1659 1105 quae
1699 1040 1784 1089 est
1864 1047 2035 1102 supra
2061 1031 2409 1103 praedixerat.

194 1118 304 1173 dies
328 1118 528 1173 salutis
554 1124 776 1185 nostrae,
802 1119 861 1174 in
892 1136 1002 1191 qua
1027 1119 1214 1175 oblata
1233 1127 1319 1176 est
1345 1122 1532 1177 hostia
1561 1140 1662 1194 pro
1690 1140 1781 1177 sa-
1942 1120 2218 1176 Tradetur
2245 1125 2415 1187 enim,
2435 1121 2641 1193 inquit,
2656 1125 2910 1191 gentibus
2926 1125 3001 1178 ad
3014 1125 3385 1189 illudendum,
3411 1131 3459 1181 et

195 1208 304 1263 lute
334 1207 510 1262 totius
530 1208 746 1263 mundi.
780 1209 852 1264 Et
886 1209 1004 1280 ipse
1030 1215 1116 1264 est
1153 1211 1363 1265 mensis
1398 1212 1626 1267 Paschae
1666 1213 1783 1285 pri-
1864 1211 2346 1279 ﬂagellandum,ct
2376 1212 2833 1279 cruciﬁgendum,
2854 1211 2913 1266 id
2934 1216 3018 1267 est
3049 1212 3320 1269 militibus
3347 1212 3461 1268 Ro-

196 1313 314 1352 mus
354 1314 390 1351 a
427 1297 629 1353 saeculo
671 1298 730 1353 in
773 1298 1060 1354 mensibus
1100 1300 1253 1353 anni.
1287 1301 1351 1355 In
1395 1317 1506 1372 qua
1534 1302 1786 1373 praedicit
1867 1315 2183 1364 manorum,
2222 1299 2319 1371 qui
2346 1315 2474 1354 eum
2504 1305 2871 1370 susceperunt
2898 1300 2967 1355 de
3001 1316 3173 1355 manu
3210 1302 3464 1357 omnium

195 1386 478 1457 discipulis
503 1386 1026 1456 suis,praamuniens
1049 1404 1144 1443 eos
1172 1388 1498 1460 priusquam
1528 1391 1795 1465 incipient
1875 1404 2069 1442 eorum
2101 1387 2197 1459 qui
2226 1404 2356 1442 eum
2385 1387 2743 1443 tradiderunt
2770 1387 2829 1442 in
2857 1393 3115 1447 mortem.
3144 1390 3469 1461 Intelligant

195 1474 330 1535 ﬁeri.
378 1480 441 1529 ut
476 1475 774 1546 praeﬁgant
810 1475 870 1529 in
902 1476 1163 1531 cordibus
1210 1478 1346 1542 suis,
1388 1485 1447 1533 et
1474 1479 1794 1552 intelligant
1876 1493 2062 1547 quaeso
2094 1483 2151 1530 et
2178 1476 2509 1532 erubescant
2532 1476 2629 1549 qu'i
2662 1476 2943 1531 afﬁrmare
2984 1481 3229 1544 I073
3257 1494 3467 1533 conan-

194 1578 313 1633 quae
343 1578 475 1616 mox
514 1568 750 1617 ventura
770 1570 950 1629 erant,
974 1581 1045 1619 ne
1072 1565 1256 1620 subito
1277 1583 1403 1622 cum
1426 1570 1846 1639 cmperint,et_
1874 1570 1969 1619 tur
1999 1565 2343 1620 salvatorem
2368 1565 2625 1620 timuisse
2665 1572 2925 1630 mortem.
2958 1571 3016 1620 et
3062 1565 3339 1637 DaSSiODiS
3376 1584 3470 1639 Pa‘

192 1651 435 1705 viderint
473 1652 622 1705 tradi
668 1669 797 1706 eum
828 1652 896 1707 ad
922 1669 1164 1719 crucem,
1189 1655 1285 1725 qui
1326 1656 1462 1710 talia
1491 1633 1715 1712 dixerat,
1736 1633 2003 1714 ethore
2044 1653 2250 1708 dixisse
2283 1672 2294 1709 :
2339 1657 2520 1719 Pater,
2558 1658 2610 1708 si
2634 1656 2889 1722 possibile
2915 1660 3008 1718 est,
3045 1633 3289 1710 transeat
3320 1672 3355 1709 a
3376 1633 3471 1710 ine

194 1746 604 1795 monstraverat
632 1746 695 1795 ut
720 1740 869 1795 Deus
906 1742 1246 1808 crederetur,
1278 1743 1693 1816 obstupescant,
1735 1755 1792 1802 et
1873 1745 2020 1798 calix
2044 1746 2162 1809 iste,
2189 1743 2257 1796 de
2283 1760 2394 1814 quo
2421 1760 2523 1796 suo
2557 1743 2679 1796 loco
2720 1743 2989 1810 dicemus,
3022 1759 3125 1798 cur
3145 1744 3250 1797 hoc
3273 1761 3470 1799 orave-

194 1846 300 1900 prte
316 1845 521 1900 pavore
542 1829 717 1884 nimio
738 1830 1131 1885 deterreantur
1146 1832 1295 1887 ultra
1314 1834 1497 1887 redire
1510 1835 1580 1889 ad
1598 1836 1785 1892 ﬁdem.
1872 1831 1966 1887 rit.
2000 1832 2143 1885 Nam
2172 1837 2300 1902 post
2336 1830 2566 1884 biduum
2603 1831 2808 1900 pascha
2850 1830 3089 1895 futurus,
3131 1832 3471 1888 tradendum

196 1917 256 1972 Et
278 1918 409 1971 ideo
438 1917 517 1972 ait
550 1937 563 1972 :
594 1918 758 1973 Scitis
784 1922 919 1987 quia
944 1925 1062 1989 post
1092 1922 1324 1975 biduum
1347 1925 1551 1991 pascha
1585 1926 1694 1990 ﬁet,
1739 1931 1787 1981 et
1872 1936 1931 1975 se
1973 1920 2128 1974 novit
2153 1926 2217 1973 ut
2260 1919 2627 1988 cruciﬁgatur
2675 1918 2833 1982 Quod
2864 1924 2921 1973 et
2949 1918 3019 1973 ab
3057 1919 3216 1974 initio
3247 1937 3471 1992 semper

195 2007 364 2060 Filius
400 2008 642 2061 hominis
670 2009 923 2061 tradetur
940 2014 999 2061 ut
1019 2011 1401 2077 cruciﬁgatur.
1427 2012 1553 2066 Non
1574 2019 1783 2080 autem,
1871 2013 2101 2063 noverat
2131 2008 2226 2080 qui
2257 2008 2382 2061 ideo
2415 2008 2582 2072 venit,
2607 2014 2666 2061 et
2700 2012 2892 2061 tamen
2923 2023 3036 2061 non
3062 2007 3307 2063 declinat
3328 2009 3469 2064 insi-

196 2094 332 2149 sicut
358 2094 590 2165 quidam
615 2097 1024 2165 putant,solum
1036 2097 1104 2151 de
1124 2097 1219 2150 illo
1240 2098 1375 2152 dicit
1389 2101 1577 2171 typico
1598 2119 1787 2158 sacra-
1871 2095 2011 2158 dias.
2037 2113 2219 2167 neque
2238 2096 2472 2150 territus
2494 2094 2734 2165 refugit;
2757 2095 2816 2149 in
2840 2101 3063 2149 tantum
3091 2101 3156 2150 ut
3176 2096 3346 2151 etiam
3361 2114 3470 2152 ea!-

195 2189 402 2251 mento,
437 2184 586 2254 quod
614 2183 874 2257 omnibus
913 2185 1266 2240 notissimum
1287 2193 1426 2242 erat.
1457 2189 1601 2253 Quia
1628 2192 1672 2245 si
1704 2193 1794 2246 di-
1872 2185 2012 2239 teris
2040 2185 2469 2239 formidantibus
2514 2190 2571 2238 et
2611 2184 2694 2238 ire
2740 2184 3078 2250 nolentibus,
3112 2191 3310 2256 pergat
3349 2186 3471 2259 ipse

196 2280 341 2327 ceret
366 2272 550 2343 magis
566 2273 760 2344 utique
796 2273 1068 2340 debuerat
1094 2274 1281 2331 dicere
1306 2295 1317 2329 :
1351 2277 1515 2332 Scitis
1527 2284 1662 2347 quia
1676 2286 1793 2350 post
1875 2274 2165 2328 ultroneus
2185 2279 2355 2344 atque
2373 2273 2873 2345 intrepidus.Unde
2884 2280 2942 2328 et
2955 2273 3012 2327 in
3030 2274 3266 2330 Psalmis
3284 2292 3351 2330 ex
3370 2292 3474 2333 sua

196 2362 429 2416 biduum
458 2363 665 2431 pascha
689 2362 892 2428 veniet,
917 2370 1017 2417 aut
1046 2364 1257 2434 pascha
1298 2365 1428 2430 erit,
1460 2367 1545 2421 vel
1588 2370 1795 2439 pascha
1878 2379 2151 2435 persona:
2211 2364 2527 2417 Voluntaria
2554 2364 2870 2430 sacriﬁcabo
2902 2364 3004 2417 tibi
3033 2365 3205 2431 (Psal.
3244 2379 3363 2432 LIII,
3390 2363 3470 2435 8),

198 2466 256 2504 ex
276 2467 437 2505 more
464 2450 991 2520 celebrabitur;sed
1012 2453 1175 2523 longe
1205 2453 1371 2508 aliter
1393 2453 1547 2521 dicit,
1581 2459 1793 2513 Pascha
1876 2451 2079 2522 inquit.
2126 2457 2185 2506 et
2224 2466 2238 2504 τ
2295 2452 2354 2506 σε
2409 2454 2647 2519 facerem
2703 2455 3045 2506 υοιιιηιατϐνη
3093 2458 3271 2517 tuam.
3331 2455 3473 2508 Deus

194 2540 440 2611 ﬁet,quia
469 2556 676 2595 novum
708 2546 795 2595 est
815 2542 965 2612 quod
993 2542 1183 2609 ﬁebat,
1207 2543 1313 2596 hoc
1332 2549 1435 2608 est,
1461 2546 1624 2615 quale
1644 2564 1792 2601 nun-
1877 2557 2046 2607 meus,
2080 2543 2234 2594 votui
2255 2540 2424 2610 (Psal.
2455 2554 2639 2601 XXXIX.
2673 2540 2747 2606 9).
2780 2540 2926 2605 Quia
2962 2540 3009 2594 si
3042 2541 3216 2595 nollet
3242 2541 3472 2597 omnino

195 2645 356 2700 quam
388 2630 601 2685 factum
626 2635 711 2684 est
744 2636 809 2684 ut
838 2647 938 2702 per
966 2636 1210 2697 1012
1235 2632 1340 2686 hoc
1362 2649 1564 2688 novum
1589 2636 1795 2706 pascha
1876 2646 1989 2684 non
2018 2634 2324 2701 pateretur,
2357 2634 2415 2684 et
2441 2629 2568 2684 ideo
2607 2629 2739 2701 quia
2767 2629 2955 2683 volens
2998 2630 3169 2696 venit,
3201 2636 3267 2685 ut
3296 2631 3467 2685 ﬁnem

194 2724 448 2773 senescat
472 2718 609 2773 illud
639 2719 955 2789 antiquum.
984 2719 1052 2772 Et
1079 2718 1204 2773 ideo
1229 2720 1358 2790 jure
1388 2722 1560 2776 Vetus
1591 2723 1796 2777 dicitur
1876 2718 2087 2773 umbrae
2110 2719 2463 2789 jamjamque
2491 2735 2526 2772 a
2549 2717 2760 2772 carnali
2789 2717 3089 2772 festivitate
3135 2717 3468 2789 imponeret,

195 2804 779 2878 Testamentum,quia
800 2814 927 2878 post
946 2806 1176 2861 biduum
1198 2808 1465 2863 successit
1477 2811 1714 2879 Novum;
1739 2816 1797 2866 et
1878 2805 2063 2860 aiebat
2097 2822 2108 2858 :
2142 2807 2421 2860 Desiderio
2448 2807 2756 2859 desideravi
2780 2806 2877 2860 hoc
2898 2808 3102 2875 pascha
3130 2808 3473 2862 manducare

195 2892 294 2948 hoc
326 2900 460 2949 erat
487 2896 674 2966 ipsum
707 2895 938 2950 biduum
966 2913 978 2949 :
1026 2896 1161 2967 quia
1188 2902 1315 2967 post
1340 2897 1482 2953 duos
1512 2898 1631 2953 dies
1660 2916 1725 2954 ac
1748 2901 1796 2955 si
1815 2944 1855 2967 η
1878 2897 2153 2950 vobiscum
2178 2899 2480 2963 antequam
2496 2897 2688 2963 patiar
2710 2895 2864 2964 (Luc.
2894 2908 3030 2961 χχιι,
3066 2893 3151 2959 15)
3177 2913 3190 2961 ;
3221 2895 3321 2950 sed
3355 2897 3472 2966 pati

195 2982 490 3038 clarissimi
530 2984 781 3049 luminis,
800 2985 1019 3039 Veteris
1047 3001 1112 3039 ac
1139 2986 1279 3040 Novi
1308 2987 1672 3055 Testamenti,
1712 2982 1857 3044 ve—u
1879 3000 1991 3039 non
2018 2989 2240 3056 poterat
2257 2983 2431 3055 prius,
2465 2983 2599 3054 quia
2625 2982 2877 3037 nondum
2903 2988 3133 3037 venerat
3159 2983 3300 3037 hora
3326 2985 3468 3054 ejus.

198 3087 319 3127 rum
352 3090 460 3144 pro
491 3073 703 3127 mundo
731 3074 957 3145 pascha,
995 3090 1107 3128 non
1142 3075 1201 3129 in
1243 3078 1517 3147 sanguine
1544 3078 1789 3149 pecudiS,
1883 3075 2034 3128 Tunc
2049 3075 2363 3142 congregati
2379 3076 2512 3126 sunt
2528 3074 2806 3141 principes
2825 3073 3168 3126 sacerdotum
3186 3072 3469 3139 etScriba,

194 3162 286 3216 sed
306 3163 367 3216 in
400 3162 678 3232 sanguine
707 3163 986 3218 verissimi
1025 3164 1192 3234 Agni.
1221 3164 1616 3222 celebrandum
1647 3174 1787 3223 erat.
1874 3166 2169 3217 θεδϐηίονεδ
2182 3163 2391 3230 Papa”,
2410 3162 2474 3215 ίη
2487 3162 2704 3214 atrium
2721 3162 2998 3229 Ρνίησίρίε
3019 3162 3474 3230 δασενάοιωηιιιιί

195 3251 433 3323 Propter
460 3251 608 3322 quod
637 3251 874 3305 addidit:
897 3252 962 3305 Et
982 3252 1157 3307 Filius
1179 3254 1422 3307 hominis
1452 3258 1704 3311 tradetur
1732 3265 1795 3314 ut
1876 3252 2160 3307 dicebatur
2187 3250 2438 3318 Caiphas.
2466 3249 2621 3304 Tunc
2647 3247 2944 3318 siquidem,
2963 3249 3186 3319 quando
3211 3265 3478 3305 consum-

194 3343 575 3408 cruci/ﬁgatur
620 3340 755 3394 Post
791 3340 931 3395 duos
955 3346 1145 3395 autem
1184 3341 1304 3396 dies
1338 3342 1549 3397 factum
1579 3350 1666 3399 est
1693 3363 1792 3416 pa-
1878 3340 2051 3394 mavit
2097 3339 2260 3393 Jesus
2290 3353 2484 3392 omnes
2531 3352 2818 3391 sermones
2844 3336 3004 3406 istos,
3034 3343 3093 3392 et
3119 3337 3299 3392 ﬁnivit
3324 3339 3474 3409 quod

194 3428 340 3494 scha,
365 3429 518 3483 sicut
539 3428 723 3483 fuerat
753 3429 1150 3500 praphetatum
1175 3429 1245 3484 ab
1276 3448 1358 3494 eo,
1369 3432 1592 3502 quando
1623 3435 1797 3489 tradi-
1877 3428 1975 3482 diu
1995 3425 2550 3481 tractavimus.Tunc
2577 3424 2903 3495 congregati
2932 3430 3066 3479 sunt
3092 3430 3149 3479 et
3173 3426 3472 3480 consilium

197 3521 283 3571 tus
322 3524 417 3572 est
460 3517 518 3571 in
558 3523 719 3572 nocte
762 3518 1180 3589 quartadecima
1206 3520 1325 3589 jam
1356 3520 1509 3575 luna.
1544 3521 1798 3594 Hincque
1879 3517 2149 3580 fecerunt,
2172 3519 2237 3568 ut
2272 3517 2457 3568 Jesum
2486 3515 2608 3567 dolo
2640 3517 2887 3566 tenerent
2916 3519 2967 3566 et
2997 3515 3471 3569 occiderent.Vere

198 3606 560 3661 manifestum
607 3612 710 3673 est,
746 3607 891 3661 sicut
919 3607 1180 3678 egregius
1223 3607 1415 3662 doctor
1446 3610 1796 3681 Augustinus
1878 3606 2022 3660 miro
2053 3610 2109 3659 et
2135 3602 2403 3658 ineffabili
2432 3601 2597 3656 modo
2619 3600 2715 3655 isti
2732 3601 3025 3655 consilium
3045 3600 3145 3655 Dei
3158 3607 3473 3671 aguntcon-

197 3695 290 3762 ait,
326 3702 538 3768 quarta
565 3696 706 3750 feria
730 3696 918 3763 fuisse,
949 3697 1175 3766 quando
1216 3697 1322 3751 hoc
1350 3701 1794 3769 praenuntiatum
1877 3701 1965 3749 tra
1995 3693 2291 3748 consilium
2318 3708 2502 3757 suum.
2523 3696 2586 3745 ut
2613 3706 2762 3754 eum,
2779 3688 2874 3760 qui
2898 3690 3019 3742 νίῐα
3042 3694 3185 3758 (πει,
3208 3690 3473 3747 innocen-

197 3791 295 3851 est,
323 3790 432 3840 aut
458 3791 629 3847 certe,
644 3784 788 3840 sicut
813 3786 910 3840 alii
938 3785 1148 3849 volunt,
1180 3786 1335 3856 prius
1364 3787 1471 3843 ista
1500 3789 1790 3860 praedixit;
1876 3789 1992 3838 tem
2023 3781 2296 3847 occidant,
2328 3786 2384 3833 et
2421 3779 2546 3833 ideo
2586 3794 2701 3832 non
2747 3793 2970 3847 semper
2998 3777 3146 3848 quod
3172 3779 3470 3834 consilium

199 3878 253 3927 et
286 3882 352 3930 ut
378 3874 565 3929 Judaei
601 3891 634 3928 a
662 3876 798 3929 luna
823 3892 955 3930 suos
988 3876 1299 3931 terminant
1326 3877 1464 3942 dies,
1497 3879 1796 3933 undecima

1881 3888 1998 3927 esse
2025 3875 2235 3942 potest;
2264 3884 2446 3940 neque
2472 3866 2787 3937 ubicunque
2816 3865 3095 3937 principes
3115 3867 3470 3923 sacerdotum

197 3970 317 4019 erat
343 3965 500 4027 luna,
517 3963 740 4035 quando
771 3970 829 4019 et
853 3965 1147 4036 parabolas
1165 3967 1512 4037 supradictas
1540 3985 1797 4023 consum-
1877 3966 1935 4016 et
1956 3960 2237 4031 sapientes
2260 3956 2466 4023 saeculi,
2490 3971 2589 4009 seu
2603 3953 2881 4026 principes
2908 3955 3100 4025 populi
3124 3971 3470 4027 congregan-

198 4061 469 4108 maverat.
504 4052 704 4124 Sicque
748 4054 1009 4124 congruit
1032 4060 1096 4109 ut
1136 4063 1263 4125 post
1298 4055 1527 4110 biduum
1578 4057 1798 4111 dicatur

198 4158 350 4197 more
382 4142 1059 4213 Scripturarum,duobus
1074 4143 1308 4214 integris
1321 4145 1516 4199 diebus
1535 4145 1593 4199 in
1617 4145 1797 4200 medio

197 4228 497 4296 devolutis,
520 4236 577 4285 et
597 4232 1016 4302 quartadecima
1047 4232 1183 4287 luna
1212 4233 1281 4286 ad
1303 4250 1615 4304 vesperum,
1652 4234 1799 4304 cele-

1878 4055 1992 4116 tur,
2019 4063 2243 4118 semper
2261 4062 2383 4117 qute
2412 4043 2627 4100 consilii
2649 4048 2783 4097 sunt
2805 4048 3153 4111 tractantur;
3186 4051 3243 4099 et
3265 4045 3390 4100 ideo
3409 4046 3471 4102 in

1880 4139 1986 4193 hoc
2013 4136 2241 4192 consilio
2279 4139 2520 4205 quatuor
2541 4133 2672 4203 jure
2710 4133 3029 4203 culpantur,
3060 4133 3206 4203 quod
3238 4150 3471 4205 congre-

1879 4233 2088 4296 gantur
2134 4224 2193 4278 in
2228 4226 2370 4291 doto,
2400 4239 2512 4278 non
2542 4221 2959 4293 qualescunque
3006 4220 3076 4275 de
3132 4222 3320 4293 vulgo,
3371 4226 3469 4279 sed

196 4314 355 4374 brato
380 4322 506 4391 jam
536 4322 761 4391 pascha,
819 4321 1074 4376 Christus
1118 4321 1259 4375 hora
1284 4303 1586 4393 dieiquasi
1621 4303 1794 4390 sexta,
1816 4305 1863 4363 ἶ)
1876 4317 2156 4385 principes
2184 4313 2548 4376 sacerdotum,
2570 4311 2717 4383 quod
2749 4310 2968 4376 Scriba,
2991 4310 3049 4364 id
3078 4316 3164 4364 est
3186 4312 3472 4382 sapientes

199 4422 260 4461 ac
285 4410 335 4463 si
367 4410 497 4480 ipsa
524 4410 632 4476 die,
676 4410 1023 4466 immoletur.
1056 4410 1200 4475 Quia
1228 4411 1556 4482 peritissimi
1585 4412 1799 4467 Judzeo-

197 4512 320 4552 rum
364 4497 442 4552 ab
477 4500 804 4554 accensione
831 4500 997 4565 lunai,
1027 4500 1250 4571 quando
1279 4501 1416 4568 sole,
1438 4508 1504 4555 ut
1530 4501 1709 4567 aiunt,
1742 4500 1804 4554 il-

198 4584 535 4655 luminatur,
585 4605 766 4660 usque
824 4590 895 4644 ad
942 4589 1175 4644 alterius
1219 4590 1604 4644 accensionem
1636 4590 1799 4644 ‘diem

199 4673 346 4732 lunae
377 4676 867 4734 determinant.Ac
884 4695 985 4750 per
1004 4678 1108 4733 hoc
1127 4684 1540 4733 sacramentum
1559 4678 1796 4750 paschze,

196 4763 254 4819 in
273 4766 393 4821 ﬁne
424 4766 534 4821 diei
564 4767 768 4838 quinti,
801 4784 868 4823 ac
894 4768 941 4823 si
969 4767 1042 4822 ad
1064 4784 1376 4840 vesperum,
1411 4767 1631 4839 plenius
1655 4783 1803 4822 com-

197 4854 521 4910 mendatur.
553 4856 958 4912 Verumtamen
986 4857 1121 4929 quid
1141 4857 1342 4913 horum
1371 4857 1556 4912 verius
1584 4856 1657 4911 sit
1686 4872 1799 4911 non

1882 4404 2039 4475 legis,
2094 4403 2242 4475 quod
2272 4409 2328 4456 et
2358 4400 2636 4473 principes
2657 4399 2864 4471 populi,
2898 4405 2956 4453 et
2982 4399 3130 4470 quod
3155 4398 3212 4452 in
3232 4416 3296 4453 eo
3326 4406 3471 4456 tem-

1884 4510 2019 4566 pore
2065 4491 2354 4547 Christum
2396 4489 2496 4544 Dei
2552 4488 2758 4543 Filium
2798 4487 3047 4542 occidere
3093 4488 3468 4560 meditantur;

1885 4581 2109 4654 quando
2144 4579 2456 4635 debuerant
2494 4579 2615 4649 jam
2644 4577 2851 4648 pascha
2876 4576 3074 4643 vicino,
3105 4576 3356 4633 victimas
3378 4598 3475 4651 pa-

1881 4687 2008 4726 rare
2037 4674 2095 4725 et
2122 4668 2415 4734 sacriﬁcia,
2432 4667 2675 4737 levigare
2703 4664 2944 4736 parietes
2971 4666 3476 4738 templi,pavimen-

1882 4766 1943 4815 ta
1971 4765 2204 4825 vertere,
2228 4763 2285 4812 et
2304 4756 2577 4811 mundare
2604 4770 2755 4819 vasa,
2774 4759 2830 4807 et
2844 4753 3032 4807 omnia
3059 4756 3369 4811 secundum
3401 4759 3476 4812 le-

1881 4849 1969 4920 gis
1993 4849 2165 4903 ritum
2191 4846 2511 4919 puriﬁcare,
2543 4847 2608 4897 ut
2630 4841 2751 4897 esui
2779 4841 2911 4913 agni
2931 4841 3037 4913 ipsi
3069 4842 3224 4914 digni
3252 4846 3472 4913 ﬁerent,

199 4945 449 4999 multum
501 4944 676 5011 abest,
716 4946 850 5017 quia
876 4962 1023 5001 unus
1054 4951 1141 5001 est
1167 4962 1382 5001 sensus.
1418 4946 1575 5011 Quod
1611 4951 1798 5000 autem
1884 4944 1942 4993 et
1984 4938 2167 4993 cultus
2214 4933 2502 5004 religionis
2530 4948 2725 4987 eorum
2754 4931 2871 4985 Deo
2899 4932 3181 5003 acceptior
3205 4940 3371 4989 esset.
3403 4936 3478 4988 At

198 5030 354 5097 dicit,
393 5033 525 5104 quia
544 5036 697 5101 ﬁlius
726 5036 967 5091 hominis
990 5037 1261 5097 tradetur,
1292 5039 1440 5090 recte
1468 5034 1741 5106 quaeritur
1769 5050 1804 5089 a
1884 5044 2013 5082 vero
2058 5025 2165 5098 ipsi
2219 5027 2632 5094 congregantur
2657 5035 2770 5074 non
2815 5018 3154 5092 ubicunque.
3200 5038 3302 5076 nec
3348 5038 3479 5077 Cum

200 5136 311 5191 quo
341 5121 589 5177 traditus
618 5122 711 5189 sit,
747 5124 877 5195 quia
905 5124 995 5179 hic
1024 5142 1137 5181 non
1167 5124 1389 5179 dicitur.
1428 5124 1497 5179 Et
1518 5130 1706 5178 tamen
1734 5122 1803 5177 de
1887 5130 2236 5189 quocunque,
2279 5111 2376 5166 sed
2422 5113 2485 5165 in
2530 5112 2679 5164 atrio
2713 5111 2987 5179 principis
3017 5111 3378 5175 sacerdotum,
3415 5117 3481 5167 ut

199 5208 376 5265 Patre
416 5211 625 5267 dictum
652 5218 739 5268 est
766 5213 913 5284 quod
945 5214 1171 5286 proprio
1208 5213 1348 5269 Filio
1379 5229 1491 5269 non
1530 5212 1797 5285 pepercit,
1886 5221 2012 5261 cum
2032 5203 2152 5276 ipso
2172 5199 2467 5256 consilium
2495 5197 2704 5253 inirent
2719 5197 2996 5286 quomodo
3017 5198 3318 5286 Dominum
3335 5200 3481 5255 occi-

199 5290 307 5352 sed
326 5315 435 5370 pro
471 5300 632 5355 nobis
652 5301 913 5356 omnibus
939 5302 1174 5357 tradidit
1194 5319 1341 5357 eum,
1388 5303 1617 5359 Necnon
1655 5307 1712 5357 et
1740 5301 1809 5356 de
1892 5295 2107 5355 derent,
2126 5307 2238 5345 non
2254 5290 2517 5343 timentes
2531 5287 2919 5358 Deum,neque
2946 5285 3056 5341 diei
3082 5285 3209 5341 festi
3230 5305 3484 5346 reveren-

197 5387 325 5459 ipso
370 5389 633 5459 legimus,
663 5391 795 5461 quia
822 5392 1187 5462 semetipsum
1218 5392 1454 5445 tradidit
1481 5408 1581 5463 pro
1628 5390 1807 5446 nobis.
1892 5383 2030 5439 tiam
2056 5380 2344 5441 habentes.
2364 5393 2546 5450 neque
2566 5377 2635 5431 de
2668 5376 2939 5431 seditione
2970 5376 3180 5446 populi.
3206 5378 3263 5434 in
3286 5381 3482 5434 eodem

197 5474 426 5533 Verum
445 5478 683 5535 etJudas
693 5480 930 5535 tradidit
943 5496 1095 5549 eum,
1118 5480 1268 5537 unde
1302 5485 1361 5537 et
1376 5480 1617 5537 traditor
1635 5497 1813 5555 usque
1896 5474 1987 5530 die
2017 5471 2065 5529 si
2092 5470 2271 5538 ﬁeret,
2303 5473 2585 5536 curantes,
2616 5466 2762 5523 sicut
2787 5464 3021 5537 simplex
3040 5482 3227 5523 sermo
3252 5469 3483 5523 demon-

495 5577 760 5640 Puaon.
789 5576 968 5642 CXX.
988 5608 993 5613 ο
2726 5590 2735 5597 η
3168 5568 3253 5628 28
