3872 6158
411 230 516 284 875

1202 226 1256 278 S.
1305 225 1677 280 l‘ASGllASIl
1722 225 2080 281 IIADDERTI
2125 228 2424 280 ABBATIS
2469 227 2960 280 CORBEJENSIS.

3510 236 3584 287 R713

414 357 575 419 strat;
600 352 695 405 sed
732 352 836 405 hoc
852 352 1033 405 solum
1069 349 1220 404 omni
1250 349 1458 403 astutia
1478 365 1670 403 cavere
1701 367 1760 403 se
1796 351 2004 404 adlior-
2021 357 2066 413 A
2089 350 2354 411 dneorum,
2387 350 2656 405 festinent
2677 367 2872 404 omnes
2896 368 2959 404 ac
2989 351 3035 403 si
3059 367 3196 404 nova
3221 336 3502 423 conspersio,
3519 375 3588 412 ce-

412 447 624 507 tantur,
657 457 727 495 ne
757 440 947 511 populi
975 438 1180 492 auxilio
1211 437 1278 491 de
1299 437 1522 491 illorum
1549 438 1805 492 manibus
1839 439 1998 493 tolle-

412 535 588 584 retur.
623 535 657 594 Ι
671 533 857 593 0'34
878 528 1179 582 Imitantur
1199 526 1408 579 etenim
1425 525 1751 596 Cain,cujus
1769 529 2004 599 prophe-

408 618 546 672 tiam
571 618 792 688 explere
816 616 1067 688 cupiunt,
1101 621 1165 668 ut
1192 613 1365 668 libere
1406 614 1544 668 Abel
1568 615 1798 669 fratrem
1838 633 2001 670 suum

411 722 537 761 cum
564 706 689 760 dolo
721 704 1080 758 interﬁciant.
1106 703 1174 757 Et
1203 703 1327 756 ideo
1355 703 1450 756 ille
1471 703 1551 757 ait
1583 722 1597 757 :
1631 705 2002 772 Egrediamur

410 796 474 848 in
494 809 752 861 campum
795 793 938 854 (Gen.
965 805 1040 858 Iv,
1067 789 1140 856 8),
1165 796 1230 845 ut
1259 809 1386 845 eum
1410 791 1686 863 perimere
1716 799 1903 864 posset
1932 810 2001 847 ne

410 882 688 936 evaderet.
724 881 828 935 Sed
851 881 1040 944 Judas,
1076 881 1189 934 imo
1221 880 1477 935 diabolus
1510 898 1610 952 per
1639 899 1763 936 eum
1795 898 2002 953 praeve-

405 971 492 1025 nit
542 986 608 1023 ex
661 969 750 1023 die
796 969 937 1024 festo
966 969 1260 1024 consilium
1317 987 1533 1032 eorum,
1573 987 1699 1024 cum
1753 971 2006 1041 quaesivit

405 1057 785 1131 sponsionem,
818 1057 954 1128 quid
983 1057 1034 1111 ei
1065 1057 1271 1111 vellent
1295 1057 1448 1112 dare.
1474 1058 1543 1112 Et
1582 1058 1777 1113 exinde
1799 1059 2002 1129 quaesi-

405 1147 485 1201 vit
541 1146 1041 1220 opportunitatem,
1076 1151 1141 1200 ut
1182 1161 1310 1200 eum
1355 1147 1435 1200 eis
1489 1146 1756 1202 traderet.
1789 1147 1999 1203 Idcirco

402 1235 667 1307 gaviside
687 1241 846 1290 tanto
871 1242 1090 1302 eventu,
1113 1251 1226 1289 non
1253 1241 1453 1290 curant
1467 1237 1587 1306 jam
1613 1252 1724 1306 qua
1745 1238 1843 1290 ﬁat
1867 1237 1956 1290 die
1981 1257 1992 1290 :

403 1331 460 1381 et
478 1325 604 1381 ideo
625 1327 685 1381 in
714 1333 876 1381 nocte
896 1343 1004 1398 qua
1027 1324 1306 1380 debebant
1328 1325 1538 1397 pascha
1557 1326 1867 1394 comedere,
1887 1331 1997 1381 sat-

2084 439 2298 493 lebrare
2353 457 2556 493 novum
2614 439 2819 510 pascha
2857 439 2914 492 in
2974 439 3178 510 azymis
3220 441 3504 498 sinceritatis
3551 452 3594 500 et

2083 527 2352 592 veritatis,
2395 535 2452 582 et
2483 545 2597 581 non
2644 545 2771 581 curn
2818 527 3024 582 Judais
3071 528 3129 581 in
3167 535 3408 584 vetustate
3441 533 3593 589 littera

2084 634 2429 688 permanere.
2482 617 2586 672 Sed
2621 617 2752 687 quia
2781 616 3057 687 benignus
3087 617 3338 686 Salvator,
3371 621 3469 690 jam
3500 629 3596 676 ante

2082 721 2173 758 36.17
2199 707 2311 758 dies
2348 707 2575 764 Pascha,
2607 705 2762 758 venit
2791 705 2848 759 in
2891 705 3177 768 Bethania,
3209 709 3343 762 unde
3377 716 3425 763 et
3461 711 3598 765 altera

2083 794 2174 847 die
2202 810 2327 847 cum
2351 793 2638 863 triumpho
2664 797 2718 847 et
2750 793 2922 846 ramis
2945 794 3271 865 palmarum,
3288 796 3386 850 arsi
3402 798 3499 867 jam
3521 799 3600 852 vic-

2089 888 2193 946 tor,
2253 881 2570 942 celebravit,
2624 881 2991 935 reascendens
3037 881 3470 955 Hierosolymam.
3513 887 3602 958 glo-

2087 971 2230 1024 riam
2281 970 2678 1024 monomachia
2727 987 2859 1030 suae.
2895 987 3064 1041 quam
3105 973 3403 1043 expleturus
3428 982 3527 1028 erat
3558 975 3602 1029 in

2086 1059 2358 1130 proximo.
2391 1059 2513 1122 Qua
2555 1058 2623 1111 de
2652 1075 2822 1112 causa
2852 1066 2909 1112 et
2950 1059 3056 1130 ipsi
3086 1061 3347 1132 principes
3372 1063 3602 1128 commoti,

2083 1148 2560 1219 congreganturin
2577 1147 2782 1201 atrium
2807 1147 3072 1219 principis
3102 1151 3513 1216 sacerdotum,ut
3529 1151 3604 1204 im-

2082 1236 2329 1307 pleretur
2348 1235 2484 1290 illud
2501 1236 2646 1307 quod
2669 1235 2880 1290 dictum
2897 1245 2983 1291 est
3007 1237 3065 1291 in
3088 1238 3444 1310 Psalmo,quia
3456 1240 3608 1307 populi

2083 1328 2334 1380 meditati
2365 1332 2495 1380 sunt
2547 1329 2766 1392 inania,
2806 1332 2854 1380 et
2895 1330 3176 1396 principes
3205 1334 3530 1381 con—venerunt
3561 1333 3604 1381 in

403 1420 580 1488 agunt
619 1423 676 1471 et
699 1415 1047 1470 meditantur
1074 1414 1289 1486 pariter
1315 1431 1440 1470 cum
1471 1414 1591 1487 ipso
1620 1415 1910 1482 traditore,
1935 1421 1997 1471 ut
2079 1431 2255 1468 unum
2275 1417 2536 1468 adversus
2558 1416 2879 1480 Dominum,
2904 1420 2952 1468 et
2972 1417 3231 1469 adversus
3260 1417 3507 1472 Christum
3521 1419 3608 1485 ejus

400 1521 527 1559 cum
558 1509 937 1576 opportunum
990 1504 1306 1560 invenerint
1333 1503 1538 1570 locum,
1571 1521 1698 1558 mox
1746 1521 1873 1559 eum
1911 1521 1996 1559 ca-
2080 1506 2243 1572 (Psal.
2284 1517 2340 1569 ιι,
2388 1503 2434 1566 1,
2467 1502 2544 1572 2).
2573 1503 2743 1566 Quos,
2778 1503 2909 1574 quia
2955 1503 3011 1557 in
3040 1503 3168 1558 dolo
3192 1505 3460 1559 consilium
3499 1505 3609 1557 inire

397 1583 575 1664 piant.
608 1593 717 1647 Sed
743 1592 876 1663 quia
898 1593 1017 1663 jam
1049 1599 1280 1662 venerat
1311 1593 1452 1658 dies,
1485 1599 1543 1648 et
1567 1593 1708 1647 hora
1730 1610 1764 1646 a
1793 1593 1994 1648 saeculo
2077 1592 2336 1646 laborant
2362 1597 2558 1645 contra
2579 1591 2904 1653 Dominum,
2939 1591 3337 1664 relinquamus,
3358 1599 3409 1648 et
3433 1592 3612 1646 festine-

395 1687 533 1737 nota
579 1681 839 1743 Domino,
881 1682 1031 1736 ultra
1075 1681 1289 1737 diﬁ‘erri
1317 1699 1428 1737 non
1459 1681 1660 1754 potuit,
1694 1682 1842 1736 sicut
1895 1681 2200 1740 necBmus
2217 1687 2531 1752 Opportune
2547 1679 2684 1734 satis
2704 1681 2864 1734 ﬁnire
2890 1680 3612 1744 librum,utSalvatorinostro

396 1769 709 1842 anticipari.
739 1769 850 1825 Sed
879 1770 1020 1826 inito
1041 1770 1290 1837 consilio,
1326 1776 1390 1826 ut
1413 1769 1590 1835 aiunt,
1624 1777 1826 1842 quarta
1856 1770 1998 1825 feria

395 1863 526 1915 ante
577 1859 727 1913 diem
770 1859 988 1930 paschae
1029 1858 1089 1914 in
1137 1859 1380 1914 crastino
1410 1859 1479 1914 ad
1513 1876 1825 1931 vesperum,
1870 1875 1997 1914 mox

394 1965 573 2021 agnus
598 1947 795 2019 legalis
824 1947 1110 2012 occiditur,
1151 1947 1418 2004 continuo
1447 1956 1639 2003 noster
1667 1951 1862 2019 Agnus
1892 1964 1993 2020 pro

392 2039 574 2094 salute
595 2036 768 2091 totius
801 2036 1015 2101 mundi,
1038 2054 1102 2091 ac
1129 2037 1176 2091 si
1207 2037 1328 2108 ipso
1347 2037 1673 2109 plenilunio,
1694 2044 1991 2092 mactatur.

394 2126 593 2199 Sicque
626 2127 690 2180 ﬁt
718 2131 782 2179 ut
809 2141 920 2178 non
957 2124 1016 2179 in
1045 2125 1136 2179 die
1164 2125 1305 2181 festo
1343 2143 1540 2181 eorum
1565 2126 1867 2185 occidatur.
1899 2124 1996 2179 sed

391 2217 453 2272 in
479 2216 587 2268 alio
608 2213 697 2267 die
717 2213 992 2282 differtur,
1016 2219 1080 2268 ut
1107 2215 1318 2286 pascha
1357 2219 1636 2277 nostrum.
1679 2214 1766 2268 his
1803 2211 1993 2284 exple-

390 2304 466 2360 tis
494 2300 753 2357 omnibus
791 2317 912 2371 quae
967 2301 1178 2358 umbrae
1209 2308 1388 2369 erant,
1429 2304 1551 2375 jam
1593 2303 1651 2358 in
1686 2302 1839 2357 clara
1867 2303 1992 2357 luce

390 2392 782 2448 immolaretur
803 2388 1059 2446 Christus
1081 2409 1092 2445 :
1119 2395 1183 2446 ut
1205 2391 1588 2463 relinquentes
1614 2407 1871 2463 azymam
1899 2391 1994 2446 Ju-

2079 1787 2274 1824 rursus
2304 1770 2361 1824 in
2385 1768 2716 1823 Bethaniam
2749 1786 3040 1824 occurrere
3073 1770 3360 1842 possimus.
3387 1769 3613 1835 Quoniam

2081 1858 2354 1914 Bethania
2373 1860 2565 1912 domus
2594 1860 2904 1912 obedientiw
2932 1858 3349 1931 interpretatur,
3378 1870 3435 1914 ut
3450 1857 3615 1912 ibidem

2079 1964 2205 2002 cum
2246 1945 2556 2017 discipulis,
2591 1962 2713 2017 quae
2742 1951 2901 2015 gesta
2937 1954 3069 2001 sunt
3122 1963 3157 2001 a
3197 1947 3436 2012 Domino,
3469 1945 3618 1999 videre

2079 2036 2282 2091 mentis
2337 2035 2497 2089 oculo
2538 2039 2595 2088 et
2632 2035 2945 2106 intelligere
3000 2037 3300 2093 valeamus.
3338 2037 3457 2109 quia
3494 2035 3618 2088 valde

2080 2125 2319 2196 mystica
2331 2129 2462 2178 sunt
2478 2130 2535 2177 et
2555 2123 2910 2177 admiranda.
2933 2123 3174 2178 Orantes
3205 2135 3267 2179 ut
3286 2141 3402 2180 cum
3431 2125 3618 2185 Lazaro,

2076 2213 2274 2267 solutis
2295 2212 2645 2276 criminibus,
2674 2212 2780 2266 etsi
2823 2211 3008 2266 ultimi
3036 2213 3095 2267 in
3121 2214 3383 2276 convivio,
3409 2230 3504 2285 quo
3520 2227 3617 2267 cum

2076 2302 2311 2356 Domino
2341 2300 2684 2368 convivatur,
2717 2301 2883 2372 digne
2903 2301 3175 2358 interesse
3197 2319 3507 2358 mereamur.

1346 2655 1594 2719 1015
1619 2648 2002 2707 PROLOGUS
2039 2650 2236 2706 LIBRI
2257 2649 2686 2707 DUODECIMI.

463 2885 757 2952 Quondam
786 2885 967 2941 adhuc
986 2900 1128 2957 puer
1147 2900 1273 2940 cum
1296 2901 1476 2940 essem
1493 2890 1551 2939 et
1569 2885 1770 2952 ingens
1792 2889 1980 2939 trans-
1997 2886 2040 2946 C
2064 2883 2257 2944 modo,
2290 2883 2492 2938 saltem
2515 2881 2836 2954 juvenibus,
2868 2882 2938 2937 de
2965 2883 3130 2954 pleno
3162 2881 3432 2954 passionis
3456 2876 3629 2935 Christi

388 2983 588 3033 natare
614 2976 847 3049 pelagus
879 2975 1074 3030 vellem
1099 2974 1267 3046 paulo
1288 2980 1590 3044 antequam
1620 2973 1780 3028 littus
1808 2973 1984 3027 attin-

389 3082 604 3138 gerem.
628 3064 908 3135 conspicio
923 3108 935 3121 .
959 3064 1030 3118 Et
1044 3079 1169 3117 ecce
1191 3063 1411 3117 eminus
1427 3063 1646 3117 videtur
1659 3062 1833 3117 nimia
1854 3079 1982 3117 sur-

387 3171 522 3226 gere
541 3153 799 3218 altitudo,
819 3159 876 3207 et
899 3151 1292 3207 inaccessibilis
1313 3152 1465 3207 fluvii
1493 3159 1687 3224 portus
1715 3167 1980 3206 crescere.

390 3244 512 3309 Quo
541 3249 755 3298 terrore
784 3243 1092 3313 perculsus.
1125 3241 1265 3312 coepi
1289 3243 1410 3312 jam
1451 3242 1626 3296 multo
1674 3240 1866 3295 labore
1909 3240 1986 3294 fa-

390 3332 601 3403 tigatus
624 3331 918 3402 dispicere,
943 3331 1091 3400 quod
1119 3345 1221 3384 nec
1267 3337 1575 3385 retrorsum
1621 3329 1805 3384 redire
1858 3348 1988 3403 pos-

391 3437 527 3487 sem,
561 3436 664 3476 nec
709 3419 768 3473 in
814 3425 974 3474 tanta
1000 3419 1379 3473 immensitate
1409 3419 1591 3490 pelagi
1622 3418 1750 3472 boni
1796 3427 1988 3490 portus

391 3510 604 3566 exitum
641 3509 909 3566 invenire.
947 3509 1034 3563 Ita
1060 3515 1117 3563 et
1146 3524 1294 3562 nunc
1338 3508 1475 3562 mihi
1531 3508 1866 3573 charissimi,
1901 3525 1988 3562 oc-

391 3599 584 3666 currit,
617 3599 845 3653 tandem
876 3597 1149 3669 explicitis
1195 3597 1253 3652 in
1288 3598 1554 3652 Matthaeo
1599 3597 1858 3651 undecim
1901 3615 1990 3651 ex-

388 3687 777 3760 planationum
805 3686 981 3753 libris,
1010 3686 1067 3740 in
1100 3687 1205 3740 hoc
1227 3686 1422 3742 ultimo
1450 3685 1659 3741 laboris
1675 3685 1782 3739 mei
1800 3702 1986 3757 opere,

392 3782 458 3833 ut
483 3783 644 3833 tanta
662 3781 1145 3831 sacramentorum
1174 3775 1275 3830 Dei
1304 3775 1676 3846 profunditas,
1721 3780 1990 3844 tantaque

395 3866 711 3921 divinorum
743 3865 1095 3936 eloquiorum
1127 3863 1436 3919 obscuritas
1465 3872 1678 3918 restare
1707 3863 1986 3929 videatur,

395 3959 461 4009 ut
488 3970 590 4010 nec
613 3953 874 4008 omittere
906 3969 1106 4024 queam
1125 3969 1246 4024 quae
1270 3951 1482 4006 dudum
1513 3952 1840 4005 exhortatus
1859 3950 1990 4005 hinc

394 4042 525 4096 inde
557 4059 592 4095 a
619 4042 772 4095 vobis
814 4041 1225 4106 inchoaveram,
1285 4057 1388 4095 nec
1435 4042 1655 4112 explere
1696 4056 1786 4093 me
1829 4055 1992 4110 posse

395 4130 674 4184 conﬁdam
691 4145 872 4200 pauca
885 4146 1007 4201 quae
1035 4135 1270 4183 restant.
1295 4129 1572 4194 Quoniam
1586 4128 1804 4196 ﬁebilis,
1820 4133 1877 4183 et
1895 4128 1993 4184 diu

2065 2979 2438 3040 sacramento,
2456 2973 2538 3026 vel
2570 2989 2749 3044 pauca
2767 2973 2934 3043 digne
2952 2972 3356 3043 quaerentibus,
3369 2983 3622 3040 exponam.

2068 3062 2248 3116 Credo
2281 3063 2427 3132 quod
2459 3078 2570 3116 non
2593 3061 2775 3116 aberit
2803 3061 2859 3115 in
2892 3067 3136 3116 tractatu
3167 3061 3388 3116 dicendi
3411 3057 3628 3120 facultas,

2068 3167 2193 3205 cum
2212 3151 2382 3205 fuerit
2398 3151 2454 3205 in
2473 3151 2812 3222 perﬁciendo
2825 3158 3087 3222 prompta
3099 3157 3156 3204 et
3179 3151 3379 3205 devota
3389 3150 3628 3202 voluntas.

2069 3241 2345 3304 Quoniam
2376 3241 2463 3294 vix
2494 3257 2615 3294 esse
2645 3247 2828 3310 potest
2847 3247 2911 3293 ut
2930 3239 3087 3294 bonae
3107 3238 3632 3293 voluntatisanimum

2071 3329 2412 3400 possibilitas
2439 3329 2662 3383 deserat
2692 3330 2981 3383 virtutum.
3005 3328 3162 3382 Sicut
3185 3347 3215 3382 e
3236 3328 3502 3382 contrario
3514 3324 3635 3379 difﬁ-

2074 3417 2368 3483 cillimum,
2386 3424 2451 3472 ut
2478 3424 2748 3488 sequatur
2771 3417 3118 3472 abundantia
3137 3434 3340 3472 sensus
3368 3415 3633 3473 hominem.

2071 3509 2173 3576 qui
2202 3508 2339 3562 nulli
2365 3508 2482 3561 vult
2505 3507 2668 3560 alteri
2695 3506 2974 3577 impartiri
3001 3509 3302 3577 pecuniam
3317 3505 3488 3560 verbi:
3516 3501 3639 3557 unde

2073 3595 2330 3666 quamvis
2361 3595 2483 3650 vilis
2524 3595 2781 3650 videatur
2806 3595 3006 3661 oratio,
3041 3597 3335 3666 prolixitas
3370 3593 3637 3666 reprehen-

2074 3685 2243 3739 datur
2265 3686 2570 3755 superﬁua,
2605 3691 2663 3739 et
2688 3685 2980 3739 temeritas
3008 3702 3043 3739 a
3062 3685 3400 3755 quibusdam
3417 3683 3642 3753 culpetur

2073 3773 2267 3843 ignara
2297 3792 2310 3841 ;
2343 3774 2455 3828 erit
2483 3773 2621 3827 mihi
2647 3774 2878 3845 clypeus
2901 3773 3248 3829 defensionis
3268 3774 3389 3845 ipsa
3416 3772 3550 3825 bona
3563 3783 3640 3821 vo-

2073 3861 2278 3928 luntas,
2299 3868 2356 3916 et
2380 3863 2554 3917 lorica
2571 3863 2807 3933 justitiaa
2835 3861 3161 3917 intercessio
3192 3870 3382 3918 vestra
3401 3867 3456 3916 et
3473 3857 3642 3914 induta

2074 3951 2297 4005 veritas.
2321 3951 2460 4016 Quia
2490 3951 2537 4005 si
2567 3967 2731 4006 nemo
2763 3951 2860 4023 qui
2879 3951 3113 4007 docendi
3137 3951 3385 4008 ofﬁcium
3412 3955 3552 4004 tenet
3572 3961 3641 3999 se-

2074 4055 2241 4093 curus
2266 4055 2386 4094 esse
2417 4046 2602 4110 potest
2628 4040 2696 4094 de
2719 4041 2932 4095 talento
2963 4041 3067 4095 sibi
3096 4043 3417 4107 commisso,
3448 4053 3542 4093 nec
3567 4049 3640 4089 me

2074 4127 2222 4182 ullus
2245 4132 2374 4198 jure
2401 4130 2812 4200 reprehendere
2834 4135 3036 4201 potest,
3056 4131 3104 4186 si
3133 4147 3205 4185 ea
3231 4129 3386 4185 vobis
3404 4123 3644 4201 poscenti-

396 4221 515 4290 jam
540 4219 740 4289 jejuna
767 4219 966 4284 oratio,
984 4218 1336 4272 saecularium
1357 4235 1546 4272 rerum
1570 4219 1719 4273 curis
1743 4224 1893 4272 retro
1907 4218 1994 4272 fa-
2009 4206 2056 4264 D
2074 4215 2198 4281 bus,
2221 4217 2643 4289 quibuscunque
2665 4218 2846 4274 verbis
2858 4220 3120 4291 supplere
3132 4221 3299 4291 cupio
3322 4219 3527 4274 otiosus
3540 4227 3643 4286 qua

395 4308 594 4378 tigata,
613 4305 855 4361 multum
881 4306 1162 4371 formidat,
1187 4306 1356 4360 etiam
1379 4323 1464 4369 ea,
1487 4323 1609 4377 quea
1625 4307 1797 4360 sentit
1814 4307 1986 4378 loqui,

395 4396 492 4453 ubi
519 4413 577 4452 se
607 4395 758 4449 videt
799 4411 901 4448 nec
929 4410 1116 4458 sensu,
1139 4409 1241 4447 nec
1267 4393 1490 4463 ingenio
1520 4411 1683 4465 posse
1712 4394 1984 4450 sufﬁcere.

397 4486 506 4542 Sed
533 4485 665 4556 quia
695 4484 882 4538 divina
941 4488 1089 4537 recte
1137 4481 1532 4553 quarentibus,
1582 4499 1804 4554 semper
1837 4483 1989 4537 inde-

395 4574 587 4628 ﬁciens
631 4573 785 4628 verbi
834 4589 1033 4626 census
1074 4572 1268 4626 adesse
1306 4571 1672 4643 promittitur.
1718 4571 1877 4626 Unde
1907 4571 1986 4626 ait

393 4660 649 4733 perdives
676 4661 946 4715 Dominus
960 4661 1172 4715 oratori
1201 4677 1302 4716 suo
1328 4661 1528 4729 :Aperz‘
1555 4676 1610 4713 os
1641 4666 1799 4712 tuum
1828 4665 1877 4713 et
1895 4677 1987 4727 ego

395 4751 701 4818 adimplebo
739 4751 889 4803 illud
919 4749 1089 4819 (Psal.
1127 4765 1285 4816 Lxxx,
1307 4749 1416 4817 il).
1456 4750 1524 4805 Et
1552 4749 1677 4803 ideo
1707 4749 1924 4819 exigam
1953 4767 1988 4804 a

395 4838 629 4910 meipso,
677 4838 826 4910 quod
869 4839 1067 4894 vestris
1113 4839 1612 4894 intervenientibus
1660 4838 1878 4891 meritis
1921 4855 1986 4892 ex

394 4929 541 4986 dono
561 4927 844 4998 largitoris
865 4944 1158 5000 praesumo.
1186 4931 1365 5000 Agam
1385 4934 1450 4983 ut
1471 4927 1824 5000 coeperam,si
1844 4944 1980 5000 quo-

2071 4306 2219 4360 male
2247 4306 2342 4361 diu
2373 4308 2591 4378 neglexi
2621 4315 2926 4379 occupatus
2958 4313 3204 4375 [060
3222 4307 3502 4363 laboribus
3527 4303 3645 4358 alie-

2070 4394 2176 4448 nis.
2205 4393 2484 4459 Quoniam
2515 4397 2661 4450 sicut
2683 4396 2905 4452 debitor
2930 4397 3012 4451 fui
3035 4398 3094 4452 in
3119 4398 3476 4462 absolvenda,
3505 4390 3644 4465 quid-

2071 4483 2202 4554 quid
2233 4491 2366 4539 tunc
2388 4485 2576 4539 minus
2601 4485 2759 4540 licuit
2787 4492 2852 4540 ut
2879 4486 3190 4552 redderem,
3207 4487 3293 4541 ita
3322 4494 3380 4542 et
3401 4500 3541 4540 nunc
3568 4495 3648 4534 vos

2070 4578 2126 4626 et
2153 4572 2259 4643 ipsi
2290 4572 2493 4644 quibus
2522 4573 2713 4628 laboro
2739 4574 3020 4630 debitores
3038 4581 3172 4630 sunt
3198 4583 3265 4631 ut
3285 4575 3516 4630 audiant
3542 4583 3646 4642 qua

2071 4661 2312 4716 ﬁdeliter
2354 4679 2502 4718 nunc
2553 4663 2807 4735 utrisque
2864 4665 3056 4718 offero.
3117 4665 3398 4728 Quoniam
3449 4657 3647 4718 obnoxii

2069 4758 2235 4806 erunt
2259 4752 2452 4824 culpae,
2481 4753 2527 4806 si
2558 4769 2670 4808 non
2701 4754 3054 4824 perceperint
3085 4761 3384 4824 gratanter
3411 4769 3475 4807 ex
3502 4748 3643 4804 obse-

2069 4840 2219 4910 quio,
2251 4858 2373 4912 quae
2405 4841 2556 4897 vobis
2585 4843 2754 4898 simul
2782 4853 2839 4898 et
2869 4843 2998 4906 illis,
3020 4842 3256 4899 devotus
3285 4843 3372 4898 vel
3399 4856 3558 4914 quam
3573 4850 3646 4890 se‘

2066 4947 2129 4984 ro
2152 4930 2343 4985 reddo.

3551 5085 3646 5102 ὥ

1540 5193 1821 5266 LIBER
1903 5195 2551 5271 DUODECIMUS.

1930 5350 2129 5366 _

453 5449 591 5509 Cum
620 5453 748 5506 esset
770 5451 924 5507 Iesus
953 5450 1019 5504 in
1047 5449 1315 5504 Bethania
1350 5449 1414 5503 in
1452 5449 1610 5504 domo
1637 5449 1885 5506 Simonis
1911 5454 1982 5508 le-
2059 5455 2256 5521 guentt‘
2279 5457 2510 5523 pretiosi
2554 5458 2603 5511 et
2631 5458 2824 5526 eﬂ'udz‘t
2853 5472 3020 5528 super
3048 5460 3206 5527 caput
3244 5457 3425 5524 ipsius
3451 5464 3647 5508 recum-

373 5544 547 5612 prosi,
565 5542 782 5600 accessit
792 5541 866 5596 ad
888 5555 1015 5596 eum
1034 5539 1244 5596 mulier
1267 5538 1469 5594 habens
1506 5539 1856 5596 alabasth
1874 5557 1980 5598 un-

2062 5541 2421 5603 bentisMulti
2447 5545 2741 5605 doctorum
2768 5547 2837 5606 de
2863 5547 2972 5606 hoc
2997 5547 3117 5604 loco
3142 5543 3424 5614 dubitant,
3445 5545 3647 5599 utrum-
