3872 6158
239 243 345 299 877
952 240 1329 297 EXPOSITIO
1371 241 1447 296 IN
1488 235 1939 295 MATTHIEUM.
1975 265 2037 276 -—-
2066 234 2201 290 LIB.
2245 235 2367 303 XII,
2412 235 2569 292 CAP.
2612 235 2807 292 XXVI.
3403 242 3510 300 878

236 385 309 423 ne
345 369 414 422 de
445 368 551 421 hac
575 382 690 421 una
727 366 1034 438 eademque
1063 364 1299 420 muliere
1337 367 1580 435 quatuor
1607 377 1840 432 evange-
1860 362 1901 419 A
1923 358 2178 413 videlicet
2205 358 2275 414 de
2321 376 2431 431 qua
2466 361 2810 431 scripserunt
2855 360 3152 420 Matthaaus
3197 371 3253 421 et
3292 368 3513 424 Marcus

233 457 377 512 listae
414 451 549 511 sunt
571 456 746 510 locuti
764 455 993 525 singuli,
1018 454 1209 509 suisin
1232 453 1398 519 locis;
1434 452 1566 522 quia
1585 466 1726 522 pene
1740 454 1840 503 aut
1919 465 2162 503 consona
2186 465 2336 513 voce,
2366 449 2577 504 nullam
2607 451 2978 507 diﬂerentiam
3026 455 3364 510 narrationis
3398 472 3515 512 suae

235 546 431 601 eadem
456 546 525 598 de
556 545 653 598 illa
677 544 956 605 dixerunt.
987 548 1086 599 aut
1114 543 1295 597 vicina
1328 560 1338 594 :
1370 557 1443 594 an
1475 546 1627 594 cert!
1651 540 1838 610 plures
1920 537 2211 601 facientes;
2242 538 2476 591 alteram
2507 544 2695 593 autem
2724 539 2899 595 fuisse
2921 542 2991 596 de
3021 559 3133 614 qua
3160 543 3385 615 scripsit
3400 544 3513 599 Lu-

233 633 448 690 fuerint
471 634 539 687 de
569 633 773 704 quibus
801 649 866 687 ac
885 633 932 687 si
964 649 1095 695 una,
1128 631 1275 686 facta
1297 631 1371 685 sit
1397 628 1674 684 narratio.
1713 628 1838 681 Non
1921 643 2041 685 cas;
2080 627 2306 680 tertiam
2330 641 2459 681 vero
2484 626 2553 681 de
2578 644 2689 699 qua
2716 629 2959 685 Joannes
2986 632 3228 704 scripsit,
3248 634 3517 704 quoniam

234 735 299 778 ut
318 740 433 777 una
452 738 573 777 esse
595 722 938 777 crederetur.
962 721 1059 775 sed
1082 737 1148 775 ex
1179 718 1439 774 omnibus
1458 723 1524 772 ut
1542 733 1657 771 una
1677 716 1838 771 Chri-
1920 712 2107 766 differt
2133 713 2438 783 plurimum
2485 713 2555 767 ab
2587 715 2731 781 aliis,
2779 733 2894 771 non
2941 718 3124 773 solum
3170 719 3228 773 in
3267 720 3354 774 his
3393 737 3519 792 quae

233 813 311 868 sti
357 811 848 866 commendaretur
904 810 1139 864 diversis
1180 823 1511 880 expressura
1546 805 1741 876 ﬁguris
1783 810 1842 859 et
1921 801 2185 856 dicuntur
2202 802 2272 856 de
2299 807 2606 872 unguento,
2632 819 2824 859 verum
2840 810 2897 860 et
2916 806 3048 877 quia
3067 807 3337 878 diligebat
3356 810 3519 864 Jesus

234 902 645 972 c'oncorporata
669 897 953 953 membris.
987 898 1198 953 Idcirco
1214 897 1349 968 quid
1378 894 1585 966 singuli
1608 910 1841 964 evange-
1923 889 2098 956 illam,
2132 906 2301 960 quam
2330 891 2556 962 praefert
2592 892 2763 947 etiam
2810 894 2989 949 sorori
3026 912 3139 950 suae
3168 896 3421 963 Marthae,
3451 913 3517 952 eo

234 990 500 1045 listarum
529 1004 827 1043 commune
867 987 1075 1053 dicant,
1115 986 1199 1040 vel
1228 985 1289 1038 in
1333 1001 1442 1056 quo
1483 982 1837 1048 dissentiant,
1924 979 2075 1049 quod
2090 982 2355 1047 optimam
2380 984 2598 1048 partem
2627 984 2863 1050 elegerit,
2878 999 2996 1051 qua:
3015 1000 3127 1038 non
3139 986 3431 1052 auferetur
3449 986 3521 1039 ab

236 1078 470 1134 omnino
497 1076 967 1132 considerandum
997 1081 1103 1141 est,
1135 1080 1201 1128 ut
1229 1090 1294 1127 ex
1332 1072 1420 1127 his
1461 1072 1842 1142 intelligamus
1925 1083 2005 1121 ea.
2059 1067 2324 1131 Quamvis
2362 1073 2420 1122 et
2461 1067 2583 1138 ipsa
2628 1068 2688 1123 in
2731 1070 3005 1125 Bethania
3053 1071 3224 1126 fuisse
3276 1072 3516 1139 dicatur,

234 1173 509 1223 utrumne
536 1167 607 1220 de
636 1150 747 1221 una
783 1180 979 1219 omnes
1010 1168 1259 1228 narrent,
1301 1178 1374 1216 an
1424 1161 1493 1215 de
1534 1160 1716 1215 tribus
1745 1175 1845 1214 seu
1926 1155 2072 1210 sicut
2100 1161 2158 1210 et
2179 1156 2309 1221 alia,
2341 1156 2411 1210 de
2436 1172 2547 1227 qua
2575 1163 2810 1212 narrant
2846 1159 3141 1214 Mattheus
3170 1165 3228 1215 et
3254 1161 3475 1215 Marcus
3501 1179 3518 1217 :

236 1256 507 1327 amplius,
535 1271 607 1309 ne
627 1254 768 1308 forte
786 1252 997 1323 aliquid
1017 1258 1230 1306 temere
1248 1266 1674 1322 praesumamus.
1704 1248 1848 1313 Quia
1927 1245 2169 1299 multum
2196 1250 2387 1299 tamen
2413 1244 2617 1310 differt,
2650 1245 2782 1316 quia
2810 1247 2869 1300 in
2905 1247 3071 1302 domo
3101 1249 3345 1304 Simonis
3363 1250 3521 1305 illam

234 1343 591 1416 impossibile
621 1348 707 1397 est
729 1347 794 1396 ut
812 1341 881 1395 de
900 1358 1011 1396 una
1039 1340 1348 1410 eademque
1377 1339 1611 1393 muliere
1634 1338 1686 1391 hi
1707 1353 1845 1408 qua-
1929 1334 2229 1388 accessisse
2266 1333 2477 1399 dicunt,
2530 1333 2719 1405 ibique
2746 1342 2916 1406 caput
2941 1338 3182 1404 unxisse,
3215 1338 3437 1409 quando
3466 1344 3525 1394 et

235 1433 677 1503 tuorloquentes
691 1447 816 1486 cum
834 1428 1334 1500 essentperfectiin
1350 1428 1544 1481 eodem
1559 1427 1847 1481 intellectu
1931 1428 2057 1493 post
2088 1422 2323 1477 biduum
2356 1423 2561 1493 pascha
2588 1424 2840 1479 futurum
2881 1433 3021 1479 erat.
3055 1427 3229 1481 Porro
3258 1428 3520 1494 Joannes,

236 1527 299 1577 et
328 1522 388 1575 in
419 1521 615 1575 eodem
636 1519 860 1589 spiritu,
891 1518 947 1572 in
970 1518 1279 1588 eademque.
1298 1516 1579 1571 sententia
1592 1532 1847 1569 consum-
1928 1517 1994 1565 ut
2018 1511 2149 1577 dixi,
2183 1517 2377 1565 narrat
2416 1511 2564 1596 quod
2606 1517 2733 1567 ante
2761 1530 2852 1567 sea;
2879 1515 2992 1568 dies
3040 1515 3254 1569 Pascha
3297 1520 3527 1570 venerat

234 1610 403 1667 mati.
429 1609 525 1679 qui
547 1614 710 1662 erant
730 1606 1103 1660 ministraturi
1124 1606 1362 1659 salutem
1390 1604 1542 1659 verbi
1563 1603 1839 1668 Ecclesiis,
1869 1676 1903 1679 _
1926 1601 1955 1654 J
1961 1616 2087 1654 esus
2116 1600 2470 1665 Bethaniam,
2497 1600 2590 1655 ubi
2612 1606 2735 1655 erat
2754 1603 2996 1657 Lazarus
3017 1603 3201 1675 quem
3224 1604 3525 1659 suscitave-

236 1705 307 1754 ut
322 1676 609 1752 contraria
626 1695 732 1750 sibi
754 1694 1046 1749 sentirent.
1064 1695 1207 1748 Nam
1222 1694 1290 1747 de
1311 1692 1573 1747 locoetde
1586 1708 1844 1763 persona,
1868 1676 2041 1748 Brat.
2075 1689 2298 1759 quando
2328 1690 2580 1743 fecerunt
2618 1691 2671 1744 ei
2719 1707 2935 1746 coenam
2978 1709 3239 1762 magnam
3267 1693 3441 1748 Maria
3472 1699 3530 1761 et

236 1785 691 1856 domus.etapud
705 1783 1330 1855 quemhaacgestasunt,
1351 1780 1849 1835 multasimilitudo
1933 1777 2172 1831 Martha.
2205 1770 2363 1844 Quod
2395 1778 2442 1831 si
2474 1779 2707 1833 totidem
2740 1780 3044 1835 dixerimus
3070 1798 3241 1835 unam
3286 1788 3527 1848 ποτε

236 1881 351 1936 est,
372 1874 662 1944 multaque
681 1871 933 1926 vicinitas
955 1870 1221 1925 narrandi
1243 1870 1412 1924 etiam
1435 1869 1579 1924 etde
1594 1869 1847 1933 muliere,
1933 1865 2297 1937 eamdemque
2325 1866 2560 1921 Mariam
2604 1867 2708 1921 hoc
2753 1868 2972 1936 fecisse,
3019 1870 3193 1924 semel
3229 1870 3442 1925 scilicet
3471 1876 3529 1925 et

237 1981 375 2020 cum
406 1963 703 2017 Matthaeus
751 1967 808 2015 et
849 1961 1083 2025 Marcus,
1138 1975 1356 2013 necnon
1401 1964 1458 2013 et
1501 1960 1761 2018 Joannes,
1792 1957 1851 2010 in

239 2051 527 2108 Bethania
555 2050 664 2104 ista
687 2050 833 2103 facta
862 2049 1185 2119 loquantur,
1218 2047 1277 2101 in
1308 2047 1473 2101 domo
1504 2046 1749 2101 Simonis
1779 2046 1852 2100 le-

239 2139 421 2213 prosi.
457 2139 614 2193 Licet
651 2138 893 2192 Joannes
931 2135 990 2189 in
1032 2135 1304 2190 Bethania
1353 2134 1577 2206 quidem
1626 2133 1848 2200 dixerit,

244 2229 354 2284 sed
386 2228 609 2283 Canam
637 2229 689 2280 ei
712 2227 980 2293 fecerunt,
1004 2224 1209 2295 inquit,
1241 2228 1291 2278 et
1318 2224 1536 2277 Martha
1566 2225 1855 2276 ministra-

239 2320 361 2383 bat,
396 2318 639 2372 Lazarus
669 2330 794 2368 vero
823 2330 971 2368 unus
993 2318 1112 2367 erat
1148 2329 1211 2367 ea:
1238 2313 1703 2366 discumbentibus
1731 2327 1857 2365 cum

240 2424 328 2463 eo.
358 2406 543 2459 Maria
570 2420 696 2471 ergo
723 2405 924 2471 accepit
955 2402 1161 2456 libram
1188 2403 1467 2468 unguenti
1485 2401 1658 2453 nardi
1672 2402 1860 2468 pistici

235 2495 497 2566 pretiosi,
543 2496 591 2545 et
620 2494 784 2545 unxit
811 2491 966 2560 pedes
994 2492 1121 2543 Jesu
1155 2491 1331 2551 (Joan.
1366 2503 1464 2553 xu,
1495 2488 1580 2559 3).
1620 2489 1697 2542 Ex
1725 2488 1858 2558 qui-

242 2582 363 2637 bus
392 2584 628 2653 apparet
648 2580 781 2650 quia
810 2579 944 2650 ipsae
972 2577 1226 2633 fecerunt
1264 2577 1315 2632 ei
1365 2593 1579 2632 caenam
1613 2577 1860 2648 qualibet

244 2672 314 2726 in
361 2671 547 2735 domo,
602 2668 845 2724 Simonis
893 2673 988 2722 aut
1030 2684 1161 2722 suae.
1204 2668 1382 2722 Lucas
1427 2672 1613 2721 autem
1659 2682 1857 2736 quam-

246 2760 344 2815 vis
390 2776 503 2813 non
553 2759 836 2829 leprosum
894 2757 1043 2811 hunc
1097 2756 1246 2811 dicat
1293 2756 1577 2810 Simonem
1606 2795 1619 2820 ,
1667 2760 1857 2809 tamen

249 2866 393 2906 eum
450 2848 675 2905 nomine
734 2863 798 2901 ex
853 2845 1038 2901 verbis
1091 2845 1345 2909 Domini,
1400 2851 1457 2900 et.
1515 2845 1857 2899 Pharisaaum

261 2945 305 3005 Ι
325 2942 451 3004 (η
466 2941 516 3002 τ
547 2936 719 2991 fuisse
743 2935 1011 3000 declarat,
1033 2934 1127 3006 qui
1149 2950 1274 2988 eum
1298 2933 1512 2988 vocavit
1529 2939 1594 2988 ut
1613 2950 1739 2987 cum
1762 2933 1858 2987 illo

250 3027 634 3083 manducaret
659 3024 716 3079 in
746 3024 913 3079 domo
943 3041 1075 3089 sua;
1124 3040 1227 3077 nec
1266 3028 1457 3101 tamen
1504 3023 1855 3083 Bethaniam,

254 3115 369 3171 sed
400 3114 679 3186 quoddam
709 3114 1003 3168 castellum
1025 3113 1299 3167 nominat.
1322 3114 1394 3166 At
1414 3129 1543 3166 vero
1573 3112 1641 3166 de
1671 3112 1863 3166 alaba-

256 3210 389 3261 stro
409 3203 682 3274 unguenti
696 3201 864 3257 simul
880 3218 1074 3256 omnes
1091 3201 1300 3265 dicunt,
1316 3206 1518 3272 praeter
1535 3201 1683 3272 quod
1704 3202 1866 3255 Joan-

255 3310 390 3358 nes,
421 3294 645 3348 Libram
673 3293 948 3360 unguenti
978 3292 1148 3345 nardi
1171 3293 1358 3359 pistici
1376 3290 1527 3356 dicit,
1553 3307 1654 3344 nec
1677 3296 1866 3344 tamen

259 3385 452 3439 Lucas
482 3379 785 3452 pretiosum
813 3396 940 3433 eum
972 3378 1142 3433 fuisse
1166 3382 1376 3443 narrat,
1400 3378 1546 3432 sicut
1574 3379 1871 3432 Matthaaus

260 3478 331 3528 et
359 3471 598 3525 Marcus.
630 3468 791 3533 Quod
818 3483 952 3522 sane
973 3473 1323 3538 unguentum
1355 3484 1524 3538 super
1553 3472 1721 3538 caput
1739 3467 1870 3521 Jesu

260 3560 510 3617 effusum
541 3563 794 3622 narrant,
825 3558 1105 3625 fractoque
1146 3558 1443 3623 alabastro,
1477 3556 1626 3609 solus
1657 3556 1871 3609 Marcus

258 3647 503 3705 indicat.
563 3646 737 3700 Porro
788 3645 966 3699 Lucas
1014 3644 1178 3715 longe
1226 3643 1391 3697 aliter
1438 3644 1607 3714 pedes
1647 3642 1869 3697 Domini

260 3735 620 3810 perunxisse,
654 3750 719 3788 ac
748 3737 900 3787 retro
930 3748 1044 3803 prae
1073 3732 1409 3787 verecundia
1441 3732 1728 3786 humiliter
1756 3737 1870 3785 ste-

260 3826 412 3881 tisse
440 3827 859 3889 commemorat,
890 3827 947 3876 et
969 3822 1232 3894 lacrymis
1275 3821 1505 3892 rigasse,
1547 3821 1872 3892 capillisque

266 3912 395 3970 suis
432 3910 749 3976 detersisse,
784 3915 842 3963 et
881 3910 1015 3981 quia
1061 3910 1339 3981 peccatrix
1384 3916 1506 3963 erat
1552 3914 1869 3980 exaggerat.

266 4003 685 4057 Verumtamen
711 4000 953 4053 Joannes
967 4005 1023 4053 et
1044 3999 1281 4052 Mariam
1301 4016 1425 4053 eam
1446 3998 1702 4052 nominat
1716 4014 1872 4052 soro-

265 4107 401 4147 rem
432 4089 624 4144 Lazari
654 4094 710 4141 et
738 4088 987 4143 Marthae.
1018 4104 1081 4141 ac
1108 4088 1276 4158 pedes
1315 4088 1537 4142 Domini
1572 4088 1792 4142 unxisse
1820 4091 1877 4140 et

270 4180 498 4251 capillis
525 4178 842 4240 detersisse,
876 4194 987 4230 non
1017 4177 1085 4230 ad
1136 4194 1204 4231 ea
1254 4179 1591 4248 lacrymasse
1641 4192 1881 4231 comme-

1933 1956 2177 2009 secundo
2206 1954 2262 2009 in
2287 1955 2452 2009 domo
2475 1956 2737 2017 Simonis,
2761 1957 2928 2011 tertio
2955 1974 3085 2012 vero
3121 1959 3181 2013 in
3209 1958 3374 2012 domo
3402 1974 3525 2027 sua,

1931 2043 2153 2098 videtur
2182 2044 2327 2098 mira
2351 2044 2600 2099 narratio
2630 2044 2796 2099 unius
2823 2045 2971 2106 facti,
3012 2052 3068 2101 et
3091 2047 3267 2101 multa
3286 2047 3528 2103 varietas

1933 2126 2240 2200 dictorum;
2266 2134 2347 2187 ita
2378 2138 2442 2187 ut
2468 2139 2629 2188 tanta
2655 2134 2967 2200 diversitas,
2993 2141 3049 2189 et
3076 2137 3246 2206 hujus
3278 2136 3407 2191 facti
3437 2153 3529 2191 re-

1939 2220 2135 2292 petitio
2165 2222 2390 2291 signare
2432 2220 2701 2293 probetur
2737 2239 2942 2277 arcana
2980 2225 3267 2295 mysteria.
3294 2226 3527 2292 Tamen,

1940 2326 2039 2364 seu
2068 2309 2142 2364 sit
2169 2327 2282 2365 una
2298 2311 2504 2365 totiens
2523 2311 2862 2373 introducta,
2890 2328 2990 2367 seu
3011 2313 3135 2369 duae
3155 2315 3242 2368 vel
3262 2320 3397 2381 tres,
3420 2331 3535 2370 non

1941 2399 2409 2469 evangelistarum
2439 2400 2664 2454 vacillat
2692 2401 2846 2466 fides,
2866 2417 2968 2455 nec
2995 2402 3320 2458 infirmatur
3347 2409 3535 2460 aucto-

1939 2488 2095 2553 ritas,
2129 2504 2231 2543 nec
2277 2489 2538 2543 dissentit
2585 2490 2643 2543 in
2685 2489 2973 2545 intellectu
3013 2492 3420 2547 sententiarum
3452 2494 3536 2548 vel

1941 2593 2306 2648 personarum
2330 2578 2662 2649 proprietas,
2679 2578 2777 2633 sed
2794 2581 3133 2634 (economica
3149 2580 3538 2637 subministra-

1941 2672 2037 2720 tur
2066 2666 2256 2737 magni
2288 2667 2624 2721 sacramenti
2654 2669 2924 2732 narratio,
2948 2686 3074 2723 cum
3107 2670 3165 2723 in
3196 2688 3311 2725 una
3340 2688 3535 2726 earum

1939 2755 2104 2810 domo
2126 2755 2369 2809 Lazarus
2391 2755 2753 2811 resuscitatus
2779 2757 3174 2826 introducitur,
3206 2776 3538 2815 convescens

1940 2860 2065 2899 cum
2094 2860 2179 2910 eo,
2213 2861 2315 2898 nec
2339 2844 2436 2899 illa
2463 2846 2741 2915 peccatrix
2777 2847 3137 2914 nominatur;
3170 2849 3318 2903 sicut
3348 2866 3449 2903 nec
3477 2849 3539 2903 in

1941 2933 2108 2987 domo
2138 2933 2402 2999 Simonis,
2438 2934 2569 3004 quia
2598 2935 2852 3006 leprosus
2880 2935 3048 2990 fuisse
3078 2937 3172 2992 ille
3200 2954 3542 2993 commemo-

1905 3026 2121 3076 ‘ratur.
2169 3022 2243 3075 At
2286 3038 2415 3076 vero
2466 3022 2524 3076 in
2568 3023 2733 3077 domo
2781 3025 3073 3094 cujusdam
3122 3026 3408 3098 principis,
3441 3042 3544 3081 nec

1947 3117 2133 3165 tamen
2165 3111 2390 3182 leprosi,
2414 3111 2618 3166 mulier
2639 3112 2738 3166 illa
2761 3130 2883 3184 quae
2910 3115 3144 3169 accessit
3173 3116 3330 3187 prius
3356 3132 3548 3187 pecca-

1948 3201 2058 3254 trix
2086 3200 2323 3267 dicitur;
2370 3200 2571 3254 deinde
2610 3201 2845 3269 ﬂevisse,
2888 3204 3169 3275 pedesque
3202 3204 3425 3260 Domini
3464 3206 3548 3259 la-

1952 3289 2157 3360 crymis
2186 3288 2396 3359 rigasse
2421 3308 2434 3355 ;
2486 3306 2588 3343 nec
2614 3296 2803 3345 tamen
2832 3292 2890 3345 in
2922 3292 3198 3347 Bethania
3229 3294 3394 3359 facta,
3426 3312 3549 3367 quae

1950 3377 2143 3448 gessit,
2177 3383 2498 3432 narrantur.
2531 3378 2691 3432 Unde
2731 3379 2791 3434 in
2839 3380 3019 3436 tribus
3049 3382 3173 3437 istis
3204 3384 3548 3454 poenitentiae

1951 3465 2127 3520 virtus
2157 3483 2364 3536 magna
2394 3472 2760 3535 monstratur,
2812 3474 2870 3523 et
2910 3470 3010 3524 Dei
3057 3471 3115 3524 in
3168 3471 3549 3542 peccatoribus

1953 3554 2250 3611 clementia
2292 3555 2646 3627 praedicatur.
2686 3556 2831 3621 Quia
2859 3558 3005 3613 sicut
3032 3559 3089 3612 in
3118 3560 3327 3614 Lazaro
3355 3577 3550 3615 eorum

1955 3644 2050 3715 qui
2079 3643 2347 3699 labuntur
2371 3644 2429 3698 in
2458 3649 2697 3699 mortem
2728 3647 2941 3716 peccati
2988 3648 3336 3702 resuscitatio
3372 3648 3553 3703 decla-

1956 3738 2131 3792 ratur.
2165 3733 2246 3787 ita
2273 3738 2329 3787 et
2357 3733 2415 3787 in
2447 3732 2674 3788 Simone
2720 3735 2938 3806 leproso
2981 3735 3231 3790 omnium
3279 3737 3552 3793 scelerum

1955 3822 2277 3877 emundatio
2314 3822 2758 3878 commendatur.
2795 3822 2907 3878 Sed
2954 3830 3010 3878 et
3052 3824 3112 3879 in
3158 3826 3393 3880 muliere
3421 3826 3555 3897 quia

1956 3912 2232 3983 peccatrix
2288 3911 2512 3977 dicitur,
2564 3911 2815 3966 omnium
2861 3912 3164 3968 criminum
3207 3913 3439 3972 ablutio.
3486 3915 3556 3970 Et

1957 4001 2103 4054 mira
2124 4001 2180 4054 in
2203 4000 2460 4053 omnibus
2480 3999 2880 4071 omnipotentis
2904 4001 3005 4056 Dei
3027 4002 3338 4074 benignitas
3358 4004 3556 4076 praedi-

1959 4095 2137 4155 catur,
2160 4084 2264 4159 qui
2285 4105 2394 4142 non
2420 4088 2630 4159 refugit
2658 4090 2963 4160 leprosum,
2989 4108 3100 4146 non
3121 4092 3332 4147 devitat
3360 4110 3557 4164 pecca-

1967 4179 2182 4240 tricem,
2219 4194 2328 4231 non
2359 4177 2625 4232 abhorret
2662 4178 3035 4245 immundum,
3073 4187 3135 4235 ut
3173 4182 3419 4236 maculas
3461 4183 3560 4237 hu-

273 4267 595 4332 morat,sed
618 4265 749 4337 quia
765 4270 989 4335 impleta
1013 4268 1298 4320 estdomus
1328 4284 1394 4319 ea:
1412 4268 2147 4362 odoreunguenti.Dmanae
2192 4266 2395 4320 mentis
2442 4283 2507 4320 ac
2557 4268 2805 4338 corporis
2844 4269 3019 4340 possit
3061 4269 3306 4325 abluere.
3355 4271 3563 4326 Domus

276 4359 642 4429 Quapropter
671 4355 900 4427 quidam
952 4354 1163 4421 dicunt,
1198 4372 1312 4410 non
1346 4372 1518 4410 unam
1561 4355 1752 4420 fuisse,
1787 4353 1885 4407 sed
1904 4353 1946 4362 ”
1967 4355 2171 4427 leprosi
2200 4355 2368 4425 hujus
2396 4361 2519 4410 arat
2548 4355 2607 4409 in
2636 4356 2926 4412 Bethania.
2968 4358 3142 4413 Porro
3172 4360 3446 4414 Bethania
3472 4360 3561 4415 in-

279 4455 425 4513 tres,
452 4452 518 4500 ut
542 4445 676 4511 dixi,
703 4444 785 4499 vel
806 4449 1066 4516 quatuor.
1088 4444 1231 4509 Quia
1252 4461 1364 4499 non
1384 4444 1608 4499 videtur
1626 4460 1739 4498 una
1765 4459 1886 4497 esse
1968 4449 2312 4517 terpretatur
2339 4446 2535 4499 domus
2557 4447 3002 4517 obedientz’m,per
3030 4464 3199 4519 quam
3229 4448 3564 4519 intelligitur

282 4553 414 4610 quze
443 4533 639 4589 ell'udit
678 4550 849 4605 super
893 4539 1064 4604 caput
1091 4534 1242 4601 Jesu,
1285 4534 1452 4604 juxta
1477 4533 1802 4588 Matthzeum
1833 4538 1891 4587 et
1970 4540 2121 4588 totus
2150 4534 2240 4587 hic
2269 4533 2532 4588 mundus.
2567 4533 2635 4587 Et
2678 4533 2803 4588 ideo
2836 4535 2966 4605 jure
2995 4535 3194 4591 domus
3234 4535 3563 4593 obedientize

284 4625 561 4691 Marcum,
585 4628 643 4678 et
657 4639 778 4695 qua
798 4622 958 4677 unxit
987 4622 1155 4694 pedes
1184 4622 1380 4693 ipsius,
1413 4622 1888 4693 quemadmodum
1969 4629 2219 4690 vocatur,
2251 4622 2384 4693 quia
2412 4622 2470 4676 in
2501 4638 2566 4677 eo
2595 4622 2665 4676 ad
2706 4622 2810 4677 hoc
2855 4623 3024 4694 positi
3071 4641 3302 4694 sumus;
3335 4641 3401 4680 ac
3431 4625 3479 4680 si
3508 4626 3567 4681 in

290 4714 477 4771 Lucas
504 4718 562 4768 et
590 4713 835 4768 Joannes
860 4715 1163 4783 exponunt.
1182 4712 1389 4767 Dicunt
1415 4717 1601 4766 autem
1628 4727 1740 4766 non
1770 4728 1891 4766 esse
1972 4728 2151 4784 agone
2179 4716 2245 4767 ut
2267 4710 2590 4767 obedientes
2617 4712 2733 4767 Deo
2763 4711 2957 4779 simus,
2999 4720 3276 4785 quatenus
3297 4732 3397 4789 per
3421 4715 3566 4771 hanc

291 4801 585 4877 possibile,
618 4818 802 4873 neque
831 4801 1099 4856 continuo
1140 4800 1367 4873 dignam
1401 4801 1594 4867 fuisse,
1628 4801 1892 4855 accedere
1974 4801 2349 4856 obedientiam
2388 4799 2457 4855 ad
2502 4800 2658 4855 illam
2690 4800 2973 4856 caelestem
3026 4802 3396 4871 Hierusalem,
3443 4820 3566 4876 quae

288 4891 363 4947 ad
394 4895 565 4962 caput
591 4889 839 4956 Domini,
874 4906 996 4961 qua;
1024 4889 1095 4943 ad
1124 4889 1293 4961 pedes
1320 4889 1583 4944 accedere
1611 4889 1783 4960 digna
1808 4889 1896 4943 vix
1977 4890 2230 4962 proxima
2287 4894 2372 4944 est
2412 4888 2503 4954 ei,
2550 4888 2919 4945 conscendere
2956 4891 3258 4948 valeamus.
3307 4893 3467 4958 Quod
3521 4893 3571 4949 si

289 4979 601 5054 probatur;
649 4983 708 5033 et
755 4978 882 5033 ideo
930 4985 1081 5033 retro
1123 4978 1343 5033 stetisse
1388 4994 1452 5033 ac
1495 4977 1731 5044 ﬂevisse,
1765 4978 1900 5049 quia
1980 4979 2160 5033 omnis
2184 4976 2474 5050 praesentis
2500 4977 2686 5032 saeculi
2713 4976 2866 5032 locus
2914 4977 3188 5035 Bethania
3211 4980 3566 5053 intelligitur,

294 5068 577 5142 peccatrix
623 5072 765 5122 erat.
812 5067 929 5121 Nec
957 5066 1108 5121 enim
1159 5065 1420 5121 credibile
1464 5083 1583 5121 esse
1614 5067 1807 5122 volunt
1834 5070 1900 5121 ut
1975 5068 2104 5138 jure
2130 5066 2310 5138 portio
2338 5066 2510 5120 totius
2539 5065 2643 5121 loci
2677 5066 2875 5122 domus
2907 5072 2995 5123 est
3041 5068 3284 5124 Simonis
3319 5069 3526 5141 leprosi
3554 5092 3569 5136 ,

303 5157 540 5213 Mariam
571 5173 740 5228 quam
768 5155 1039 5227 diligebat
1063 5156 1225 5211 Jesus
1247 5172 1407 5210 soror
1437 5156 1669 5212 Martha;
1697 5172 1762 5210 ac
1788 5156 1899 5211 La-
1981 5156 2114 5226 quia
2144 5171 2242 5225 per
2261 5155 2385 5225 ejus
2404 5154 2634 5209 domum
2663 5155 2903 5211 Ecclesia
2923 5157 3194 5213 catholica
3223 5157 3571 5230 designatur,

294 5246 436 5305 zari.
462 5262 584 5318 quae
607 5244 895 5300 meliorem
923 5250 1141 5316 partem
1163 5244 1427 5316 elegerat,
1455 5250 1520 5298 ut
1544 5244 1821 5315 peccatrix
1843 5245 1902 5299 in
1985 5261 2106 5316 qua:
2133 5243 2191 5297 in
2221 5243 2429 5299 mundo
2456 5251 2558 5298 est.
2577 5243 2639 5298 In
2661 5261 2771 5317 qua
2797 5245 2962 5301 domo
2976 5247 3137 5302 Jesus
3158 5263 3279 5302 esse
3307 5249 3573 5317 creditur,

297 5334 526 5389 civitate
607 5333 751 5387 sicut
801 5332 1049 5387 assolent
1102 5332 1442 5390 meretrices;
1491 5349 1613 5388 esse
1663 5332 1903 5390 dicatur.
1990 5340 2047 5388 et
2075 5332 2399 5388 convivatur
2433 5350 2559 5387 cum
2610 5334 2859 5404 quotidie
2904 5334 3155 5392 debitum
3202 5336 3255 5392 ei
3293 5336 3579 5393 servitutis

301 5422 467 5493 Apud
502 5438 642 5493 quas
671 5421 832 5476 Jesus
860 5438 1026 5492 quam
1074 5439 1218 5493 saepe
1264 5422 1575 5494 hospitasse
1616 5421 1907 5493 probatur.
1991 5421 2316 5491 obsequium
2349 5429 2696 5493 praestamus.
2720 5422 2931 5477 Dicitur
2955 5430 3144 5480 autem
3173 5425 3375 5483 domus
3400 5427 3580 5484 Simo-

302 5511 467 5570 Unde
497 5511 771 5583 Origenes
812 5510 993 5583 magis
1034 5511 1314 5571 consentit
1338 5517 1456 5572 tres
1482 5510 1687 5582 fuisse;
1738 5514 1911 5569 unam
1995 5512 2084 5568 nis
2110 5511 2321 5584 leprosi
2342 5511 2558 5569 duabus
2577 5511 2647 5569 ob
2673 5514 2886 5582 causis;
2916 5512 3004 5569 vel
3022 5513 3156 5585 quia
3180 5512 3315 5571 olim
3329 5514 3579 5586 leprosus
