  <div class='ocr_page' id='page_1' title='image "/cluster/home/n/w/nwhite01/storage/ocr_20150623/120/hvd.32044054759824/445.png"; bbox 0 0 3872 6158; ppageno 0'>
   <div class='ocr_carea' id='block_1_1' title="bbox 369 206 476 266">
    <p class='ocr_par' dir='ltr' id='par_1_1' title="bbox 369 206 476 266">
     <span class='ocr_line' id='line_1_1' title="bbox 369 206 476 266; baseline -0.037 0"><span class='ocrx_word' id='word_1_1' title='bbox 369 206 476 266; x_wconf 80' lang='lat'><strong>879</strong></span> 
     </span>
    </p>
   </div>
   <div class='ocr_carea' id='block_1_2' title="bbox 1133 197 2880 256">
    <p class='ocr_par' dir='ltr' id='par_1_2' title="bbox 1133 197 2880 256">
     <span class='ocr_line' id='line_1_2' title="bbox 1133 197 2880 256; baseline -0.003 -1"><span class='ocrx_word' id='word_1_2' title='bbox 1133 205 1189 255; x_wconf 84' lang='lat' dir='ltr'><strong>S.</strong></span> <span class='ocrx_word' id='word_1_3' title='bbox 1229 200 1604 256; x_wconf 76' lang='lat' dir='ltr'><strong>PASCIIASII</strong></span> <span class='ocrx_word' id='word_1_4' title='bbox 1646 200 2004 253; x_wconf 63' lang='lat' dir='ltr'><strong>RADBERTI</strong></span> <span class='ocrx_word' id='word_1_5' title='bbox 2047 200 2349 255; x_wconf 77' lang='lat' dir='ltr'><strong>ABBATIS</strong></span> <span class='ocrx_word' id='word_1_6' title='bbox 2391 197 2880 253; x_wconf 69' lang='lat' dir='ltr'><strong>CORBEIENSIS.</strong></span> 
     </span>
    </p>
   </div>
   <div class='ocr_carea' id='block_1_3' title="bbox 3472 200 3558 254">
    <p class='ocr_par' dir='ltr' id='par_1_3' title="bbox 3472 200 3558 254">
     <span class='ocr_line' id='line_1_3' title="bbox 3472 200 3558 254; baseline -0.012 0"><span class='ocrx_word' id='word_1_7' title='bbox 3472 200 3558 254; x_wconf 51' lang='lat'><strong>8‘0</strong></span> 
     </span>
    </p>
   </div>
   <div class='ocr_carea' id='block_1_4' title="bbox 368 319 3563 397">
    <p class='ocr_par' dir='ltr' id='par_1_4' title="bbox 368 319 3563 397">
     <span class='ocr_line' id='line_1_4' title="bbox 368 319 3563 397; baseline -0.003 -12"><span class='ocrx_word' id='word_1_8' title='bbox 368 332 569 397; x_wconf 99' lang='lat' dir='ltr'><strong>fuerat,</strong></span> <span class='ocrx_word' id='word_1_9' title='bbox 602 336 668 386; x_wconf 85' lang='lat' dir='ltr'><strong>ut</strong></span> <span class='ocrx_word' id='word_1_10' title='bbox 703 334 763 385; x_wconf 92' lang='lat' dir='ltr'><strong>et</strong></span> <span class='ocrx_word' id='word_1_11' title='bbox 806 344 909 383; x_wconf 88' lang='lat' dir='ltr'><strong>nos</strong></span> <span class='ocrx_word' id='word_1_12' title='bbox 937 343 1132 382; x_wconf 90' lang='lat' dir='ltr'><strong>omnes</strong></span> <span class='ocrx_word' id='word_1_13' title='bbox 1158 326 1388 390; x_wconf 84' lang='lat' dir='ltr'><strong>fuimus,</strong></span> <span class='ocrx_word' id='word_1_14' title='bbox 1419 332 1475 378; x_wconf 89' lang='lat' dir='ltr'><strong>et</strong></span> <span class='ocrx_word' id='word_1_15' title='bbox 1503 340 1652 378; x_wconf 90' lang='lat' dir='ltr'><strong>nunc</strong></span> <span class='ocrx_word' id='word_1_16' title='bbox 1679 323 1862 377; x_wconf 87' lang='lat' dir='ltr'><strong>adhuc</strong></span> <span class='ocrx_word' id='word_1_17' title='bbox 1895 340 1960 378; x_wconf 85' lang='lat' dir='ltr'><strong>ex</strong></span> <span class='ocrx_word' id='word_1_18' title='bbox 1980 322 2219 383; x_wconf 82' lang='lat' dir='ltr'><strong>Asimus</strong></span> <span class='ocrx_word' id='word_1_19' title='bbox 2248 324 2503 378; x_wconf 82' lang='lat' dir='ltr'><strong>Salvator</strong></span> <span class='ocrx_word' id='word_1_20' title='bbox 2531 338 2595 375; x_wconf 78' lang='lat' dir='ltr'><strong>ex</strong></span> <span class='ocrx_word' id='word_1_21' title='bbox 2624 320 2734 374; x_wconf 88' lang='lat' dir='ltr'><strong>illis</strong></span> <span class='ocrx_word' id='word_1_22' title='bbox 2754 320 3011 390; x_wconf 86' lang='lat' dir='ltr'><strong>supernis</strong></span> <span class='ocrx_word' id='word_1_23' title='bbox 3031 319 3295 374; x_wconf 79' lang='lat' dir='ltr'><strong>montibus</strong></span> <span class='ocrx_word' id='word_1_24' title='bbox 3312 321 3563 388; x_wconf 79' lang='lat' dir='ltr'><strong>descendit,</strong></span> 
     </span>
    </p>
   </div>
   <div class='ocr_carea' id='block_1_5' title="bbox 368 411 1956 492">
    <p class='ocr_par' dir='ltr' id='par_1_5' title="bbox 368 411 1956 492">
     <span class='ocr_line' id='line_1_5' title="bbox 368 411 1956 492; baseline -0.008 -16"><span class='ocrx_word' id='word_1_25' title='bbox 368 421 601 492; x_wconf 89' lang='lat' dir='ltr'><strong>antiquo</strong></span> <span class='ocrx_word' id='word_1_26' title='bbox 633 419 767 473; x_wconf 91' lang='lat' dir='ltr'><strong>vitio</strong></span> <span class='ocrx_word' id='word_1_27' title='bbox 789 418 908 487; x_wconf 83' lang='lat' dir='ltr'><strong>jam</strong></span> <span class='ocrx_word' id='word_1_28' title='bbox 939 421 1185 477; x_wconf 89' lang='lat' dir='ltr'><strong>curatus,</strong></span> <span class='ocrx_word' id='word_1_29' title='bbox 1215 430 1250 467; x_wconf 89' lang='lat' dir='ltr'><strong>a</strong></span> <span class='ocrx_word' id='word_1_30' title='bbox 1286 413 1526 467; x_wconf 91' lang='lat' dir='ltr'><strong>Domino</strong></span> <span class='ocrx_word' id='word_1_31' title='bbox 1570 411 1651 466; x_wconf 87' lang='lat' dir='ltr'><strong>ita</strong></span> <span class='ocrx_word' id='word_1_32' title='bbox 1692 416 1956 477; x_wconf 80' lang='lat' dir='ltr'><strong>vocatur;</strong></span> 
     </span>
    </p>
   </div>
   <div class='ocr_carea' id='block_1_6' title="bbox 367 500 1963 579">
    <p class='ocr_par' dir='ltr' id='par_1_6' title="bbox 367 500 1963 579">
     <span class='ocr_line' id='line_1_6' title="bbox 367 500 1963 579; baseline -0.004 -20"><span class='ocrx_word' id='word_1_33' title='bbox 367 510 453 563; x_wconf 88' lang='lat' dir='ltr'><strong>vel</strong></span> <span class='ocrx_word' id='word_1_34' title='bbox 478 509 611 579; x_wconf 90' lang='lat' dir='ltr'><strong>quia</strong></span> <span class='ocrx_word' id='word_1_35' title='bbox 637 507 821 561; x_wconf 87' lang='lat' dir='ltr'><strong>adhuc</strong></span> <span class='ocrx_word' id='word_1_36' title='bbox 857 521 1051 559; x_wconf 92' lang='lat' dir='ltr'><strong>omnes</strong></span> <span class='ocrx_word' id='word_1_37' title='bbox 1079 502 1182 557; x_wconf 87' lang='lat' dir='ltr'><strong>sub</strong></span> <span class='ocrx_word' id='word_1_38' title='bbox 1212 507 1437 572; x_wconf 86' lang='lat' dir='ltr'><strong>peccato</strong></span> <span class='ocrx_word' id='word_1_39' title='bbox 1478 516 1786 554; x_wconf 83' lang='lat' dir='ltr'><strong>versamur.</strong></span> <span class='ocrx_word' id='word_1_40' title='bbox 1820 500 1963 563; x_wconf 86' lang='lat' dir='ltr'><strong>Quia</strong></span> 
     </span>
    </p>
   </div>
   <div class='ocr_carea' id='block_1_7' title="bbox 364 589 1962 662">
    <p class='ocr_par' dir='ltr' id='par_1_7' title="bbox 364 589 1962 662">
     <span class='ocr_line' id='line_1_7' title="bbox 364 589 1962 662; baseline -0.006 -11"><span class='ocrx_word' id='word_1_41' title='bbox 364 598 415 650; x_wconf 82' lang='lat' dir='ltr'><strong>si</strong></span> <span class='ocrx_word' id='word_1_42' title='bbox 440 598 750 650; x_wconf 77' lang='lat' dir='ltr'><strong>dia-erimus</strong></span> <span class='ocrx_word' id='word_1_43' title='bbox 774 595 917 662; x_wconf 85' lang='lat' dir='ltr'><strong>quod</strong></span> <span class='ocrx_word' id='word_1_44' title='bbox 939 596 1218 661; x_wconf 86' lang='lat' dir='ltr'><strong>peccatum</strong></span> <span class='ocrx_word' id='word_1_45' title='bbox 1247 605 1362 643; x_wconf 82' lang='lat' dir='ltr'><strong>non</strong></span> <span class='ocrx_word' id='word_1_46' title='bbox 1396 589 1675 653; x_wconf 82' lang='lat' dir='ltr'><strong>habemus,</strong></span> <span class='ocrx_word' id='word_1_47' title='bbox 1728 591 1836 657; x_wconf 80' lang='lat' dir='ltr'><strong>ipsi</strong></span> <span class='ocrx_word' id='word_1_48' title='bbox 1866 604 1962 642; x_wconf 85' lang='lat' dir='ltr'><strong>nos</strong></span> 
     </span>
    </p>
   </div>
   <div class='ocr_carea' id='block_1_8' title="bbox 363 675 1955 745">
    <p class='ocr_par' dir='ltr' id='par_1_8' title="bbox 363 675 1955 745">
     <span class='ocr_line' id='line_1_8' title="bbox 363 675 1955 745; baseline -0.006 -5"><span class='ocrx_word' id='word_1_49' title='bbox 363 687 691 745; x_wconf 82' lang='lat' dir='ltr'><strong>seducimus,</strong></span> <span class='ocrx_word' id='word_1_50' title='bbox 725 688 773 736; x_wconf 86' lang='lat' dir='ltr'><strong>et</strong></span> <span class='ocrx_word' id='word_1_51' title='bbox 806 684 1007 735; x_wconf 78' lang='lat' dir='ltr'><strong>veritas</strong></span> <span class='ocrx_word' id='word_1_52' title='bbox 1036 682 1100 733; x_wconf 87' lang='lat' dir='ltr'><strong>in</strong></span> <span class='ocrx_word' id='word_1_53' title='bbox 1128 680 1281 732; x_wconf 82' lang='lat' dir='ltr'><strong>nobis</strong></span> <span class='ocrx_word' id='word_1_54' title='bbox 1313 693 1424 731; x_wconf 87' lang='lat' dir='ltr'><strong>non</strong></span> <span class='ocrx_word' id='word_1_55' title='bbox 1452 683 1527 732; x_wconf 90' lang='lat' dir='ltr'><strong>est</strong></span> <span class='ocrx_word' id='word_1_56' title='bbox 1556 678 1603 745; x_wconf 89' lang='grc' dir='ltr'><strong>(Ι</strong></span> <span class='ocrx_word' id='word_1_57' title='bbox 1623 679 1784 731; x_wconf 86' lang='lat' dir='ltr'><strong>Joan.</strong></span> <span class='ocrx_word' id='word_1_58' title='bbox 1809 690 1849 741; x_wconf 84' lang='lat' dir='ltr'><strong>I,</strong></span> <span class='ocrx_word' id='word_1_59' title='bbox 1879 675 1955 734; x_wconf 75' lang='lat' dir='ltr'><strong>8i.</strong></span> 
     </span>
    </p>
   </div>
   <div class='ocr_carea' id='block_1_9' title="bbox 362 765 1960 841">
    <p class='ocr_par' dir='ltr' id='par_1_9' title="bbox 362 765 1960 841">
     <span class='ocr_line' id='line_1_9' title="bbox 362 765 1960 841; baseline -0.007 -12"><span class='ocrx_word' id='word_1_60' title='bbox 362 774 429 829; x_wconf 92' lang='lat' dir='ltr'><strong>In</strong></span> <span class='ocrx_word' id='word_1_61' title='bbox 470 776 716 838; x_wconf 64' lang='grc' dir='ltr'><strong>ιθθθ</strong></span> <span class='ocrx_word' id='word_1_62' title='bbox 736 786 903 841; x_wconf 90' lang='lat' dir='ltr'><strong>quam</strong></span> <span class='ocrx_word' id='word_1_63' title='bbox 934 767 1203 822; x_wconf 88' lang='lat' dir='ltr'><strong>nimirum</strong></span> <span class='ocrx_word' id='word_1_64' title='bbox 1244 766 1494 831; x_wconf 90' lang='lat' dir='ltr'><strong>domum,</strong></span> <span class='ocrx_word' id='word_1_65' title='bbox 1527 766 1662 836; x_wconf 85' lang='lat' dir='ltr'><strong>quia</strong></span> <span class='ocrx_word' id='word_1_66' title='bbox 1687 766 1850 820; x_wconf 85' lang='lat' dir='ltr'><strong>Jesus</strong></span> <span class='ocrx_word' id='word_1_67' title='bbox 1878 765 1960 820; x_wconf 91' lang='lat' dir='ltr'><strong>in-</strong></span> 
     </span>
    </p>
   </div>
   <div class='ocr_carea' id='block_1_10' title="bbox 361 853 1961 921">
    <p class='ocr_par' dir='ltr' id='par_1_10' title="bbox 361 853 1961 921">
     <span class='ocr_line' id='line_1_10' title="bbox 361 853 1961 921; baseline -0.005 -5"><span class='ocrx_word' id='word_1_68' title='bbox 361 860 554 916; x_wconf 85' lang='lat' dir='ltr'><strong>troivit</strong></span> <span class='ocrx_word' id='word_1_69' title='bbox 583 866 642 913; x_wconf 93' lang='lat' dir='ltr'><strong>et</strong></span> <span class='ocrx_word' id='word_1_70' title='bbox 668 857 1008 921; x_wconf 88' lang='lat' dir='ltr'><strong>convivatur,</strong></span> <span class='ocrx_word' id='word_1_71' title='bbox 1054 854 1289 910; x_wconf 87' lang='lat' dir='ltr'><strong>accessit</strong></span> <span class='ocrx_word' id='word_1_72' title='bbox 1327 853 1546 919; x_wconf 83' lang='lat' dir='ltr'><strong>mulier,</strong></span> <span class='ocrx_word' id='word_1_73' title='bbox 1578 854 1636 907; x_wconf 92' lang='lat' dir='ltr'><strong>id</strong></span> <span class='ocrx_word' id='word_1_74' title='bbox 1667 859 1753 908; x_wconf 91' lang='lat' dir='ltr'><strong>est</strong></span> <span class='ocrx_word' id='word_1_75' title='bbox 1781 854 1961 908; x_wconf 89' lang='lat' dir='ltr'><strong>Eccle-</strong></span> 
     </span>
    </p>
   </div>
   <div class='ocr_carea' id='block_1_11' title="bbox 360 942 1958 1013">
    <p class='ocr_par' dir='ltr' id='par_1_11' title="bbox 360 942 1958 1013">
     <span class='ocr_line' id='line_1_11' title="bbox 360 942 1958 1013; baseline -0.004 -11"><span class='ocrx_word' id='word_1_76' title='bbox 360 948 460 1002; x_wconf 89' lang='lat' dir='ltr'><strong>sia.</strong></span> <span class='ocrx_word' id='word_1_77' title='bbox 484 947 750 1011; x_wconf 84' lang='lat' dir='ltr'><strong>Accessit,</strong></span> <span class='ocrx_word' id='word_1_78' title='bbox 774 946 872 1000; x_wconf 89' lang='lat' dir='ltr'><strong>sed</strong></span> <span class='ocrx_word' id='word_1_79' title='bbox 894 961 1007 1000; x_wconf 91' lang='lat' dir='ltr'><strong>non</strong></span> <span class='ocrx_word' id='word_1_80' title='bbox 1029 960 1219 1009; x_wconf 90' lang='lat' dir='ltr'><strong>vacua,</strong></span> <span class='ocrx_word' id='word_1_81' title='bbox 1240 942 1374 1013; x_wconf 83' lang='lat' dir='ltr'><strong>quia</strong></span> <span class='ocrx_word' id='word_1_82' title='bbox 1391 942 1583 996; x_wconf 82' lang='lat' dir='ltr'><strong>attulit</strong></span> <span class='ocrx_word' id='word_1_83' title='bbox 1611 944 1958 996; x_wconf 85' lang='lat' dir='ltr'><strong>alabastrum</strong></span> 
     </span>
    </p>
   </div>
   <div class='ocr_carea' id='block_1_12' title="bbox 357 1030 1955 1103">
    <p class='ocr_par' dir='ltr' id='par_1_12' title="bbox 357 1030 1955 1103">
     <span class='ocr_line' id='line_1_12' title="bbox 357 1030 1955 1103; baseline -0.004 -14"><span class='ocrx_word' id='word_1_84' title='bbox 357 1037 635 1103; x_wconf 80' lang='lat' dir='ltr'><strong>unguenti</strong></span> <span class='ocrx_word' id='word_1_85' title='bbox 665 1037 929 1103; x_wconf 86' lang='lat' dir='ltr'><strong>pretiosi;</strong></span> <span class='ocrx_word' id='word_1_86' title='bbox 982 1038 1056 1097; x_wconf 91' lang='lat' dir='ltr'><strong>et,</strong></span> <span class='ocrx_word' id='word_1_87' title='bbox 1097 1038 1163 1087; x_wconf 92' lang='lat' dir='ltr'><strong>ut</strong></span> <span class='ocrx_word' id='word_1_88' title='bbox 1206 1032 1448 1085; x_wconf 88' lang='lat' dir='ltr'><strong>Joannes</strong></span> <span class='ocrx_word' id='word_1_89' title='bbox 1477 1030 1573 1094; x_wconf 87' lang='lat' dir='ltr'><strong>ait,</strong></span> <span class='ocrx_word' id='word_1_90' title='bbox 1608 1035 1955 1097; x_wconf 80' lang='lat' dir='ltr'><strong>unguentum</strong></span> 
     </span>
    </p>
   </div>
   <div class='ocr_carea' id='block_1_13' title="bbox 358 1118 1950 1193">
    <p class='ocr_par' dir='ltr' id='par_1_13' title="bbox 358 1118 1950 1193">
     <span class='ocr_line' id='line_1_13' title="bbox 358 1118 1950 1193; baseline -0.003 -15"><span class='ocrx_word' id='word_1_91' title='bbox 358 1126 530 1178; x_wconf 85' lang='lat' dir='ltr'><strong>nardi</strong></span> <span class='ocrx_word' id='word_1_92' title='bbox 563 1126 771 1192; x_wconf 85' lang='lat' dir='ltr'><strong>pistici,</strong></span> <span class='ocrx_word' id='word_1_93' title='bbox 823 1126 957 1193; x_wconf 90' lang='lat' dir='ltr'><strong>quia</strong></span> <span class='ocrx_word' id='word_1_94' title='bbox 983 1121 1165 1175; x_wconf 84' lang='lat' dir='ltr'><strong>ﬁdelis</strong></span> <span class='ocrx_word' id='word_1_95' title='bbox 1195 1121 1363 1173; x_wconf 85' lang='lat' dir='ltr'><strong>venit.</strong></span> <span class='ocrx_word' id='word_1_96' title='bbox 1392 1120 1538 1173; x_wconf 88' lang='lat' dir='ltr'><strong>Nam</strong></span> <span class='ocrx_word' id='word_1_97' title='bbox 1568 1118 1729 1189; x_wconf 88' lang='lat' dir='ltr'><strong>pistis</strong></span> <span class='ocrx_word' id='word_1_98' title='bbox 1760 1119 1950 1173; x_wconf 70' lang='lat' dir='ltr'><strong>Graece</strong></span> 
     </span>
    </p>
   </div>
   <div class='ocr_carea' id='block_1_14' title="bbox 355 1206 1949 1279">
    <p class='ocr_par' dir='ltr' id='par_1_14' title="bbox 355 1206 1949 1279">
     <span class='ocr_line' id='line_1_14' title="bbox 355 1206 1949 1279; baseline -0.004 -13"><span class='ocrx_word' id='word_1_99' title='bbox 355 1214 483 1279; x_wconf 77' lang='lat' dir='ltr'><strong>ﬁdes</strong></span> <span class='ocrx_word' id='word_1_100' title='bbox 511 1212 598 1265; x_wconf 91' lang='lat' dir='ltr'><strong>vel</strong></span> <span class='ocrx_word' id='word_1_101' title='bbox 619 1213 794 1279; x_wconf 81' lang='lat' dir='ltr'><strong>ﬁdelis</strong></span> <span class='ocrx_word' id='word_1_102' title='bbox 822 1210 1058 1275; x_wconf 90' lang='lat' dir='ltr'><strong>dicitur;</strong></span> <span class='ocrx_word' id='word_1_103' title='bbox 1082 1225 1148 1262; x_wconf 92' lang='lat' dir='ltr'><strong>eo</strong></span> <span class='ocrx_word' id='word_1_104' title='bbox 1176 1207 1327 1279; x_wconf 92' lang='lat' dir='ltr'><strong>quod</strong></span> <span class='ocrx_word' id='word_1_105' title='bbox 1354 1207 1471 1262; x_wconf 66' lang='lat' dir='ltr'><strong>haec</strong></span> <span class='ocrx_word' id='word_1_106' title='bbox 1500 1206 1705 1262; x_wconf 86' lang='lat' dir='ltr'><strong>mulier</strong></span> <span class='ocrx_word' id='word_1_107' title='bbox 1727 1208 1949 1278; x_wconf 86' lang='lat' dir='ltr'><strong>plenam</strong></span> 
     </span>
    </p>
   </div>
   <div class='ocr_carea' id='block_1_15' title="bbox 352 1295 1948 1369">
    <p class='ocr_par' dir='ltr' id='par_1_15' title="bbox 352 1295 1948 1369">
     <span class='ocr_line' id='line_1_15' title="bbox 352 1295 1948 1369; baseline -0.004 -14"><span class='ocrx_word' id='word_1_108' title='bbox 352 1300 525 1355; x_wconf 82' lang='lat' dir='ltr'><strong>fidem</strong></span> <span class='ocrx_word' id='word_1_109' title='bbox 549 1299 768 1365; x_wconf 82' lang='lat' dir='ltr'><strong>detulit,</strong></span> <span class='ocrx_word' id='word_1_110' title='bbox 799 1297 1048 1369; x_wconf 87' lang='lat' dir='ltr'><strong>alioquin</strong></span> <span class='ocrx_word' id='word_1_111' title='bbox 1072 1296 1144 1351; x_wconf 90' lang='lat' dir='ltr'><strong>ad</strong></span> <span class='ocrx_word' id='word_1_112' title='bbox 1171 1297 1363 1350; x_wconf 91' lang='lat' dir='ltr'><strong>Jesum</strong></span> <span class='ocrx_word' id='word_1_113' title='bbox 1391 1295 1654 1350; x_wconf 87' lang='lat' dir='ltr'><strong>accedere</strong></span> <span class='ocrx_word' id='word_1_114' title='bbox 1682 1312 1795 1350; x_wconf 92' lang='lat' dir='ltr'><strong>non</strong></span> <span class='ocrx_word' id='word_1_115' title='bbox 1819 1312 1948 1366; x_wconf 87' lang='lat' dir='ltr'><strong>pos-</strong></span> 
     </span>
    </p>
   </div>
   <div class='ocr_carea' id='block_1_16' title="bbox 352 1383 1948 1458">
    <p class='ocr_par' dir='ltr' id='par_1_16' title="bbox 352 1383 1948 1458">
     <span class='ocr_line' id='line_1_16' title="bbox 352 1383 1948 1458; baseline -0.004 -15"><span class='ocrx_word' id='word_1_116' title='bbox 352 1394 457 1454; x_wconf 86' lang='lat' dir='ltr'><strong>set,</strong></span> <span class='ocrx_word' id='word_1_117' title='bbox 479 1404 662 1458; x_wconf 90' lang='lat' dir='ltr'><strong>neque</strong></span> <span class='ocrx_word' id='word_1_118' title='bbox 680 1387 910 1441; x_wconf 91' lang='lat' dir='ltr'><strong>domum</strong></span> <span class='ocrx_word' id='word_1_119' title='bbox 933 1385 1264 1440; x_wconf 66' lang='lat' dir='ltr'><strong>obedientiaa</strong></span> <span class='ocrx_word' id='word_1_120' title='bbox 1292 1384 1531 1448; x_wconf 88' lang='lat' dir='ltr'><strong>intrare,</strong></span> <span class='ocrx_word' id='word_1_121' title='bbox 1560 1383 1670 1438; x_wconf 90' lang='lat' dir='ltr'><strong>nisi</strong></span> <span class='ocrx_word' id='word_1_122' title='bbox 1690 1399 1948 1454; x_wconf 89' lang='lat' dir='ltr'><strong>unguen-</strong></span> 
     </span>
    </p>
   </div>
   <div class='ocr_carea' id='block_1_17' title="bbox 350 1472 1949 1546">
    <p class='ocr_par' dir='ltr' id='par_1_17' title="bbox 350 1472 1949 1546">
     <span class='ocr_line' id='line_1_17' title="bbox 350 1472 1949 1546; baseline -0.004 -15"><span class='ocrx_word' id='word_1_123' title='bbox 350 1484 476 1531; x_wconf 88' lang='lat' dir='ltr'><strong>tum</strong></span> <span class='ocrx_word' id='word_1_124' title='bbox 496 1475 626 1529; x_wconf 83' lang='lat' dir='ltr'><strong>ﬁdci</strong></span> <span class='ocrx_word' id='word_1_125' title='bbox 640 1474 950 1546; x_wconf 88' lang='lat' dir='ltr'><strong>pretiosum</strong></span> <span class='ocrx_word' id='word_1_126' title='bbox 970 1474 1198 1528; x_wconf 77' lang='lat' dir='ltr'><strong>afferret</strong></span> <span class='ocrx_word' id='word_1_127' title='bbox 1215 1478 1272 1527; x_wconf 92' lang='lat' dir='ltr'><strong>et</strong></span> <span class='ocrx_word' id='word_1_128' title='bbox 1294 1472 1432 1527; x_wconf 89' lang='lat' dir='ltr'><strong>bene</strong></span> <span class='ocrx_word' id='word_1_129' title='bbox 1444 1472 1710 1527; x_wconf 86' lang='lat' dir='ltr'><strong>olentem.</strong></span> <span class='ocrx_word' id='word_1_130' title='bbox 1736 1472 1818 1527; x_wconf 93' lang='lat' dir='ltr'><strong>De</strong></span> <span class='ocrx_word' id='word_1_131' title='bbox 1838 1488 1949 1544; x_wconf 90' lang='lat' dir='ltr'><strong>quo</strong></span> 
     </span>
    </p>
   </div>
   <div class='ocr_carea' id='block_1_18' title="bbox 352 1560 1949 1634">
    <p class='ocr_par' dir='ltr' id='par_1_18' title="bbox 352 1560 1949 1634">
     <span class='ocr_line' id='line_1_18' title="bbox 352 1560 1949 1634; baseline -0.001 -16"><span class='ocrx_word' id='word_1_132' title='bbox 352 1567 640 1633; x_wconf 89' lang='lat' dir='ltr'><strong>unguento</strong></span> <span class='ocrx_word' id='word_1_133' title='bbox 670 1578 877 1634; x_wconf 90' lang='lat' dir='ltr'><strong>sponsa</strong></span> <span class='ocrx_word' id='word_1_134' title='bbox 904 1561 1134 1627; x_wconf 89' lang='lat' dir='ltr'><strong>Christi,</strong></span> <span class='ocrx_word' id='word_1_135' title='bbox 1167 1578 1290 1633; x_wconf 82' lang='lat' dir='ltr'><strong>quae</strong></span> <span class='ocrx_word' id='word_1_136' title='bbox 1319 1567 1405 1616; x_wconf 88' lang='lat' dir='ltr'><strong>cst</strong></span> <span class='ocrx_word' id='word_1_137' title='bbox 1428 1560 1696 1627; x_wconf 87' lang='lat' dir='ltr'><strong>Ecclesia,</strong></span> <span class='ocrx_word' id='word_1_138' title='bbox 1730 1561 1865 1616; x_wconf 88' lang='lat' dir='ltr'><strong>dicit</strong></span> <span class='ocrx_word' id='word_1_139' title='bbox 1890 1562 1949 1616; x_wconf 91' lang='lat' dir='ltr'><strong>in</strong></span> 
     </span>
    </p>
   </div>
   <div class='ocr_carea' id='block_1_19' title="bbox 2043 408 3568 481">
    <p class='ocr_par' dir='ltr' id='par_1_19' title="bbox 2043 408 3568 481">
     <span class='ocr_line' id='line_1_19' title="bbox 2043 408 3568 481; baseline 0.001 -16"><span class='ocrx_word' id='word_1_140' title='bbox 2043 411 2173 481; x_wconf 91' lang='lat' dir='ltr'><strong>quia</strong></span> <span class='ocrx_word' id='word_1_141' title='bbox 2194 412 2266 466; x_wconf 92' lang='lat' dir='ltr'><strong>de</strong></span> <span class='ocrx_word' id='word_1_142' title='bbox 2295 410 2448 465; x_wconf 74' lang='lat' dir='ltr'><strong>cmlis</strong></span> <span class='ocrx_word' id='word_1_143' title='bbox 2476 410 2535 465; x_wconf 82' lang='lat' dir='ltr'><strong>in</strong></span> <span class='ocrx_word' id='word_1_144' title='bbox 2568 409 2836 463; x_wconf 87' lang='lat' dir='ltr'><strong>mundum</strong></span> <span class='ocrx_word' id='word_1_145' title='bbox 2866 408 3030 462; x_wconf 84' lang='lat' dir='ltr'><strong>venit.</strong></span> <span class='ocrx_word' id='word_1_146' title='bbox 3068 408 3187 461; x_wconf 85' lang='lat' dir='ltr'><strong>Non</strong></span> <span class='ocrx_word' id='word_1_147' title='bbox 3215 408 3349 462; x_wconf 90' lang='lat' dir='ltr'><strong>enim</strong></span> <span class='ocrx_word' id='word_1_148' title='bbox 3375 409 3568 465; x_wconf 82' lang='lat' dir='ltr'><strong>illevisi-</strong></span> 
     </span>
    </p>
   </div>
   <div class='ocr_carea' id='block_1_20' title="bbox 2042 495 3569 571">
    <p class='ocr_par' dir='ltr' id='par_1_20' title="bbox 2042 495 3569 571">
     <span class='ocr_line' id='line_1_20' title="bbox 2042 495 3569 571; baseline 0.001 -19"><span class='ocrx_word' id='word_1_149' title='bbox 2042 498 2169 553; x_wconf 89' lang='lat' dir='ltr'><strong>bilis</strong></span> <span class='ocrx_word' id='word_1_150' title='bbox 2188 505 2312 554; x_wconf 89' lang='lat' dir='ltr'><strong>erat</strong></span> <span class='ocrx_word' id='word_1_151' title='bbox 2330 499 2485 571; x_wconf 90' lang='lat' dir='ltr'><strong>prius</strong></span> <span class='ocrx_word' id='word_1_152' title='bbox 2505 498 2562 552; x_wconf 90' lang='lat' dir='ltr'><strong>in</strong></span> <span class='ocrx_word' id='word_1_153' title='bbox 2584 499 2687 552; x_wconf 90' lang='lat' dir='ltr'><strong>hoc</strong></span> <span class='ocrx_word' id='word_1_154' title='bbox 2710 496 2937 556; x_wconf 90' lang='lat' dir='ltr'><strong>mundo.</strong></span> <span class='ocrx_word' id='word_1_155' title='bbox 2960 495 3058 550; x_wconf 90' lang='lat' dir='ltr'><strong>sed</strong></span> <span class='ocrx_word' id='word_1_156' title='bbox 3080 495 3382 551; x_wconf 76' lang='lat' dir='ltr'><strong>obedientizc</strong></span> <span class='ocrx_word' id='word_1_157' title='bbox 3401 498 3569 569; x_wconf 83' lang='lat' dir='ltr'><strong>pietate</strong></span> 
     </span>
    </p>
   </div>
   <div class='ocr_carea' id='block_1_21' title="bbox 2043 584 3568 656">
    <p class='ocr_par' dir='ltr' id='par_1_21' title="bbox 2043 584 3568 656">
     <span class='ocr_line' id='line_1_21' title="bbox 2043 584 3568 656; baseline 0.001 -15"><span class='ocrx_word' id='word_1_158' title='bbox 2043 588 2247 643; x_wconf 89' lang='lat' dir='ltr'><strong>missus</strong></span> <span class='ocrx_word' id='word_1_159' title='bbox 2278 605 2313 642; x_wconf 91' lang='lat' dir='ltr'><strong>a</strong></span> <span class='ocrx_word' id='word_1_160' title='bbox 2340 589 2527 650; x_wconf 87' lang='lat' dir='ltr'><strong>Patre,</strong></span> <span class='ocrx_word' id='word_1_161' title='bbox 2562 586 2712 640; x_wconf 91' lang='lat' dir='ltr'><strong>venit</strong></span> <span class='ocrx_word' id='word_1_162' title='bbox 2739 585 2796 639; x_wconf 92' lang='lat' dir='ltr'><strong>in</strong></span> <span class='ocrx_word' id='word_1_163' title='bbox 2828 584 2961 638; x_wconf 90' lang='lat' dir='ltr'><strong>hinc</strong></span> <span class='ocrx_word' id='word_1_164' title='bbox 2984 584 3267 649; x_wconf 90' lang='lat' dir='ltr'><strong>mundum,</strong></span> <span class='ocrx_word' id='word_1_165' title='bbox 3287 585 3459 656; x_wconf 87' lang='lat' dir='ltr'><strong>utipse</strong></span> <span class='ocrx_word' id='word_1_166' title='bbox 3474 587 3568 642; x_wconf 84' lang='lat' dir='ltr'><strong>ait:</strong></span> 
     </span>
    </p>
   </div>
   <div class='ocr_carea' id='block_1_22' title="bbox 2042 672 3575 743">
    <p class='ocr_par' dir='ltr' id='par_1_22' title="bbox 2042 672 3575 743">
     <span class='ocr_line' id='line_1_22' title="bbox 2042 672 3575 743; baseline -0.001 -12"><span class='ocrx_word' id='word_1_167' title='bbox 2042 677 2195 732; x_wconf 89' lang='lat' dir='ltr'><strong>Sicut</strong></span> <span class='ocrx_word' id='word_1_168' title='bbox 2226 678 2432 730; x_wconf 79' lang='lat' dir='ltr'><strong>misisti</strong></span> <span class='ocrx_word' id='word_1_169' title='bbox 2453 693 2534 729; x_wconf 86' lang='lat' dir='ltr'><strong>me</strong></span> <span class='ocrx_word' id='word_1_170' title='bbox 2563 677 2688 728; x_wconf 80' lang='lat' dir='ltr'><strong>veni</strong></span> <span class='ocrx_word' id='word_1_171' title='bbox 2711 676 2773 728; x_wconf 87' lang='lat' dir='ltr'><strong>in</strong></span> <span class='ocrx_word' id='word_1_172' title='bbox 2798 675 3095 727; x_wconf 86' lang='lat' dir='ltr'><strong>mundum.</strong></span> <span class='ocrx_word' id='word_1_173' title='bbox 3111 672 3245 727; x_wconf 90' lang='lat' dir='ltr'><strong>Cum</strong></span> <span class='ocrx_word' id='word_1_174' title='bbox 3262 689 3381 743; x_wconf 87' lang='lat' dir='ltr'><strong>ergo</strong></span> <span class='ocrx_word' id='word_1_175' title='bbox 3401 675 3575 730; x_wconf 88' lang='lat' dir='ltr'><strong>audivit</strong></span> 
     </span>
    </p>
   </div>
   <div class='ocr_carea' id='block_1_23' title="bbox 2041 760 3575 827">
    <p class='ocr_par' dir='ltr' id='par_1_23' title="bbox 2041 760 3575 827">
     <span class='ocr_line' id='line_1_23' title="bbox 2041 760 3575 827; baseline -0.001 -8"><span class='ocrx_word' id='word_1_176' title='bbox 2041 765 2246 819; x_wconf 88' lang='lat' dir='ltr'><strong>mulier</strong></span> <span class='ocrx_word' id='word_1_177' title='bbox 2273 765 2383 819; x_wconf 90' lang='lat' dir='ltr'><strong>ista</strong></span> <span class='ocrx_word' id='word_1_178' title='bbox 2400 763 2615 818; x_wconf 83' lang='lat' dir='ltr'><strong>venisse</strong></span> <span class='ocrx_word' id='word_1_179' title='bbox 2630 763 2935 827; x_wconf 88' lang='lat' dir='ltr'><strong>Christum,</strong></span> <span class='ocrx_word' id='word_1_180' title='bbox 2960 766 3017 815; x_wconf 91' lang='lat' dir='ltr'><strong>et</strong></span> <span class='ocrx_word' id='word_1_181' title='bbox 3036 777 3156 817; x_wconf 89' lang='lat' dir='ltr'><strong>esse</strong></span> <span class='ocrx_word' id='word_1_182' title='bbox 3187 760 3241 814; x_wconf 92' lang='lat' dir='ltr'><strong>in</strong></span> <span class='ocrx_word' id='word_1_183' title='bbox 3267 760 3414 815; x_wconf 90' lang='lat' dir='ltr'><strong>domo</strong></span> <span class='ocrx_word' id='word_1_184' title='bbox 3433 762 3575 817; x_wconf 88' lang='lat' dir='ltr'><strong>Simo-</strong></span> 
     </span>
    </p>
   </div>
   <div class='ocr_carea' id='block_1_24' title="bbox 2040 841 3576 923">
    <p class='ocr_par' dir='ltr' id='par_1_24' title="bbox 2040 841 3576 923">
     <span class='ocr_line' id='line_1_24' title="bbox 2040 841 3576 923; baseline -0.001 -16"><span class='ocrx_word' id='word_1_185' title='bbox 2040 853 2147 917; x_wconf 87' lang='lat' dir='ltr'><strong>nis,</strong></span> <span class='ocrx_word' id='word_1_186' title='bbox 2194 841 2427 907; x_wconf 75' lang='lat' dir='ltr'><strong>accessit</strong></span> <span class='ocrx_word' id='word_1_187' title='bbox 2471 859 2529 907; x_wconf 90' lang='lat' dir='ltr'><strong>et</strong></span> <span class='ocrx_word' id='word_1_188' title='bbox 2572 851 2715 923; x_wconf 86' lang='lat' dir='ltr'><strong>ipsa,</strong></span> <span class='ocrx_word' id='word_1_189' title='bbox 2754 867 2877 923; x_wconf 65' lang='lat' dir='ltr'><strong>quas</strong></span> <span class='ocrx_word' id='word_1_190' title='bbox 2901 850 3088 904; x_wconf 88' lang='lat' dir='ltr'><strong>sanari</strong></span> <span class='ocrx_word' id='word_1_191' title='bbox 3119 866 3225 904; x_wconf 92' lang='lat' dir='ltr'><strong>non</strong></span> <span class='ocrx_word' id='word_1_192' title='bbox 3263 856 3450 921; x_wconf 88' lang='lat' dir='ltr'><strong>posset,</strong></span> <span class='ocrx_word' id='word_1_193' title='bbox 3491 852 3576 906; x_wconf 82' lang='lat' dir='ltr'><strong>nisi</strong></span> 
     </span>
    </p>
   </div>
   <div class='ocr_carea' id='block_1_25' title="bbox 2043 938 3575 1006">
    <p class='ocr_par' dir='ltr' id='par_1_25' title="bbox 2043 938 3575 1006">
     <span class='ocr_line' id='line_1_25' title="bbox 2043 938 3575 1006; baseline -0.001 -13"><span class='ocrx_word' id='word_1_194' title='bbox 2043 941 2280 996; x_wconf 88' lang='lat' dir='ltr'><strong>venisset</strong></span> <span class='ocrx_word' id='word_1_195' title='bbox 2308 941 2564 997; x_wconf 84' lang='lat' dir='ltr'><strong>Christus</strong></span> <span class='ocrx_word' id='word_1_196' title='bbox 2588 940 2645 994; x_wconf 92' lang='lat' dir='ltr'><strong>in</strong></span> <span class='ocrx_word' id='word_1_197' title='bbox 2674 948 2904 993; x_wconf 89' lang='lat' dir='ltr'><strong>terram.</strong></span> <span class='ocrx_word' id='word_1_198' title='bbox 2939 939 3048 994; x_wconf 89' lang='lat' dir='ltr'><strong>Sed</strong></span> <span class='ocrx_word' id='word_1_199' title='bbox 3092 938 3236 992; x_wconf 88' lang='lat' dir='ltr'><strong>sicut</strong></span> <span class='ocrx_word' id='word_1_200' title='bbox 3281 938 3466 992; x_wconf 89' lang='lat' dir='ltr'><strong>dictum</strong></span> <span class='ocrx_word' id='word_1_201' title='bbox 3492 946 3575 1006; x_wconf 84' lang='lat' dir='ltr'><strong>est,</strong></span> 
     </span>
    </p>
   </div>
   <div class='ocr_carea' id='block_1_26' title="bbox 2040 1008 3579 1100">
    <p class='ocr_par' dir='ltr' id='par_1_26' title="bbox 2040 1008 3579 1100">
     <span class='ocr_line' id='line_1_26' title="bbox 2040 1008 3579 1100; baseline -0.001 -16"><span class='ocrx_word' id='word_1_202' title='bbox 2040 1029 2339 1100; x_wconf 63' lang='lat' dir='ltr'><strong>quaerenda</strong></span> <span class='ocrx_word' id='word_1_203' title='bbox 2365 1036 2451 1084; x_wconf 91' lang='lat' dir='ltr'><strong>est</strong></span> <span class='ocrx_word' id='word_1_204' title='bbox 2478 1027 2847 1083; x_wconf 87' lang='lat' dir='ltr'><strong>consonantia</strong></span> <span class='ocrx_word' id='word_1_205' title='bbox 2888 1008 3364 1097; x_wconf 58' lang='lat' dir='ltr'><strong>e&#39;vangelistarum,</strong></span> <span class='ocrx_word' id='word_1_206' title='bbox 3401 1032 3451 1080; x_wconf 91' lang='lat' dir='ltr'><strong>et</strong></span> <span class='ocrx_word' id='word_1_207' title='bbox 3475 1044 3579 1097; x_wconf 86' lang='lat' dir='ltr'><strong>pro-</strong></span> 
     </span>
    </p>
   </div>
   <div class='ocr_carea' id='block_1_27' title="bbox 2033 1115 3581 1189">
    <p class='ocr_par' dir='ltr' id='par_1_27' title="bbox 2033 1115 3581 1189">
     <span class='ocr_line' id='line_1_27' title="bbox 2033 1115 3581 1189; baseline -0.001 -18"><span class='ocrx_word' id='word_1_208' title='bbox 2033 1118 2242 1189; x_wconf 83' lang='lat' dir='ltr'><strong>prietas</strong></span> <span class='ocrx_word' id='word_1_209' title='bbox 2298 1117 2593 1171; x_wconf 86' lang='lat' dir='ltr'><strong>dictorum.</strong></span> <span class='ocrx_word' id='word_1_210' title='bbox 2634 1116 2779 1170; x_wconf 89' lang='lat' dir='ltr'><strong>Nam</strong></span> <span class='ocrx_word' id='word_1_211' title='bbox 2837 1115 3014 1171; x_wconf 86' lang='lat' dir='ltr'><strong>Lucas</strong></span> <span class='ocrx_word' id='word_1_212' title='bbox 3071 1115 3318 1185; x_wconf 78' lang='lat' dir='ltr'><strong>quamvis</strong></span> <span class='ocrx_word' id='word_1_213' title='bbox 3363 1115 3581 1170; x_wconf 77' lang='lat' dir='ltr'><strong>similiter</strong></span> 
     </span>
    </p>
   </div>
   <div class='ocr_carea' id='block_1_28' title="bbox 2033 1203 3583 1275">
    <p class='ocr_par' dir='ltr' id='par_1_28' title="bbox 2033 1203 3583 1275">
     <span class='ocr_line' id='line_1_28' title="bbox 2033 1203 3583 1275; baseline -0.001 -16"><span class='ocrx_word' id='word_1_214' title='bbox 2033 1205 2248 1275; x_wconf 89' lang='lat' dir='ltr'><strong>aliquid</strong></span> <span class='ocrx_word' id='word_1_215' title='bbox 2275 1205 2444 1272; x_wconf 87' lang='lat' dir='ltr'><strong>dicat,</strong></span> <span class='ocrx_word' id='word_1_216' title='bbox 2472 1220 2790 1274; x_wconf 90' lang='lat' dir='ltr'><strong>nomenque</strong></span> <span class='ocrx_word' id='word_1_217' title='bbox 2810 1204 3104 1257; x_wconf 82' lang='lat' dir='ltr'><strong>conveniat</strong></span> <span class='ocrx_word' id='word_1_218' title='bbox 3130 1203 3275 1274; x_wconf 88' lang='lat' dir='ltr'><strong>apud</strong></span> <span class='ocrx_word' id='word_1_219' title='bbox 3303 1220 3453 1274; x_wconf 89' lang='lat' dir='ltr'><strong>quem</strong></span> <span class='ocrx_word' id='word_1_220' title='bbox 3475 1221 3583 1258; x_wconf 91' lang='lat' dir='ltr'><strong>con-</strong></span> 
     </span>
    </p>
   </div>
   <div class='ocr_carea' id='block_1_29' title="bbox 2032 1290 3580 1358">
    <p class='ocr_par' dir='ltr' id='par_1_29' title="bbox 2032 1290 3580 1358">
     <span class='ocr_line' id='line_1_29' title="bbox 2032 1290 3580 1358; baseline -0.001 -12"><span class='ocrx_word' id='word_1_221' title='bbox 2032 1294 2249 1348; x_wconf 88' lang='lat' dir='ltr'><strong>vivatus</strong></span> <span class='ocrx_word' id='word_1_222' title='bbox 2269 1300 2356 1348; x_wconf 91' lang='lat' dir='ltr'><strong>est</strong></span> <span class='ocrx_word' id='word_1_223' title='bbox 2382 1294 2673 1357; x_wconf 85' lang='lat' dir='ltr'><strong>Dominus,</strong></span> <span class='ocrx_word' id='word_1_224' title='bbox 2697 1296 2762 1346; x_wconf 90' lang='lat' dir='ltr'><strong>ut</strong></span> <span class='ocrx_word' id='word_1_225' title='bbox 2783 1291 2976 1346; x_wconf 89' lang='lat' dir='ltr'><strong>Simon</strong></span> <span class='ocrx_word' id='word_1_226' title='bbox 3015 1291 3161 1345; x_wconf 91' lang='lat' dir='ltr'><strong>sicut</strong></span> <span class='ocrx_word' id='word_1_227' title='bbox 3184 1303 3241 1345; x_wconf 89' lang='lat' dir='ltr'><strong>et</strong></span> <span class='ocrx_word' id='word_1_228' title='bbox 3262 1291 3361 1346; x_wconf 92' lang='lat' dir='ltr'><strong>istc</strong></span> <span class='ocrx_word' id='word_1_229' title='bbox 3380 1290 3580 1358; x_wconf 86' lang='lat' dir='ltr'><strong>dicatur,</strong></span> 
     </span>
    </p>
   </div>
   <div class='ocr_carea' id='block_1_30' title="bbox 2030 1380 3585 1452">
    <p class='ocr_par' dir='ltr' id='par_1_30' title="bbox 2030 1380 3585 1452">
     <span class='ocr_line' id='line_1_30' title="bbox 2030 1380 3585 1452; baseline -0.002 -15"><span class='ocrx_word' id='word_1_230' title='bbox 2030 1398 2143 1437; x_wconf 91' lang='lat' dir='ltr'><strong>non</strong></span> <span class='ocrx_word' id='word_1_231' title='bbox 2165 1388 2355 1436; x_wconf 88' lang='lat' dir='ltr'><strong>tamen</strong></span> <span class='ocrx_word' id='word_1_232' title='bbox 2382 1382 2654 1452; x_wconf 90' lang='lat' dir='ltr'><strong>leprosus.</strong></span> <span class='ocrx_word' id='word_1_233' title='bbox 2674 1380 2834 1434; x_wconf 92' lang='lat' dir='ltr'><strong>Unde</strong></span> <span class='ocrx_word' id='word_1_234' title='bbox 2860 1395 2973 1434; x_wconf 89' lang='lat' dir='ltr'><strong>non</strong></span> <span class='ocrx_word' id='word_1_235' title='bbox 2997 1385 3083 1434; x_wconf 89' lang='lat' dir='ltr'><strong>est</strong></span> <span class='ocrx_word' id='word_1_236' title='bbox 3110 1385 3303 1434; x_wconf 88' lang='lat' dir='ltr'><strong>contra</strong></span> <span class='ocrx_word' id='word_1_237' title='bbox 3328 1385 3585 1434; x_wconf 88' lang='lat' dir='ltr'><strong>consuetu-</strong></span> 
     </span>
    </p>
   </div>
   <div class='ocr_carea' id='block_1_31' title="bbox 2030 1468 3588 1537">
    <p class='ocr_par' dir='ltr' id='par_1_31' title="bbox 2030 1468 3588 1537">
     <span class='ocr_line' id='line_1_31' title="bbox 2030 1468 3588 1537; baseline -0.003 -11"><span class='ocrx_word' id='word_1_238' title='bbox 2030 1471 2239 1537; x_wconf 90' lang='lat' dir='ltr'><strong>dinem,</strong></span> <span class='ocrx_word' id='word_1_239' title='bbox 2272 1471 2359 1524; x_wconf 89' lang='lat' dir='ltr'><strong>vel</strong></span> <span class='ocrx_word' id='word_1_240' title='bbox 2375 1476 2570 1524; x_wconf 89' lang='lat' dir='ltr'><strong>contra</strong></span> <span class='ocrx_word' id='word_1_241' title='bbox 2596 1468 2894 1530; x_wconf 87' lang='lat' dir='ltr'><strong>rationem,</strong></span> <span class='ocrx_word' id='word_1_242' title='bbox 2915 1473 2980 1522; x_wconf 92' lang='lat' dir='ltr'><strong>ut</strong></span> <span class='ocrx_word' id='word_1_243' title='bbox 3002 1469 3117 1522; x_wconf 91' lang='lat' dir='ltr'><strong>duo</strong></span> <span class='ocrx_word' id='word_1_244' title='bbox 3140 1468 3311 1522; x_wconf 87' lang='lat' dir='ltr'><strong>fuisse</strong></span> <span class='ocrx_word' id='word_1_245' title='bbox 3328 1469 3588 1523; x_wconf 85' lang='lat' dir='ltr'><strong>credantur</strong></span> 
     </span>
    </p>
   </div>
   <div class='ocr_carea' id='block_1_32' title="bbox 2031 1554 3587 1626">
    <p class='ocr_par' dir='ltr' id='par_1_32' title="bbox 2031 1554 3587 1626">
     <span class='ocr_line' id='line_1_32' title="bbox 2031 1554 3587 1626; baseline -0.003 -13"><span class='ocrx_word' id='word_1_246' title='bbox 2031 1557 2200 1614; x_wconf 89' lang='lat' dir='ltr'><strong>unius</strong></span> <span class='ocrx_word' id='word_1_247' title='bbox 2228 1557 2494 1612; x_wconf 89' lang='lat' dir='ltr'><strong>nominis.</strong></span> <span class='ocrx_word' id='word_1_248' title='bbox 2528 1555 2673 1621; x_wconf 85' lang='lat' dir='ltr'><strong>Quia</strong></span> <span class='ocrx_word' id='word_1_249' title='bbox 2708 1555 2814 1609; x_wconf 89' lang='lat' dir='ltr'><strong>etsi</strong></span> <span class='ocrx_word' id='word_1_250' title='bbox 2842 1559 3030 1626; x_wconf 90' lang='lat' dir='ltr'><strong>potest</strong></span> <span class='ocrx_word' id='word_1_251' title='bbox 3052 1572 3200 1610; x_wconf 91' lang='lat' dir='ltr'><strong>unus</strong></span> <span class='ocrx_word' id='word_1_252' title='bbox 3227 1556 3386 1609; x_wconf 90' lang='lat' dir='ltr'><strong>homo</strong></span> <span class='ocrx_word' id='word_1_253' title='bbox 3413 1554 3587 1609; x_wconf 86' lang='lat' dir='ltr'><strong>habere</strong></span> 
     </span>
    </p>
   </div>
   <div class='ocr_carea' id='block_1_33' title="bbox 351 1643 3588 1719">
    <p class='ocr_par' dir='ltr' id='par_1_33' title="bbox 351 1643 3588 1719">
     <span class='ocr_line' id='line_1_33' title="bbox 351 1643 3588 1719; baseline -0.003 -12"><span class='ocrx_word' id='word_1_254' title='bbox 351 1651 597 1707; x_wconf 89' lang='lat' dir='ltr'><strong>Canticis</strong></span> <span class='ocrx_word' id='word_1_255' title='bbox 622 1666 633 1701; x_wconf 93' lang='lat'>:</span> <span class='ocrx_word' id='word_1_256' title='bbox 656 1652 881 1706; x_wconf 80' lang='lat' dir='ltr'><strong>Nardus</strong></span> <span class='ocrx_word' id='word_1_257' title='bbox 932 1667 1051 1705; x_wconf 88' lang='lat' dir='ltr'><strong>mea</strong></span> <span class='ocrx_word' id='word_1_258' title='bbox 1078 1652 1226 1705; x_wconf 86' lang='lat' dir='ltr'><strong>dedit</strong></span> <span class='ocrx_word' id='word_1_259' title='bbox 1253 1652 1471 1704; x_wconf 86' lang='lat' dir='ltr'><strong>odorem</strong></span> <span class='ocrx_word' id='word_1_260' title='bbox 1501 1666 1668 1703; x_wconf 88' lang='lat' dir='ltr'><strong>suum</strong></span> <span class='ocrx_word' id='word_1_261' title='bbox 1697 1650 1874 1719; x_wconf 78' lang='lat' dir='ltr'><strong>(Cant.</strong></span> <span class='ocrx_word' id='word_1_262' title='bbox 1907 1664 1945 1717; x_wconf 84' lang='grc' dir='ltr'><strong>ι,</strong></span> <span class='ocrx_word' id='word_1_263' title='bbox 1971 1647 2147 1708; x_wconf 91' lang='lat' dir='ltr'><strong>Bduo</strong></span> <span class='ocrx_word' id='word_1_264' title='bbox 2178 1645 2427 1711; x_wconf 88' lang='lat' dir='ltr'><strong>nomina,</strong></span> <span class='ocrx_word' id='word_1_265' title='bbox 2475 1644 2654 1698; x_wconf 90' lang='lat' dir='ltr'><strong>multo</strong></span> <span class='ocrx_word' id='word_1_266' title='bbox 2704 1643 2884 1714; x_wconf 86' lang='lat' dir='ltr'><strong>magis</strong></span> <span class='ocrx_word' id='word_1_267' title='bbox 2926 1648 3163 1715; x_wconf 90' lang='lat' dir='ltr'><strong>possunt</strong></span> <span class='ocrx_word' id='word_1_268' title='bbox 3206 1660 3375 1698; x_wconf 89' lang='lat' dir='ltr'><strong>unum</strong></span> <span class='ocrx_word' id='word_1_269' title='bbox 3416 1659 3588 1697; x_wconf 88' lang='lat' dir='ltr'><strong>nomen</strong></span> 
     </span>
    </p>
   </div>
   <div class='ocr_carea' id='block_1_34' title="bbox 354 1731 3590 1810">
    <p class='ocr_par' dir='ltr' id='par_1_34' title="bbox 354 1731 3590 1810">
     <span class='ocr_line' id='line_1_34' title="bbox 354 1731 3590 1810; baseline -0.003 -14"><span class='ocrx_word' id='word_1_270' title='bbox 354 1739 457 1810; x_wconf 79' lang='lat' dir='ltr'><strong>l2).</strong></span> <span class='ocrx_word' id='word_1_271' title='bbox 491 1740 563 1794; x_wconf 88' lang='lat' dir='ltr'><strong>Et</strong></span> <span class='ocrx_word' id='word_1_272' title='bbox 599 1739 725 1793; x_wconf 91' lang='lat' dir='ltr'><strong>ideo</strong></span> <span class='ocrx_word' id='word_1_273' title='bbox 764 1754 934 1809; x_wconf 91' lang='lat' dir='ltr'><strong>quam</strong></span> <span class='ocrx_word' id='word_1_274' title='bbox 962 1738 1254 1809; x_wconf 86' lang='lat' dir='ltr'><strong>signanter</strong></span> <span class='ocrx_word' id='word_1_275' title='bbox 1282 1738 1544 1802; x_wconf 89' lang='lat' dir='ltr'><strong>Joannes,</strong></span> <span class='ocrx_word' id='word_1_276' title='bbox 1599 1738 1950 1805; x_wconf 80' lang='lat' dir='ltr'><strong>Unguentum</strong></span> <span class='ocrx_word' id='word_1_277' title='bbox 2033 1735 2241 1789; x_wconf 89' lang='lat' dir='ltr'><strong>habere</strong></span> <span class='ocrx_word' id='word_1_278' title='bbox 2266 1735 2377 1788; x_wconf 90' lang='lat' dir='ltr'><strong>duo</strong></span> <span class='ocrx_word' id='word_1_279' title='bbox 2402 1733 2657 1787; x_wconf 89' lang='lat' dir='ltr'><strong>homines</strong></span> <span class='ocrx_word' id='word_1_280' title='bbox 2684 1748 2785 1785; x_wconf 92' lang='lat' dir='ltr'><strong>seu</strong></span> <span class='ocrx_word' id='word_1_281' title='bbox 2817 1732 3026 1803; x_wconf 87' lang='lat' dir='ltr'><strong>plures.</strong></span> <span class='ocrx_word' id='word_1_282' title='bbox 3072 1731 3283 1786; x_wconf 86' lang='lat' dir='ltr'><strong>Idcirco</strong></span> <span class='ocrx_word' id='word_1_283' title='bbox 3301 1732 3471 1802; x_wconf 89' lang='lat' dir='ltr'><strong>potius</strong></span> <span class='ocrx_word' id='word_1_284' title='bbox 3495 1747 3590 1785; x_wconf 86' lang='lat' dir='ltr'><strong>cre-</strong></span> 
     </span>
    </p>
   </div>
   <div class='ocr_carea' id='block_1_35' title="bbox 347 1819 3587 1897">
    <p class='ocr_par' dir='ltr' id='par_1_35' title="bbox 347 1819 3587 1897">
     <span class='ocr_line' id='line_1_35' title="bbox 347 1819 3587 1897; baseline -0.002 -16"><span class='ocrx_word' id='word_1_285' title='bbox 347 1830 521 1883; x_wconf 86' lang='lat' dir='ltr'><strong>nardi</strong></span> <span class='ocrx_word' id='word_1_286' title='bbox 542 1829 752 1897; x_wconf 85' lang='lat' dir='ltr'><strong>pistici,</strong></span> <span class='ocrx_word' id='word_1_287' title='bbox 776 1827 873 1893; x_wconf 77' lang='lat' dir='ltr'><strong>ait,</strong></span> <span class='ocrx_word' id='word_1_288' title='bbox 902 1843 1033 1881; x_wconf 90' lang='lat' dir='ltr'><strong>nam</strong></span> <span class='ocrx_word' id='word_1_289' title='bbox 1063 1831 1121 1880; x_wconf 91' lang='lat' dir='ltr'><strong>et</strong></span> <span class='ocrx_word' id='word_1_290' title='bbox 1140 1842 1346 1880; x_wconf 89' lang='lat' dir='ltr'><strong>nomen</strong></span> <span class='ocrx_word' id='word_1_291' title='bbox 1376 1826 1567 1897; x_wconf 88' lang='lat' dir='ltr'><strong>sponsi</strong></span> <span class='ocrx_word' id='word_1_292' title='bbox 1593 1831 1945 1895; x_wconf 84' lang='lat' dir='ltr'><strong>unguentum</strong></span> <span class='ocrx_word' id='word_1_293' title='bbox 2030 1822 2201 1877; x_wconf 91' lang='lat' dir='ltr'><strong>dibile</strong></span> <span class='ocrx_word' id='word_1_294' title='bbox 2216 1829 2303 1877; x_wconf 86' lang='lat' dir='ltr'><strong>est</strong></span> <span class='ocrx_word' id='word_1_295' title='bbox 2318 1822 2492 1875; x_wconf 90' lang='lat' dir='ltr'><strong>alium</strong></span> <span class='ocrx_word' id='word_1_296' title='bbox 2512 1820 2681 1875; x_wconf 88' lang='lat' dir='ltr'><strong>fuisse</strong></span> <span class='ocrx_word' id='word_1_297' title='bbox 2701 1820 2859 1874; x_wconf 89' lang='lat' dir='ltr'><strong>illum</strong></span> <span class='ocrx_word' id='word_1_298' title='bbox 2887 1819 3174 1874; x_wconf 91' lang='lat' dir='ltr'><strong>Simonem</strong></span> <span class='ocrx_word' id='word_1_299' title='bbox 3199 1837 3306 1874; x_wconf 91' lang='lat' dir='ltr'><strong>non</strong></span> <span class='ocrx_word' id='word_1_300' title='bbox 3323 1821 3587 1892; x_wconf 84' lang='lat' dir='ltr'><strong>leprosum,</strong></span> 
     </span>
    </p>
   </div>
   <div class='ocr_carea' id='block_1_36' title="bbox 345 1915 1942 1986">
    <p class='ocr_par' dir='ltr' id='par_1_36' title="bbox 345 1915 1942 1986">
     <span class='ocr_line' id='line_1_36' title="bbox 345 1915 1942 1986; baseline -0.001 -16"><span class='ocrx_word' id='word_1_301' title='bbox 345 1916 583 1971; x_wconf 77' lang='lat' dir='ltr'><strong>eﬂ‘usum</strong></span> <span class='ocrx_word' id='word_1_302' title='bbox 608 1920 711 1969; x_wconf 89' lang='lat' dir='ltr'><strong>est.</strong></span> <span class='ocrx_word' id='word_1_303' title='bbox 742 1915 921 1969; x_wconf 84' lang='lat' dir='ltr'><strong>Multa</strong></span> <span class='ocrx_word' id='word_1_304' title='bbox 957 1915 1236 1986; x_wconf 90' lang='lat' dir='ltr'><strong>siquidem</strong></span> <span class='ocrx_word' id='word_1_305' title='bbox 1276 1930 1489 1985; x_wconf 88' lang='lat' dir='ltr'><strong>genera</strong></span> <span class='ocrx_word' id='word_1_306' title='bbox 1524 1919 1942 1985; x_wconf 88' lang='lat' dir='ltr'><strong>unguentorum</strong></span> 
     </span>
    </p>
   </div>
   <div class='ocr_carea' id='block_1_37' title="bbox 345 2002 1942 2067">
    <p class='ocr_par' dir='ltr' id='par_1_37' title="bbox 345 2002 1942 2067">
     <span class='ocr_line' id='line_1_37' title="bbox 345 2002 1942 2067; baseline -0.003 -7"><span class='ocrx_word' id='word_1_307' title='bbox 345 2010 497 2067; x_wconf 88' lang='lat' dir='ltr'><strong>sunt,</strong></span> <span class='ocrx_word' id='word_1_308' title='bbox 529 2010 587 2059; x_wconf 92' lang='lat' dir='ltr'><strong>ct</strong></span> <span class='ocrx_word' id='word_1_309' title='bbox 612 2004 738 2058; x_wconf 90' lang='lat' dir='ltr'><strong>ideo</strong></span> <span class='ocrx_word' id='word_1_310' title='bbox 767 2003 858 2058; x_wconf 92' lang='lat' dir='ltr'><strong>hic</strong></span> <span class='ocrx_word' id='word_1_311' title='bbox 886 2003 1064 2057; x_wconf 86' lang='lat' dir='ltr'><strong>multa</strong></span> <span class='ocrx_word' id='word_1_312' title='bbox 1086 2002 1327 2057; x_wconf 89' lang='lat' dir='ltr'><strong>varietas</strong></span> <span class='ocrx_word' id='word_1_313' title='bbox 1350 2008 1455 2057; x_wconf 81' lang='lat' dir='ltr'><strong>est.</strong></span> <span class='ocrx_word' id='word_1_314' title='bbox 1490 2002 1767 2066; x_wconf 87' lang='lat' dir='ltr'><strong>Quoniam</strong></span> <span class='ocrx_word' id='word_1_315' title='bbox 1789 2002 1942 2057; x_wconf 86' lang='lat' dir='ltr'><strong>aliud</strong></span> 
     </span>
    </p>
   </div>
   <div class='ocr_carea' id='block_1_38' title="bbox 341 2091 1943 2164">
    <p class='ocr_par' dir='ltr' id='par_1_38' title="bbox 341 2091 1943 2164">
     <span class='ocr_line' id='line_1_38' title="bbox 341 2091 1943 2164; baseline -0.002 -16"><span class='ocrx_word' id='word_1_316' title='bbox 341 2099 430 2148; x_wconf 86' lang='lat' dir='ltr'><strong>est</strong></span> <span class='ocrx_word' id='word_1_317' title='bbox 453 2092 592 2148; x_wconf 93' lang='lat' dir='ltr'><strong>illud</strong></span> <span class='ocrx_word' id='word_1_318' title='bbox 616 2110 726 2164; x_wconf 92' lang='lat' dir='ltr'><strong>quo</strong></span> <span class='ocrx_word' id='word_1_319' title='bbox 755 2092 925 2163; x_wconf 90' lang='lat' dir='ltr'><strong>pedes</strong></span> <span class='ocrx_word' id='word_1_320' title='bbox 971 2091 1196 2146; x_wconf 91' lang='lat' dir='ltr'><strong>Domini</strong></span> <span class='ocrx_word' id='word_1_321' title='bbox 1245 2097 1554 2161; x_wconf 89' lang='lat' dir='ltr'><strong>unguntur,</strong></span> <span class='ocrx_word' id='word_1_322' title='bbox 1603 2107 1705 2145; x_wconf 91' lang='lat' dir='ltr'><strong>nec</strong></span> <span class='ocrx_word' id='word_1_323' title='bbox 1752 2096 1943 2145; x_wconf 89' lang='lat' dir='ltr'><strong>tamen</strong></span> 
     </span>
    </p>
   </div>
   <div class='ocr_carea' id='block_1_39' title="bbox 340 2178 1942 2250">
    <p class='ocr_par' dir='ltr' id='par_1_39' title="bbox 340 2178 1942 2250">
     <span class='ocr_line' id='line_1_39' title="bbox 340 2178 1942 2250; baseline -0.002 -15"><span class='ocrx_word' id='word_1_324' title='bbox 340 2180 665 2247; x_wconf 80' lang='lat' dir='ltr'><strong>ell&#39;unditur,</strong></span> <span class='ocrx_word' id='word_1_325' title='bbox 697 2196 880 2250; x_wconf 88' lang='lat' dir='ltr'><strong>neque</strong></span> <span class='ocrx_word' id='word_1_326' title='bbox 910 2179 1149 2234; x_wconf 90' lang='lat' dir='ltr'><strong>multum</strong></span> <span class='ocrx_word' id='word_1_327' title='bbox 1183 2178 1525 2233; x_wconf 83' lang='lat' dir='ltr'><strong>odorifcrum</strong></span> <span class='ocrx_word' id='word_1_328' title='bbox 1551 2178 1774 2243; x_wconf 89' lang='lat' dir='ltr'><strong>dicitur,</strong></span> <span class='ocrx_word' id='word_1_329' title='bbox 1808 2179 1942 2249; x_wconf 88' lang='lat' dir='ltr'><strong>quia</strong></span> 
     </span>
    </p>
   </div>
   <div class='ocr_carea' id='block_1_40' title="bbox 339 2266 1941 2339">
    <p class='ocr_par' dir='ltr' id='par_1_40' title="bbox 339 2266 1941 2339">
     <span class='ocr_line' id='line_1_40' title="bbox 339 2266 1941 2339; baseline -0.002 -16"><span class='ocrx_word' id='word_1_330' title='bbox 339 2269 617 2339; x_wconf 83' lang='lat' dir='ltr'><strong>peccatrix</strong></span> <span class='ocrx_word' id='word_1_331' title='bbox 646 2268 851 2321; x_wconf 90' lang='lat' dir='ltr'><strong>mulier</strong></span> <span class='ocrx_word' id='word_1_332' title='bbox 884 2273 1200 2331; x_wconf 88' lang='lat' dir='ltr'><strong>accusatur,</strong></span> <span class='ocrx_word' id='word_1_333' title='bbox 1221 2276 1277 2321; x_wconf 89' lang='lat' dir='ltr'><strong>et</strong></span> <span class='ocrx_word' id='word_1_334' title='bbox 1306 2266 1458 2321; x_wconf 87' lang='lat' dir='ltr'><strong>aliud</strong></span> <span class='ocrx_word' id='word_1_335' title='bbox 1488 2266 1636 2337; x_wconf 92' lang='lat' dir='ltr'><strong>quod</strong></span> <span class='ocrx_word' id='word_1_336' title='bbox 1661 2267 1751 2321; x_wconf 90' lang='lat' dir='ltr'><strong>hic</strong></span> <span class='ocrx_word' id='word_1_337' title='bbox 1771 2284 1941 2337; x_wconf 82' lang='lat' dir='ltr'><strong>super</strong></span> 
     </span>
    </p>
   </div>
   <div class='ocr_carea' id='block_1_41' title="bbox 334 2354 1937 2428">
    <p class='ocr_par' dir='ltr' id='par_1_41' title="bbox 334 2354 1937 2428">
     <span class='ocr_line' id='line_1_41' title="bbox 334 2354 1937 2428; baseline -0.001 -17"><span class='ocrx_word' id='word_1_338' title='bbox 334 2362 506 2428; x_wconf 89' lang='lat' dir='ltr'><strong>caput</strong></span> <span class='ocrx_word' id='word_1_339' title='bbox 529 2356 661 2410; x_wconf 88' lang='lat' dir='ltr'><strong>Jesu</strong></span> <span class='ocrx_word' id='word_1_340' title='bbox 690 2356 929 2410; x_wconf 71' lang='lat' dir='ltr'><strong>effusum</strong></span> <span class='ocrx_word' id='word_1_341' title='bbox 957 2360 1450 2421; x_wconf 87' lang='lat' dir='ltr'><strong>commemoratur,</strong></span> <span class='ocrx_word' id='word_1_342' title='bbox 1476 2361 1534 2409; x_wconf 92' lang='lat' dir='ltr'><strong>et</strong></span> <span class='ocrx_word' id='word_1_343' title='bbox 1557 2354 1710 2409; x_wconf 89' lang='lat' dir='ltr'><strong>aliud</strong></span> <span class='ocrx_word' id='word_1_344' title='bbox 1738 2371 1847 2426; x_wconf 92' lang='lat' dir='ltr'><strong>quo</strong></span> <span class='ocrx_word' id='word_1_345' title='bbox 1878 2354 1937 2409; x_wconf 91' lang='lat' dir='ltr'><strong>in</strong></span> 
     </span>
    </p>
   </div>
   <div class='ocr_carea' id='block_1_42' title="bbox 331 2443 1937 2516">
    <p class='ocr_par' dir='ltr' id='par_1_42' title="bbox 331 2443 1937 2516">
     <span class='ocr_line' id='line_1_42' title="bbox 331 2443 1937 2516; baseline -0.001 -16"><span class='ocrx_word' id='word_1_346' title='bbox 331 2446 546 2500; x_wconf 88' lang='lat' dir='ltr'><strong>Joanne</strong></span> <span class='ocrx_word' id='word_1_347' title='bbox 569 2445 740 2516; x_wconf 87' lang='lat' dir='ltr'><strong>pedes</strong></span> <span class='ocrx_word' id='word_1_348' title='bbox 762 2443 986 2499; x_wconf 89' lang='lat' dir='ltr'><strong>Domini</strong></span> <span class='ocrx_word' id='word_1_349' title='bbox 1008 2449 1317 2514; x_wconf 85' lang='lat' dir='ltr'><strong>unguntur,</strong></span> <span class='ocrx_word' id='word_1_350' title='bbox 1338 2449 1396 2497; x_wconf 90' lang='lat' dir='ltr'><strong>et</strong></span> <span class='ocrx_word' id='word_1_351' title='bbox 1418 2443 1578 2497; x_wconf 87' lang='lat' dir='ltr'><strong>nardi</strong></span> <span class='ocrx_word' id='word_1_352' title='bbox 1610 2443 1792 2514; x_wconf 92' lang='lat' dir='ltr'><strong>pistici</strong></span> <span class='ocrx_word' id='word_1_353' title='bbox 1814 2460 1937 2498; x_wconf 91' lang='lat' dir='ltr'><strong>esse</strong></span> 
     </span>
    </p>
   </div>
   <div class='ocr_carea' id='block_1_43' title="bbox 332 2532 1937 2604">
    <p class='ocr_par' dir='ltr' id='par_1_43' title="bbox 332 2532 1937 2604">
     <span class='ocr_line' id='line_1_43' title="bbox 332 2532 1937 2604; baseline -0.001 -16"><span class='ocrx_word' id='word_1_354' title='bbox 332 2533 540 2589; x_wconf 89' lang='lat' dir='ltr'><strong>dicitur</strong></span> <span class='ocrx_word' id='word_1_355' title='bbox 570 2534 731 2604; x_wconf 87' lang='lat' dir='ltr'><strong>cujus</strong></span> <span class='ocrx_word' id='word_1_356' title='bbox 758 2532 928 2587; x_wconf 90' lang='lat' dir='ltr'><strong>odore</strong></span> <span class='ocrx_word' id='word_1_357' title='bbox 959 2538 1079 2588; x_wconf 82' lang='lat' dir='ltr'><strong>tota</strong></span> <span class='ocrx_word' id='word_1_358' title='bbox 1102 2532 1353 2603; x_wconf 89' lang='lat' dir='ltr'><strong>repletur</strong></span> <span class='ocrx_word' id='word_1_359' title='bbox 1380 2532 1600 2586; x_wconf 89' lang='lat' dir='ltr'><strong>domus.</strong></span> <span class='ocrx_word' id='word_1_360' title='bbox 1648 2532 1718 2587; x_wconf 87' lang='lat' dir='ltr'><strong>Et</strong></span> <span class='ocrx_word' id='word_1_361' title='bbox 1746 2532 1937 2587; x_wconf 87' lang='lat' dir='ltr'><strong>omnia</strong></span> 
     </span>
    </p>
   </div>
   <div class='ocr_carea' id='block_1_44' title="bbox 333 2620 1935 2691">
    <p class='ocr_par' dir='ltr' id='par_1_44' title="bbox 333 2620 1935 2691">
     <span class='ocr_line' id='line_1_44' title="bbox 333 2620 1935 2691; baseline -0.001 -15"><span class='ocrx_word' id='word_1_362' title='bbox 333 2623 451 2678; x_wconf 67' lang='lat' dir='ltr'><strong>hec</strong></span> <span class='ocrx_word' id='word_1_363' title='bbox 465 2622 835 2677; x_wconf 85' lang='lat' dir='ltr'><strong>odoramcnta</strong></span> <span class='ocrx_word' id='word_1_364' title='bbox 853 2620 923 2676; x_wconf 91' lang='lat' dir='ltr'><strong>de</strong></span> <span class='ocrx_word' id='word_1_365' title='bbox 946 2621 1172 2675; x_wconf 89' lang='lat' dir='ltr'><strong>nomine</strong></span> <span class='ocrx_word' id='word_1_366' title='bbox 1186 2621 1421 2675; x_wconf 89' lang='lat' dir='ltr'><strong>veniunt</strong></span> <span class='ocrx_word' id='word_1_367' title='bbox 1436 2620 1761 2683; x_wconf 87' lang='lat' dir='ltr'><strong>Salvatoris.</strong></span> <span class='ocrx_word' id='word_1_368' title='bbox 1785 2621 1935 2691; x_wconf 91' lang='lat' dir='ltr'><strong>quod</strong></span> 
     </span>
    </p>
   </div>
   <div class='ocr_carea' id='block_1_45' title="bbox 335 2708 1936 2782">
    <p class='ocr_par' dir='ltr' id='par_1_45' title="bbox 335 2708 1936 2782">
     <span class='ocr_line' id='line_1_45' title="bbox 335 2708 1936 2782; baseline -0.003 -16"><span class='ocrx_word' id='word_1_369' title='bbox 335 2710 572 2766; x_wconf 72' lang='lat' dir='ltr'><strong>effusum</strong></span> <span class='ocrx_word' id='word_1_370' title='bbox 603 2716 691 2765; x_wconf 92' lang='lat' dir='ltr'><strong>cst</strong></span> <span class='ocrx_word' id='word_1_371' title='bbox 718 2727 888 2782; x_wconf 87' lang='lat' dir='ltr'><strong>super</strong></span> <span class='ocrx_word' id='word_1_372' title='bbox 911 2715 1128 2764; x_wconf 90' lang='lat' dir='ltr'><strong>mentes</strong></span> <span class='ocrx_word' id='word_1_373' title='bbox 1151 2708 1520 2773; x_wconf 89' lang='lat' dir='ltr'><strong>credentium,</strong></span> <span class='ocrx_word' id='word_1_374' title='bbox 1556 2714 1614 2761; x_wconf 91' lang='lat' dir='ltr'><strong>et</strong></span> <span class='ocrx_word' id='word_1_375' title='bbox 1651 2708 1776 2762; x_wconf 92' lang='lat' dir='ltr'><strong>ideo</strong></span> <span class='ocrx_word' id='word_1_376' title='bbox 1805 2708 1936 2762; x_wconf 90' lang='lat' dir='ltr'><strong>ado-</strong></span> 
     </span>
    </p>
   </div>
   <div class='ocr_carea' id='block_1_46' title="bbox 332 2795 1937 2869">
    <p class='ocr_par' dir='ltr' id='par_1_46' title="bbox 332 2795 1937 2869">
     <span class='ocr_line' id='line_1_46' title="bbox 332 2795 1937 2869; baseline -0.003 -15"><span class='ocrx_word' id='word_1_377' title='bbox 332 2799 653 2855; x_wconf 71' lang='lat' dir='ltr'><strong>lescentulre</strong></span> <span class='ocrx_word' id='word_1_378' title='bbox 672 2799 918 2869; x_wconf 90' lang='lat' dir='ltr'><strong>diligunt</strong></span> <span class='ocrx_word' id='word_1_379' title='bbox 945 2814 1073 2853; x_wconf 90' lang='lat' dir='ltr'><strong>eum</strong></span> <span class='ocrx_word' id='word_1_380' title='bbox 1100 2816 1113 2865; x_wconf 93' lang='lat'><strong>;</strong></span> <span class='ocrx_word' id='word_1_381' title='bbox 1148 2804 1207 2851; x_wconf 92' lang='lat' dir='ltr'><strong>et</strong></span> <span class='ocrx_word' id='word_1_382' title='bbox 1235 2797 1399 2868; x_wconf 66' lang='lat' dir='ltr'><strong>ungit</strong></span> <span class='ocrx_word' id='word_1_383' title='bbox 1416 2813 1530 2851; x_wconf 92' lang='lat' dir='ltr'><strong>una</strong></span> <span class='ocrx_word' id='word_1_384' title='bbox 1552 2813 1744 2851; x_wconf 89' lang='lat' dir='ltr'><strong>earum</strong></span> <span class='ocrx_word' id='word_1_385' title='bbox 1768 2795 1937 2867; x_wconf 90' lang='lat' dir='ltr'><strong>pedes</strong></span> 
     </span>
    </p>
   </div>
   <div class='ocr_carea' id='block_1_47' title="bbox 335 2885 1994 2976">
    <p class='ocr_par' dir='ltr' id='par_1_47' title="bbox 335 2885 1994 2976">
     <span class='ocr_line' id='line_1_47' title="bbox 335 2885 1994 2976; baseline -0.003 -33"><span class='ocrx_word' id='word_1_386' title='bbox 335 2888 561 2943; x_wconf 88' lang='lat' dir='ltr'><strong>Domini</strong></span> <span class='ocrx_word' id='word_1_387' title='bbox 609 2903 736 2941; x_wconf 90' lang='lat' dir='ltr'><strong>cum</strong></span> <span class='ocrx_word' id='word_1_388' title='bbox 768 2885 993 2940; x_wconf 82' lang='lat' dir='ltr'><strong>fletibus</strong></span> <span class='ocrx_word' id='word_1_389' title='bbox 1029 2891 1086 2939; x_wconf 94' lang='lat' dir='ltr'><strong>et</strong></span> <span class='ocrx_word' id='word_1_390' title='bbox 1131 2885 1430 2955; x_wconf 85' lang='lat' dir='ltr'><strong>lacrymis;</strong></span> <span class='ocrx_word' id='word_1_391' title='bbox 1478 2885 1591 2937; x_wconf 85' lang='lat' dir='ltr'><strong>alia</strong></span> <span class='ocrx_word' id='word_1_392' title='bbox 1636 2900 1765 2938; x_wconf 90' lang='lat' dir='ltr'><strong>vero</strong></span> <span class='ocrx_word' id='word_1_393' title='bbox 1813 2900 1994 2976; x_wconf 77' lang='lat' dir='ltr'><strong>quaeC</strong></span> 
     </span>
    </p>
   </div>
   <div class='ocr_carea' id='block_1_48' title="bbox 336 2972 1936 3046">
    <p class='ocr_par' dir='ltr' id='par_1_48' title="bbox 336 2972 1936 3046">
     <span class='ocr_line' id='line_1_48' title="bbox 336 2972 1936 3046; baseline -0.003 -16"><span class='ocrx_word' id='word_1_394' title='bbox 336 2977 607 3046; x_wconf 86' lang='lat' dir='ltr'><strong>optimam</strong></span> <span class='ocrx_word' id='word_1_395' title='bbox 628 2981 844 3046; x_wconf 91' lang='lat' dir='ltr'><strong>partem</strong></span> <span class='ocrx_word' id='word_1_396' title='bbox 862 2973 1049 3043; x_wconf 89' lang='lat' dir='ltr'><strong>elegit,</strong></span> <span class='ocrx_word' id='word_1_397' title='bbox 1070 2989 1295 3043; x_wconf 90' lang='lat' dir='ltr'><strong>semper</strong></span> <span class='ocrx_word' id='word_1_398' title='bbox 1311 2973 1506 3026; x_wconf 88' lang='lat' dir='ltr'><strong>sedere</strong></span> <span class='ocrx_word' id='word_1_399' title='bbox 1525 2972 1594 3025; x_wconf 87' lang='lat' dir='ltr'><strong>ad</strong></span> <span class='ocrx_word' id='word_1_400' title='bbox 1622 2972 1791 3043; x_wconf 90' lang='lat' dir='ltr'><strong>pedes</strong></span> <span class='ocrx_word' id='word_1_401' title='bbox 1814 2973 1936 3042; x_wconf 90' lang='lat' dir='ltr'><strong>ejus</strong></span> 
     </span>
    </p>
   </div>
   <div class='ocr_carea' id='block_1_49' title="bbox 336 3060 1938 3132">
    <p class='ocr_par' dir='ltr' id='par_1_49' title="bbox 336 3060 1938 3132">
     <span class='ocr_line' id='line_1_49' title="bbox 336 3060 1938 3132; baseline -0.002 -14"><span class='ocrx_word' id='word_1_402' title='bbox 336 3063 494 3118; x_wconf 88' lang='lat' dir='ltr'><strong>novit</strong></span> <span class='ocrx_word' id='word_1_403' title='bbox 520 3068 585 3117; x_wconf 88' lang='lat' dir='ltr'><strong>ut</strong></span> <span class='ocrx_word' id='word_1_404' title='bbox 613 3062 808 3116; x_wconf 87' lang='lat' dir='ltr'><strong>audiat</strong></span> <span class='ocrx_word' id='word_1_405' title='bbox 831 3060 1063 3115; x_wconf 89' lang='lat' dir='ltr'><strong>verbum</strong></span> <span class='ocrx_word' id='word_1_406' title='bbox 1112 3061 1331 3116; x_wconf 87' lang='lat' dir='ltr'><strong>salutis.</strong></span> <span class='ocrx_word' id='word_1_407' title='bbox 1382 3061 1680 3132; x_wconf 86' lang='lat' dir='ltr'><strong>Unguento</strong></span> <span class='ocrx_word' id='word_1_408' title='bbox 1711 3061 1938 3132; x_wconf 89' lang='lat' dir='ltr'><strong>quidem</strong></span> 
     </span>
    </p>
   </div>
   <div class='ocr_carea' id='block_1_50' title="bbox 336 3149 1941 3222">
    <p class='ocr_par' dir='ltr' id='par_1_50' title="bbox 336 3149 1941 3222">
     <span class='ocr_line' id='line_1_50' title="bbox 336 3149 1941 3222; baseline -0.002 -15"><span class='ocrx_word' id='word_1_409' title='bbox 336 3152 503 3222; x_wconf 90' lang='lat' dir='ltr'><strong>ungit</strong></span> <span class='ocrx_word' id='word_1_410' title='bbox 531 3150 756 3205; x_wconf 90' lang='lat' dir='ltr'><strong>eosdem</strong></span> <span class='ocrx_word' id='word_1_411' title='bbox 786 3149 975 3221; x_wconf 83' lang='lat' dir='ltr'><strong>pedes.</strong></span> <span class='ocrx_word' id='word_1_412' title='bbox 1006 3149 1104 3203; x_wconf 89' lang='lat' dir='ltr'><strong>scd</strong></span> <span class='ocrx_word' id='word_1_413' title='bbox 1139 3154 1256 3203; x_wconf 91' lang='lat' dir='ltr'><strong>tam</strong></span> <span class='ocrx_word' id='word_1_414' title='bbox 1307 3149 1450 3204; x_wconf 90' lang='lat' dir='ltr'><strong>miro</strong></span> <span class='ocrx_word' id='word_1_415' title='bbox 1497 3156 1556 3204; x_wconf 92' lang='lat' dir='ltr'><strong>et</strong></span> <span class='ocrx_word' id='word_1_416' title='bbox 1589 3151 1844 3221; x_wconf 87' lang='lat' dir='ltr'><strong>mystico,</strong></span> <span class='ocrx_word' id='word_1_417' title='bbox 1877 3156 1941 3204; x_wconf 87' lang='lat' dir='ltr'><strong>ut</strong></span> 
     </span>
    </p>
   </div>
   <div class='ocr_carea' id='block_1_51' title="bbox 339 3238 1936 3311">
    <p class='ocr_par' dir='ltr' id='par_1_51' title="bbox 339 3238 1936 3311">
     <span class='ocr_line' id='line_1_51' title="bbox 339 3238 1936 3311; baseline -0.001 -16"><span class='ocrx_word' id='word_1_418' title='bbox 339 3241 461 3311; x_wconf 89' lang='lat' dir='ltr'><strong>ejus</strong></span> <span class='ocrx_word' id='word_1_419' title='bbox 489 3239 659 3293; x_wconf 89' lang='lat' dir='ltr'><strong>odore</strong></span> <span class='ocrx_word' id='word_1_420' title='bbox 687 3244 805 3294; x_wconf 88' lang='lat' dir='ltr'><strong>tota</strong></span> <span class='ocrx_word' id='word_1_421' title='bbox 852 3239 1137 3310; x_wconf 86' lang='lat' dir='ltr'><strong>repleatur</strong></span> <span class='ocrx_word' id='word_1_422' title='bbox 1174 3238 1394 3293; x_wconf 90' lang='lat' dir='ltr'><strong>domus.</strong></span> <span class='ocrx_word' id='word_1_423' title='bbox 1442 3239 1616 3293; x_wconf 90' lang='lat' dir='ltr'><strong>Porro</strong></span> <span class='ocrx_word' id='word_1_424' title='bbox 1645 3239 1833 3299; x_wconf 89' lang='lat' dir='ltr'><strong>tertia.</strong></span> <span class='ocrx_word' id='word_1_425' title='bbox 1867 3239 1936 3293; x_wconf 87' lang='lat' dir='ltr'><strong>de</strong></span> 
     </span>
    </p>
   </div>
   <div class='ocr_carea' id='block_1_52' title="bbox 339 3326 1937 3400">
    <p class='ocr_par' dir='ltr' id='par_1_52' title="bbox 339 3326 1937 3400">
     <span class='ocr_line' id='line_1_52' title="bbox 339 3326 1937 3400; baseline -0.002 -16"><span class='ocrx_word' id='word_1_426' title='bbox 339 3343 451 3400; x_wconf 89' lang='lat' dir='ltr'><strong>qua</strong></span> <span class='ocrx_word' id='word_1_427' title='bbox 464 3328 556 3382; x_wconf 93' lang='lat' dir='ltr'><strong>hic</strong></span> <span class='ocrx_word' id='word_1_428' title='bbox 583 3333 864 3392; x_wconf 88' lang='lat' dir='ltr'><strong>narratur,</strong></span> <span class='ocrx_word' id='word_1_429' title='bbox 883 3327 1034 3381; x_wconf 89' lang='lat' dir='ltr'><strong>aliud</strong></span> <span class='ocrx_word' id='word_1_430' title='bbox 1056 3326 1262 3381; x_wconf 90' lang='lat' dir='ltr'><strong>detulit</strong></span> <span class='ocrx_word' id='word_1_431' title='bbox 1284 3334 1653 3398; x_wconf 81' lang='lat' dir='ltr'><strong>unguentum,</strong></span> <span class='ocrx_word' id='word_1_432' title='bbox 1671 3334 1725 3382; x_wconf 90' lang='lat' dir='ltr'><strong>et</strong></span> <span class='ocrx_word' id='word_1_433' title='bbox 1743 3328 1937 3383; x_wconf 84' lang='lat' dir='ltr'><strong>effudit</strong></span> 
     </span>
    </p>
   </div>
   <div class='ocr_carea' id='block_1_53' title="bbox 337 3415 1931 3489">
    <p class='ocr_par' dir='ltr' id='par_1_53' title="bbox 337 3415 1931 3489">
     <span class='ocr_line' id='line_1_53' title="bbox 337 3415 1931 3489; baseline -0.001 -18"><span class='ocrx_word' id='word_1_434' title='bbox 337 3433 509 3489; x_wconf 87' lang='lat' dir='ltr'><strong>super</strong></span> <span class='ocrx_word' id='word_1_435' title='bbox 528 3424 696 3488; x_wconf 90' lang='lat' dir='ltr'><strong>caput</strong></span> <span class='ocrx_word' id='word_1_436' title='bbox 709 3416 757 3486; x_wconf 90' lang='lat' dir='ltr'><strong>ej</strong></span> <span class='ocrx_word' id='word_1_437' title='bbox 766 3432 850 3482; x_wconf 89' lang='lat' dir='ltr'><strong>us,</strong></span> <span class='ocrx_word' id='word_1_438' title='bbox 875 3416 1023 3487; x_wconf 89' lang='lat' dir='ltr'><strong>quod</strong></span> <span class='ocrx_word' id='word_1_439' title='bbox 1048 3415 1354 3487; x_wconf 85' lang='lat' dir='ltr'><strong>pretiosum</strong></span> <span class='ocrx_word' id='word_1_440' title='bbox 1377 3416 1548 3471; x_wconf 90' lang='lat' dir='ltr'><strong>fuisse</strong></span> <span class='ocrx_word' id='word_1_441' title='bbox 1568 3416 1931 3487; x_wconf 74' lang='lat' dir='ltr'><strong>praedicatur;</strong></span> 
     </span>
    </p>
   </div>
   <div class='ocr_carea' id='block_1_54' title="bbox 337 3504 1933 3577">
    <p class='ocr_par' dir='ltr' id='par_1_54' title="bbox 337 3504 1933 3577">
     <span class='ocr_line' id='line_1_54' title="bbox 337 3504 1933 3577; baseline -0.001 -18"><span class='ocrx_word' id='word_1_442' title='bbox 337 3505 646 3577; x_wconf 91' lang='lat' dir='ltr'><strong>pretiosum</strong></span> <span class='ocrx_word' id='word_1_443' title='bbox 677 3505 871 3575; x_wconf 89' lang='lat' dir='ltr'><strong>utique</strong></span> <span class='ocrx_word' id='word_1_444' title='bbox 900 3504 1034 3576; x_wconf 90' lang='lat' dir='ltr'><strong>quia</strong></span> <span class='ocrx_word' id='word_1_445' title='bbox 1063 3504 1334 3558; x_wconf 89' lang='lat' dir='ltr'><strong>divinum.</strong></span> <span class='ocrx_word' id='word_1_446' title='bbox 1363 3505 1626 3575; x_wconf 91' lang='lat' dir='ltr'><strong>Alioquin</strong></span> <span class='ocrx_word' id='word_1_447' title='bbox 1656 3504 1761 3558; x_wconf 91' lang='lat' dir='ltr'><strong>nisi</strong></span> <span class='ocrx_word' id='word_1_448' title='bbox 1791 3506 1933 3559; x_wconf 89' lang='lat' dir='ltr'><strong>divi-</strong></span> 
     </span>
    </p>
   </div>
   <div class='ocr_carea' id='block_1_55' title="bbox 335 3593 1929 3665">
    <p class='ocr_par' dir='ltr' id='par_1_55' title="bbox 335 3593 1929 3665">
     <span class='ocr_line' id='line_1_55' title="bbox 335 3593 1929 3665; baseline 0.001 -17"><span class='ocrx_word' id='word_1_449' title='bbox 335 3610 476 3649; x_wconf 91' lang='lat' dir='ltr'><strong>num</strong></span> <span class='ocrx_word' id='word_1_450' title='bbox 503 3600 670 3658; x_wconf 88' lang='lat' dir='ltr'><strong>esset,</strong></span> <span class='ocrx_word' id='word_1_451' title='bbox 701 3608 870 3664; x_wconf 88' lang='lat' dir='ltr'><strong>super</strong></span> <span class='ocrx_word' id='word_1_452' title='bbox 896 3598 1065 3665; x_wconf 90' lang='lat' dir='ltr'><strong>caput</strong></span> <span class='ocrx_word' id='word_1_453' title='bbox 1093 3593 1301 3647; x_wconf 87' lang='lat' dir='ltr'><strong>Christi</strong></span> <span class='ocrx_word' id='word_1_454' title='bbox 1330 3593 1541 3648; x_wconf 84' lang='lat' dir='ltr'><strong>cll‘undi</strong></span> <span class='ocrx_word' id='word_1_455' title='bbox 1575 3610 1685 3647; x_wconf 93' lang='lat' dir='ltr'><strong>non</strong></span> <span class='ocrx_word' id='word_1_456' title='bbox 1718 3601 1929 3665; x_wconf 89' lang='lat' dir='ltr'><strong>posset;</strong></span> 
     </span>
    </p>
   </div>
   <div class='ocr_carea' id='block_1_56' title="bbox 338 3681 1935 3754">
    <p class='ocr_par' dir='ltr' id='par_1_56' title="bbox 338 3681 1935 3754">
     <span class='ocr_line' id='line_1_56' title="bbox 338 3681 1935 3754; baseline 0.001 -18"><span class='ocrx_word' id='word_1_457' title='bbox 338 3682 468 3754; x_wconf 89' lang='lat' dir='ltr'><strong>quia</strong></span> <span class='ocrx_word' id='word_1_458' title='bbox 497 3682 557 3736; x_wconf 90' lang='lat' dir='ltr'><strong>in</strong></span> <span class='ocrx_word' id='word_1_459' title='bbox 585 3688 755 3753; x_wconf 91' lang='lat' dir='ltr'><strong>caput</strong></span> <span class='ocrx_word' id='word_1_460' title='bbox 783 3681 990 3736; x_wconf 88' lang='lat' dir='ltr'><strong>Christi</strong></span> <span class='ocrx_word' id='word_1_461' title='bbox 1020 3681 1190 3749; x_wconf 91' lang='lat' dir='ltr'><strong>Deus,</strong></span> <span class='ocrx_word' id='word_1_462' title='bbox 1217 3686 1275 3735; x_wconf 91' lang='lat' dir='ltr'><strong>et</strong></span> <span class='ocrx_word' id='word_1_463' title='bbox 1315 3681 1373 3735; x_wconf 90' lang='lat' dir='ltr'><strong>in</strong></span> <span class='ocrx_word' id='word_1_464' title='bbox 1404 3682 1583 3737; x_wconf 92' lang='lat' dir='ltr'><strong>Deum</strong></span> <span class='ocrx_word' id='word_1_465' title='bbox 1615 3682 1754 3735; x_wconf 90' lang='lat' dir='ltr'><strong>nihil</strong></span> <span class='ocrx_word' id='word_1_466' title='bbox 1783 3683 1935 3737; x_wconf 92' lang='lat' dir='ltr'><strong>aliud</strong></span> 
     </span>
    </p>
   </div>
   <div class='ocr_carea' id='block_1_57' title="bbox 337 3770 1935 3843">
    <p class='ocr_par' dir='ltr' id='par_1_57' title="bbox 337 3770 1935 3843">
     <span class='ocr_line' id='line_1_57' title="bbox 337 3770 1935 3843; baseline -0.001 -17"><span class='ocrx_word' id='word_1_467' title='bbox 337 3777 542 3843; x_wconf 81' lang='lat' dir='ltr'><strong>praeter</strong></span> <span class='ocrx_word' id='word_1_468' title='bbox 568 3771 626 3825; x_wconf 91' lang='lat' dir='ltr'><strong>id</strong></span> <span class='ocrx_word' id='word_1_469' title='bbox 654 3771 802 3842; x_wconf 90' lang='lat' dir='ltr'><strong>quod</strong></span> <span class='ocrx_word' id='word_1_470' title='bbox 826 3770 1076 3825; x_wconf 90' lang='lat' dir='ltr'><strong>divinum</strong></span> <span class='ocrx_word' id='word_1_471' title='bbox 1100 3777 1186 3825; x_wconf 92' lang='lat' dir='ltr'><strong>est</strong></span> <span class='ocrx_word' id='word_1_472' title='bbox 1202 3770 1370 3825; x_wconf 88' lang='lat' dir='ltr'><strong>cadit.</strong></span> <span class='ocrx_word' id='word_1_473' title='bbox 1403 3773 1482 3826; x_wconf 82' lang='lat' dir='ltr'><strong>Ac</strong></span> <span class='ocrx_word' id='word_1_474' title='bbox 1508 3786 1609 3842; x_wconf 88' lang='lat' dir='ltr'><strong>per</strong></span> <span class='ocrx_word' id='word_1_475' title='bbox 1644 3771 1749 3825; x_wconf 89' lang='lat' dir='ltr'><strong>hoc</strong></span> <span class='ocrx_word' id='word_1_476' title='bbox 1771 3772 1935 3842; x_wconf 87' lang='lat' dir='ltr'><strong>quid-</strong></span> 
     </span>
    </p>
   </div>
   <div class='ocr_carea' id='block_1_58' title="bbox 339 3858 1934 3932">
    <p class='ocr_par' dir='ltr' id='par_1_58' title="bbox 339 3858 1934 3932">
     <span class='ocr_line' id='line_1_58' title="bbox 339 3858 1934 3932; baseline -0.002 -17"><span class='ocrx_word' id='word_1_477' title='bbox 339 3860 474 3932; x_wconf 91' lang='lat' dir='ltr'><strong>quid</strong></span> <span class='ocrx_word' id='word_1_478' title='bbox 490 3866 577 3916; x_wconf 92' lang='lat' dir='ltr'><strong>est</strong></span> <span class='ocrx_word' id='word_1_479' title='bbox 590 3876 699 3931; x_wconf 89' lang='lat' dir='ltr'><strong>quo</strong></span> <span class='ocrx_word' id='word_1_480' title='bbox 711 3860 1034 3914; x_wconf 86' lang='lat' dir='ltr'><strong>humanitas</strong></span> <span class='ocrx_word' id='word_1_481' title='bbox 1052 3858 1259 3914; x_wconf 88' lang='lat' dir='ltr'><strong>Christi</strong></span> <span class='ocrx_word' id='word_1_482' title='bbox 1270 3859 1521 3929; x_wconf 88' lang='lat' dir='ltr'><strong>ungitur,</strong></span> <span class='ocrx_word' id='word_1_483' title='bbox 1537 3876 1659 3930; x_wconf 71' lang='lat' dir='ltr'><strong>quae</strong></span> <span class='ocrx_word' id='word_1_484' title='bbox 1673 3860 1934 3914; x_wconf 76' lang='lat' dir='ltr'><strong>decisum</strong></span> 
     </span>
    </p>
   </div>
   <div class='ocr_carea' id='block_1_59' title="bbox 339 3938 1939 4019">
    <p class='ocr_par' dir='ltr' id='par_1_59' title="bbox 339 3938 1939 4019">
     <span class='ocr_line' id='line_1_59' title="bbox 339 3938 1939 4019; baseline 0 -16"><span class='ocrx_word' id='word_1_485' title='bbox 339 3954 444 4015; x_wconf 88' lang='lat' dir='ltr'><strong>est,</strong></span> <span class='ocrx_word' id='word_1_486' title='bbox 479 3964 679 4019; x_wconf 90' lang='lat' dir='ltr'><strong>parum</strong></span> <span class='ocrx_word' id='word_1_487' title='bbox 704 3955 761 4003; x_wconf 91' lang='lat' dir='ltr'><strong>et</strong></span> <span class='ocrx_word' id='word_1_488' title='bbox 791 3938 1180 4003; x_wconf 79' lang='lat' dir='ltr'><strong>fidelissimum</strong></span> <span class='ocrx_word' id='word_1_489' title='bbox 1217 3965 1336 4002; x_wconf 91' lang='lat' dir='ltr'><strong>esse</strong></span> <span class='ocrx_word' id='word_1_490' title='bbox 1366 3947 1552 4016; x_wconf 88' lang='lat' dir='ltr'><strong>debet,</strong></span> <span class='ocrx_word' id='word_1_491' title='bbox 1583 3949 1742 4018; x_wconf 89' lang='lat' dir='ltr'><strong>cujus</strong></span> <span class='ocrx_word' id='word_1_492' title='bbox 1768 3948 1939 4003; x_wconf 83' lang='lat' dir='ltr'><strong>odore</strong></span> 
     </span>
    </p>
   </div>
   <div class='ocr_carea' id='block_1_60' title="bbox 337 4036 1939 4107">
    <p class='ocr_par' dir='ltr' id='par_1_60' title="bbox 337 4036 1939 4107">
     <span class='ocr_line' id='line_1_60' title="bbox 337 4036 1939 4107; baseline 0.001 -17"><span class='ocrx_word' id='word_1_493' title='bbox 337 4041 459 4090; x_wconf 87' lang='lat' dir='ltr'><strong>tota</strong></span> <span class='ocrx_word' id='word_1_494' title='bbox 481 4036 857 4107; x_wconf 89' lang='lat' dir='ltr'><strong>adimpleatur</strong></span> <span class='ocrx_word' id='word_1_495' title='bbox 882 4037 1083 4090; x_wconf 91' lang='lat' dir='ltr'><strong>domus</strong></span> <span class='ocrx_word' id='word_1_496' title='bbox 1112 4036 1297 4101; x_wconf 90' lang='lat' dir='ltr'><strong>sicuti,</strong></span> <span class='ocrx_word' id='word_1_497' title='bbox 1323 4053 1423 4107; x_wconf 88' lang='lat' dir='ltr'><strong>per</strong></span> <span class='ocrx_word' id='word_1_498' title='bbox 1444 4036 1789 4091; x_wconf 86' lang='lat' dir='ltr'><strong>Ezechielem</strong></span> <span class='ocrx_word' id='word_1_499' title='bbox 1813 4053 1939 4091; x_wconf 90' lang='lat' dir='ltr'><strong>nar-</strong></span> 
     </span>
    </p>
   </div>
   <div class='ocr_carea' id='block_1_61' title="bbox 338 4123 1938 4196">
    <p class='ocr_par' dir='ltr' id='par_1_61' title="bbox 338 4123 1938 4196">
     <span class='ocr_line' id='line_1_61' title="bbox 338 4123 1938 4196; baseline 0.001 -18"><span class='ocrx_word' id='word_1_500' title='bbox 338 4128 499 4178; x_wconf 88' lang='lat' dir='ltr'><strong>ratur</strong></span> <span class='ocrx_word' id='word_1_501' title='bbox 514 4123 662 4193; x_wconf 92' lang='lat' dir='ltr'><strong>quod</strong></span> <span class='ocrx_word' id='word_1_502' title='bbox 679 4123 879 4176; x_wconf 89' lang='lat' dir='ltr'><strong>viderit</strong></span> <span class='ocrx_word' id='word_1_503' title='bbox 909 4123 1211 4177; x_wconf 90' lang='lat' dir='ltr'><strong>Dominum</strong></span> <span class='ocrx_word' id='word_1_504' title='bbox 1230 4124 1519 4178; x_wconf 89' lang='lat' dir='ltr'><strong>sedentem</strong></span> <span class='ocrx_word' id='word_1_505' title='bbox 1544 4142 1714 4196; x_wconf 88' lang='lat' dir='ltr'><strong>super</strong></span> <span class='ocrx_word' id='word_1_506' title='bbox 1734 4125 1938 4180; x_wconf 90' lang='lat' dir='ltr'><strong>solium</strong></span> 
     </span>
    </p>
   </div>
   <div class='ocr_carea' id='block_1_62' title="bbox 339 4210 1940 4284">
    <p class='ocr_par' dir='ltr' id='par_1_62' title="bbox 339 4210 1940 4284">
     <span class='ocr_line' id='line_1_62' title="bbox 339 4210 1940 4284; baseline 0.002 -19"><span class='ocrx_word' id='word_1_507' title='bbox 339 4210 615 4266; x_wconf 83' lang='lat' dir='ltr'><strong>excelsum</strong></span> <span class='ocrx_word' id='word_1_508' title='bbox 648 4215 705 4263; x_wconf 90' lang='lat' dir='ltr'><strong>ct</strong></span> <span class='ocrx_word' id='word_1_509' title='bbox 731 4211 1027 4276; x_wconf 87' lang='lat' dir='ltr'><strong>elevatum,</strong></span> <span class='ocrx_word' id='word_1_510' title='bbox 1065 4217 1122 4264; x_wconf 92' lang='lat' dir='ltr'><strong>ct</strong></span> <span class='ocrx_word' id='word_1_511' title='bbox 1150 4227 1216 4264; x_wconf 89' lang='lat' dir='ltr'><strong>ea</strong></span> <span class='ocrx_word' id='word_1_512' title='bbox 1243 4228 1365 4281; x_wconf 64' lang='lat' dir='ltr'><strong>qua:</strong></span> <span class='ocrx_word' id='word_1_513' title='bbox 1385 4212 1488 4266; x_wconf 91' lang='lat' dir='ltr'><strong>sub</strong></span> <span class='ocrx_word' id='word_1_514' title='bbox 1518 4213 1639 4284; x_wconf 90' lang='lat' dir='ltr'><strong>ipso</strong></span> <span class='ocrx_word' id='word_1_515' title='bbox 1669 4220 1832 4268; x_wconf 89' lang='lat' dir='ltr'><strong>erant</strong></span> <span class='ocrx_word' id='word_1_516' title='bbox 1856 4231 1940 4269; x_wconf 86' lang='lat' dir='ltr'><strong>re-</strong></span> 
     </span>
    </p>
   </div>
   <div class='ocr_carea' id='block_1_63' title="bbox 2026 1911 3586 1985">
    <p class='ocr_par' dir='ltr' id='par_1_63' title="bbox 2026 1911 3586 1985">
     <span class='ocr_line' id='line_1_63' title="bbox 2026 1911 3586 1985; baseline -0.003 -16"><span class='ocrx_word' id='word_1_517' title='bbox 2026 1915 2086 1969; x_wconf 91' lang='lat' dir='ltr'><strong>in</strong></span> <span class='ocrx_word' id='word_1_518' title='bbox 2105 1917 2266 1985; x_wconf 91' lang='lat' dir='ltr'><strong>cujus</strong></span> <span class='ocrx_word' id='word_1_519' title='bbox 2285 1914 2514 1968; x_wconf 89' lang='lat' dir='ltr'><strong>domum</strong></span> <span class='ocrx_word' id='word_1_520' title='bbox 2536 1913 2652 1978; x_wconf 89' lang='lat' dir='ltr'><strong>illa,</strong></span> <span class='ocrx_word' id='word_1_521' title='bbox 2681 1930 2804 1984; x_wconf 65' lang='lat' dir='ltr'><strong>quae</strong></span> <span class='ocrx_word' id='word_1_522' title='bbox 2824 1912 3101 1984; x_wconf 85' lang='lat' dir='ltr'><strong>peccatrix</strong></span> <span class='ocrx_word' id='word_1_523' title='bbox 3121 1912 3342 1977; x_wconf 90' lang='lat' dir='ltr'><strong>dicitur,</strong></span> <span class='ocrx_word' id='word_1_524' title='bbox 3361 1911 3586 1978; x_wconf 85' lang='lat' dir='ltr'><strong>intravit;</strong></span> 
     </span>
    </p>
   </div>
   <div class='ocr_carea' id='block_1_64' title="bbox 2023 2001 3590 2065">
    <p class='ocr_par' dir='ltr' id='par_1_64' title="bbox 2023 2001 3590 2065">
     <span class='ocr_line' id='line_1_64' title="bbox 2023 2001 3590 2065; baseline -0.002 -8"><span class='ocrx_word' id='word_1_525' title='bbox 2023 2020 2122 2058; x_wconf 90' lang='lat' dir='ltr'><strong>seu</strong></span> <span class='ocrx_word' id='word_1_526' title='bbox 2140 2002 2312 2058; x_wconf 88' lang='lat' dir='ltr'><strong>fuerit</strong></span> <span class='ocrx_word' id='word_1_527' title='bbox 2330 2002 2388 2056; x_wconf 91' lang='lat' dir='ltr'><strong>in</strong></span> <span class='ocrx_word' id='word_1_528' title='bbox 2410 2001 2683 2057; x_wconf 86' lang='lat' dir='ltr'><strong>Bethania</strong></span> <span class='ocrx_word' id='word_1_529' title='bbox 2701 2001 2799 2055; x_wconf 91' lang='lat' dir='ltr'><strong>illa</strong></span> <span class='ocrx_word' id='word_1_530' title='bbox 2815 2001 3035 2065; x_wconf 90' lang='lat' dir='ltr'><strong>domus,</strong></span> <span class='ocrx_word' id='word_1_531' title='bbox 3060 2017 3161 2055; x_wconf 88' lang='lat' dir='ltr'><strong>seu</strong></span> <span class='ocrx_word' id='word_1_532' title='bbox 3192 2018 3322 2056; x_wconf 79' lang='lat' dir='ltr'><strong>non.</strong></span> <span class='ocrx_word' id='word_1_533' title='bbox 3351 2001 3486 2065; x_wconf 87' lang='lat' dir='ltr'><strong>Quia</strong></span> <span class='ocrx_word' id='word_1_534' title='bbox 3508 2017 3590 2054; x_wconf 89' lang='lat' dir='ltr'><strong>nec</strong></span> 
     </span>
    </p>
   </div>
   <div class='ocr_carea' id='block_1_65' title="bbox 2024 2088 3588 2160">
    <p class='ocr_par' dir='ltr' id='par_1_65' title="bbox 2024 2088 3588 2160">
     <span class='ocr_line' id='line_1_65' title="bbox 2024 2088 3588 2160; baseline -0.003 -14"><span class='ocrx_word' id='word_1_535' title='bbox 2024 2092 2203 2146; x_wconf 90' lang='lat' dir='ltr'><strong>Lucas</strong></span> <span class='ocrx_word' id='word_1_536' title='bbox 2232 2090 2563 2145; x_wconf 91' lang='lat' dir='ltr'><strong>Bethaniam</strong></span> <span class='ocrx_word' id='word_1_537' title='bbox 2609 2089 2880 2155; x_wconf 77' lang='lat' dir='ltr'><strong>nominat,</strong></span> <span class='ocrx_word' id='word_1_538' title='bbox 2913 2106 3019 2144; x_wconf 90' lang='lat' dir='ltr'><strong>nec</strong></span> <span class='ocrx_word' id='word_1_539' title='bbox 3046 2089 3328 2145; x_wconf 83' lang='lat' dir='ltr'><strong>civitatem</strong></span> <span class='ocrx_word' id='word_1_540' title='bbox 3356 2088 3588 2160; x_wconf 79' lang='lat' dir='ltr'><strong>aliquam,</strong></span> 
     </span>
    </p>
   </div>
   <div class='ocr_carea' id='block_1_66' title="bbox 2022 2178 3590 2250">
    <p class='ocr_par' dir='ltr' id='par_1_66' title="bbox 2022 2178 3590 2250">
     <span class='ocr_line' id='line_1_66' title="bbox 2022 2178 3590 2250; baseline -0.001 -18"><span class='ocrx_word' id='word_1_541' title='bbox 2022 2180 2109 2233; x_wconf 90' lang='lat' dir='ltr'><strong>vel</strong></span> <span class='ocrx_word' id='word_1_542' title='bbox 2135 2180 2461 2245; x_wconf 84' lang='lat' dir='ltr'><strong>castellum;</strong></span> <span class='ocrx_word' id='word_1_543' title='bbox 2494 2195 2675 2250; x_wconf 90' lang='lat' dir='ltr'><strong>neque</strong></span> <span class='ocrx_word' id='word_1_544' title='bbox 2696 2179 2949 2249; x_wconf 87' lang='lat' dir='ltr'><strong>ejusdem</strong></span> <span class='ocrx_word' id='word_1_545' title='bbox 2980 2178 3063 2233; x_wconf 88' lang='lat' dir='ltr'><strong>rei</strong></span> <span class='ocrx_word' id='word_1_546' title='bbox 3082 2178 3335 2233; x_wconf 88' lang='lat' dir='ltr'><strong>narratio</strong></span> <span class='ocrx_word' id='word_1_547' title='bbox 3350 2179 3403 2232; x_wconf 92' lang='lat' dir='ltr'><strong>in</strong></span> <span class='ocrx_word' id='word_1_548' title='bbox 3424 2178 3590 2232; x_wconf 90' lang='lat' dir='ltr'><strong>eodem</strong></span> 
     </span>
    </p>
   </div>
   <div class='ocr_carea' id='block_1_67' title="bbox 2022 2267 3592 2339">
    <p class='ocr_par' dir='ltr' id='par_1_67' title="bbox 2022 2267 3592 2339">
     <span class='ocr_line' id='line_1_67' title="bbox 2022 2267 3592 2339; baseline -0.001 -18"><span class='ocrx_word' id='word_1_549' title='bbox 2022 2268 2142 2322; x_wconf 91' lang='lat' dir='ltr'><strong>loco</strong></span> <span class='ocrx_word' id='word_1_550' title='bbox 2165 2268 2385 2322; x_wconf 89' lang='lat' dir='ltr'><strong>videtur</strong></span> <span class='ocrx_word' id='word_1_551' title='bbox 2412 2268 2648 2324; x_wconf 88' lang='lat' dir='ltr'><strong>versari.</strong></span> <span class='ocrx_word' id='word_1_552' title='bbox 2691 2267 3045 2339; x_wconf 88' lang='lat' dir='ltr'><strong>Quapropter</strong></span> <span class='ocrx_word' id='word_1_553' title='bbox 3069 2274 3258 2338; x_wconf 88' lang='lat' dir='ltr'><strong>potest</strong></span> <span class='ocrx_word' id='word_1_554' title='bbox 3294 2267 3428 2332; x_wconf 86' lang='lat' dir='ltr'><strong>ﬁeri,</strong></span> <span class='ocrx_word' id='word_1_555' title='bbox 3453 2268 3592 2337; x_wconf 79' lang='lat' dir='ltr'><strong>juxta</strong></span> 
     </span>
    </p>
   </div>
   <div class='ocr_carea' id='block_1_68' title="bbox 2022 2355 3589 2427">
    <p class='ocr_par' dir='ltr' id='par_1_68' title="bbox 2022 2355 3589 2427">
     <span class='ocr_line' id='line_1_68' title="bbox 2022 2355 3589 2427; baseline -0.001 -16"><span class='ocrx_word' id='word_1_556' title='bbox 2022 2357 2168 2427; x_wconf 90' lang='lat' dir='ltr'><strong>quod</strong></span> <span class='ocrx_word' id='word_1_557' title='bbox 2180 2357 2368 2411; x_wconf 81' lang='lat' dir='ltr'><strong>eximii</strong></span> <span class='ocrx_word' id='word_1_558' title='bbox 2381 2362 2569 2427; x_wconf 89' lang='lat' dir='ltr'><strong>patres</strong></span> <span class='ocrx_word' id='word_1_559' title='bbox 2582 2356 2911 2411; x_wconf 83' lang='lat' dir='ltr'><strong>Ambrosius</strong></span> <span class='ocrx_word' id='word_1_560' title='bbox 2921 2362 2978 2410; x_wconf 91' lang='lat' dir='ltr'><strong>et</strong></span> <span class='ocrx_word' id='word_1_561' title='bbox 2991 2357 3343 2426; x_wconf 82' lang='lat' dir='ltr'><strong>Augustinus</strong></span> <span class='ocrx_word' id='word_1_562' title='bbox 3352 2355 3589 2416; x_wconf 77' lang='lat' dir='ltr'><strong>sentiunt,</strong></span> 
     </span>
    </p>
   </div>
   <div class='ocr_carea' id='block_1_69' title="bbox 2019 2442 3590 2516">
    <p class='ocr_par' dir='ltr' id='par_1_69' title="bbox 2019 2442 3590 2516">
     <span class='ocr_line' id='line_1_69' title="bbox 2019 2442 3590 2516; baseline -0.002 -17"><span class='ocrx_word' id='word_1_563' title='bbox 2019 2462 2190 2500; x_wconf 90' lang='lat' dir='ltr'><strong>unam</strong></span> <span class='ocrx_word' id='word_1_564' title='bbox 2207 2445 2574 2516; x_wconf 89' lang='lat' dir='ltr'><strong>eamdemque</strong></span> <span class='ocrx_word' id='word_1_565' title='bbox 2592 2444 2887 2499; x_wconf 87' lang='lat' dir='ltr'><strong>mulierem</strong></span> <span class='ocrx_word' id='word_1_566' title='bbox 2902 2444 3072 2499; x_wconf 85' lang='lat' dir='ltr'><strong>fuisse</strong></span> <span class='ocrx_word' id='word_1_567' title='bbox 3100 2461 3227 2516; x_wconf 72' lang='lat' dir='ltr'><strong>quae</strong></span> <span class='ocrx_word' id='word_1_568' title='bbox 3256 2444 3518 2516; x_wconf 70' lang='lat' dir='ltr'><strong>peccatrix</strong></span> <span class='ocrx_word' id='word_1_569' title='bbox 3542 2442 3590 2496; x_wconf 89' lang='lat' dir='ltr'><strong>in</strong></span> 
     </span>
    </p>
   </div>
   <div class='ocr_carea' id='block_1_70' title="bbox 2018 2532 3589 2605">
    <p class='ocr_par' dir='ltr' id='par_1_70' title="bbox 2018 2532 3589 2605">
     <span class='ocr_line' id='line_1_70' title="bbox 2018 2532 3589 2605; baseline -0.001 -17"><span class='ocrx_word' id='word_1_570' title='bbox 2018 2534 2241 2589; x_wconf 88' lang='lat' dir='ltr'><strong>civitate</strong></span> <span class='ocrx_word' id='word_1_571' title='bbox 2282 2550 2403 2589; x_wconf 90' lang='lat' dir='ltr'><strong>esse</strong></span> <span class='ocrx_word' id='word_1_572' title='bbox 2450 2539 2733 2598; x_wconf 86' lang='lat' dir='ltr'><strong>narratur,</strong></span> <span class='ocrx_word' id='word_1_573' title='bbox 2783 2533 2873 2588; x_wconf 91' lang='lat' dir='ltr'><strong>cui</strong></span> <span class='ocrx_word' id='word_1_574' title='bbox 2904 2532 3055 2603; x_wconf 88' lang='lat' dir='ltr'><strong>(quia</strong></span> <span class='ocrx_word' id='word_1_575' title='bbox 3074 2534 3243 2603; x_wconf 86' lang='lat' dir='ltr'><strong>juxta</strong></span> <span class='ocrx_word' id='word_1_576' title='bbox 3271 2533 3589 2605; x_wconf 87' lang='lat' dir='ltr'><strong>paradigma,</strong></span> 
     </span>
    </p>
   </div>
   <div class='ocr_carea' id='block_1_71' title="bbox 2017 2622 3591 2694">
    <p class='ocr_par' dir='ltr' id='par_1_71' title="bbox 2017 2622 3591 2694">
     <span class='ocr_line' id='line_1_71' title="bbox 2017 2622 3591 2694; baseline -0.003 -15"><span class='ocrx_word' id='word_1_577' title='bbox 2017 2624 2196 2679; x_wconf 90' lang='lat' dir='ltr'><strong>Deum</strong></span> <span class='ocrx_word' id='word_1_578' title='bbox 2224 2623 2419 2678; x_wconf 85' lang='lat' dir='ltr'><strong>dilexit</strong></span> <span class='ocrx_word' id='word_1_579' title='bbox 2444 2623 2712 2691; x_wconf 89' lang='lat' dir='ltr'><strong>multum)</strong></span> <span class='ocrx_word' id='word_1_580' title='bbox 2737 2622 2971 2677; x_wconf 88' lang='lat' dir='ltr'><strong>dimissa</strong></span> <span class='ocrx_word' id='word_1_581' title='bbox 3000 2629 3134 2677; x_wconf 90' lang='lat' dir='ltr'><strong>sunt</strong></span> <span class='ocrx_word' id='word_1_582' title='bbox 3162 2628 3392 2694; x_wconf 85' lang='lat' dir='ltr'><strong>peccata</strong></span> <span class='ocrx_word' id='word_1_583' title='bbox 3411 2622 3591 2676; x_wconf 87' lang='lat' dir='ltr'><strong>multa.</strong></span> 
     </span>
    </p>
   </div>
   <div class='ocr_carea' id='block_1_72' title="bbox 2018 2709 3594 2782">
    <p class='ocr_par' dir='ltr' id='par_1_72' title="bbox 2018 2709 3594 2782">
     <span class='ocr_line' id='line_1_72' title="bbox 2018 2709 3594 2782; baseline -0.001 -16"><span class='ocrx_word' id='word_1_584' title='bbox 2018 2712 2127 2767; x_wconf 91' lang='lat' dir='ltr'><strong>Sed</strong></span> <span class='ocrx_word' id='word_1_585' title='bbox 2152 2712 2407 2767; x_wconf 88' lang='lat' dir='ltr'><strong>eamdem</strong></span> <span class='ocrx_word' id='word_1_586' title='bbox 2437 2712 2673 2766; x_wconf 87' lang='lat' dir='ltr'><strong>Mariam</strong></span> <span class='ocrx_word' id='word_1_587' title='bbox 2700 2715 2922 2765; x_wconf 89' lang='lat' dir='ltr'><strong>constat</strong></span> <span class='ocrx_word' id='word_1_588' title='bbox 2961 2709 3047 2764; x_wconf 89' lang='lat' dir='ltr'><strong>bis</strong></span> <span class='ocrx_word' id='word_1_589' title='bbox 3097 2711 3205 2766; x_wconf 93' lang='lat' dir='ltr'><strong>hoc</strong></span> <span class='ocrx_word' id='word_1_590' title='bbox 3241 2711 3450 2777; x_wconf 87' lang='lat' dir='ltr'><strong>fecisse,</strong></span> <span class='ocrx_word' id='word_1_591' title='bbox 3480 2709 3594 2782; x_wconf 84' lang='lat' dir='ltr'><strong>quia</strong></span> 
     </span>
    </p>
   </div>
   <div class='ocr_carea' id='block_1_73' title="bbox 2018 2799 3595 2872">
    <p class='ocr_par' dir='ltr' id='par_1_73' title="bbox 2018 2799 3595 2872">
     <span class='ocr_line' id='line_1_73' title="bbox 2018 2799 3595 2872; baseline 0 -19"><span class='ocrx_word' id='word_1_592' title='bbox 2018 2799 2288 2870; x_wconf 86' lang='lat' dir='ltr'><strong>diligebat</strong></span> <span class='ocrx_word' id='word_1_593' title='bbox 2307 2800 2633 2871; x_wconf 89' lang='lat' dir='ltr'><strong>plurimum.</strong></span> <span class='ocrx_word' id='word_1_594' title='bbox 2665 2799 2825 2855; x_wconf 85' lang='lat' dir='ltr'><strong>Unde</strong></span> <span class='ocrx_word' id='word_1_595' title='bbox 2852 2805 2910 2855; x_wconf 91' lang='lat' dir='ltr'><strong>et</strong></span> <span class='ocrx_word' id='word_1_596' title='bbox 2945 2800 3182 2854; x_wconf 88' lang='lat' dir='ltr'><strong>accessit</strong></span> <span class='ocrx_word' id='word_1_597' title='bbox 3208 2800 3447 2872; x_wconf 91' lang='lat' dir='ltr'><strong>primum</strong></span> <span class='ocrx_word' id='word_1_598' title='bbox 3486 2815 3595 2854; x_wconf 89' lang='lat' dir='ltr'><strong>cum</strong></span> 
     </span>
    </p>
   </div>
   <div class='ocr_carea' id='block_1_74' title="bbox 2019 2887 3596 2960">
    <p class='ocr_par' dir='ltr' id='par_1_74' title="bbox 2019 2887 3596 2960">
     <span class='ocr_line' id='line_1_74' title="bbox 2019 2887 3596 2960; baseline 0 -19"><span class='ocrx_word' id='word_1_599' title='bbox 2019 2888 2199 2942; x_wconf 88' lang='lat' dir='ltr'><strong>multa</strong></span> <span class='ocrx_word' id='word_1_600' title='bbox 2220 2889 2575 2945; x_wconf 87' lang='lat' dir='ltr'><strong>humanitate</strong></span> <span class='ocrx_word' id='word_1_601' title='bbox 2590 2894 2648 2943; x_wconf 89' lang='lat' dir='ltr'><strong>et</strong></span> <span class='ocrx_word' id='word_1_602' title='bbox 2671 2888 2883 2960; x_wconf 89' lang='lat' dir='ltr'><strong>pudore</strong></span> <span class='ocrx_word' id='word_1_603' title='bbox 2896 2887 3096 2956; x_wconf 90' lang='lat' dir='ltr'><strong>nimio;</strong></span> <span class='ocrx_word' id='word_1_604' title='bbox 3115 2889 3313 2960; x_wconf 89' lang='lat' dir='ltr'><strong>sicque</strong></span> <span class='ocrx_word' id='word_1_605' title='bbox 3331 2889 3527 2944; x_wconf 89' lang='lat' dir='ltr'><strong>meruit</strong></span> <span class='ocrx_word' id='word_1_606' title='bbox 3541 2904 3596 2943; x_wconf 81' lang='lat' dir='ltr'><strong>ex</strong></span> 
     </span>
    </p>
   </div>
   <div class='ocr_carea' id='block_1_75' title="bbox 2018 2975 3596 3048">
    <p class='ocr_par' dir='ltr' id='par_1_75' title="bbox 2018 2975 3596 3048">
     <span class='ocr_line' id='line_1_75' title="bbox 2018 2975 3596 3048; baseline 0 -19"><span class='ocrx_word' id='word_1_607' title='bbox 2018 2975 2274 3030; x_wconf 87' lang='lat' dir='ltr'><strong>ubertate</strong></span> <span class='ocrx_word' id='word_1_608' title='bbox 2304 2976 2702 3048; x_wconf 86' lang='lat' dir='ltr'><strong>lacrymarum,</strong></span> <span class='ocrx_word' id='word_1_609' title='bbox 2731 2982 2788 3031; x_wconf 90' lang='lat' dir='ltr'><strong>et</strong></span> <span class='ocrx_word' id='word_1_610' title='bbox 2812 2976 3109 3031; x_wconf 88' lang='lat' dir='ltr'><strong>dilectione</strong></span> <span class='ocrx_word' id='word_1_611' title='bbox 3136 2978 3401 3042; x_wconf 87' lang='lat' dir='ltr'><strong>maxima,</strong></span> <span class='ocrx_word' id='word_1_612' title='bbox 3422 2976 3596 3031; x_wconf 85' lang='lat' dir='ltr'><strong>remis-</strong></span> 
     </span>
    </p>
   </div>
   <div class='ocr_carea' id='block_1_76' title="bbox 2019 3064 3594 3138">
    <p class='ocr_par' dir='ltr' id='par_1_76' title="bbox 2019 3064 3594 3138">
     <span class='ocr_line' id='line_1_76' title="bbox 2019 3064 3594 3138; baseline -0.001 -19"><span class='ocrx_word' id='word_1_613' title='bbox 2019 3064 2233 3119; x_wconf 91' lang='lat' dir='ltr'><strong>sionem</strong></span> <span class='ocrx_word' id='word_1_614' title='bbox 2264 3073 2640 3135; x_wconf 89' lang='lat' dir='ltr'><strong>peccatorum.</strong></span> <span class='ocrx_word' id='word_1_615' title='bbox 2670 3066 2739 3119; x_wconf 90' lang='lat' dir='ltr'><strong>Et</strong></span> <span class='ocrx_word' id='word_1_616' title='bbox 2766 3065 2900 3136; x_wconf 89' lang='lat' dir='ltr'><strong>quia</strong></span> <span class='ocrx_word' id='word_1_617' title='bbox 2936 3073 3231 3138; x_wconf 89' lang='lat' dir='ltr'><strong>acceptum</strong></span> <span class='ocrx_word' id='word_1_618' title='bbox 3276 3068 3389 3121; x_wconf 91' lang='lat' dir='ltr'><strong>Deo</strong></span> <span class='ocrx_word' id='word_1_619' title='bbox 3416 3067 3594 3130; x_wconf 80' lang='lat' dir='ltr'><strong>fuerat,</strong></span> 
     </span>
    </p>
   </div>
   <div class='ocr_carea' id='block_1_77' title="bbox 2022 3152 3599 3224">
    <p class='ocr_par' dir='ltr' id='par_1_77' title="bbox 2022 3152 3599 3224">
     <span class='ocr_line' id='line_1_77' title="bbox 2022 3152 3599 3224; baseline -0.002 -18"><span class='ocrx_word' id='word_1_620' title='bbox 2022 3152 2293 3223; x_wconf 90' lang='lat' dir='ltr'><strong>quidquid</strong></span> <span class='ocrx_word' id='word_1_621' title='bbox 2323 3153 2519 3207; x_wconf 90' lang='lat' dir='ltr'><strong>devote</strong></span> <span class='ocrx_word' id='word_1_622' title='bbox 2549 3153 2791 3224; x_wconf 84' lang='lat' dir='ltr'><strong>primum</strong></span> <span class='ocrx_word' id='word_1_623' title='bbox 2822 3153 3123 3218; x_wconf 89' lang='lat' dir='ltr'><strong>obtulerat,</strong></span> <span class='ocrx_word' id='word_1_624' title='bbox 3174 3162 3235 3209; x_wconf 91' lang='lat' dir='ltr'><strong>et</strong></span> <span class='ocrx_word' id='word_1_625' title='bbox 3273 3154 3548 3209; x_wconf 83' lang='lat' dir='ltr'><strong>laudatum</strong></span> <span class='ocrx_word' id='word_1_626' title='bbox 3570 3168 3599 3203; x_wconf 85' lang='lat' dir='ltr'><strong>a</strong></span> 
     </span>
    </p>
   </div>
   <div class='ocr_carea' id='block_1_78' title="bbox 2018 3241 3599 3315">
    <p class='ocr_par' dir='ltr' id='par_1_78' title="bbox 2018 3241 3599 3315">
     <span class='ocr_line' id='line_1_78' title="bbox 2018 3241 3599 3315; baseline -0.001 -20"><span class='ocrx_word' id='word_1_627' title='bbox 2018 3241 2277 3307; x_wconf 87' lang='lat' dir='ltr'><strong>Domino,</strong></span> <span class='ocrx_word' id='word_1_628' title='bbox 2301 3258 2415 3296; x_wconf 91' lang='lat' dir='ltr'><strong>non</strong></span> <span class='ocrx_word' id='word_1_629' title='bbox 2431 3241 2707 3297; x_wconf 87' lang='lat' dir='ltr'><strong>dubitavit</strong></span> <span class='ocrx_word' id='word_1_630' title='bbox 2733 3243 2940 3298; x_wconf 87' lang='lat' dir='ltr'><strong>iterare</strong></span> <span class='ocrx_word' id='word_1_631' title='bbox 2960 3244 3017 3297; x_wconf 92' lang='lat' dir='ltr'><strong>in</strong></span> <span class='ocrx_word' id='word_1_632' title='bbox 3043 3245 3211 3311; x_wconf 84' lang='lat' dir='ltr'><strong>tacto,</strong></span> <span class='ocrx_word' id='word_1_633' title='bbox 3248 3252 3307 3299; x_wconf 92' lang='lat' dir='ltr'><strong>et</strong></span> <span class='ocrx_word' id='word_1_634' title='bbox 3321 3241 3599 3315; x_wconf 89' lang='lat' dir='ltr'><strong>pretiosius</strong></span> 
     </span>
    </p>
   </div>
   <div class='ocr_carea' id='block_1_79' title="bbox 2017 3331 3598 3401">
    <p class='ocr_par' dir='ltr' id='par_1_79' title="bbox 2017 3331 3598 3401">
     <span class='ocr_line' id='line_1_79' title="bbox 2017 3331 3598 3401; baseline -0.001 -18"><span class='ocrx_word' id='word_1_635' title='bbox 2017 3331 2236 3391; x_wconf 71' lang='lat' dir='ltr'><strong>offerre.</strong></span> <span class='ocrx_word' id='word_1_636' title='bbox 2252 3347 2361 3401; x_wconf 89' lang='lat' dir='ltr'><strong>quo</strong></span> <span class='ocrx_word' id='word_1_637' title='bbox 2383 3331 2697 3401; x_wconf 89' lang='lat' dir='ltr'><strong>repleretur</strong></span> <span class='ocrx_word' id='word_1_638' title='bbox 2714 3336 2837 3386; x_wconf 88' lang='lat' dir='ltr'><strong>tota</strong></span> <span class='ocrx_word' id='word_1_639' title='bbox 2855 3332 3055 3387; x_wconf 89' lang='lat' dir='ltr'><strong>domus</strong></span> <span class='ocrx_word' id='word_1_640' title='bbox 3070 3350 3134 3387; x_wconf 68' lang='lat' dir='ltr'><strong>ea</strong></span> <span class='ocrx_word' id='word_1_641' title='bbox 3144 3336 3309 3387; x_wconf 84' lang='lat' dir='ltr'><strong>odore</strong></span> <span class='ocrx_word' id='word_1_642' title='bbox 3324 3333 3598 3401; x_wconf 74' lang='lat' dir='ltr'><strong>ungurnti.</strong></span> 
     </span>
    </p>
   </div>
   <div class='ocr_carea' id='block_1_80' title="bbox 2016 3419 3602 3490">
    <p class='ocr_par' dir='ltr' id='par_1_80' title="bbox 2016 3419 3602 3490">
     <span class='ocr_line' id='line_1_80' title="bbox 2016 3419 3602 3490; baseline -0.002 -16"><span class='ocrx_word' id='word_1_643' title='bbox 2016 3419 2131 3474; x_wconf 89' lang='lat' dir='ltr'><strong>Nec</strong></span> <span class='ocrx_word' id='word_1_644' title='bbox 2145 3419 2320 3489; x_wconf 82' lang='lat' dir='ltr'><strong>igitur</strong></span> <span class='ocrx_word' id='word_1_645' title='bbox 2335 3419 2541 3473; x_wconf 88' lang='lat' dir='ltr'><strong>mirum</strong></span> <span class='ocrx_word' id='word_1_646' title='bbox 2564 3419 2619 3488; x_wconf 85' lang='lat' dir='ltr'><strong>si</strong></span> <span class='ocrx_word' id='word_1_647' title='bbox 2630 3426 2687 3474; x_wconf 92' lang='lat' dir='ltr'><strong>et</strong></span> <span class='ocrx_word' id='word_1_648' title='bbox 2704 3436 2771 3474; x_wconf 85' lang='lat' dir='ltr'><strong>ex</strong></span> <span class='ocrx_word' id='word_1_649' title='bbox 2786 3421 3135 3490; x_wconf 89' lang='lat' dir='ltr'><strong>gratiaintus</strong></span> <span class='ocrx_word' id='word_1_650' title='bbox 3157 3422 3429 3476; x_wconf 86' lang='lat' dir='ltr'><strong>divinitus</strong></span> <span class='ocrx_word' id='word_1_651' title='bbox 3448 3419 3602 3489; x_wconf 90' lang='lat' dir='ltr'><strong>inspi-</strong></span> 
     </span>
    </p>
   </div>
   <div class='ocr_carea' id='block_1_81' title="bbox 2017 3508 3595 3581">
    <p class='ocr_par' dir='ltr' id='par_1_81' title="bbox 2017 3508 3595 3581">
     <span class='ocr_line' id='line_1_81' title="bbox 2017 3508 3595 3581; baseline 0.003 -20"><span class='ocrx_word' id='word_1_652' title='bbox 2017 3513 2161 3573; x_wconf 73' lang='lat' dir='ltr'><strong>rata,</strong></span> <span class='ocrx_word' id='word_1_653' title='bbox 2191 3524 2299 3562; x_wconf 91' lang='lat' dir='ltr'><strong>non</strong></span> <span class='ocrx_word' id='word_1_654' title='bbox 2316 3508 2495 3562; x_wconf 90' lang='lat' dir='ltr'><strong>solum</strong></span> <span class='ocrx_word' id='word_1_655' title='bbox 2526 3508 2732 3563; x_wconf 88' lang='lat' dir='ltr'><strong>iterare</strong></span> <span class='ocrx_word' id='word_1_656' title='bbox 2761 3516 3136 3581; x_wconf 66' lang='lat' dir='ltr'><strong>praesumpsnt,</strong></span> <span class='ocrx_word' id='word_1_657' title='bbox 3157 3527 3357 3565; x_wconf 90' lang='lat' dir='ltr'><strong>verum</strong></span> <span class='ocrx_word' id='word_1_658' title='bbox 3385 3512 3595 3576; x_wconf 70' lang='grc'><strong>1081</strong></span> 
     </span>
    </p>
   </div>
   <div class='ocr_carea' id='block_1_82' title="bbox 2018 3594 3605 3669">
    <p class='ocr_par' dir='ltr' id='par_1_82' title="bbox 2018 3594 3605 3669">
     <span class='ocr_line' id='line_1_82' title="bbox 2018 3594 3605 3669; baseline -0.002 -20"><span class='ocrx_word' id='word_1_659' title='bbox 2018 3596 2184 3650; x_wconf 88' lang='lat' dir='ltr'><strong>etiam</strong></span> <span class='ocrx_word' id='word_1_660' title='bbox 2207 3602 2264 3649; x_wconf 89' lang='lat' dir='ltr'><strong>et</strong></span> <span class='ocrx_word' id='word_1_661' title='bbox 2295 3612 2418 3667; x_wconf 64' lang='lat' dir='ltr'><strong>quae</strong></span> <span class='ocrx_word' id='word_1_662' title='bbox 2449 3596 2638 3650; x_wconf 87' lang='lat' dir='ltr'><strong>divina</strong></span> <span class='ocrx_word' id='word_1_663' title='bbox 2662 3603 2796 3651; x_wconf 86' lang='lat' dir='ltr'><strong>sunt</strong></span> <span class='ocrx_word' id='word_1_664' title='bbox 2822 3598 2880 3652; x_wconf 91' lang='lat' dir='ltr'><strong>in</strong></span> <span class='ocrx_word' id='word_1_665' title='bbox 2907 3598 3130 3653; x_wconf 89' lang='lat' dir='ltr'><strong>Christo</strong></span> <span class='ocrx_word' id='word_1_666' title='bbox 3157 3599 3387 3669; x_wconf 87' lang='lat' dir='ltr'><strong>plenius</strong></span> <span class='ocrx_word' id='word_1_667' title='bbox 3416 3594 3605 3650; x_wconf 88' lang='lat' dir='ltr'><strong>meruit</strong></span> 
     </span>
    </p>
   </div>
   <div class='ocr_carea' id='block_1_83' title="bbox 2017 3684 3606 3758">
    <p class='ocr_par' dir='ltr' id='par_1_83' title="bbox 2017 3684 3606 3758">
     <span class='ocr_line' id='line_1_83' title="bbox 2017 3684 3606 3758; baseline 0 -21"><span class='ocrx_word' id='word_1_668' title='bbox 2017 3684 2351 3754; x_wconf 89' lang='lat' dir='ltr'><strong>intelligere.</strong></span> <span class='ocrx_word' id='word_1_669' title='bbox 2378 3684 2582 3739; x_wconf 90' lang='lat' dir='ltr'><strong>Etideo</strong></span> <span class='ocrx_word' id='word_1_670' title='bbox 2598 3700 2709 3740; x_wconf 89' lang='lat' dir='ltr'><strong>non</strong></span> <span class='ocrx_word' id='word_1_671' title='bbox 2728 3685 2932 3740; x_wconf 92' lang='lat' dir='ltr'><strong>mirum</strong></span> <span class='ocrx_word' id='word_1_672' title='bbox 2949 3685 2997 3740; x_wconf 90' lang='lat' dir='ltr'><strong>si</strong></span> <span class='ocrx_word' id='word_1_673' title='bbox 3014 3686 3133 3758; x_wconf 91' lang='lat' dir='ltr'><strong>ipsa</strong></span> <span class='ocrx_word' id='word_1_674' title='bbox 3148 3702 3325 3758; x_wconf 89' lang='lat' dir='ltr'><strong>quam</strong></span> <span class='ocrx_word' id='word_1_675' title='bbox 3350 3685 3606 3741; x_wconf 86' lang='lat' dir='ltr'><strong>Dominus</strong></span> 
     </span>
    </p>
   </div>
   <div class='ocr_carea' id='block_1_84' title="bbox 2018 3771 3606 3845">
    <p class='ocr_par' dir='ltr' id='par_1_84' title="bbox 2018 3771 3606 3845">
     <span class='ocr_line' id='line_1_84' title="bbox 2018 3771 3606 3845; baseline -0.001 -19"><span class='ocrx_word' id='word_1_676' title='bbox 2018 3774 2322 3844; x_wconf 87' lang='lat' dir='ltr'><strong>plurimum</strong></span> <span class='ocrx_word' id='word_1_677' title='bbox 2345 3771 2633 3845; x_wconf 89' lang='lat' dir='ltr'><strong>diligebat,</strong></span> <span class='ocrx_word' id='word_1_678' title='bbox 2654 3774 2917 3829; x_wconf 82' lang='lat' dir='ltr'><strong>meretrix</strong></span> <span class='ocrx_word' id='word_1_679' title='bbox 2936 3774 3107 3829; x_wconf 86' lang='lat' dir='ltr'><strong>fuisse</strong></span> <span class='ocrx_word' id='word_1_680' title='bbox 3125 3775 3369 3840; x_wconf 85' lang='lat' dir='ltr'><strong>dicatur,</strong></span> <span class='ocrx_word' id='word_1_681' title='bbox 3392 3781 3448 3829; x_wconf 90' lang='lat' dir='ltr'><strong>et</strong></span> <span class='ocrx_word' id='word_1_682' title='bbox 3464 3788 3606 3828; x_wconf 89' lang='lat' dir='ltr'><strong>soror</strong></span> 
     </span>
    </p>
   </div>
   <div class='ocr_carea' id='block_1_85' title="bbox 2018 3858 3601 3931">
    <p class='ocr_par' dir='ltr' id='par_1_85' title="bbox 2018 3858 3601 3931">
     <span class='ocr_line' id='line_1_85' title="bbox 2018 3858 3601 3931; baseline -0.001 -19"><span class='ocrx_word' id='word_1_683' title='bbox 2018 3858 2213 3912; x_wconf 84' lang='lat' dir='ltr'><strong>Lazari</strong></span> <span class='ocrx_word' id='word_1_684' title='bbox 2243 3864 2300 3913; x_wconf 91' lang='lat' dir='ltr'><strong>et</strong></span> <span class='ocrx_word' id='word_1_685' title='bbox 2327 3859 2560 3913; x_wconf 66' lang='lat' dir='ltr'><strong>Marthae</strong></span> <span class='ocrx_word' id='word_1_686' title='bbox 2585 3877 2597 3926; x_wconf 92' lang='lat'><strong>;</strong></span> <span class='ocrx_word' id='word_1_687' title='bbox 2640 3858 2772 3929; x_wconf 89' lang='lat' dir='ltr'><strong>quia</strong></span> <span class='ocrx_word' id='word_1_688' title='bbox 2806 3875 2919 3913; x_wconf 91' lang='lat' dir='ltr'><strong>non</strong></span> <span class='ocrx_word' id='word_1_689' title='bbox 2951 3860 3074 3931; x_wconf 91' lang='lat' dir='ltr'><strong>ipsa</strong></span> <span class='ocrx_word' id='word_1_690' title='bbox 3104 3859 3266 3931; x_wconf 89' lang='lat' dir='ltr'><strong>prius</strong></span> <span class='ocrx_word' id='word_1_691' title='bbox 3296 3859 3601 3921; x_wconf 89' lang='lat' dir='ltr'><strong>Dominum,</strong></span> 
     </span>
    </p>
   </div>
   <div class='ocr_carea' id='block_1_86' title="bbox 2020 3947 3606 4019">
    <p class='ocr_par' dir='ltr' id='par_1_86' title="bbox 2020 3947 3606 4019">
     <span class='ocr_line' id='line_1_86' title="bbox 2020 3947 3606 4019; baseline -0.001 -19"><span class='ocrx_word' id='word_1_692' title='bbox 2020 3947 2117 4001; x_wconf 89' lang='lat' dir='ltr'><strong>sed</strong></span> <span class='ocrx_word' id='word_1_693' title='bbox 2143 3947 2414 4002; x_wconf 92' lang='lat' dir='ltr'><strong>Dominus</strong></span> <span class='ocrx_word' id='word_1_694' title='bbox 2434 3964 2556 4001; x_wconf 90' lang='lat' dir='ltr'><strong>eam</strong></span> <span class='ocrx_word' id='word_1_695' title='bbox 2573 3947 2731 4019; x_wconf 89' lang='lat' dir='ltr'><strong>prius</strong></span> <span class='ocrx_word' id='word_1_696' title='bbox 2752 3948 2919 4018; x_wconf 88' lang='lat' dir='ltr'><strong>elegit</strong></span> <span class='ocrx_word' id='word_1_697' title='bbox 2936 3965 3001 4002; x_wconf 91' lang='lat' dir='ltr'><strong>ac</strong></span> <span class='ocrx_word' id='word_1_698' title='bbox 3025 3947 3244 4015; x_wconf 83' lang='lat' dir='ltr'><strong>dilexit,</strong></span> <span class='ocrx_word' id='word_1_699' title='bbox 3268 3949 3351 4002; x_wconf 84' lang='lat' dir='ltr'><strong>ita</strong></span> <span class='ocrx_word' id='word_1_700' title='bbox 3378 3954 3440 4003; x_wconf 91' lang='lat' dir='ltr'><strong>ut</strong></span> <span class='ocrx_word' id='word_1_701' title='bbox 3468 3947 3606 4002; x_wconf 89' lang='lat' dir='ltr'><strong>dein-</strong></span> 
     </span>
    </p>
   </div>
   <div class='ocr_carea' id='block_1_87' title="bbox 2019 4036 3607 4108">
    <p class='ocr_par' dir='ltr' id='par_1_87' title="bbox 2019 4036 3607 4108">
     <span class='ocr_line' id='line_1_87' title="bbox 2019 4036 3607 4108; baseline 0.001 -20"><span class='ocrx_word' id='word_1_702' title='bbox 2019 4051 2146 4107; x_wconf 89' lang='lat' dir='ltr'><strong>ceps</strong></span> <span class='ocrx_word' id='word_1_703' title='bbox 2176 4036 2299 4108; x_wconf 89' lang='lat' dir='ltr'><strong>ipsa</strong></span> <span class='ocrx_word' id='word_1_704' title='bbox 2325 4037 2565 4090; x_wconf 86' lang='lat' dir='ltr'><strong>multum</strong></span> <span class='ocrx_word' id='word_1_705' title='bbox 2587 4036 2852 4106; x_wconf 84' lang='lat' dir='ltr'><strong>diligeret</strong></span> <span class='ocrx_word' id='word_1_706' title='bbox 2871 4036 3194 4091; x_wconf 89' lang='lat' dir='ltr'><strong>Dominum.</strong></span> <span class='ocrx_word' id='word_1_707' title='bbox 3219 4039 3304 4092; x_wconf 88' lang='lat' dir='ltr'><strong>Ac</strong></span> <span class='ocrx_word' id='word_1_708' title='bbox 3329 4043 3607 4108; x_wconf 84' lang='lat' dir='ltr'><strong>propterea</strong></span> 
     </span>
    </p>
   </div>
   <div class='ocr_carea' id='block_1_88' title="bbox 2019 4124 3605 4197">
    <p class='ocr_par' dir='ltr' id='par_1_88' title="bbox 2019 4124 3605 4197">
     <span class='ocr_line' id='line_1_88' title="bbox 2019 4124 3605 4197; baseline 0 -20"><span class='ocrx_word' id='word_1_709' title='bbox 2019 4140 2133 4195; x_wconf 72' lang='lat' dir='ltr'><strong>prec</strong></span> <span class='ocrx_word' id='word_1_710' title='bbox 2166 4124 2340 4179; x_wconf 91' lang='lat' dir='ltr'><strong>nimio</strong></span> <span class='ocrx_word' id='word_1_711' title='bbox 2384 4141 2597 4189; x_wconf 88' lang='lat' dir='ltr'><strong>amore,</strong></span> <span class='ocrx_word' id='word_1_712' title='bbox 2636 4124 2759 4196; x_wconf 90' lang='lat' dir='ltr'><strong>ipsa</strong></span> <span class='ocrx_word' id='word_1_713' title='bbox 2813 4124 3087 4196; x_wconf 86' lang='lat' dir='ltr'><strong>optimam</strong></span> <span class='ocrx_word' id='word_1_714' title='bbox 3146 4132 3399 4197; x_wconf 88' lang='lat' dir='ltr'><strong>partem,</strong></span> <span class='ocrx_word' id='word_1_715' title='bbox 3451 4139 3605 4196; x_wconf 86' lang='lat' dir='ltr'><strong>quam</strong></span> 
     </span>
    </p>
   </div>
   <div class='ocr_carea' id='block_1_89' title="bbox 2019 4211 3606 4284">
    <p class='ocr_par' dir='ltr' id='par_1_89' title="bbox 2019 4211 3606 4284">
     <span class='ocr_line' id='line_1_89' title="bbox 2019 4211 3606 4284; baseline -0.002 -16"><span class='ocrx_word' id='word_1_716' title='bbox 2019 4213 2197 4268; x_wconf 88' lang='lat' dir='ltr'><strong>electa</strong></span> <span class='ocrx_word' id='word_1_717' title='bbox 2221 4213 2487 4284; x_wconf 87' lang='lat' dir='ltr'><strong>elegerat,</strong></span> <span class='ocrx_word' id='word_1_718' title='bbox 2519 4213 2784 4267; x_wconf 89' lang='lat' dir='ltr'><strong>ardenter</strong></span> <span class='ocrx_word' id='word_1_719' title='bbox 2810 4212 3056 4279; x_wconf 89' lang='lat' dir='ltr'><strong>tenebat,</strong></span> <span class='ocrx_word' id='word_1_720' title='bbox 3074 4219 3131 4267; x_wconf 92' lang='lat' dir='ltr'><strong>ct</strong></span> <span class='ocrx_word' id='word_1_721' title='bbox 3158 4214 3289 4270; x_wconf 91' lang='lat' dir='ltr'><strong>ideo</strong></span> <span class='ocrx_word' id='word_1_722' title='bbox 3314 4231 3350 4268; x_wconf 88' lang='lat' dir='ltr'><strong>a</strong></span> <span class='ocrx_word' id='word_1_723' title='bbox 3372 4211 3606 4284; x_wconf 87' lang='lat' dir='ltr'><strong>vestigiis</strong></span> 
     </span>
    </p>
   </div>
   <div class='ocr_carea' id='block_1_90' title="bbox 337 4272 3607 4371">
    <p class='ocr_par' dir='ltr' id='par_1_90' title="bbox 337 4272 3607 4371">
     <span class='ocr_line' id='line_1_90' title="bbox 337 4272 3607 4371; baseline 0.001 -18"><span class='ocrx_word' id='word_1_724' title='bbox 337 4297 566 4371; x_wconf 88' lang='lat' dir='ltr'><strong>plebant</strong></span> <span class='ocrx_word' id='word_1_725' title='bbox 587 4298 883 4369; x_wconf 90' lang='lat' dir='ltr'><strong>templum,</strong></span> <span class='ocrx_word' id='word_1_726' title='bbox 916 4272 1029 4352; x_wconf 85' lang='lat' dir='ltr'><strong>non</strong></span> <span class='ocrx_word' id='word_1_727' title='bbox 1054 4298 1241 4352; x_wconf 90' lang='lat' dir='ltr'><strong>minus</strong></span> <span class='ocrx_word' id='word_1_728' title='bbox 1260 4272 1442 4353; x_wconf 46' lang='lat' dir='ltr'><strong>.odorc</strong></span> <span class='ocrx_word' id='word_1_729' title='bbox 1470 4272 1640 4369; x_wconf 67' lang='lat' dir='ltr'><strong>quam</strong></span> <span class='ocrx_word' id='word_1_730' title='bbox 1664 4303 1937 4358; x_wconf 86' lang='lat' dir='ltr'><strong>charitate</strong></span> <span class='ocrx_word' id='word_1_731' title='bbox 1956 4272 2002 4330; x_wconf 70' lang='grc' dir='ltr'>Β</span> <span class='ocrx_word' id='word_1_732' title='bbox 2023 4302 2242 4357; x_wconf 91' lang='lat' dir='ltr'><strong>Domini</strong></span> <span class='ocrx_word' id='word_1_733' title='bbox 2261 4272 2539 4356; x_wconf 66' lang='lat' dir='ltr'><strong>indefessa</strong></span> <span class='ocrx_word' id='word_1_734' title='bbox 2571 4318 2685 4356; x_wconf 91' lang='lat' dir='ltr'><strong>non</strong></span> <span class='ocrx_word' id='word_1_735' title='bbox 2715 4301 3030 4357; x_wconf 88' lang='lat' dir='ltr'><strong>recedebat.</strong></span> <span class='ocrx_word' id='word_1_736' title='bbox 3046 4272 3211 4357; x_wconf 32' lang='lat' dir='ltr'><strong>&#39;Nam</strong></span> <span class='ocrx_word' id='word_1_737' title='bbox 3235 4304 3345 4358; x_wconf 93' lang='lat' dir='ltr'><strong>hoc</strong></span> <span class='ocrx_word' id='word_1_738' title='bbox 3374 4309 3432 4358; x_wconf 92' lang='lat' dir='ltr'><strong>et</strong></span> <span class='ocrx_word' id='word_1_739' title='bbox 3456 4272 3607 4357; x_wconf 58' lang='lat' dir='ltr'><strong>Joan-</strong></span> 
     </span>
    </p>
   </div>
   <div class='ocr_carea' id='block_1_91' title="bbox 335 4385 1934 4463">
    <p class='ocr_par' dir='ltr' id='par_1_91' title="bbox 335 4385 1934 4463">
     <span class='ocr_line' id='line_1_91' title="bbox 335 4385 1934 4463; baseline 0.004 -22"><span class='ocrx_word' id='word_1_740' title='bbox 335 4387 576 4463; x_wconf 89' lang='lat' dir='ltr'><strong>virtutis.</strong></span> <span class='ocrx_word' id='word_1_741' title='bbox 600 4386 761 4442; x_wconf 92' lang='lat' dir='ltr'><strong>Unde</strong></span> <span class='ocrx_word' id='word_1_742' title='bbox 776 4401 878 4458; x_wconf 89' lang='lat' dir='ltr'><strong>per</strong></span> <span class='ocrx_word' id='word_1_743' title='bbox 893 4385 994 4439; x_wconf 88' lang='lat' dir='ltr'><strong>has</strong></span> <span class='ocrx_word' id='word_1_744' title='bbox 1013 4385 1357 4440; x_wconf 76' lang='lat' dir='ltr'><strong>differentias</strong></span> <span class='ocrx_word' id='word_1_745' title='bbox 1379 4404 1590 4451; x_wconf 89' lang='lat' dir='ltr'><strong>rerum,</strong></span> <span class='ocrx_word' id='word_1_746' title='bbox 1604 4406 1704 4444; x_wconf 90' lang='lat' dir='ltr'><strong>seu</strong></span> <span class='ocrx_word' id='word_1_747' title='bbox 1719 4391 1793 4446; x_wconf 89' lang='lat' dir='ltr'><strong>sit</strong></span> <span class='ocrx_word' id='word_1_748' title='bbox 1820 4407 1934 4446; x_wconf 89' lang='lat' dir='ltr'><strong>una</strong></span> 
     </span>
    </p>
   </div>
   <div class='ocr_carea' id='block_1_92' title="bbox 334 4475 1930 4547">
    <p class='ocr_par' dir='ltr' id='par_1_92' title="bbox 334 4475 1930 4547">
     <span class='ocr_line' id='line_1_92' title="bbox 334 4475 1930 4547; baseline 0.003 -17"><span class='ocrx_word' id='word_1_749' title='bbox 334 4476 539 4530; x_wconf 89' lang='lat' dir='ltr'><strong>mulier</strong></span> <span class='ocrx_word' id='word_1_750' title='bbox 557 4492 679 4546; x_wconf 66' lang='lat' dir='ltr'><strong>quas</strong></span> <span class='ocrx_word' id='word_1_751' title='bbox 710 4475 815 4530; x_wconf 91' lang='lat' dir='ltr'><strong>hoc</strong></span> <span class='ocrx_word' id='word_1_752' title='bbox 834 4475 1039 4529; x_wconf 90' lang='lat' dir='ltr'><strong>iterato</strong></span> <span class='ocrx_word' id='word_1_753' title='bbox 1074 4475 1223 4545; x_wconf 85' lang='lat' dir='ltr'><strong>gerit</strong></span> <span class='ocrx_word' id='word_1_754' title='bbox 1258 4477 1427 4547; x_wconf 81' lang='lat' dir='ltr'><strong>(quod</strong></span> <span class='ocrx_word' id='word_1_755' title='bbox 1453 4493 1566 4531; x_wconf 92' lang='lat' dir='ltr'><strong>non</strong></span> <span class='ocrx_word' id='word_1_756' title='bbox 1591 4479 1799 4545; x_wconf 91' lang='lat' dir='ltr'><strong>credo),</strong></span> <span class='ocrx_word' id='word_1_757' title='bbox 1831 4497 1930 4534; x_wconf 89' lang='lat' dir='ltr'><strong>seu</strong></span> 
     </span>
    </p>
   </div>
   <div class='ocr_carea' id='block_1_93' title="bbox 2016 4390 2849 4463">
    <p class='ocr_par' dir='ltr' id='par_1_93' title="bbox 2016 4390 2849 4463">
     <span class='ocr_line' id='line_1_93' title="bbox 2016 4390 2849 4463; baseline 0.001 -17"><span class='ocrx_word' id='word_1_758' title='bbox 2016 4407 2136 4457; x_wconf 89' lang='lat' dir='ltr'><strong>nes,</strong></span> <span class='ocrx_word' id='word_1_759' title='bbox 2162 4392 2310 4463; x_wconf 92' lang='lat' dir='ltr'><strong>quod</strong></span> <span class='ocrx_word' id='word_1_760' title='bbox 2334 4392 2456 4462; x_wconf 91' lang='lat' dir='ltr'><strong>ipsa</strong></span> <span class='ocrx_word' id='word_1_761' title='bbox 2476 4392 2568 4458; x_wconf 87' lang='lat' dir='ltr'><strong>sit,</strong></span> <span class='ocrx_word' id='word_1_762' title='bbox 2597 4390 2849 4447; x_wconf 90' lang='lat' dir='ltr'><strong>insinuat</strong></span> 
     </span>
    </p>
   </div>
   <div class='ocr_carea' id='block_1_94' title="bbox 2082 4480 3605 4552">
    <p class='ocr_par' dir='ltr' id='par_1_94' title="bbox 2082 4480 3605 4552">
     <span class='ocr_line' id='line_1_94' title="bbox 2082 4480 3605 4552; baseline -0.001 -18"><span class='ocrx_word' id='word_1_763' title='bbox 2082 4482 2220 4535; x_wconf 84' lang='lat' dir='ltr'><strong>Erat</strong></span> <span class='ocrx_word' id='word_1_764' title='bbox 2247 4487 2453 4547; x_wconf 83' lang='lat' dir='ltr'><strong>autem,</strong></span> <span class='ocrx_word' id='word_1_765' title='bbox 2488 4480 2691 4552; x_wconf 90' lang='lat' dir='ltr'><strong>inquit,</strong></span> <span class='ocrx_word' id='word_1_766' title='bbox 2734 4482 2965 4550; x_wconf 85' lang='lat' dir='ltr'><strong>quidam</strong></span> <span class='ocrx_word' id='word_1_767' title='bbox 3005 4484 3279 4550; x_wconf 84' lang='lat' dir='ltr'><strong>languens</strong></span> <span class='ocrx_word' id='word_1_768' title='bbox 3307 4483 3549 4537; x_wconf 78' lang='lat' dir='ltr'><strong>Lazarus</strong></span> <span class='ocrx_word' id='word_1_769' title='bbox 3573 4494 3605 4533; x_wconf 90' lang='lat' dir='ltr'><strong>a</strong></span> 
     </span>
    </p>
   </div>
   <div class='ocr_carea' id='block_1_95' title="bbox 333 4562 3599 4639">
    <p class='ocr_par' dir='ltr' id='par_1_95' title="bbox 333 4562 3599 4639">
     <span class='ocr_line' id='line_1_95' title="bbox 333 4562 3599 4639; baseline 0 -20"><span class='ocrx_word' id='word_1_770' title='bbox 333 4565 450 4620; x_wconf 88' lang='lat' dir='ltr'><strong>sint</strong></span> <span class='ocrx_word' id='word_1_771' title='bbox 472 4565 596 4618; x_wconf 67' lang='lat' dir='ltr'><strong>duae</strong></span> <span class='ocrx_word' id='word_1_772' title='bbox 612 4564 696 4618; x_wconf 90' lang='lat' dir='ltr'><strong>vel</strong></span> <span class='ocrx_word' id='word_1_773' title='bbox 725 4570 858 4629; x_wconf 91' lang='lat' dir='ltr'><strong>tres,</strong></span> <span class='ocrx_word' id='word_1_774' title='bbox 882 4562 1110 4618; x_wconf 90' lang='lat' dir='ltr'><strong>omnino</strong></span> <span class='ocrx_word' id='word_1_775' title='bbox 1142 4563 1392 4619; x_wconf 81' lang='lat' dir='ltr'><strong>fidelium</strong></span> <span class='ocrx_word' id='word_1_776' title='bbox 1420 4565 1737 4622; x_wconf 82' lang='lat' dir='ltr'><strong>diil&#39;erentia</strong></span> <span class='ocrx_word' id='word_1_777' title='bbox 1759 4568 1817 4622; x_wconf 90' lang='lat' dir='ltr'><strong>in</strong></span> <span class='ocrx_word' id='word_1_778' title='bbox 1838 4569 1927 4624; x_wconf 91' lang='lat' dir='ltr'><strong>his</strong></span> <span class='ocrx_word' id='word_1_779' title='bbox 2011 4571 2276 4624; x_wconf 78' lang='lat' dir='ltr'><strong>Bethania</strong></span> <span class='ocrx_word' id='word_1_780' title='bbox 2303 4570 2368 4625; x_wconf 80' lang='lat' dir='ltr'><strong>de</strong></span> <span class='ocrx_word' id='word_1_781' title='bbox 2392 4574 2607 4626; x_wconf 86' lang='lat' dir='ltr'><strong>castello</strong></span> <span class='ocrx_word' id='word_1_782' title='bbox 2637 4571 2832 4625; x_wconf 59' lang='lat' dir='ltr'><strong>Maria</strong></span> <span class='ocrx_word' id='word_1_783' title='bbox 2857 4576 2907 4624; x_wconf 86' lang='lat' dir='ltr'><strong>et</strong></span> <span class='ocrx_word' id='word_1_784' title='bbox 2934 4571 3183 4635; x_wconf 62' lang='lat' dir='ltr'><strong>Martha,</strong></span> <span class='ocrx_word' id='word_1_785' title='bbox 3200 4586 3463 4624; x_wconf 81' lang='lat' dir='ltr'><strong>sororum</strong></span> <span class='ocrx_word' id='word_1_786' title='bbox 3478 4572 3599 4639; x_wconf 81' lang='lat' dir='ltr'><strong>ejus.</strong></span> 
     </span>
    </p>
   </div>
   <div class='ocr_carea' id='block_1_96' title="bbox 332 4651 3605 4729">
    <p class='ocr_par' dir='ltr' id='par_1_96' title="bbox 332 4651 3605 4729">
     <span class='ocr_line' id='line_1_96' title="bbox 332 4651 3605 4729; baseline 0 -20"><span class='ocrx_word' id='word_1_787' title='bbox 332 4652 771 4709; x_wconf 89' lang='lat' dir='ltr'><strong>demonstratur.</strong></span> <span class='ocrx_word' id='word_1_788' title='bbox 799 4652 867 4706; x_wconf 89' lang='lat' dir='ltr'><strong>Et</strong></span> <span class='ocrx_word' id='word_1_789' title='bbox 883 4651 1009 4706; x_wconf 89' lang='lat' dir='ltr'><strong>ideo</strong></span> <span class='ocrx_word' id='word_1_790' title='bbox 1028 4653 1265 4707; x_wconf 88' lang='lat' dir='ltr'><strong>multum</strong></span> <span class='ocrx_word' id='word_1_791' title='bbox 1274 4654 1436 4724; x_wconf 86' lang='lat' dir='ltr'><strong>juvat</strong></span> <span class='ocrx_word' id='word_1_792' title='bbox 1454 4656 1922 4727; x_wconf 87' lang='lat' dir='ltr'><strong>evangelistarum</strong></span> <span class='ocrx_word' id='word_1_793' title='bbox 2005 4659 2191 4713; x_wconf 77' lang='lat' dir='ltr'><strong>Maria</strong></span> <span class='ocrx_word' id='word_1_794' title='bbox 2212 4665 2398 4713; x_wconf 80' lang='lat' dir='ltr'><strong>autem</strong></span> <span class='ocrx_word' id='word_1_795' title='bbox 2427 4665 2545 4714; x_wconf 87' lang='lat' dir='ltr'><strong>erat</strong></span> <span class='ocrx_word' id='word_1_796' title='bbox 2572 4676 2691 4729; x_wconf 72' lang='lat' dir='ltr'><strong>quae</strong></span> <span class='ocrx_word' id='word_1_797' title='bbox 2715 4661 2882 4713; x_wconf 66' lang='lat' dir='ltr'><strong>unxit</strong></span> <span class='ocrx_word' id='word_1_798' title='bbox 2909 4660 3210 4714; x_wconf 86' lang='lat' dir='ltr'><strong>Dominum</strong></span> <span class='ocrx_word' id='word_1_799' title='bbox 3240 4662 3539 4727; x_wconf 84' lang='lat' dir='ltr'><strong>unguento,</strong></span> <span class='ocrx_word' id='word_1_800' title='bbox 3560 4659 3605 4710; x_wconf 78' lang='lat' dir='ltr'><strong>et</strong></span> 
     </span>
    </p>
   </div>
   <div class='ocr_carea' id='block_1_97' title="bbox 331 4740 1928 4811">
    <p class='ocr_par' dir='ltr' id='par_1_97' title="bbox 331 4740 1928 4811">
     <span class='ocr_line' id='line_1_97' title="bbox 331 4740 1928 4811; baseline 0.003 -14"><span class='ocrx_word' id='word_1_801' title='bbox 331 4741 644 4800; x_wconf 88' lang='lat' dir='ltr'><strong>diversitas.</strong></span> <span class='ocrx_word' id='word_1_802' title='bbox 676 4746 741 4795; x_wconf 91' lang='lat' dir='ltr'><strong>ut</strong></span> <span class='ocrx_word' id='word_1_803' title='bbox 775 4740 1074 4796; x_wconf 86' lang='lat' dir='ltr'><strong>ostendant</strong></span> <span class='ocrx_word' id='word_1_804' title='bbox 1101 4741 1158 4796; x_wconf 92' lang='lat' dir='ltr'><strong>in</strong></span> <span class='ocrx_word' id='word_1_805' title='bbox 1197 4748 1443 4808; x_wconf 63' lang='lat'><strong>1050</strong></span> <span class='ocrx_word' id='word_1_806' title='bbox 1467 4743 1633 4799; x_wconf 92' lang='lat' dir='ltr'><strong>domo</strong></span> <span class='ocrx_word' id='word_1_807' title='bbox 1665 4744 1928 4811; x_wconf 89' lang='lat' dir='ltr'><strong>Simonis,</strong></span> 
     </span>
    </p>
   </div>
   <div class='ocr_carea' id='block_1_98' title="bbox 331 4828 1932 4904">
    <p class='ocr_par' dir='ltr' id='par_1_98' title="bbox 331 4828 1932 4904">
     <span class='ocr_line' id='line_1_98' title="bbox 331 4828 1932 4904; baseline 0.002 -19"><span class='ocrx_word' id='word_1_808' title='bbox 331 4829 480 4904; x_wconf 90' lang='lat' dir='ltr'><strong>quod</strong></span> <span class='ocrx_word' id='word_1_809' title='bbox 509 4828 738 4900; x_wconf 89' lang='lat' dir='ltr'><strong>quidam</strong></span> <span class='ocrx_word' id='word_1_810' title='bbox 760 4830 1049 4885; x_wconf 78' lang='lat' dir='ltr'><strong>cll‘undant</strong></span> <span class='ocrx_word' id='word_1_811' title='bbox 1067 4846 1237 4901; x_wconf 87' lang='lat' dir='ltr'><strong>super</strong></span> <span class='ocrx_word' id='word_1_812' title='bbox 1264 4837 1436 4903; x_wconf 89' lang='lat' dir='ltr'><strong>caput</strong></span> <span class='ocrx_word' id='word_1_813' title='bbox 1462 4833 1596 4887; x_wconf 88' lang='lat' dir='ltr'><strong>Jesu</strong></span> <span class='ocrx_word' id='word_1_814' title='bbox 1625 4833 1932 4904; x_wconf 90' lang='lat' dir='ltr'><strong>pretiosum</strong></span> 
     </span>
    </p>
   </div>
   <div class='ocr_carea' id='block_1_99' title="bbox 327 4919 1934 4995">
    <p class='ocr_par' dir='ltr' id='par_1_99' title="bbox 327 4919 1934 4995">
     <span class='ocr_line' id='line_1_99' title="bbox 327 4919 1934 4995; baseline 0.002 -20"><span class='ocrx_word' id='word_1_815' title='bbox 327 4925 710 4991; x_wconf 89' lang='lat' dir='ltr'><strong>unguentum;</strong></span> <span class='ocrx_word' id='word_1_816' title='bbox 729 4919 957 4990; x_wconf 88' lang='lat' dir='ltr'><strong>quidam</strong></span> <span class='ocrx_word' id='word_1_817' title='bbox 979 4926 1168 4974; x_wconf 88' lang='lat' dir='ltr'><strong>autem</strong></span> <span class='ocrx_word' id='word_1_818' title='bbox 1191 4927 1413 4990; x_wconf 88' lang='lat' dir='ltr'><strong>ungunt</strong></span> <span class='ocrx_word' id='word_1_819' title='bbox 1431 4923 1822 4977; x_wconf 85' lang='lat' dir='ltr'><strong>tantummodo</strong></span> <span class='ocrx_word' id='word_1_820' title='bbox 1842 4940 1934 4995; x_wconf 86' lang='lat' dir='ltr'><strong>pe-</strong></span> 
     </span>
    </p>
   </div>
   <div class='ocr_carea' id='block_1_100' title="bbox 326 5007 1926 5083">
    <p class='ocr_par' dir='ltr' id='par_1_100' title="bbox 326 5007 1926 5083">
     <span class='ocr_line' id='line_1_100' title="bbox 326 5007 1926 5083; baseline 0.003 -19"><span class='ocrx_word' id='word_1_821' title='bbox 326 5008 427 5064; x_wconf 91' lang='lat' dir='ltr'><strong>des</strong></span> <span class='ocrx_word' id='word_1_822' title='bbox 452 5025 579 5064; x_wconf 89' lang='lat' dir='ltr'><strong>cum</strong></span> <span class='ocrx_word' id='word_1_823' title='bbox 610 5007 873 5080; x_wconf 87' lang='lat' dir='ltr'><strong>lacrymis</strong></span> <span class='ocrx_word' id='word_1_824' title='bbox 898 5026 911 5075; x_wconf 87' lang='lat'><strong>;</strong></span> <span class='ocrx_word' id='word_1_825' title='bbox 943 5008 1169 5079; x_wconf 89' lang='lat' dir='ltr'><strong>quidam</strong></span> <span class='ocrx_word' id='word_1_826' title='bbox 1199 5025 1328 5063; x_wconf 89' lang='lat' dir='ltr'><strong>vero</strong></span> <span class='ocrx_word' id='word_1_827' title='bbox 1350 5010 1647 5065; x_wconf 78' lang='lat' dir='ltr'><strong>effundunt</strong></span> <span class='ocrx_word' id='word_1_828' title='bbox 1675 5011 1926 5083; x_wconf 84' lang='lat' dir='ltr'><strong>largiter.</strong></span> 
     </span>
    </p>
   </div>
   <div class='ocr_carea' id='block_1_101' title="bbox 323 5096 1928 5169">
    <p class='ocr_par' dir='ltr' id='par_1_101' title="bbox 323 5096 1928 5169">
     <span class='ocr_line' id='line_1_101' title="bbox 323 5096 1928 5169; baseline 0.002 -17"><span class='ocrx_word' id='word_1_829' title='bbox 323 5098 406 5152; x_wconf 89' lang='lat' dir='ltr'><strong>ita</strong></span> <span class='ocrx_word' id='word_1_830' title='bbox 444 5104 506 5152; x_wconf 88' lang='lat' dir='ltr'><strong>ut</strong></span> <span class='ocrx_word' id='word_1_831' title='bbox 542 5097 724 5152; x_wconf 90' lang='lat' dir='ltr'><strong>omnis</strong></span> <span class='ocrx_word' id='word_1_832' title='bbox 748 5097 949 5151; x_wconf 89' lang='lat' dir='ltr'><strong>domus</strong></span> <span class='ocrx_word' id='word_1_833' title='bbox 979 5096 1233 5151; x_wconf 65' lang='lat' dir='ltr'><strong>Ecclesiae</strong></span> <span class='ocrx_word' id='word_1_834' title='bbox 1257 5097 1634 5169; x_wconf 89' lang='lat' dir='ltr'><strong>adimpleatur</strong></span> <span class='ocrx_word' id='word_1_835' title='bbox 1662 5117 1726 5154; x_wconf 81' lang='lat' dir='ltr'><strong>ex</strong></span> <span class='ocrx_word' id='word_1_836' title='bbox 1757 5099 1928 5155; x_wconf 92' lang='lat' dir='ltr'><strong>odore</strong></span> 
     </span>
    </p>
   </div>
   <div class='ocr_carea' id='block_1_102' title="bbox 2014 4746 3603 4816">
    <p class='ocr_par' dir='ltr' id='par_1_102' title="bbox 2014 4746 3603 4816">
     <span class='ocr_line' id='line_1_102' title="bbox 2014 4746 3603 4816; baseline -0.002 -16"><span class='ocrx_word' id='word_1_837' title='bbox 2014 4748 2238 4800; x_wconf 70' lang='lat' dir='ltr'><strong>emtesrit</strong></span> <span class='ocrx_word' id='word_1_838' title='bbox 2262 4747 2418 4815; x_wconf 83' lang='lat' dir='ltr'><strong>pedes</strong></span> <span class='ocrx_word' id='word_1_839' title='bbox 2447 4750 2562 4815; x_wconf 82' lang='lat' dir='ltr'><strong>ejus</strong></span> <span class='ocrx_word' id='word_1_840' title='bbox 2593 4748 2810 4816; x_wconf 84' lang='lat' dir='ltr'><strong>capillis</strong></span> <span class='ocrx_word' id='word_1_841' title='bbox 2836 4749 2972 4813; x_wconf 84' lang='lat' dir='ltr'><strong>suis,</strong></span> <span class='ocrx_word' id='word_1_842' title='bbox 2990 4749 3148 4814; x_wconf 84' lang='lat' dir='ltr'><strong>cujus</strong></span> <span class='ocrx_word' id='word_1_843' title='bbox 3165 4747 3353 4814; x_wconf 83' lang='lat' dir='ltr'><strong>frater</strong></span> <span class='ocrx_word' id='word_1_844' title='bbox 3374 4746 3603 4800; x_wconf 82' lang='lat' dir='ltr'><strong>Lazarus</strong></span> 
     </span>
    </p>
   </div>
   <div class='ocr_carea' id='block_1_103' title="bbox 2015 4834 3599 4904">
    <p class='ocr_par' dir='ltr' id='par_1_103' title="bbox 2015 4834 3599 4904">
     <span class='ocr_line' id='line_1_103' title="bbox 2015 4834 3599 4904; baseline -0.001 -15"><span class='ocrx_word' id='word_1_845' title='bbox 2015 4836 2417 4902; x_wconf 82' lang='lat' dir='ltr'><strong>inﬁrmabatur</strong></span> <span class='ocrx_word' id='word_1_846' title='bbox 2439 4836 2629 4900; x_wconf 82' lang='lat' dir='ltr'><strong>(Joan.</strong></span> <span class='ocrx_word' id='word_1_847' title='bbox 2668 4849 2745 4900; x_wconf 75' lang='lat' dir='ltr'><strong>x1,</strong></span> <span class='ocrx_word' id='word_1_848' title='bbox 2781 4834 2830 4899; x_wconf 81' lang='lat' dir='ltr'><strong>l,</strong></span> <span class='ocrx_word' id='word_1_849' title='bbox 2865 4838 2942 4904; x_wconf 70' lang='lat'><strong>2).</strong></span> <span class='ocrx_word' id='word_1_850' title='bbox 2982 4835 3096 4889; x_wconf 85' lang='lat' dir='ltr'><strong>Hoc</strong></span> <span class='ocrx_word' id='word_1_851' title='bbox 3124 4834 3320 4889; x_wconf 85' lang='lat' dir='ltr'><strong>dicens</strong></span> <span class='ocrx_word' id='word_1_852' title='bbox 3347 4835 3599 4898; x_wconf 87' lang='lat' dir='ltr'><strong>Joannes,</strong></span> 
     </span>
    </p>
   </div>
   <div class='ocr_carea' id='block_1_104' title="bbox 2014 4922 3600 4993">
    <p class='ocr_par' dir='ltr' id='par_1_104' title="bbox 2014 4922 3600 4993">
     <span class='ocr_line' id='line_1_104' title="bbox 2014 4922 3600 4993; baseline -0.003 -15"><span class='ocrx_word' id='word_1_853' title='bbox 2014 4924 2312 4978; x_wconf 77' lang='lat' dir='ltr'><strong>confirmat</strong></span> <span class='ocrx_word' id='word_1_854' title='bbox 2335 4922 2483 4993; x_wconf 86' lang='lat' dir='ltr'><strong>quod</strong></span> <span class='ocrx_word' id='word_1_855' title='bbox 2526 4923 2704 4978; x_wconf 89' lang='lat' dir='ltr'><strong>Lucas</strong></span> <span class='ocrx_word' id='word_1_856' title='bbox 2740 4923 2797 4977; x_wconf 93' lang='lat' dir='ltr'><strong>in</strong></span> <span class='ocrx_word' id='word_1_857' title='bbox 2834 4923 3000 4977; x_wconf 93' lang='lat' dir='ltr'><strong>domo</strong></span> <span class='ocrx_word' id='word_1_858' title='bbox 3031 4923 3277 4978; x_wconf 90' lang='lat' dir='ltr'><strong>Simonis</strong></span> <span class='ocrx_word' id='word_1_859' title='bbox 3317 4922 3600 4991; x_wconf 84' lang='lat' dir='ltr'><strong>cujusdam</strong></span> 
     </span>
    </p>
   </div>
   <div class='ocr_carea' id='block_1_105' title="bbox 2013 5009 3597 5082">
    <p class='ocr_par' dir='ltr' id='par_1_105' title="bbox 2013 5009 3597 5082">
     <span class='ocr_line' id='line_1_105' title="bbox 2013 5009 3597 5082; baseline -0.003 -17"><span class='ocrx_word' id='word_1_860' title='bbox 2013 5011 2218 5066; x_wconf 86' lang='lat' dir='ltr'><strong>factum</strong></span> <span class='ocrx_word' id='word_1_861' title='bbox 2236 5010 2403 5065; x_wconf 83' lang='lat' dir='ltr'><strong>fuisse</strong></span> <span class='ocrx_word' id='word_1_862' title='bbox 2422 5010 2685 5065; x_wconf 88' lang='lat' dir='ltr'><strong>narravit.</strong></span> <span class='ocrx_word' id='word_1_863' title='bbox 2709 5011 2737 5066; x_wconf 84' lang='lat' dir='ltr'><strong>J</strong></span> <span class='ocrx_word' id='word_1_864' title='bbox 2743 5027 2834 5064; x_wconf 89' lang='lat' dir='ltr'><strong>am</strong></span> <span class='ocrx_word' id='word_1_865' title='bbox 2854 5009 3044 5082; x_wconf 84' lang='lat' dir='ltr'><strong>itaque</strong></span> <span class='ocrx_word' id='word_1_866' title='bbox 3058 5011 3235 5065; x_wconf 85' lang='lat' dir='ltr'><strong>Maria</strong></span> <span class='ocrx_word' id='word_1_867' title='bbox 3255 5010 3364 5066; x_wconf 90' lang='lat' dir='ltr'><strong>hoc</strong></span> <span class='ocrx_word' id='word_1_868' title='bbox 3382 5012 3597 5066; x_wconf 79' lang='lat' dir='ltr'><strong>fecerat.</strong></span> 
     </span>
    </p>
   </div>
   <div class='ocr_carea' id='block_1_106' title="bbox 2013 5096 3599 5165">
    <p class='ocr_par' dir='ltr' id='par_1_106' title="bbox 2013 5096 3599 5165">
     <span class='ocr_line' id='line_1_106' title="bbox 2013 5096 3599 5165; baseline -0.002 -11"><span class='ocrx_word' id='word_1_869' title='bbox 2013 5099 2169 5164; x_wconf 90' lang='lat' dir='ltr'><strong>Quod</strong></span> <span class='ocrx_word' id='word_1_870' title='bbox 2186 5105 2373 5153; x_wconf 90' lang='lat' dir='ltr'><strong>autem</strong></span> <span class='ocrx_word' id='word_1_871' title='bbox 2396 5099 2450 5153; x_wconf 90' lang='lat' dir='ltr'><strong>in</strong></span> <span class='ocrx_word' id='word_1_872' title='bbox 2476 5098 2750 5154; x_wconf 85' lang='lat' dir='ltr'><strong>Bethania</strong></span> <span class='ocrx_word' id='word_1_873' title='bbox 2770 5117 2965 5155; x_wconf 89' lang='lat' dir='ltr'><strong>rursus</strong></span> <span class='ocrx_word' id='word_1_874' title='bbox 2981 5099 3175 5155; x_wconf 87' lang='lat' dir='ltr'><strong>fecisse</strong></span> <span class='ocrx_word' id='word_1_875' title='bbox 3202 5099 3433 5165; x_wconf 79' lang='lat' dir='ltr'><strong>dicitur,</strong></span> <span class='ocrx_word' id='word_1_876' title='bbox 3456 5096 3599 5153; x_wconf 86' lang='lat' dir='ltr'><strong>aliud</strong></span> 
     </span>
    </p>
   </div>
   <div class='ocr_carea' id='block_1_107' title="bbox 323 5183 3599 5260">
    <p class='ocr_par' dir='ltr' id='par_1_107' title="bbox 323 5183 3599 5260">
     <span class='ocr_line' id='line_1_107' title="bbox 323 5183 3599 5260; baseline 0.001 -21"><span class='ocrx_word' id='word_1_877' title='bbox 323 5184 630 5240; x_wconf 90' lang='lat' dir='ltr'><strong>divinitatis</strong></span> <span class='ocrx_word' id='word_1_878' title='bbox 647 5185 874 5241; x_wconf 89' lang='lat' dir='ltr'><strong>Christi.</strong></span> <span class='ocrx_word' id='word_1_879' title='bbox 902 5186 971 5240; x_wconf 88' lang='lat' dir='ltr'><strong>Et</strong></span> <span class='ocrx_word' id='word_1_880' title='bbox 993 5191 1125 5238; x_wconf 90' lang='lat' dir='ltr'><strong>nota</strong></span> <span class='ocrx_word' id='word_1_881' title='bbox 1142 5186 1295 5256; x_wconf 91' lang='lat' dir='ltr'><strong>quod</strong></span> <span class='ocrx_word' id='word_1_882' title='bbox 1315 5186 1486 5240; x_wconf 89' lang='lat' dir='ltr'><strong>etiam</strong></span> <span class='ocrx_word' id='word_1_883' title='bbox 1507 5194 1565 5242; x_wconf 92' lang='lat' dir='ltr'><strong>et</strong></span> <span class='ocrx_word' id='word_1_884' title='bbox 1592 5187 1731 5260; x_wconf 91' lang='lat' dir='ltr'><strong>ipse,</strong></span> <span class='ocrx_word' id='word_1_885' title='bbox 1766 5190 1926 5260; x_wconf 90' lang='lat' dir='ltr'><strong>cujus</strong></span> <span class='ocrx_word' id='word_1_886' title='bbox 2008 5194 2093 5243; x_wconf 86' lang='lat' dir='ltr'><strong>est</strong></span> <span class='ocrx_word' id='word_1_887' title='bbox 2121 5188 2269 5258; x_wconf 93' lang='lat' dir='ltr'><strong>quod</strong></span> <span class='ocrx_word' id='word_1_888' title='bbox 2305 5187 2376 5241; x_wconf 89' lang='lat' dir='ltr'><strong>ad</strong></span> <span class='ocrx_word' id='word_1_889' title='bbox 2405 5187 2788 5242; x_wconf 86' lang='lat' dir='ltr'><strong>narrationem</strong></span> <span class='ocrx_word' id='word_1_890' title='bbox 2818 5190 2978 5243; x_wconf 66' lang='lat' dir='ltr'><strong>Lucae</strong></span> <span class='ocrx_word' id='word_1_891' title='bbox 3032 5204 3143 5242; x_wconf 92' lang='lat' dir='ltr'><strong>non</strong></span> <span class='ocrx_word' id='word_1_892' title='bbox 3180 5187 3451 5258; x_wconf 88' lang='lat' dir='ltr'><strong>pertinet.</strong></span> <span class='ocrx_word' id='word_1_893' title='bbox 3496 5183 3599 5242; x_wconf 86' lang='lat' dir='ltr'><strong>Sed</strong></span> 
     </span>
    </p>
   </div>
   <div class='ocr_carea' id='block_1_108' title="bbox 320 5273 3591 5348">
    <p class='ocr_par' dir='ltr' id='par_1_108' title="bbox 320 5273 3591 5348">
     <span class='ocr_line' id='line_1_108' title="bbox 320 5273 3591 5348; baseline 0 -19"><span class='ocrx_word' id='word_1_894' title='bbox 320 5278 409 5329; x_wconf 86' lang='lat' dir='ltr'><strong>est</strong></span> <span class='ocrx_word' id='word_1_895' title='bbox 419 5273 840 5339; x_wconf 87' lang='lat' dir='ltr'><strong>domus,Simon</strong></span> <span class='ocrx_word' id='word_1_896' title='bbox 858 5274 1194 5345; x_wconf 87' lang='lat' dir='ltr'><strong>appellatur.</strong></span> <span class='ocrx_word' id='word_1_897' title='bbox 1214 5273 1404 5329; x_wconf 60' lang='lat' dir='ltr'><strong>Simon</strong></span> <span class='ocrx_word' id='word_1_898' title='bbox 1422 5292 1665 5347; x_wconf 89' lang='lat' dir='ltr'><strong>namque</strong></span> <span class='ocrx_word' id='word_1_899' title='bbox 1677 5280 1923 5332; x_wconf 83' lang='lat' dir='ltr'><strong>obediens</strong></span> <span class='ocrx_word' id='word_1_900' title='bbox 2007 5277 2155 5347; x_wconf 91' lang='lat' dir='ltr'><strong>quod</strong></span> <span class='ocrx_word' id='word_1_901' title='bbox 2184 5277 2242 5329; x_wconf 89' lang='lat' dir='ltr'><strong>in</strong></span> <span class='ocrx_word' id='word_1_902' title='bbox 2273 5276 2549 5331; x_wconf 88' lang='lat' dir='ltr'><strong>Bethania</strong></span> <span class='ocrx_word' id='word_1_903' title='bbox 2568 5283 2793 5347; x_wconf 91' lang='lat' dir='ltr'><strong>gestum</strong></span> <span class='ocrx_word' id='word_1_904' title='bbox 2823 5294 2858 5330; x_wconf 90' lang='lat' dir='ltr'><strong>a</strong></span> <span class='ocrx_word' id='word_1_905' title='bbox 2886 5276 3066 5332; x_wconf 92' lang='lat' dir='ltr'><strong>tribus</strong></span> <span class='ocrx_word' id='word_1_906' title='bbox 3084 5276 3298 5348; x_wconf 80' lang='lat' dir='ltr'><strong>pariter</strong></span> <span class='ocrx_word' id='word_1_907' title='bbox 3312 5283 3591 5341; x_wconf 87' lang='lat' dir='ltr'><strong>narratur,</strong></span> 
     </span>
    </p>
   </div>
   <div class='ocr_carea' id='block_1_109' title="bbox 319 5362 3596 5435">
    <p class='ocr_par' dir='ltr' id='par_1_109' title="bbox 319 5362 3596 5435">
     <span class='ocr_line' id='line_1_109' title="bbox 319 5362 3596 5435; baseline 0 -18"><span class='ocrx_word' id='word_1_908' title='bbox 319 5362 508 5435; x_wconf 86' lang='lat' dir='ltr'><strong>etipsc</strong></span> <span class='ocrx_word' id='word_1_909' title='bbox 525 5362 948 5435; x_wconf 88' lang='lat' dir='ltr'><strong>interpretatur,</strong></span> <span class='ocrx_word' id='word_1_910' title='bbox 973 5362 1107 5435; x_wconf 88' lang='lat' dir='ltr'><strong>quia</strong></span> <span class='ocrx_word' id='word_1_911' title='bbox 1125 5362 1185 5417; x_wconf 91' lang='lat' dir='ltr'><strong>in</strong></span> <span class='ocrx_word' id='word_1_912' title='bbox 1215 5362 1381 5417; x_wconf 91' lang='lat' dir='ltr'><strong>domo</strong></span> <span class='ocrx_word' id='word_1_913' title='bbox 1404 5363 1734 5420; x_wconf 75' lang='lat' dir='ltr'><strong>obedientize</strong></span> <span class='ocrx_word' id='word_1_914' title='bbox 1756 5383 1921 5422; x_wconf 90' lang='lat' dir='ltr'><strong>nemo</strong></span> <span class='ocrx_word' id='word_1_915' title='bbox 2002 5366 2219 5420; x_wconf 87' lang='lat' dir='ltr'><strong>Joanne</strong></span> <span class='ocrx_word' id='word_1_916' title='bbox 2244 5365 2473 5420; x_wconf 89' lang='lat' dir='ltr'><strong>scilicet.</strong></span> <span class='ocrx_word' id='word_1_917' title='bbox 2504 5372 2562 5419; x_wconf 92' lang='lat' dir='ltr'><strong>ct</strong></span> <span class='ocrx_word' id='word_1_918' title='bbox 2589 5366 2875 5434; x_wconf 71' lang='lat' dir='ltr'><strong>Matthzeo,</strong></span> <span class='ocrx_word' id='word_1_919' title='bbox 2908 5371 2965 5421; x_wconf 88' lang='lat' dir='ltr'><strong>et</strong></span> <span class='ocrx_word' id='word_1_920' title='bbox 2994 5367 3192 5430; x_wconf 78' lang='lat' dir='ltr'><strong>Marco,</strong></span> <span class='ocrx_word' id='word_1_921' title='bbox 3223 5364 3379 5419; x_wconf 88' lang='lat' dir='ltr'><strong>sicut</strong></span> <span class='ocrx_word' id='word_1_922' title='bbox 3404 5363 3596 5420; x_wconf 88' lang='lat' dir='ltr'><strong>beatus</strong></span> 
     </span>
    </p>
   </div>
   <div class='ocr_carea' id='block_1_110' title="bbox 317 5450 3589 5528">
    <p class='ocr_par' dir='ltr' id='par_1_110' title="bbox 317 5450 3589 5528">
     <span class='ocr_line' id='line_1_110' title="bbox 317 5450 3589 5528; baseline -0.001 -15"><span class='ocrx_word' id='word_1_923' title='bbox 317 5450 428 5513; x_wconf 85' lang='lat' dir='ltr'><strong>nisi</strong></span> <span class='ocrx_word' id='word_1_924' title='bbox 443 5450 709 5510; x_wconf 73' lang='lat' dir='ltr'><strong>obedienc</strong></span> <span class='ocrx_word' id='word_1_925' title='bbox 719 5451 888 5524; x_wconf 88' lang='lat' dir='ltr'><strong>digne</strong></span> <span class='ocrx_word' id='word_1_926' title='bbox 901 5450 1268 5522; x_wconf 89' lang='lat' dir='ltr'><strong>inhabitat,in</strong></span> <span class='ocrx_word' id='word_1_927' title='bbox 1285 5451 1447 5524; x_wconf 86' lang='lat' dir='ltr'><strong>cujus</strong></span> <span class='ocrx_word' id='word_1_928' title='bbox 1461 5452 1628 5510; x_wconf 90' lang='lat' dir='ltr'><strong>domo</strong></span> <span class='ocrx_word' id='word_1_929' title='bbox 1639 5454 1921 5526; x_wconf 83' lang='lat' dir='ltr'><strong>benignis-</strong></span> <span class='ocrx_word' id='word_1_930' title='bbox 2002 5453 2379 5527; x_wconf 85' lang='lat' dir='ltr'><strong>Hieronymus</strong></span> <span class='ocrx_word' id='word_1_931' title='bbox 2406 5459 2463 5509; x_wconf 92' lang='lat' dir='ltr'><strong>ct</strong></span> <span class='ocrx_word' id='word_1_932' title='bbox 2486 5454 2753 5527; x_wconf 85' lang='lat' dir='ltr'><strong>praefatus</strong></span> <span class='ocrx_word' id='word_1_933' title='bbox 2780 5453 3050 5528; x_wconf 85' lang='lat' dir='ltr'><strong>Origenes</strong></span> <span class='ocrx_word' id='word_1_934' title='bbox 3078 5453 3350 5522; x_wconf 87' lang='lat' dir='ltr'><strong>sentiunt,</strong></span> <span class='ocrx_word' id='word_1_935' title='bbox 3392 5469 3506 5510; x_wconf 89' lang='lat' dir='ltr'><strong>non</strong></span> <span class='ocrx_word' id='word_1_936' title='bbox 3533 5452 3589 5508; x_wconf 87' lang='lat' dir='ltr'><strong>in</strong></span> 
     </span>
    </p>
   </div>
  </div>
