3872 6158
293 291 393 349 881

1000 297 1374 354 EXPOSITIO
1416 300 1493 355 IN
1535 300 1984 357 MA'I‘THIEUM.
2031 327 2096 340 —
2136 299 2270 353 LIB.
2315 300 2438 365 XII,
2485 301 2641 356 CAP.
2687 302 2880 357 XXVI.

3470 310 3576 366 882

293 418 486 483 semel,
511 417 581 472 ab
611 435 724 474 una
752 419 1058 491 eademque
1088 425 1307 490 gestum
1332 427 1434 484 est,
1459 423 1557 478 sed
1589 441 1622 479 a
1641 424 1877 480 duabus.
1902 427 1945 483 Α
1965 421 2215 475 fractura
2245 421 2346 475 illa
2389 422 2458 475 de
2489 439 2601 494 qua
2628 424 2850 502 Marcus
2883 430 2999 480 tam
3030 427 3329 500 diligenter
3353 441 3566 502 narrat,

293 505 455 561 Unde
493 508 966 578 quemadmodum
1002 508 1168 562 aliter
1199 511 1494 565 conveniat
1520 513 1882 567 consideran-

291 594 428 648 dum
442 597 699 660 est.Quia
719 597 775 650 in
799 597 1013 650 Joanne
1026 613 1138 650 non
1151 597 1207 650 in
1221 599 1385 653 domo
1403 600 1646 654 Simonis
1661 618 1750 655 res
1763 607 1888 656 acta

290 691 577 748 narratur,
608 685 704 740 sed
735 691 974 751 tantum,
1008 685 1136 755 quia
1180 687 1329 739 Venit
1348 689 1502 741 Jcsus
1530 692 1593 742 in
1624 690 1886 744 Bethania

292 774 392 825 ubi
411 774 600 840 fuerat
625 775 868 827 Lazarus
897 780 1170 839 mortuus,
1204 791 1366 842 quem
1395 780 1680 831 suscitavit
1709 780 1881 831 Jesus.

290 860 555 914 Fecerunt
579 865 764 914 autem
799 864 866 924 ei,
902 860 1106 932 inquit,
1144 878 1350 915 cwnam
1379 865 1489 927 ibi;
1534 871 1590 918 et
1619 880 1730 918 non
1754 865 1888 919 dicit

288 947 408 1012 ubi,
445 949 551 1002 nisi
583 954 647 1002 ut
691 949 972 1019 intelligas
1003 949 1061 1003 in
1115 950 1422 1016 Bethania;
1455 968 1636 1022 neque
1678 953 1805 1023 quis
1835 955 1886 1006 ei

290 1036 500 1091 fecerat
515 1037 866 1101 ccenammisi
887 1044 1105 1092 tantum
1127 1039 1493 1109 quiaillartha
1505 1044 1882 1108 ministrabat,

288 1129 338 1178 et
357 1127 606 1179 Lazarus
637 1142 784 1180 unus
812 1131 930 1179 erat
967 1143 1032 1180 ea:
1059 1129 1524 1182 discumbentibus
1553 1129 1736 1195 (Joan.
1781 1145 1880 1196 xu,

287 1212 342 1279 1,
374 1212 568 1282 2),seu
603 1221 821 1270 caetera.
856 1215 1029 1270 Porro
1045 1215 1342 1269 Matthaeus
1364 1221 1420 1270 et
1447 1217 1670 1272 Marcus
1688 1224 1804 1272 tam
1825 1219 1883 1272 in

288 1302 565 1356 Bethania
595 1319 762 1373 quam
813 1309 870 1358 et
921 1304 977 1357 in
1025 1304 1189 1357 domo
1221 1305 1464 1358 Simonis
1502 1305 1724 1376 leprosi,
1759 1323 1881 1377 quae

286 1397 544 1454 narrant,
560 1397 720 1461 gesta
753 1391 922 1444 fuisse
947 1398 1416 1445 commemorant.
1451 1392 1611 1446 Unde
1632 1400 1730 1447 aut
1756 1393 1880 1448 duae

283 1478 534 1542 fuerunt,
558 1479 703 1533 sicut
746 1479 1052 1550 supradicti
1081 1481 1276 1533 volunt
1295 1480 1483 1534 eximii
1512 1486 1874 1548 tractatores;

280 1572 384 1619 aut
403 1566 633 1621 siunam
664 1565 834 1621 fuisse
856 1567 1130 1634 volumus,
1149 1572 1204 1620 et
1225 1567 1281 1620 in
1304 1569 1478 1621 semel
1503 1585 1617 1622 rem
1633 1575 1873 1638 gestam,

277 1660 344 1707 ut
392 1655 560 1707 Pater
606 1655 953 1724 Augustinus
1001 1655 1180 1724 magis
1216 1655 1521 1710 arbitratus
1577 1664 1681 1722 est,
1735 1658 1936 1751 nihilB

278 1741 434 1796 aliud
465 1742 776 1812 intelligere
796 1759 1114 1813 possumus,
1141 1743 1248 1796 nisi
1293 1744 1425 1814 quia
1448 1745 1639 1798 Simon
1668 1745 1762 1798 ille
1793 1746 1873 1800 le-

277 1847 505 1901 prosus,
539 1836 595 1884 et
638 1831 761 1885 duae
810 1847 1031 1885 sorores
1088 1831 1208 1885 ista:
1237 1849 1302 1885 ac
1329 1832 1570 1886 Lazarus
1622 1833 1876 1887 concives

277 1924 443 1972 erant
463 1923 519 1972 et
539 1918 719 1982 vicini,
753 1935 851 1973 seu
873 1919 1119 1989 contigui
1147 1919 1422 1984 domibus,
1449 1936 1513 1973 ac
1553 1920 1876 1975 familiaris-

277 2007 407 2061 simi
433 2007 590 2078 quasi
620 2008 677 2061 in
706 2009 870 2062 domo
892 2024 1004 2062 una
1030 2008 1421 2062 versabantur.
1456 2009 1615 2062 Unde
1649 2015 1705 2062 et
1743 2009 1876 2062 dici-

276 2102 391 2160 tur,
411 2096 544 2166 quia
561 2100 819 2162 lccerunt
841 2099 892 2150 ei
918 2113 1122 2151 comam
1145 2099 1242 2161 ibi,
1271 2101 1328 2149 et
1351 2113 1461 2150 non
1489 2096 1620 2150 fecit
1638 2097 1751 2160 ille,
1774 2103 1876 2152 aut

274 2183 387 2240 ille.
422 2183 497 2238 Ut
527 2184 825 2254 intelligas,
849 2184 980 2254 quia
1010 2190 1122 2237 tam
1160 2201 1224 2237 ex
1253 2185 1582 2238 assiduitate
1622 2201 1744 2250 sua,
1773 2197 1871 2240 seu

275 2271 334 2326 in
379 2271 686 2336 vicinitate,
710 2289 825 2326 una
856 2278 978 2326 erat
1007 2272 1207 2325 domus
1232 2273 1477 2336 illorum,
1513 2289 1678 2343 quam
1713 2278 1770 2328 et
1807 2291 1870 2327 ex

273 2359 723 2430 frequentatione
762 2360 1083 2423 Salvatoris,
1120 2360 1214 2431 qui
1254 2365 1310 2413 et
1339 2360 1624 2414 Simonem
1655 2378 1690 2415 a
1716 2363 1872 2433 lepra

274 2465 374 2502 sua
395 2453 639 2514 curarat,
663 2454 719 2502 et
738 2449 1009 2502 Lazarum
1035 2449 1091 2502 in
1113 2465 1177 2502 ea
1199 2449 1364 2503 domo
1396 2455 1679 2504 mortuum
1708 2468 1871 2506 resu-

273 2538 592 2603 scitaverat,
626 2543 683 2591 et
705 2537 893 2591 Mariae
925 2537 1215 2608 peccatrici
1244 2544 1473 2608 peccata
1502 2539 1700 2605 multa,
1734 2545 1869 2610 quia

271 2628 465 2679 dilexit
522 2629 765 2679 multum
805 2626 958 2695 (Luc.
990 2641 1080 2692 vn,
1109 2625 1218 2690 47),
1275 2626 1603 2681 indulserat.
1652 2628 1868 2693 Quibus

272 2731 336 2768 ex
353 2713 538 2768 causis
552 2714 844 2768 informari
861 2730 961 2769 nos
980 2721 1198 2786 Opertet
1221 2731 1390 2769 unam
1417 2714 1585 2770 fuisse
1607 2717 1864 2786 Mariam,

275 2819 399 2875 quae
422 2808 480 2857 et
508 2803 675 2874 pedes
692 2801 921 2857 Domini
945 2805 1063 2874 jam
1094 2821 1262 2875 supra
1288 2811 1542 2868 unxerat,
1565 2811 1622 2859 et
1653 2806 1869 2860 laverat

272 2891 558 2962 lacrymis,
573 2907 637 2945 ac
657 2891 873 2962 capillis
888 2892 1004 2945 suis
1020 2892 1350 2958 deterserat,
1390 2901 1422 2958 Ι
1437 2899 1628 2959 08';
1659 2900 1716 2948 et
1744 2912 1866 2966 quae

1969 514 2151 563 totum
2174 500 2673 580 supereffunderet,
2699 512 2756 566 in
2780 520 3002 569 tantum
3032 522 3096 570 ut
3117 523 3235 572 tota
3258 519 3456 576 domus
3472 500 3572 578 illa

1969 597 2282 667 repleretur
2334 615 2398 652 ea:
2440 601 2599 652 odore
2653 606 2929 668 unguenti
2980 607 3159 671 (Joan.
3206 621 3304 670 xu,
3337 606 3409 677 3).
3454 611 3570 665 Nec

1968 685 2143 754 igitur
2171 686 2292 740 sine
2317 703 2488 741 causa
2536 689 2879 757 evangelista
2920 691 3024 746 hoc
3070 693 3278 749 factum
3326 713 3572 754 comme-

1969 779 2172 838 morat,
2205 790 2399 828 verum
2429 775 2559 845 quia
2584 793 2684 847 per
2711 777 2855 830 hanc
2908 781 3202 836 mulierem
3239 785 3424 839 omnis
3470 786 3571 840 Ec-

1969 859 2138 914 clesia
2160 862 2368 916 Christi
2394 863 2741 934 designatur,
2767 883 2889 936 qua
2911 870 3090 923 multa
3109 887 3174 924 ex
3198 873 3344 926 dono
3370 876 3568 944 gratiae

1969 964 2158 1002 secum
2201 950 2307 1003 fert
2347 958 2640 1020 unguenta
2682 953 2812 1007 boni
2846 955 3053 1020 odoris,
3101 974 3223 1026 quae
3257 962 3504 1032 percepit
3533 979 3569 1016 a

1967 1035 2226 1099 Domino,
2251 1037 2308 1091 in
2331 1039 2531 1108 quibus
2560 1040 2868 1110 plurimum
2890 1043 3203 1100 delectatur
3232 1054 3288 1101 et
3306 1048 3566 1120 frequen-

1967 1130 2071 1189 ter,
2105 1131 2168 1179 ut
2202 1132 2552 1196 unguentum
2583 1129 2730 1198 quod
2770 1129 3060 1186 descendit
3095 1150 3128 1186 a
3156 1135 3335 1206 capite
3364 1153 3563 1207 super-

1967 1213 2204 1267 effusum
2251 1214 2312 1267 in
2355 1214 2627 1277 membra.
2659 1217 2801 1271 forte
2826 1234 3004 1290 usque
3034 1221 3103 1274 ad
3141 1222 3330 1293 pedes,
3363 1241 3559 1281 rursus

1965 1317 2000 1354 a
2026 1301 2260 1371 pedibus
2285 1303 2541 1357 ordinate
2567 1304 2702 1358 satis
2732 1305 3064 1362 retundatur
3105 1311 3176 1363 ad
3205 1319 3390 1382 caput.
3415 1315 3560 1378 Quo-

1924 1411 1928 1416 -
1961 1388 2115 1442 niam
2147 1407 2211 1443 ex
2240 1391 2379 1461 ipso,
2401 1397 2457 1444 et
2486 1408 2587 1461 per
2610 1391 2795 1463 ipsum
2825 1394 2891 1448 ad
2916 1411 3017 1449 nos
3047 1413 3241 1468 usque,
3271 1401 3366 1470 qui
3388 1402 3558 1472 pedes

1961 1493 2176 1541 sumus,
2211 1479 2392 1532 omnis
2424 1479 2612 1533 unctio
2643 1480 2812 1535 venit.
2839 1481 3021 1537 Habet
3048 1485 3198 1539 enim
3231 1487 3393 1541 Jesus
3438 1489 3560 1558 plu-

1959 1564 2104 1618 rima
2120 1573 2177 1620 et
2191 1567 2595 1637 pretiosissima
2612 1575 2919 1638 unguenta,
2941 1571 3091 1625 unde
3112 1589 3317 1643 sponsa
3333 1575 3483 1629 canit
3501 1577 3558 1631 in

1960 1653 2204 1707 Canticis
2223 1671 2426 1725 sponso
2447 1671 2548 1708 suo
2572 1656 2808 1710 Domino
2831 1676 2844 1710 :
2871 1659 2936 1711 In
2958 1661 3120 1713 odore
3139 1667 3557 1729 unguentorum

1959 1744 2185 1795 tuorum
2207 1747 2511 1806 currimus,
2546 1747 2662 1797 ideo
2694 1745 3114 1801 adulescentulas
3155 1750 3475 1805 diiezerunt
3509 1757 3561 1807 te

1960 1832 2130 1884 nimis
2142 1831 2324 1898 (Cant.
2351 1845 2390 1896 ι,
2407 1832 2482 1895 4).
2505 1832 2613 1886 Sed
2641 1832 2774 1901 quia
2801 1834 2966 1887 multi
2981 1840 3304 1890 sanctorum
3327 1845 3559 1910 propter

1957 1917 2101 1970 hanc
2126 1918 2452 1972 effusionem
2497 1919 2891 1989 pretiosissimi
2921 1925 3195 1992 unguenti
3227 1925 3284 1979 in
3317 1943 3552 1999 corpora

1956 2021 2058 2058 sua
2111 2012 2346 2060 mortem
2389 2023 2488 2076 pro
2540 2008 2781 2061 Domino
2828 2009 3201 2076 tradiderunt,
3229 2014 3359 2082 jure
3406 2031 3554 2071 unus

1956 2095 2428 2163 evangelistarum
2455 2095 2525 2157 de
2548 2096 2723 2148 fracto
2739 2095 3022 2151 alabastro
3037 2100 3380 2155 mentionem
3395 2102 3551 2170 facit,

1955 2182 2100 2252 quod
2132 2183 2227 2236 alii
2256 2188 2570 2237 tacuerunt.
2615 2183 2761 2247 Quia
2803 2190 3043 2250 I093
3073 2187 3178 2241 etsi
3206 2205 3402 2245 omnes
3452 2208 3554 2246 un-

1953 2270 2197 2324 ctionem
2216 2271 2430 2341 gratiae,
2448 2277 2505 2325 et
2526 2271 2851 2326 effusionem
2874 2275 3166 2343 unguenti,
3183 2282 3240 2330 et
3271 2278 3551 2335 actionem

1951 2357 2083 2412 boni
2133 2359 2319 2414 odoris
2361 2360 2434 2414 ad
2467 2360 2753 2414 Christum
2792 2362 3053 2424 retulere,
3090 2365 3330 2421 maxime
3358 2373 3552 2423 tamen

1952 2453 2254 2519 martyres,
2283 2453 2523 2519 q'uorum
2553 2465 2785 2519 corpora
2816 2467 2917 2521 pro
2964 2451 3186 2507 Christo
3215 2454 3393 2510 fracta
3418 2463 3553 2512 sunt

1953 2542 2010 2590 et
2028 2537 2222 2590 attrita
2246 2537 2304 2590 in
2329 2543 2602 2602 mortem;
2636 2537 2839 2607 quibus
2864 2541 3171 2612 peremptis
3197 2547 3318 2597 tota
3333 2545 3546 2616 repleta

1951 2631 2037 2678 est
2053 2625 2295 2680 Ecclesia
2319 2642 2385 2679 ex
2401 2626 2570 2680 odore
2592 2625 2835 2680 nominis
2855 2628 3095 2695 Christi;
3123 2631 3270 2700 quod
3292 2648 3550 2703 unguen-

1948 2717 2071 2767 tum
2100 2713 2357 2780 eﬂ‘usum,
2391 2721 2456 2768 ut
2491 2715 2624 2780 dixi,
2661 2715 2719 2769 in
2750 2715 2993 2770 Canticis
3024 2718 3157 2787 jure
3187 2726 3436 2776 vocatur.
3473 2721 3549 2776 Et

1948 2801 2074 2856 ideo
2102 2801 2208 2856 hoc
2231 2803 2350 2856 loco
2374 2803 2679 2874 pretiosum
2711 2819 2832 2858 esse
2861 2804 3092 2872 dicitur;
3125 2823 3226 2877 pro
3258 2823 3369 2878 quo
3397 2809 3547 2863 indi-

1948 2891 2107 2960 gnati
2134 2897 2268 2944 sunt
2295 2890 2552 2962 discipuli
2605 2895 2663 2945 et
2707 2892 3026 2958 doluerunt,
3062 2894 3304 2950 maxime
3346 2897 3541 2964 Judas,

269 2995 424 3034 nunc
453 2986 571 3034 tam
601 2980 770 3050 pedes
791 2980 1015 3034 unxis‘se
1037 2981 1343 3035 secundum
1375 2983 1666 3048 Joannem,
1697 2999 1864 3053 quam
1895 3039 1929 3053 Α
1951 2995 2124 3050 quare
2144 2979 2250 3033 hoc
2268 2985 2620 3050 unguentum
2638 2996 2750 3034 non
2765 2986 2852 3034 est
2868 2982 3252 3038 venundatum
3275 2989 3543 3042 trecentis

269 3075 328 3122 et
356 3074 528 3140 caput
558 3039 867 3139 per-fudisse
888 3069 1092 3123 dicitur
1111 3071 1273 3140 juxta
1293 3071 1618 3126 Matthaeum
1648 3039 1867 3127 et‘Mar-
1890 3039 2210 3132 Cdenariis,
2240 3074 2305 3123 ut
2346 3039 2581 3123 daretur
2635 3069 2994 3141 pauperibus.
3036 3071 3204 3126 Forte
3259 3039 3539 3146 discipuli,

268 3173 415 3210 cum.
451 3157 702 3220 Quorum
730 3157 979 3210 narratio
1008 3157 1140 3212 licet
1194 3159 1413 3212 diversa
1445 3159 1717 3222 videatur,
1750 3177 1862 3215 non
1947 3156 2081 3226 quia
2109 3157 2347 3211 necdum
2377 3156 2768 3228 intelligebant
2809 3164 3163 3214 sacramenta
3194 3161 3330 3228 Dei;
3369 3162 3542 3220 Judas

263 3249 398 3298 sunt
428 3243 696 3298 contrarii
737 3244 840 3298 sibi
893 3245 1265 3315 evangelista,
1307 3247 1362 3300 in
1396 3263 1507 3301 una
1557 3248 1863 3319 eademque

259 3332 502 3387 muliere
539 3331 758 3386 diversa
785 3339 1099 3387 narrantes.
1140 3333 1299 3398 Quod
1334 3341 1391 3389 et
1436 3352 1501 3389 ex
1539 3335 1634 3390 illa
1666 3339 1861 3406 regula

258 3421 578 3475 ostenditur
605 3437 716 3474 non
746 3438 866 3475 esse
896 3423 1260 3485 contrarium,
1297 3440 1408 3494 qua
1436 3440 1581 3494 saepe
1613 3425 1678 3479 fit
1707 3427 1854 3495 quod

257 3526 408 3564 unus
436 3515 654 3580 partem
681 3527 780 3581 pro
808 3516 926 3564 toto
956 3518 1144 3580 ponat,
1177 3512 1319 3565 alter
1349 3529 1476 3566 vero
1503 3513 1762 3582 explicat,
1798 3521 1855 3568 et

256 3603 444 3653 totum
475 3598 611 3652 dicit
632 3599 777 3669 quod
806 3605 1026 3668 gestum
1059 3606 1161 3665 est,
1195 3601 1277 3653 vel
1309 3601 1456 3671 quod
1494 3601 1724 3655 dictum.
1760 3604 1854 3657 In-

255 3687 483 3741 terdum
505 3687 676 3741 etiam
699 3703 844 3741 unus
867 3705 1058 3742 eorum
1090 3706 1257 3743 unam
1291 3697 1693 3744 commemorat
1723 3691 1853 3745 facti

255 3780 496 3846 partem,
525 3775 668 3829 alter
686 3792 814 3830 vero
845 3776 1048 3842 aliam;
1085 3777 1273 3847 sicque
1304 3778 1367 3831 fit
1407 3783 1470 3831 ut
1493 3778 1660 3832 simul
1688 3778 1852 3833 ambo

255 3881 434 3918 unum
456 3869 513 3918 et
545 3881 733 3918 verum
766 3864 971 3918 dicant.
1013 3865 1087 3919 Ut
1126 3873 1283 3935 puta,
1314 3883 1441 3920 cum
1497 3867 1565 3920 de
1595 3867 1844 3938 quinque

253 3952 495 4024 panibus
521 3959 818 4006 narrarent
832 3955 952 4024 jam
973 3970 1162 4024 supra,
1188 3954 1280 4008 ubi
1301 3971 1447 4008 unus
1468 3971 1662 4009 eorum
1691 3957 1848 4027 quin-

253 4057 542 4111 quagenos
571 4052 628 4096 et
665 4048 928 4096 centenos
955 4041 1296 4097 discubuisse
1348 4045 1505 4110 dixit,
1537 4045 1682 4098 alter
1718 4062 1846 4100 vero

1945 3251 2156 3310 autem,
2181 3245 2313 3315 quia
2344 3247 2435 3300 fur
2453 3253 2575 3300 erat
2601 3251 2658 3301 et
2699 3247 2863 3301 latro.
2889 3247 3155 3319 Alioquin
3184 3257 3536 3320 unguentum

1946 3334 2094 3404 quod
2114 3333 2447 3388 decurrebat
2475 3352 2508 3388 a
2522 3335 2702 3406 capite
2731 3335 2938 3389 Christi
2955 3352 3133 3406 usque
3151 3338 3223 3392 ad
3252 3339 3532 3411 reliquum

1943 3438 2162 3492 corpus,
2183 3421 2315 3492 quid
2338 3423 2554 3476 decoris
2581 3424 2666 3477 vel
2696 3424 3005 3478 honestatis
3033 3424 3350 3482 habebatut
3365 3429 3541 3483 effun-

1937 3511 2170 3564 deretur
2219 3527 2389 3580 super
2415 3517 2585 3581 caput
2612 3513 2756 3565 tanti
2805 3513 3081 3583 magistri,
3115 3514 3225 3568 nisi
3263 3531 3352 3569 res
3379 3522 3540 3586 gesta

1937 3615 2204 3668 magnum
2234 3599 2555 3653 ostenderet
2607 3601 3061 3654 sacramentum?
3092 3603 3248 3656 Unde
3287 3604 3392 3656 etsi
3435 3621 3534 3674 po-

1936 3692 2084 3742 terat
2112 3687 2422 3741 venundari
2475 3687 2651 3741 multo
2691 3689 2870 3759 pretio
2903 3689 3138 3759 darique
3167 3691 3530 3760 pauperibus,

1933 3782 2126 3830 tamen
2156 3792 2268 3829 non
2310 3774 2604 3846 oportebat
2630 3776 2788 3842 fieri;
2819 3776 2951 3847 quia
2980 3777 3159 3846 magis
3197 3779 3532 3834 conveniens

1934 3870 2056 3919 erat
2082 3870 2146 3919 ut
2174 3880 2344 3935 super
2371 3869 2540 3935 caput
2567 3865 2776 3919 Christi
2821 3865 3217 3931 effunderetur,
3251 3872 3445 3921 sancta
3476 3873 3534 3922 et

1932 3951 2250 4007 admirabili
2294 3952 2588 4009 effusione.
2625 3953 2749 4006 Non
2800 3953 2947 4007 enim
2999 3961 3122 4008 erat
3173 3962 3529 4025 unguentum

1931 4041 2070 4096 illud
2087 4057 2417 4112 pauperum,
2444 4057 2545 4095 nec
2566 4041 2897 4095 conveniens
2917 4048 2982 4096 ut
3007 4043 3350 4098 divideretur
3376 4045 3528 4100 inter

251 4130 606 4184 solummodo
636 4131 1096 4202 quinquagenos;
1148 4136 1205 4184 et
1233 4137 1422 4185 tamen
1452 4133 1591 4186 nihil
1644 4133 1844 4188 horum
1929 4131 2167 4196 multos;
2210 4129 2309 4184 sed
2339 4136 2404 4183 ut
2431 4129 2713 4200 integrum
2744 4146 2809 4183 ac
2840 4130 3306 4200 pretiosissimum
3335 4131 3531 4187 funde-

250 4224 440 4289 potest
494 4219 665 4272 videri
713 4220 1074 4284 contrarium,
1110 4219 1253 4275 sicut
1309 4237 1412 4274 nec
1463 4221 1569 4275 hic.
1605 4222 1844 4277 Proinde
1925 4225 2101 4283 retur,
2137 4218 2327 4283 etiam,
2373 4220 2549 4285 fracto
2599 4220 2881 4272 alabastro
2905 4220 3102 4290 (Marc.
3148 4233 3264 4286 le,
3297 4217 3372 4290 3),
3405 4226 3530 4276 tan-

248 4323 364 4360 non
389 4307 566 4361 solum
599 4309 766 4378 pedes
788 4309 1011 4362 unxisse
1037 4309 1280 4372 Domini,
1307 4310 1450 4364 hanc
1489 4327 1657 4365 unam
1687 4328 1841 4365 eam-
1926 4308 2218 4362 tummodo
2247 4323 2417 4378 super
2443 4311 2613 4378 caput
2655 4307 2806 4361 Jesu.
2857 4308 3094 4378 Propter
3123 4309 3291 4379 quod,
3324 4314 3382 4363 et
3410 4315 3528 4364 tam

247 4395 492 4466 demque
519 4397 753 4450 Mariam
782 4397 887 4450 hoc
939 4398 996 4450 in
1025 4398 1143 4452 loco
1187 4399 1412 4463 iterum,
1449 4415 1637 4453 verum
1670 4401 1840 4454 etiam
1865 4387 2263 4467 Dprudentem
2312 4396 2564 4450 mulieris
2606 4401 2900 4466 gratanter
2961 4397 3205 4467 suscepit
3264 4397 3525 4452 effectum

245 4501 404 4539 nunc
429 4490 485 4539 et
502 4491 695 4556 caput;
728 4492 827 4540 aut
845 4487 987 4540 forte
1012 4487 1167 4557 prius
1197 4495 1382 4558 caput,
1403 4488 1604 4542 deinde
1635 4489 1804 4559 pedes
1829 4509 1841 4543 :
1927 4487 2108 4548 Jesus,
2133 4490 2190 4538 et
2216 4485 2639 4555 indignantibus
2661 4485 2948 4555 discipulis
2985 4485 3120 4539 dicit
3143 4503 3156 4540 :
3192 4485 3370 4539 Sinite
3397 4502 3522 4540 eam

245 4574 356 4627 nisi
392 4573 520 4644 quia
549 4575 769 4629 Marcus
819 4575 992 4642 fracto
1023 4575 1306 4630 alabastro
1341 4576 1622 4646 perfusum
1678 4585 1846 4648 caput
1928 4579 1985 4628 et
2013 4574 2185 4628 nolite
2217 4575 2269 4627 ei
2298 4574 2519 4628 molesti
2546 4590 2686 4639 esse,
2721 4573 2986 4643 quoniam
3011 4574 3151 4641 Opus
3184 4573 3387 4628 bonum
3407 4590 3524 4643 ope-

245 4668 464 4717 narrat.
487 4663 653 4717 Forte
674 4663 876 4734 aliquis
905 4671 1019 4718 tam
1051 4664 1288 4718 infestus
1317 4665 1691 4720 calumniator
1712 4667 1836 4731 erit,

242 4758 310 4806 ut
338 4758 508 4822 neget
527 4751 666 4806 nihil
687 4753 1024 4806 remansisse
1047 4753 1104 4807 in
1132 4769 1257 4806 vase
1281 4753 1476 4820 fracto,
1507 4771 1679 4824 agens
1707 4771 1840 4808 con-

242 4847 335 4894 tra
363 4841 654 4894 veritatem
677 4841 978 4911 Evangelii.
1006 4842 1112 4895 Sed
1145 4842 1345 4895 melius
1365 4859 1429 4895 ac
1458 4843 1773 4912 religiosius
1811 4860 1841 4897 e

241 4935 443 4982 contra
479 4930 766 4984 contendit
804 4930 966 4996 alius,
999 4946 1113 4984 non
1169 4930 1336 4984 fuisse
1378 4930 1458 4984 ita
1489 4930 1748 4989 fractum.
1780 4939 1844 4986 ut

240 5024 429 5072 totum
450 5019 726 5084 effuderit,
746 5019 930 5073 nitens
949 5035 1049 5091 pro
1075 5020 1306 5073 veritate
1343 5020 1647 5089 Evangelii.
1680 5020 1841 5084 Quod

239 5108 286 5161 si
309 5106 495 5161 adhuc
513 5107 605 5161 ille
623 5113 736 5161 tam
761 5124 936 5162 caecus
957 5108 1268 5178 perstiterit
1282 5108 1366 5161 vel
1397 5113 1509 5161 tam
1538 5109 1841 5163 vehemens

238 5196 318 5250 im
326 5202 606 5266 pugnator
625 5197 965 5262 veritatis,ut
979 5196 1447 5265 evangelistarum
1459 5198 1834 5264 concordiam,

237 5286 475 5353 propter
514 5281 617 5334 hoc
659 5281 1023 5345 alabastrum,
1058 5280 1296 5335 voluerit
1339 5281 1656 5335 rescindere
1685 5283 1839 5352 prius

238 5369 503 5426 ordinate
525 5370 661 5424 satis
678 5369 930 5441 accipiat,
952 5370 1205 5441 perfusos
1231 5370 1315 5423 vel
1338 5375 1636 5441 perunctos
1648 5370 1835 5441 pedes,

237 5463 548 5530 antequam
597 5459 737 5513 illud
782 5458 1156 5529 frangeretur,
1190 5464 1255 5512 ut
1283 5458 1340 5512 in
1393 5458 1612 5527 integro
1641 5475 1837 5530 super-

236 5547 414 5603 luerit
444 5546 663 5602 abunde
695 5547 832 5602 satis
863 5547 1013 5603 unde
1043 5551 1212 5618 caput
1239 5546 1631 5618 perfunderet;
1666 5547 1745 5602 ita
1777 5553 1839 5604 ut

1923 4669 2053 4722 rata
2075 4668 2150 4716 est
2191 4666 2255 4716 in
2285 4679 2388 4716 me.
2421 4663 2609 4732 Usque
2640 4661 2780 4716 adeo
2810 4667 2895 4715 est
2922 4673 3056 4731 ergo
3085 4660 3278 4715 efﬁcax
3317 4662 3519 4733 hujus-

1923 4751 2074 4807 modi
2123 4752 2374 4822 operatio
2405 4756 2462 4804 et
2489 4751 2611 4804 laus
2661 4755 2777 4803 tam
2829 4749 2959 4803 boni
2988 4749 3192 4820 operis,
3220 4756 3287 4804 ut
3316 4751 3518 4807 exhor-

1923 4845 2114 4894 tentur
2139 4855 2332 4893 omnes
2353 4838 2453 4893 tali
2491 4844 2761 4908 tantoque
2791 4837 3062 4908 exemplo,
3100 4843 3158 4891 et
3184 4838 3520 4909 praedicetur

1928 4928 2036 4982 haec
2063 4931 2270 4981 mulier
2310 4929 2510 4995 ubique
2538 4943 2635 4995 per
2663 4928 2845 4980 orbem
2889 4931 3172 4980 terrarum
3204 4929 3518 4997 ubicunque

1922 5017 2288 5084 praedicatum
2315 5015 2486 5069 fuerit
2512 5014 2894 5086 Evangelium,
2926 5020 2983 5069 et
3005 5015 3152 5086 quod
3174 5015 3290 5070 haec
3308 5016 3439 5069 fecit
3458 5015 3514 5069 in

1926 5105 2255 5157 memoriam
2276 5103 2503 5158 Christi.
2520 5104 2674 5157 Alias
2693 5109 2880 5158 autem
2899 5103 2993 5174 qui
3017 5105 3180 5174 juxta
3206 5103 3518 5174 simplicem

1924 5192 2350 5263 intelligentiam
2383 5193 2576 5246 volunt
2599 5192 2703 5246 hoc
2728 5193 2936 5247 factum
2958 5193 3209 5264 accipere
3238 5191 3511 5258 mulieris,

1921 5281 2110 5335 dicant
2130 5283 2232 5335 hoc
2244 5282 2478 5335 effusum
2501 5288 2850 5351 unguentum
2873 5297 3042 5352 super
3059 5287 3228 5352 caput
3240 5281 3269 5336 J
3274 5296 3374 5335 esu
3397 5287 3516 5336 tam

1920 5369 2276 5423 laudabiliter
2297 5370 2430 5441 quid
2449 5370 2712 5425 utilitatis
2752 5370 3029 5435 habuerit,
3053 5370 3137 5424 vel
3167 5371 3391 5441 qualem
3420 5370 3518 5424 ha-

1920 5457 2050 5512 beat
2067 5460 2229 5528 juxta
2243 5464 2458 5513 textum
2471 5459 2818 5514 narrationis
2835 5459 3142 5531 profectum
3161 5464 3216 5513 et
3236 5459 3512 5525 decorem;

1919 5547 2028 5602 nisi
2049 5547 2182 5618 quia
2205 5548 2261 5602 in
2285 5549 2554 5621 mysterio
2581 5548 2789 5603 bonum
2813 5565 2951 5619 opus
2980 5548 3128 5608 fecit.
3163 5553 3220 5603 et
3237 5548 3295 5602 in
3322 5563 3479 5602 sacra
3497 5574 3516 5586 ο
