3872 6158
380 260 488 318 888

1144 255 1199 311 S.
1243 252 1619 311 PASCHASII
1659 251 2020 309 RADBERTI
2058 253 2362 311 ABBATIS
2400 254 2898 313 CORBEIENSIS.

3510 256 3600 314 884

386 392 577 443 mento
607 385 777 457 hujus
795 382 927 439 facti
954 380 1172 437 devotio
1199 379 1377 435 multa
1396 377 1789 450 praeﬁguravit.
1818 378 1977 432 Unde
1992 378 2229 440 AVerbi
2267 395 2398 434 caro
2430 380 2501 434 ad
2555 380 2936 452 sepeliendum
2966 383 3212 451 paratur.
3248 381 3360 452 Ipse
3386 381 3534 452 igitur
3558 388 3605 438 et

390 482 448 530 et
474 474 615 529 dixit
641 492 653 527 :
691 473 829 539 Quia
844 486 1109 540 pauperes
1129 484 1338 537 semper
1365 468 1571 520 habetis
1589 468 1987 531 vobiscum,me

354 623 359 627 ,
392 570 578 619 autem
601 578 714 616 non
741 576 949 630 semper
967 560 1252 612 habebitis.
1273 557 1354 609 Ac
1375 555 1420 609 si
1444 552 1671 621 diceret,
1705 556 1987 626 Pauperes

390 668 613 724 semper
641 648 921 704 habebitis
944 647 1003 701 in
1032 644 1234 717 quibus
1263 661 1435 715 opera
1464 644 1862 698 misericordiae
1900 660 1989 698 ex-

390 741 649 804 hibeatis,
669 755 759 793 me
788 742 976 791 autem
998 733 1363 805 corporaliter
1384 750 1499 787 non
1528 749 1751 803 semper
1778 732 1986 787 habere

391 828 645 902 potestis,
674 832 731 885 et
750 824 875 879 ideo
907 822 1081 877 semel
1101 822 1383 893 agendum
1407 826 1494 876 est
1512 822 1570 876 in
1602 838 1709 884 me,
1730 838 1839 893 quo
1867 827 1988 875 tota

393 918 594 972 domus
651 912 936 983 repleatur
966 927 1034 965 ex
1063 910 1234 964 odore
1276 908 1406 964 boni
1459 909 1663 974 odoris,
1697 918 1755 963 et
1800 908 1991 962 omnia

394 1002 592 1073 capitis
616 1004 1045 1072 perunguantur
1077 1002 1316 1063 ,οδ-ι
1349 995 1604 1051 membra
1648 995 1792 1060 Quia
1820 995 1929 1050 nisi
1956 1012 1991 1049 a

393 1089 576 1162 capite
607 1093 959 1159 unguentum
1002 1087 1108 1140 hoc
1138 1084 1453 1150 deﬂuxerit,
1487 1084 1629 1139 nihil
1669 1084 1727 1139 in
1758 1101 1990 1155 corpore

392 1179 658 1251 prodesse
673 1181 876 1249 potest.
897 1175 956 1230 Si
969 1179 1158 1229 autem
1173 1172 1363 1253 omnia
1378 1189 1722 1245 quaecunque
1741 1173 1861 1244 geri
1869 1189 1989 1227 mus

396 1268 468 1324 ad
488 1267 713 1322 laudem
734 1264 834 1319 Dei
853 1262 1175 1334 proﬁciunt,
1187 1267 1245 1316 et
1256 1262 1326 1315 ad
1343 1261 1550 1316 Christi
1565 1260 1804 1331 gloriam
1822 1261 1995 1333 quod-

396 1356 538 1411 libet
550 1372 690 1426 opus
702 1352 961 1418 refertur,
976 1358 1111 1404 tunc
1128 1356 1415 1421 unguento
1431 1350 1675 1421 pretioso
1688 1350 1994 1420 unguimus

399 1452 567 1515 caput
599 1443 827 1505 Christi,
853 1446 911 1494 et
938 1439 1136 1493 exinde
1177 1454 1277 1510 per
1306 1444 1490 1493 totum
1519 1455 1722 1510 corpus
1764 1440 1907 1509 ejus,
1938 1439 1994 1493 id

402 1539 487 1589 est
530 1549 632 1604 per
673 1538 848 1585 totam
892 1528 1141 1583 decurrit
1167 1528 1488 1592 Ecclesiam,
1522 1534 1580 1582 et
1619 1528 1725 1582 hoc
1753 1534 1841 1582 est
1887 1544 1995 1582 un-

399 1629 673 1694 guentum
720 1619 877 1672 valde
943 1617 1274 1688 pretiosum,
1322 1632 1388 1671 ex
1439 1618 1599 1687 cujus
1656 1616 1826 1670 odore
1876 1620 1997 1670 tota

2068 467 2138 520 ad
2168 467 2389 522 inferna
2426 468 2712 523 descendit
2742 469 2837 540 qui
2896 468 2955 522 in
2993 470 3240 540 sepulcro
3276 470 3453 540 jacuit,
3479 487 3602 526 unus

2069 554 2332 627 idemque
2353 556 2610 611 Christus
2631 558 2935 623 indivisus;
2963 557 3042 610 ita
3066 564 3129 611 ut
3150 574 3249 612 nec.
3275 575 3393 612 caro
3407 560 3611 629 jacuerit

2067 643 2126 698 in
2156 645 2413 715 sepulcro
2440 648 2561 699 sine
2589 646 2704 700 Deo
2732 646 2936 708 Verbo,
2970 645 3115 716 quod
3145 663 3270 700 caro
3296 646 3483 700 factum
3505 654 3607 704 est:

2068 750 2171 787 nec
2211 733 2401 787 anima
2439 733 2790 788 descenderit
2824 734 2893 788 ad
2953 733 3171 788 inferna
3225 735 3340 789 sine
3380 734 3517 805 ipso;
3558 752 3611 791 eo

2068 822 2217 894 quod
2238 821 2296 875 in
2326 822 2587 876 omnibus
2612 839 2759 877 unus
2787 828 2845 876 et
2870 822 2989 894 ipse
3020 828 3105 877 est
3130 822 3396 887 Christus,
3422 824 3550 877 Deus
3571 828 3618 877 et

2071 911 2260 976 homo,
2286 925 2449 964 verus
2480 910 2582 964 Dei
2612 915 2670 963 et
2695 909 2936 963 hominis
2958 909 3150 964 Filius.
3182 911 3326 965 Deus
3349 910 3518 982 itaque
3534 928 3616 965 nec

2070 1003 2326 1052 mortuus
2374 1003 2479 1060 est.
2510 1014 2614 1053 nec
2641 997 2913 1069 sepultus,
2944 1003 3001 1052 et
3030 1006 3219 1053 tamen
3258 998 3325 1053 ab
3352 1015 3412 1052 eo
3440 999 3614 1053 dictum

2073 1090 2203 1139 est:
2244 1087 2365 1141 Hec
2394 1089 2543 1141 enim
2586 1090 2807 1140 mittens
2852 1092 3202 1155 unguentum
3245 1088 3336 1141 hoc
3364 1090 3421 1141 in
3463 1104 3621 1156 corpus

2074 1190 2278 1241 meum,
2303 1177 2377 1229 ad
2392 1176 2761 1244 sepeliendum
2784 1190 2867 1229 me
2885 1177 3012 1242 fecit
3057 1175 3217 1239 Quod
3230 1191 3359 1246 ergo
3380 1176 3431 1229 in
3451 1191 3619 1245 corpus

2075 1279 2239 1317 suum
2262 1263 2494 1317 missum
2522 1268 2630 1330 est,
2643 1262 2710 1317 ad
2743 1262 3125 1333 sepeliendum
3147 1280 3273 1318 eum
3305 1264 3495 1317 factum
3520 1268 3617 1330 est;

2077 1358 2133 1405 et
2155 1367 2265 1405 non
2283 1351 2431 1405 idem
2454 1356 2558 1414 est,
2582 1368 2641 1405 se
2662 1368 2803 1419 esse,
2818 1367 3095 1422 suumque
3113 1368 3255 1406 esse.
3274 1351 3340 1405 Et
3351 1368 3453 1406 non
3476 1369 3621 1406 unum

2077 1446 2179 1495 est.
2201 1440 2270 1495 ad
2296 1440 2676 1512 sepeliendum
2698 1457 2759 1493 se
2787 1440 2928 1501 ﬁeri,
2961 1456 3239 1511 suumque
3263 1456 3452 1511 corpus
3478 1439 3623 1510 ungi:

2077 1546 2258 1600 neque
2280 1529 2429 1583 enim
2450 1529 2714 1584 convenit
2727 1545 2929 1599 corpus
2944 1545 3110 1582 suum
3138 1545 3281 1591 esse,
3308 1544 3468 1598 seque
3493 1543 3625 1599 sepe-

2078 1620 2167 1674 liri
2230 1620 2337 1675 Sed
2378 1619 2717 1674 sacramenti
2746 1618 2896 1672 istud
2922 1617 3120 1685 divini,
3151 1618 3209 1673 id
3238 1624 3323 1672 est
3357 1618 3629 1686 intelligen-

399 1711 653 1784 repletur
679 1708 898 1769 domus,
916 1706 1129 1760 scilicet
1148 1704 1391 1759 Ecclesia
1410 1705 1530 1759 Dei.
1559 1706 1635 1759 Ex
1653 1704 1758 1758 hoc
1790 1705 1995 1776 quippe
2015 1699 2061 1757 Β
2079 1708 2159 1763 tia
2187 1708 2430 1779 pietatis,
2452 1724 2565 1762 non
2596 1708 2856 1778 ignorare
2885 1707 3082 1771 Deum,
3111 1723 3280 1777 quem
3321 1706 3454 1760 scias
3479 1706 3629 1759 homi-

401 1803 524 1857 loco
559 1798 788 1870 quidam
834 1794 1143 1850 calumnias
1172 1799 1414 1854 movent.
1448 1809 1625 1864 quare
1653 1809 1799 1848 unus
1828 1810 1996 1847 evan-

401 1889 731 1963 gelistarum
770 1885 950 1940 solum
1000 1883 1202 1937 Judam
1253 1882 1458 1936 dixerit
1484 1882 1897 1946 contristatum,
1930 1898 1996 1936 eo

405 1978 554 2052 quod
576 1976 788 2055 loculos
806 1972 1086 2036 habuerit,
1105 1978 1162 2026 et
1180 1972 1270 2025 tur
1289 1970 1359 2025 ab
1379 1970 1541 2025 initio
1561 1971 1748 2033 fuerit,
1769 1977 1826 2025 et
1848 1987 1997 2025 nunc

409 2067 706 2124 Mattheus
734 2062 927 2118 scribit
943 2077 1140 2116 omnes
1160 2059 1482 2131 indignatos
1500 2057 1673 2114 fuisse
1693 2060 1991 2131 apostolos,

405 2156 717 2214 nescientes
736 2160 960 2224 tropum
985 2150 1081 2221 qui
1116 2155 1349 2204 vocatur
1377 2148 1706 2221 synelepsis,
1728 2148 1824 2203 ubi
1854 2165 1998 2203 unus

406 2262 508 2319 pro
540 2243 735 2298 multis
788 2239 1014 2305 dicitur,
1056 2238 1141 2291 vel
1194 2235 1359 2291 multi
1396 2253 1498 2307 pro
1542 2252 1674 2291 uno.
1707 2237 1900 2290 Potest
1945 2240 2002 2291 et

408 2334 575 2388 aliter
622 2329 749 2391 dici.
779 2328 925 2400 quod
981 2326 1234 2398 Apostoli
1283 2341 1409 2379 vere
1460 2325 1774 2379 nescientes
1819 2325 2001 2379 adhuc

404 2425 763 2477 sacramenta
798 2417 919 2479 Dei,
953 2422 1182 2487 propter
1223 2430 1499 2486 pauperes
1527 2414 1806 2485 indignati
1847 2420 1998 2480 sunt,

408 2511 581 2568 Judas
623 2515 815 2562 autem
870 2505 1220 2561 solummodo
1259 2509 1488 2575 propter
1533 2503 1705 2557 lucra.
1737 2503 1895 2559 Unde
1945 2508 2001 2558 et

407 2598 725 2655 mussitatio
742 2598 864 2666 ejus
881 2594 952 2650 ab
980 2593 1323 2664 evangelista
1347 2609 1475 2647 cum
1496 2592 1728 2648 crimine
1750 2594 1996 2665 ponitur,

408 2687 557 2761 quod
594 2703 702 2741 non
735 2701 927 2740 curam
957 2699 1267 2755 pauperum
1297 2682 1576 2745 habuerit,
1602 2682 1701 2737 sed
1739 2683 1873 2754 quia
1901 2684 2001 2750 fur

407 2782 527 2831 erat
555 2781 604 2829 et
627 2778 787 2829 latro.
815 2773 1025 2828 idcirco
1044 2773 1287 2826 Joannes
1309 2787 1374 2824 ex
1403 2771 1507 2825 hac
1536 2771 1846 2837 occasione,
1878 2772 2001 2841 ejus

2078 1812 2225 1862 nem,
2245 1812 2348 1850 nec
2358 1795 2573 1850 nescire
2585 1795 2867 1849 hominem
2874 1809 3072 1863 ,quem
3095 1809 3209 1848 non
3224 1793 3444 1863 ignoras
3463 1792 3614 1846 Deum

2078 1888 2136 1937 et
2159 1884 2264 1937 hoc
2292 1889 2379 1937 est
2403 1883 2591 1938 Jesum
2629 1883 2913 1938 Christum
2935 1898 3047 1937 non
3069 1881 3349 1947 dividere;
3384 1880 3503 1951 quia
3530 1881 3629 1934 Ver-

2079 1972 2206 2025 bum
2236 1989 2363 2027 caro
2390 1975 2601 2040 factum
2626 1978 2719 2027 est.
2744 1972 2875 2026 Ideo
2896 1976 3045 2025 recta
3068 1969 3209 2024 ﬁdes
3241 1976 3345 2037 est,
3358 1985 3460 2023 non
3476 1967 3632 2038 sepul-

2076 2066 2199 2115 tum
2229 2077 2341 2115 non
2370 2066 2568 2132 putare
2597 2076 2762 2131 quem
2790 2059 3186 2115 resuscitatum
3218 2075 3339 2113 esse
3371 2057 3631 2127 intelligas,

2079 2155 2137 2204 et
2162 2150 2557 2204 resuscitatum
2583 2166 2693 2204 non
2712 2147 2998 2219 ambigere
3023 2164 3193 2219 quem
3215 2163 3418 2218 negare
3436 2161 3535 2200 non
3555 2160 3632 2199 au-

2081 2238 2214 2292 deas
2243 2255 2355 2293 non
2384 2238 2687 2310 sepultum.
2713 2238 2977 2309 Sepultus
3009 2242 3094 2291 est
3116 2240 3310 2291 autem
3336 2237 3489 2290 Jesus
3511 2233 3638 2288 Chri-

2083 2332 2222 2391 stus,
2254 2326 2388 2396 quia
2418 2334 2475 2381 et
2503 2332 2758 2381 mortuus
2784 2331 2888 2380 est.
2923 2325 3280 2396 Quapropter
3318 2340 3426 2378 non
3454 2326 3638 2394 oportet

2082 2433 2208 2472 eum
2231 2416 2523 2488 tripartiri,
2546 2432 2726 2486 neque
2751 2414 2922 2469 dividi
2948 2415 3240 2470 Christum
3270 2414 3456 2469 intres
3485 2427 3639 2483 perso-

2084 2522 2204 2569 nas,
2239 2512 2304 2559 ut
2331 2506 2483 2559 dicas
2503 2504 2748 2559 Verbum
2779 2510 2836 2557 et
2861 2503 3108 2558 animam
3141 2510 3317 2573 atque
3345 2518 3547 2572 corpus,
3565 2499 3640 2554 ubi

2086 2594 2169 2649 vel
2186 2593 2301 2659 ubi,
2318 2593 2589 2666 separari.
2608 2592 2716 2648 Sed
2738 2593 2870 2664 quia
2888 2608 3034 2647 unus
3056 2597 3160 2655 est,
3182 2592 3310 2646 ideo
3330 2597 3386 2646 et
3404 2589 3637 2661 sepultus,

2083 2683 2228 2737 sicut
2254 2682 2324 2737 ad
2348 2682 2730 2754 sepeliendum
2753 2698 2814 2736 se
2843 2682 3143 2736 confitetur
3172 2697 3299 2736 esse
3328 2686 3624 2752 perunctum

2082 2773 2262 2829 Amen
2292 2773 2412 2825 dico
2450 2773 2614 2839 vobis,
2646 2773 2958 2840 ubicunque
2980 2772 3351 2840 praedicatum
3384 2772 3542 2838 fuerit
3567 2767 3645 2819 hoc

407 2865 632 2921 furandi
650 2862 1110 2929 consuetudinem
1132 2859 1307 2914 voluit
1326 2860 1732 2924 demonstrare,
1757 2867 1815 2913 et
1829 2875 2003 2929 quan-
2082 2862 2451 2930 Erangetium
2475 2864 2537 2914 in
2567 2866 2672 2915 toto
2702 2861 2930 2921 mundo,
2958 2861 3176 2913 dice‘ur
3204 2860 3349 2928 quod
3367 2866 3413 2911 et
3431 2858 3529 2911 hac
3541 2855 3642 2922 fecit

406 2960 527 3011 tum
549 2960 697 3010 esset
717 2952 952 3023 cupidus
976 2948 1340 3021 pecuniarum
1367 2947 1692 3019 exprimere:
1720 2948 2003 3011 Quaeritur
2026 3011 2064 3023 Α
2090 2954 2152 3005 in
2182 2953 2509 3004 memoriam
2540 2953 2676 3019 ejus.
2701 2950 2835 3015 Quae
2848 2948 3113 3003 nimirum
3129 2946 3467 3018 ambiguitas
3484 2942 3645 2997 dictio-

405 3050 596 3115 autem
625 3059 725 3098 cur
754 3011 1096 3095 dixeritiille
1123 3042 1310 3092 autem
1342 3011 1455 3092 non
1481 3053 1688 3106 semper
1716 3038 1997 3103 habebitis,
2021 3011 2066 3069 Ο
2088 3039 2197 3103 nis,
2229 3044 2295 3094 ut
2324 3011 2578 3109 quidam'
2604 3011 2816 3105 volunt,
2847 3038 3064 3092 nullum
3091 3011 3334 3108 generat
3360 3032 3644 3104 scrupulum

407 3148 535 3188 cum
566 3136 693 3203 post
739 3126 1209 3184 resurrectionem
1239 3125 1393 3180 dicat
1434 3125 1515 3179 eis
1546 3144 1557 3179 :
1587 3126 1697 3194 Ego
1725 3126 2001 3179 vobiscum
2083 3127 2568 3192 dubietatis.Quia
2583 3144 2678 3182 seu
2702 3127 3037 3198 distinguas,
3057 3126 3138 3179 ita
3167 3132 3237 3180 ut
3265 3125 3432 3187 dicas,
3453 3121 3646 3176 ubicun-

404 3238 531 3276 sum
550 3236 718 3290 usque
736 3220 811 3272 ad
833 3218 1363 3272 consummationem
1379 3218 1566 3269 saeculi
1585 3216 1775 3281 (Matth
1809 3227 1994 3280 XXVIII,

2083 3234 2191 3289 que
2202 3216 2567 3289 praedicatum
2579 3216 2748 3271 fuerit
2759 3217 2863 3270 hoc
2874 3214 3241 3284 Evangelium
3255 3214 3314 3269 in
3322 3220 3438 3268 toto
3448 3208 3643 3272 mundo,

405 3309 492 3379 20)
538 3310 656 3365 Hoc
684 3308 891 3381 quippe
913 3306 984 3360 de
1005 3303 1322 3377 praesentia,
1356 3309 1421 3358 ut
1448 3303 1583 3369 dixi,
1623 3303 1711 3359 sui
1748 3303 1996 3374 corporis

2081 3306 2230 3376 quod
2260 3305 2693 3377 consequentius
2719 3311 2824 3368 est,
2842 3320 2942 3359 seu
2958 3303 3299 3373 distinguas,
3325 3302 3453 3374 quia
3477 3299 3529 3353 in
3550 3302 3646 3351 toto

404 3399 674 3472 loquitur;
698 3397 847 3469 quod
858 3410 1214 3467 nequaquam
1236 3398 1363 3466 post
1383 3394 1850 3448 resurrectionem
1871 3409 1998 3447 cum
2081 3395 2291 3449 mundo
2313 3394 2548 3458 dicetur,
2564 3410 2677 3449 non
2701 3392 2908 3447 alicubi
2930 3400 3142 3456 tamen,
3165 3408 3339 3462 quam
3370 3390 3647 3457 ubicunque

406 3489 488 3544 eis
514 3488 597 3542 ita
624 3488 848 3542 futurus
868 3487 961 3550 sit,
994 3483 1274 3556 quomodo
1305 3488 1442 3537 tunc
1469 3482 1528 3536 in
1556 3481 1708 3536 omni
1743 3481 1997 3537 convictu
2080 3483 2251 3538 fuerit
2278 3484 2382 3538 hoc
2408 3482 2799 3553 Evangelium:
2829 3482 3047 3537 dicetur
3075 3487 3132 3535 et
3156 3481 3297 3551 quia
3335 3481 3435 3534 hoc
3462 3476 3579 3531 iecit
3600 3475 3648 3528 in

408 3583 468 3633 et
498 3575 900 3631 familiaritate.
933 3574 1110 3643 Cujus
1128 3571 1208 3627 rei
1239 3587 1454 3625 memor
1480 3577 1537 3625 et
1565 3570 1867 3642 Apostolus
1896 3570 1996 3636 ait,
2083 3572 2413 3626 memoriam
2446 3573 2588 3642 ejus.
2619 3572 2817 3643 Neque
2845 3570 2994 3625 enim
3023 3570 3393 3641 Evangelium
3418 3568 3532 3622 sine
3556 3579 3649 3618 me-

407 3665 458 3720 si
476 3680 813 3720 noveramus
832 3664 1118 3718 Christum
1147 3660 1453 3716 secundum
1476 3675 1723 3723 carnem,
1742 3660 1861 3729 jam
1888 3675 2001 3713 non

406 3755 664 3812 novimus
712 3770 859 3808 eum.
890 3752 1049 3818 Quod
1103 3756 1294 3806 autem
1333 3750 1483 3804 Deus
1517 3747 1762 3803 Verbum
1795 3747 2001 3819 ubique

407 3844 503 3907 sit,
535 3849 593 3900 et
620 3860 747 3899 cum
777 3841 893 3898 suis
935 3856 1156 3913 semper
1182 3839 1404 3894 iuturus
1442 3838 1535 3905 sit,
1563 3837 1720 3892 novit
1747 3853 1881 3891 vera
1932 3837 2000 3891 ﬁ-

407 3934 527 3990 des.

478 4026 721 4088 Mittens,
752 4020 953 4092 inquit,
988 4020 1097 4074 hac
1144 4022 1495 4087 unguentum
1548 4016 1650 4072 hoc
1693 4018 1759 4070 in
1806 4032 2000 4086 corpus

2082 3661 2264 3715 moria
2281 3661 2449 3731 hujus
2468 3659 2740 3725 mulieris,
2757 3678 2881 3732 quae
2893 3666 2979 3715 est
2990 3658 3257 3725 Ecclesia,
3276 3654 3645 3731 praedicabunt.

2083 3766 2266 3821 neque
2296 3750 2567 3804 memoria
2618 3748 2797 3821 ipsius
2829 3748 2950 3802 sine
2992 3747 3301 3817 Evangelio
3336 3740 3653 3818 praedicanda

2081 3836 2501 3909 pronuntiatur.
2535 3836 2679 3901 Quia
2709 3835 2985 3890 memoria
3029 3836 3202 3906 hujus
3235 3833 3501 3898 mulieris,
3531 3846 3649 3902 prae-

2082 3926 2258 3982 sentis
2288 3937 2373 3981 est
2421 3926 2676 3982 Ecclesiae
2725 3924 3151 3991 demonstratio,
3181 3924 3334 3997 quod
3380 3917 3651 3992 susceperit

2082 4017 2404 4082 Dominum,
2440 4016 2587 4088 quod
2631 4021 2876 4083 [030
2895 4012 3183 4085 sepelierit
3211 4013 3271 4068 in
3302 4013 3410 4067 ﬁde
3431 4026 3527 4065 sua
3546 4004 3646 4061 Sal-

409 4129 614 4175 meum,
636 4112 710 4164 ad
721 4109 1087 4175 sepeliendum
1103 4108 1345 4176 mefecit.
1362 4105 1609 4160 Audiant
1620 4104 1999 4177 haereticiqui
2081 4113 2350 4171 vatorem,
2381 4106 2527 4177 quod
2558 4103 2781 4160 unxerit
2804 4108 2973 4174 caput
3000 4103 3124 4173 ejus
3155 4106 3444 4173 unguento
3468 4094 3645 4170 pretio-

410 4202 607 4261 dicunt
633 4197 920 4254 Christum
947 4212 1149 4266 corpus
1189 4211 1303 4249 non
1349 4194 1644 4259 habuisse;
1674 4194 1909 4249 audiant
1945 4200 2002 4248 et
2081 4195 2301 4250 sissimo
2334 4211 2401 4249 ac
2444 4195 2641 4265 pedes;
2672 4209 2798 4247 cum
2826 4209 2955 4247 eum
2976 4192 3157 4247 Deum
3184 4198 3244 4246 et
3271 4190 3543 4245 hominem
3567 4198 3644 4236 ve-

409 4287 507 4360 qui
536 4302 666 4341 eum
695 4284 1038 4348 rescindunt,
1066 4284 1315 4337 volentes
1340 4282 1399 4336 in
1420 4283 1641 4337 Christo
1662 4282 1803 4337 duas
1828 4283 2003 4338 intro-
2017 4325 2065 4383 D
2082 4285 2287 4339 raciter
2305 4284 2483 4339 credit
2499 4284 2682 4348 corde,
2708 4287 2765 4336 et
2782 4283 3082 4336 conﬁtetur
3103 4297 3220 4345 ore,
3240 4296 3357 4335 una
3382 4293 3513 4383 cun:
3522 4273 3643 4383 bopp

411 4359 616 4433 ducere
634 4389 923 4447 personas,
950 4370 1389 4440 nuncupativum
1420 4371 1520 4424 Dei
1547 4370 1768 4436 Filium,
1794 4377 1852 4426 et
1879 4390 2003 4442 pro-
2021 4359 2065 4383 υ
2083 4390 2270 4444 opere.
2300 4373 2557 4438 Attende,
2583 4387 2787 4443 quaeso,
2813 4370 3075 4425 notitiam
3102 4369 3443 4424 futurorum.
3473 4359 3646 4419 Praedi-

410 4467 617 4540 prium,
642 4464 789 4518 sicut
840 4460 981 4515 duas
1007 4463 1228 4514 constat
1256 4474 1385 4512 vere
1433 4457 1695 4512 habuisse
1749 4465 1999 4514 naturas.
2085 4462 2164 4516 xit
2187 4462 2334 4515 enim
2366 4467 2492 4532 post
2518 4460 2751 4514 biduum
2776 4476 2836 4514 se
2858 4476 3179 4531 passurum,
3204 4465 3264 4513 et
3283 4458 3373 4512 die
3392 4453 3643 4540 tertiam.

415 4536 685 4620 _Audiant,
698 4569 765 4608 ex
787 4556 1024 4621 utraque
1043 4552 1267 4611 natura,
1286 4546 1433 4617 quod
1456 4562 1601 4600 unus
1629 4545 1890 4617 idemque
1920 4553 2006 4601 est
2083 4556 2567 4616 surrecturum,eo
2599 4549 2744 4620 quod
2772 4554 2920 4603 esset
2946 4548 3277 4602 moriturus.
3296 4543 3500 4600 Deinde
3513 4536 3642 4599 dicit,

415 4645 693 4708 Christus,
725 4647 784 4696 et
810 4640 935 4694 ideo
962 4653 1109 4692 unus
1139 4636 1235 4707 qui
1264 4635 1530 4706 loquitur,
1555 4635 1817 4707 idemque
1842 4637 2003 4707 cujus

415 4733 648 4804 ungitur
676 4746 897 4800 corpus;
921 4726 1018 4798 qui
1042 4741 1152 4780 non
1177 4725 1274 4791 ait,
1299 4724 1367 4778 ad
1389 4724 1770 4796 sepeliendum
1802 4742 2003 4796 corpus

418 4837 607 4879 meum
638 4820 743 4874 hoc
779 4817 926 4883 fecit,
945 4816 1043 4871 sed
1066 4817 1140 4870 ad
1167 4817 1534 4884 sepeliendum
1562 4831 1646 4867 me
1666 4816 1810 4882 fecit.
1843 4813 2002 4868 Unde

2084 4639 2445 4709 Evangelium
2466 4638 2526 4692 in
2536 4644 2654 4692 toto
2664 4643 2943 4692 terrarum
2958 4635 3092 4690 orbe
3108 4633 3645 4707 pmdicandum,cum

2086 4745 2195 4799 quo
2226 4728 2556 4782 memoriam
2589 4725 2840 4780 mulieris
2864 4724 3202 4789 habendam,
3233 4722 3382 4795 quod
3408 4723 3516 4776 hac
3535 4712 3645 4769 fecit

2084 4818 2155 4871 ad
2175 4818 2523 4889 sepulturam
2550 4818 2681 4871 Jesu
2711 4815 2937 4870 Christi.

2155 4908 2220 4961 Et
2253 4911 2387 4960 tunc
2414 4908 2554 4959 abiit
2596 4921 2745 4959 unus
2760 4921 2823 4958 es:
2848 4906 3131 4958 duodecim
3158 4905 3259 4973 qui
3278 4903 3483 4956 dicitur
3496 4893 3645 4951 ludas

417 4990 2000 5061 conﬁtemuretcrucifixum,mortuum,etsepultum,cum
2083 4994 2394 5059 Scharioth,
2414 4994 2485 5047 ad
2501 4995 2777 5062 principes
2812 4993 3243 5055 sacerdotum,“
3263 4993 3343 5043 ait
3378 4983 3647 5042 iuis.Tunc

417 5092 535 5147 sola
564 5104 693 5144 caro
722 5086 795 5141 sit
823 5100 1006 5157 passa,
1025 5082 1253 5153 solaque
1271 5081 1554 5147 cruciﬁxa,
1574 5085 1815 5143 mortua,
1838 5086 1896 5133 et
1923 5096 2005 5133 se-
2084 5080 2278 5152 utique
2291 5097 2419 5135 cum
2444 5086 2590 5134 esset
2607 5080 2665 5134 in
2681 5079 2973 5144 Bethania,
2993 5085 3050 5133 et
3069 5078 3331 5133 dixisset.
3359 5076 3514 5132 Scitis
3532 5070 3643 5139 quia

418 5182 594 5250 pulta.
622 5182 865 5243 .095
888 5172 1047 5228 Unde
1068 5177 1123 5225 et
1149 5170 1258 5237 hic,
1287 5172 1361 5225 ad
1381 5170 1766 5239 sepeliendum,
1798 5168 1999 5238 inquit,
2081 5177 2201 5240 post
2223 5172 2455 5223 biduum
2477 5170 2681 5223 Pascha
2691 5172 2799 5237 ﬁet.
2819 5168 2920 5222 Vel
2934 5168 3187 5239 quando:
3208 5163 3525 5233 Congregali
3536 5157 3645 5211 sunt

420 5265 823 5334 mefecit.Quis
845 5268 931 5316 est
950 5277 1192 5331 namque
1211 5261 1308 5332 qui
1332 5261 1437 5314 hoc
1472 5259 1639 5314 dicit?
1669 5259 1812 5314 Vere
1842 5259 2009 5313 Chri-
2084 5261 2365 5328 principes
2383 5262 2576 5327 populi
2604 5264 2652 5310 et
2671 5259 2876 5319 scribae,
2911 5260 2974 5310 in
3004 5260 3151 5311 atrio
3188 5255 3459 5325 principis
3492 5258 3646 5303 sacer-

421 5361 563 5420 stus,
594 5353 696 5408 Dei
759 5354 983 5407 Verbum
1030 5365 1157 5404 caro
1198 5351 1431 5417 factum.
1462 5350 1542 5403 Ac
1584 5364 1683 5419 per
1721 5349 1845 5414 hoc,
1878 5347 2010 5418 quia
2089 5346 2448 5412 dotum.Quia
2466 5346 2867 5401 venientevero
2884 5345 3117 5407 Pascha,
3137 5342 3376 5398 tenebrae
3392 5336 3643 5420 fugerunt,

433 5419 659 5499 Verbum
679 5458 807 5497 caro
834 5443 1045 5509 factum
1091 5445 1164 5493 est
1193 5440 1368 5509 (Joan.
1393 5454 1434 5503 ι,
1481 5436 1588 5506 14),
1628 5443 1780 5492 recte
1809 5437 1869 5492 in
1890 5436 2011 5492 uni—
2091 5441 2149 5491 et
2174 5437 2202 5491 J
2208 5436 2346 5492 udas
2368 5436 2428 5490 in
2468 5440 2632 5490 nocte
2662 5435 2733 5489 ad
2761 5433 3023 5489 tenebras
3051 5430 3423 5506 pertransivit,
3451 5419 3645 5498 quando

419 5538 539 5592 tate
564 5546 817 5607 personae
844 5527 995 5595 dicit,
1025 5529 1099 5584 ad
1150 5528 1517 5599 sepeliendum
1575 5542 1659 5581 me
1697 5528 1843 5596 fecit,
1875 5526 2011 5582 dum
2091 5525 2389 5600 praesentia
2414 5524 2664 5592 recessit,
2697 5528 2756 5581 et
2779 5523 2852 5580 ad
2872 5523 3095 5581 δυάδος
3120 5537 3313 5595 usque,
3344 5524 3407 5577 ut
3431 5514 3626 5573 tradere

417 4918 476 4968 et
520 4911 577 4965 in
603 4907 878 4981 symbolo,
896 4907 1042 4976 jure,
1075 4903 1359 4958 Christum
1389 4903 1490 4957 Dei
1517 4902 1722 4957 Filium
1774 4918 2000 4972 passum
