3872 6158
280 230 384 291 885

991 229 1371 289 EXPOSITIO
1408 233 1489 290 IN
1525 232 1975 291 MATTHEUM.
2013 264 2077 274 —
2118 184 2253 288 LIB.
2281 233 2418 308 XII,
2463 233 2621 289 CAP.
2668 232 2865 287 XXVI.

3448 232 3554 295 886

274 356 599 429 Dominum,
631 356 903 441 pervenit.
940 357 1089 413 Unus
1126 373 1190 411 ea:
1232 358 1535 412 duodecim.
1566 357 1725 413 Unus
1765 355 2135 420 nu-Anoctis
2163 356 2406 422 silentio,
2428 372 2557 412 cum
2582 361 2731 413 esset
2756 357 3025 415 secretius
3045 375 3173 416 cum
3190 361 3308 416 suis
3330 362 3390 419 in
3410 379 3552 445 prae-

278 462 455 512 mero,
504 450 562 501 et
606 462 717 500 non
764 445 966 500 merito
999 465 1013 503 :
1059 445 1262 516 specie,
1298 461 1411 500 non
1455 446 1691 515 virtute;
1738 462 1873 501 con-

268 534 565 605 junctione
607 533 679 589 ad
729 539 954 606 tempus
996 534 1264 606 corporis,
1316 549 1429 589 non
1475 533 1693 589 vinculo
1740 532 1874 589 cha-

272 623 480 679 ritatis.
505 623 631 678 Non
652 638 785 695 ergo
816 627 975 679 vacat
995 639 1029 677 a
1048 622 1336 695 mysterio,
1358 620 1498 679 duos
1527 622 1698 678 fuisse
1726 622 1877 679 inter

271 711 559 785 apostolos
587 712 693 767 hoc
737 707 966 767 nomine
1010 711 1281 769 vocitatos
1309 730 1323 779 ;
1375 717 1440 766 ut
1479 728 1626 768 unus
1659 712 1878 768 dicatur
1908 757 1915 763 .

269 799 450 857 Judas
478 800 691 868 Jacobi,
717 801 860 856 alter
878 817 1007 856 vero
1046 801 1360 868 Scharioth,
1385 802 1518 874 quia
1552 802 1581 857 J
1586 800 1726 856 udas
1754 816 1877 855 con-

271 892 437 959 fessio
470 889 896 963 interpretatur.
923 888 1000 945 Et
1025 889 1151 946 ideo
1182 890 1323 945 duos
1363 890 1501 945 istos
1528 889 1702 945 fuisse
1730 890 1878 944 inter

271 978 599 1052 discipulos,
647 983 713 1033 ut
753 995 901 1034 unus
945 995 1141 1033 eorum
1190 984 1406 1034 teneret
1463 979 1702 1033 formam
1748 994 1877 1033 vere

266 1067 682 1127 conﬁtentium.
720 1085 957 1139 quorum
992 1084 1121 1140 pars
1158 1068 1399 1122 ﬁdeliter
1427 1072 1721 1140 permanet
1748 1084 1877 1123 cum

264 1154 547 1221 Domino;
599 1156 747 1212 alter
787 1173 916 1211 vero
959 1172 1151 1211 eorum
1195 1162 1412 1229 partem
1457 1156 1736 1228 exprimit,
1772 1158 1879 1224 Qui

266 1248 609 1313 conﬁtentur
634 1262 688 1299 se
721 1261 873 1300 nosse
903 1247 1096 1311 Deum,
1124 1246 1286 1312 factis
1312 1250 1496 1299 autem
1519 1250 1722 1313 negant
1747 1247 1872 1309 (Tit.

269 1347 313 1400 ι,
352 1330 463 1400 26).
492 1333 799 1405 Propterea
824 1350 1018 1389 omnes
1044 1339 1340 1388 transeunt
1366 1350 1491 1388 cum
1518 1333 1627 1389 isto
1649 1334 1720 1388 ad
1751 1350 1876 1388 ava-

264 1421 485 1488 ritiam,
524 1422 595 1476 ad
641 1422 797 1477 dolos
826 1428 883 1476 et
915 1422 1159 1479 fraudes.
1193 1428 1251 1477 et
1293 1422 1605 1477 admiscent
1633 1439 1692 1477 se
1722 1422 1875 1477 falsis

260 1510 559 1565 fratribus.
579 1511 712 1581 Legi
734 1510 1048 1576 Scharioth,
1063 1512 1225 1582 juxta
1246 1510 1577 1566 Hebraicam
1597 1511 1874 1583 interpre-

261 1598 544 1653 tationem
593 1615 628 1653 a
683 1598 927 1669 quodam
978 1598 1372 1652 exsuﬂ‘ocatam
1415 1597 1600 1652 vocari
1647 1598 1870 1653 debere.

1954 446 2047 503 dio
2067 445 2451 513 Gethsemani,
2474 451 2838 503 occurrerunt
2855 447 2905 502 ei
2933 464 3059 503 cum
3086 438 3287 520 gladiis
3308 442 3365 506 et
3390 438 3555 507 fusti-

1952 533 2077 602 bus,
2111 539 2177 590 ut
2207 550 2337 589 eum
2364 534 2607 590 latenter
2636 536 2797 607 quasi
2833 535 3017 592 furem
3046 536 3551 610 deprehenderent.

1958 626 2149 680 Prima
2174 628 2357 678 autem
2376 639 2708 692 azymorum
2734 632 3076 681 accesserunt
3102 628 3365 697 discipuli
3385 628 3459 682 ad
3474 627 3559 701 Je-

1958 728 2083 767 sum
2098 713 2331 767 dicentes
2354 731 2365 767 :
2395 712 2492 767 Ubi
2513 715 2594 767 vis
2611 729 2872 781 paremus
2898 715 3001 768 tibi
3025 718 3296 770 comedere
3315 717 3559 772 Pascha?

1958 800 2150 856 Prima
2176 818 2309 873 ergo
2339 801 2459 856 dies
2487 817 2812 874 azymorum
2842 801 2963 874 ipsa
2994 809 3097 871 est,
3126 805 3350 876 quando
3378 821 3558 878 agnus

1960 890 2108 962 apud
2135 890 2356 945 Judwos
2402 890 2800 946 immolabatur
2827 896 3030 963 quarta
3071 892 3287 948 decima
3323 895 3459 949 luna
3486 894 3560 949 ad

1958 995 2273 1051 vesperum,
2300 979 2532 1050 jamque
2551 978 2825 1034 fermento
2856 980 3092 1051 abjecto,
3122 980 3266 1037 sicut
3285 982 3344 1036 in
3371 982 3557 1038 Exodo

1959 1073 2323 1122 monstratur.
2350 1067 2577 1136 Septem,
2600 1067 2801 1140 inquit,
2820 1070 3008 1123 diebus
3031 1086 3233 1139 azyma
3253 1072 3559 1134 comedetis.

1958 1158 2045 1211 die
2078 1158 2269 1226 prima
2306 1171 2420 1209 non
2458 1157 2566 1209 erit
2602 1157 2943 1223 fermentum
2982 1161 3046 1212 in
3081 1159 3335 1212 domibus
3366 1160 3564 1215 vestris

1960 1241 2397 1318 (Emod.{x11,15).
2430 1242 2606 1297 Porro
2635 1259 2959 1315 azymorum
2990 1245 3110 1301 dies
3137 1252 3353 1319 septem
3380 1248 3560 1309 erant.

1958 1333 2183 1387 Paschaa
2223 1338 2410 1387 autem
2440 1347 2557 1386 una
2586 1337 2828 1399 tantum,
2860 1332 2930 1387 de
2966 1350 3079 1404 qua
3105 1334 3400 1390 Anatolius
3427 1335 3508 1390 ait
3538 1353 3550 1389 :

1957 1440 1992 1477 a
2009 1423 2137 1487 ﬁne,
2164 1421 2366 1496 inquit,
2390 1420 2790 1476 tertiodecimas
2813 1420 2960 1476 lunae
2986 1428 3270 1494 computa,
3300 1422 3448 1495 quod
3468 1428 3557 1477 est

1956 1512 2179 1567 initium
2210 1509 2659 1582 quartodecimae,
2698 1509 2889 1581 sicque
2917 1527 3095 1582 usque
3142 1510 3201 1565 in
3247 1512 3360 1565 fine
3404 1511 3556 1583 vige-

1956 1601 2110 1655 simae
2164 1601 2342 1666 lunas,
2402 1604 2614 1670 septem
2683 1597 2880 1653 diebus
2934 1616 3132 1672 azyma
3193 1598 3552 1669 celebratur;

259 1686 431 1752 Quod
456 1686 502 1741 si
524 1686 611 1741 ita
632 1693 737 1754 est,
759 1702 967 1757 magna
989 1686 1376 1741 convenientia
1403 1687 1491 1742 sui
1520 1686 1783 1751 nominis,
1806 1704 1872 1741 ac
1891 1704 1938 1764 Β
1956 1691 2012 1745 in
2043 1689 2244 1762 quibus
2294 1686 2489 1744 diebus
2543 1705 2692 1744 nunc
2729 1705 3061 1760 quacunque
3090 1688 3182 1744 die
3225 1694 3428 1761 quarta
3457 1689 3557 1744 de-

257 1774 348 1830 sic
378 1792 444 1830 ex
491 1775 805 1848 prophetia,
835 1775 1120 1830 invenitur
1164 1774 1369 1830 habere
1410 1792 1536 1830 cum
1581 1775 1731 1831 exitu
1759 1793 1873 1831 sua:

1955 1780 2097 1833 cima
2124 1779 2262 1833 luna
2289 1776 2613 1842 occurrerit,
2651 1777 2803 1849 (quia
2828 1776 2909 1832 illi
2940 1783 3155 1849 septem
3177 1776 3296 1833 dies
3328 1778 3387 1833 in
3412 1779 3558 1849 ﬁgu-

252 1870 490 1928 mortis,
526 1864 790 1936 quoniam
822 1864 1023 1937 laqueo
1052 1881 1112 1919 se
1140 1864 1449 1936 suspendit.
1481 1869 1539 1919 et
1573 1865 1874 1920 suffocatus
1956 1885 2019 1924 ra
2046 1868 2223 1937 erant)
2252 1865 2603 1921 verissimum
2645 1865 2861 1920 Pascha
2898 1865 3231 1920 celebratur.
3264 1858 3424 1931 Quod
3452 1856 3557 1941 au-

257 1952 505 2008 interiit.
552 1952 831 2009 Caeterum
862 1954 931 2008 de
976 1953 1158 2025 patria
1186 1954 1270 2008 vel
1301 1953 1370 2008 de
1399 1954 1519 2008 vico
1552 1954 1703 2009 unde
1745 1953 1870 2021 fuit,
1957 1960 2070 2010 tem
2097 1954 2349 2027 Apostoli
2377 1954 2588 2019 dicunt,
2626 1953 2724 2008 Ubi
2746 1955 2830 2007 vis
2854 1969 3115 2023 paremus
3147 1955 3250 2008 tibi
3284 1955 3556 2009 comedere

250 2043 386 2114 jam
410 2058 601 2114 supra,
637 2042 784 2113 quod
808 2041 936 2097 inde
965 2058 1242 2114 agnomen
1271 2042 1504 2097 traxerit
1535 2048 1592 2097 et
1627 2042 1759 2114 quid
1790 2043 1880 2097 in-
1969 2049 2209 2112 I088
2243 2043 2479 2099 Pascha?
2516 2058 2721 2113 magna
2748 2040 3063 2096 sollicitudo
3090 2045 3176 2096 est
3205 2046 3261 2096 et
3289 2040 3555 2097 obedien-

255 2135 615 2203 terpretetur
642 2130 903 2186 diximus.
928 2132 1039 2187 Iste
1062 2148 1194 2203 ergo
1231 2133 1369 2185 abiit
1388 2132 1462 2185 ad
1474 2133 1754 2201 principes
1782 2148 1870 2185 sa-
1949 2125 2050 2193 tiae.
2070 2133 2310 2197 devotio,
2353 2138 2418 2187 ut
2458 2131 2648 2186 omnia
2674 2130 2734 2189 in
2781 2130 3065 2185 voluntate
3094 2131 3216 2201 ejus
3244 2131 3385 2185 ﬁant
3410 2130 3555 2186 sicut

255 2220 570 2285 cerdotum,
602 2218 868 2274 adversus
894 2236 1023 2274 eum
1064 2220 1159 2291 qui
1190 2234 1323 2274 vere
1352 2219 1408 2274 in
1438 2225 1710 2274 eeternum
1738 2236 1871 2275 con-

256 2308 503 2363 stitutus
531 2313 620 2363 est
669 2309 915 2362 sacerdos
958 2311 1260 2363 secundum
1296 2310 1547 2363 ordinem
1594 2310 1872 2365 Melchise-

256 2398 400 2451 dech
433 2399 594 2463 (Psat.
630 2413 734 2461 01x,
771 2402 844 2463 4),
877 2401 935 2452 et
973 2396 1153 2452 factus
1198 2403 1281 2452 est
1323 2396 1585 2469 princeps
1612 2398 1872 2453 sacerdo-

254 2491 410 2540 tum.
445 2486 608 2553 Quid,
630 2484 834 2558 inquit,
856 2486 1000 2539 mihi
1021 2489 1190 2540 vultis
1218 2488 1371 2551 dare,
1397 2490 1445 2540 et
1471 2503 1562 2555 ego
1582 2487 1727 2540 vobis
1748 2503 1872 2541 eum

256 2577 492 2631 tradam
507 2580 532 2627 ?
546 2576 615 2631 At
637 2576 728 2630 illi
747 2578 1151 2629 constituerunt
1182 2577 1417 2643 triginta
1436 2575 1873 2644 argenteos.Tra-

253 2664 411 2720 dunt
453 2662 649 2727 nostri,
684 2654 876 2717 infelix
917 2661 1089 2717 Judas
1126 2661 1393 2718 damnum
1436 2662 1586 2734 quod
1624 2679 1691 2717 ex
1728 2663 1870 2718 etfu-

250 2753 425 2809 sione
450 2752 723 2823 unguenti
752 2769 813 2806 se
838 2751 1136 2824 pertulisse
1162 2751 1444 2818 credebat,
1478 2751 1714 2807 voluerit
1748 2752 1869 2808 Ma-

246 2841 428 2914 gistri
478 2841 658 2914 pretio
707 2857 1107 2913 compensare;
1169 2840 1263 2912 qui
1309 2840 1480 2895 miser
1507 2857 1611 2895 nec
1651 2846 1864 2897 certam

251 2930 515 3004 postulat
534 2930 700 3002 pretii
721 2947 1022 2993 summam,
1040 2922 1102 2984 ut
1119 2930 1319 2984 saltem
1340 2930 1559 2985 lucrosa
1580 2929 1866 2986 videretur

1955 2232 2012 2283 et
2041 2225 2213 2280 miser
2240 2221 2413 2278 Judas
2436 2220 2496 2274 in
2528 2220 2812 2275 voluntate
2840 2218 3049 2274 diaboli
3075 2219 3399 2274 Iudaeorum
3434 2235 3556 2291 pre-

1953 2316 2095 2372 tium
2122 2314 2294 2384 hujus
2312 2308 2601 2381 sanguinis
2625 2307 2870 2381 reliquit.
2893 2308 3038 2379 Ergo
3064 2307 3282 2363 Pascha
3307 2308 3455 2380 quod
3474 2307 3557 2362 di-

1955 2409 2107 2467 cunt,
2131 2402 2250 2473 ipse
2271 2397 2570 2454 vocabatur
2594 2413 2773 2468 agnus
2802 2396 2949 2470 apud
2970 2396 3211 2464 Iudaeos,
3235 2396 3331 2470 qui
3358 2396 3559 2454 immo-

1953 2490 2177 2546 labatur
2224 2488 2285 2543 in
2330 2502 2640 2559 vesperam.
2692 2485 2853 2552 Quod
2900 2484 3196 2558 oportebat
3239 2485 3552 2555 comedere,

1956 2578 2089 2652 quia
2132 2580 2311 2633 factus
2361 2576 2431 2630 de
2478 2574 2716 2630 muliere
2765 2574 3041 2641 Christus,
3073 2573 3253 2629 factus
3298 2574 3402 2629 sub
3429 2575 3554 2648 lege

1953 2673 2106 2734 erat;
2139 2683 2273 2733 non,
2295 2672 2361 2721 ut
2382 2663 2656 2720 Obionitze
2684 2664 2830 2719 male
2857 2663 3129 2729 sentiunt,
3170 2662 3298 2717 ideo
3317 2662 3424 2718 hoc
3454 2662 3555 2720 Pa-

1951 2756 2085 2812 scha
2113 2772 2242 2811 cum
2270 2754 2477 2810 Judaais
2518 2751 2821 2808 celebravit
2855 2752 3147 2817 Dominus,
3187 2756 3251 2807 ut
3288 2752 3553 2826 deinceps

1950 2862 2106 2901 more
2133 2843 2364 2900 Judaico
2393 2848 2734 2912 servaretur,
2752 2841 2849 2896 sed
2879 2848 2944 2896 ut
2966 2841 3299 2896 transferret
3325 2858 3456 2897 suos
3481 2840 3552 2898 de

1943 2939 2219 2990 vetustate
2252 2934 2455 2988 litterae
2502 2931 2574 2986 ad
2618 2930 2894 3002 spiritalia
2938 2935 3310 2998 sacramenta,
3358 2936 3417 2986 et
3453 2947 3549 2987 eos

251 3018 527 3094 proditio,
549 3019 647 3073 sed
664 3018 824 3090 quasi
860 3026 890 3083 |
906 3023 1092 3085 οδε
1119 3018 1446 3073 vilissimum
1464 3020 1692 3075 tradens
1712 3036 1867 3075 man—
1883 3018 1927 3078 C
1948 3024 2043 3096 qui
2072 3027 2234 3078 erant
2263 3021 2366 3078 sub
2393 3022 2517 3092 lege
2546 3019 2867 3075 redimeret.
2891 3019 3051 3084 Quod
3079 3018 3127 3074 si
3154 3036 3248 3075 eos
3273 3019 3549 3092 expellere

248 3107 491 3180 cipium,
552 3108 798 3181 pretium
853 3107 912 3162 in
960 3112 1236 3180 potestate
1289 3108 1477 3181 posuit
1532 3109 1860 3176 ementium,

250 3202 538 3271 quantum
567 3197 773 3253 vellent
823 3197 873 3252 ei
904 3197 1057 3251 dare.
1084 3197 1210 3251 Non
1251 3197 1399 3252 enim
1443 3203 1681 3269 poterat,
1714 3199 1864 3271 quod

246 3286 560 3360 promittit,
575 3287 641 3342 Et
660 3303 752 3355 ego
770 3289 916 3341 vobis
935 3303 1061 3340 eum
1093 3287 1335 3353 tradam,
1353 3286 1457 3340 nisi
1490 3287 1609 3359 ipse
1636 3287 1865 3359 permit-

248 3380 437 3444 teret;
484 3376 583 3429 sed
614 3391 719 3430 sua
745 3374 1093 3447 impudentia
1120 3374 1270 3441 facit,
1307 3375 1456 3446 quod
1485 3392 1596 3430 non
1629 3382 1789 3431 curat
1814 3378 1862 3432 si

248 3464 591 3521 mentiatur.
631 3464 905 3536 Loquitur
935 3465 1083 3519 enim
1125 3466 1242 3535 jam
1288 3463 1601 3519 membrum
1631 3464 1857 3532 diaboli,

250 3554 358 3627 qui
386 3570 576 3626 supra,
592 3552 709 3626 ipse
729 3570 853 3608 cum
879 3553 1113 3607 Domino
1132 3552 1499 3624 loquebatur:
1527 3556 1645 3608 Haec
1669 3557 1861 3608 omnia

250 3644 366 3697 tibi
407 3643 545 3696 dabo
584 3643 791 3714 (Matth.
822 3659 891 3709 ιν,
937 3641 1030 3709 9›;
1065 3641 1159 3696 ubi
1204 3658 1505 3712 aggressus
1554 3646 1640 3696 est
1668 3646 1856 3713 caput,

249 3736 541 3804 quatenus
561 3730 822 3802 deinceps
852 3730 1067 3785 facilius
1099 3730 1351 3785 membra
1379 3730 1696 3803 dissiparet.
1719 3732 1861 3785 Con-

246 3820 505 3875 stituunt
523 3837 654 3891 ergo
676 3819 725 3874 ei
753 3820 997 3891 pretium
1014 3819 1182 3881 servi,
1196 3820 1326 3890 quia
1344 3820 1601 3875 Christus
1616 3819 1852 3875 formam

246 3909 403 3964 servi
431 3914 786 3980 susceperat;
830 3908 889 3962 in
932 3909 1091 3979 cujus
1120 3908 1301 3979 ﬁgura
1329 3908 1463 3962 olim
1492 3908 1697 3981 Joseph
1727 3926 1855 3964 cum

246 4002 409 4051 esset
447 3996 588 4051 liber
630 4014 665 4051 a
705 3994 991 4062 fratribus,
1046 3996 1393 4050 Venundatus
1434 4002 1507 4050 est
1546 4000 1607 4051 in
1637 4014 1855 4051 servum

252 4087 428 4156 (Psat.
461 4098 567 4147 Civ,
601 4081 708 4155 17),
732 4090 797 4138 ut
823 4089 1077 4157 tempore
1099 4083 1262 4138 famis
1291 4089 1548 4155 erogaret
1574 4084 1858 4140 frumenta

244 4172 523 4229 fratribus
551 4174 687 4228 suis.
711 4171 1076 4229 Venundatus
1098 4180 1183 4228 est
1202 4180 1413 4233 autem.
1440 4190 1551 4228 non
1576 4175 1738 4246 juxta
1762 4176 1857 4230 Se-

1946 3112 2015 3167 de
2042 3112 2146 3168 sub
2169 3113 2308 3184 jugo
2337 3109 2476 3182 legis
2500 3110 2669 3176 venit,
2705 3108 2802 3181 qui
2835 3116 2998 3163 erant
3023 3107 3126 3163 sub
3156 3107 3280 3180 lege
3312 3127 3324 3162 :
3369 3108 3549 3189 multo

1946 3201 2126 3275 magis
2154 3218 2267 3256 non
2296 3199 2553 3255 convenit
2579 3198 2706 3253 illos
2750 3197 3109 3253 introducere
3147 3197 3251 3253 sub
3279 3198 3423 3270 lege,
3453 3197 3550 3273 qui

1943 3291 2099 3362 prius
2144 3288 2355 3344 inventi
2397 3294 2531 3344 sunt
2577 3291 2735 3343 extra
2776 3286 2978 3358 legem.
3012 3286 3227 3352 Quibus
3273 3286 3548 3367 Dominus

1944 3380 2026 3435 ait
2058 3399 2070 3434 :

2015 3471 2092 3523 Ite
2118 3471 2183 3523 in
2213 3469 2489 3522 civitatem
2509 3466 2585 3520 ad
2612 3467 2925 3535 quemdam,
2948 3470 2996 3519 et
3013 3465 3177 3519 dicite
3197 3468 3264 3531 ei,
3283 3466 3548 3536 Magister

1942 3558 2077 3612 dicit
2101 3576 2116 3611 :
2152 3557 2378 3621 Tempus
2407 3571 2592 3608 meum
2613 3570 2781 3623 prope
2804 3558 2898 3622 est,
2920 3552 3073 3622 apud
3101 3559 3148 3608 te
3173 3555 3320 3622 facio
3341 3555 3545 3609 Pascha

1942 3662 2067 3700 cum
2097 3647 2385 3713 discipulis
2415 3646 2574 3700 meis.
2603 3641 2780 3707 Quem
2808 3642 2994 3696 locum
3022 3641 3244 3696 Marcus
3281 3646 3340 3696 et
3365 3642 3544 3697 Lucas

1926 3722 2162 3805 'planius
2184 3735 2583 3804 exsequuntur,
2613 3747 2740 3785 cum
2771 3729 3235 3802 patremfamilias
3264 3730 3347 3784 vel
3367 3729 3544 3784 domi-

1937 3837 2072 3876 num
2103 3821 2303 3874 domus
2343 3817 2676 3889 quibusdam
2700 3817 2927 3889 judiciis
2970 3817 3317 3872 insinuatum
3348 3821 3539 3872 osten-

1938 3910 2080 3965 dunt
2129 3909 2236 3973 Qui
2267 3908 2346 3963 eis
2374 3908 2721 3962 coenaeulum
2753 3923 3020 3978 magnum
3054 3906 3540 3962 demonstraturus

1939 4004 2324 4063 erat,stratum
2350 4004 2518 4069 atque
2542 3997 2871 4051 mundatum
2894 3996 2991 4050 ubi
3013 4001 3283 4069 pararent
3301 3994 3535 4050 Pascha.

1940 4088 2045 4144 Sed
2092 4087 2409 4152 Matthaeus,
2442 4101 2570 4140 cum
2598 4085 2735 4140 dicit
2758 4085 2964 4140 dixisse
3008 4083 3333 4151 Dominum,
3364 4088 3438 4140 ite
3473 4087 3540 4141 in

1937 4180 2213 4232 civitatem
2238 4179 2311 4231 ad
2338 4178 2647 4245 quemdam.
2669 4174 2891 4230 videtur
2912 4181 3182 4247 tanquam
3207 4190 3273 4229 ex
3298 4189 3540 4247 persona

243 4263 577 4335 ptuaginta,
602 4262 799 4334 viginti
828 4263 1034 4329 aureis,
1056 4262 1152 4317 sed
1183 4263 1329 4317 sicut
1356 4262 1629 4317 llebraica
1651 4263 1855 4318 veritas
1941 4283 2043 4322 sua
2070 4265 2257 4320 studio
2301 4263 2609 4331 brevitatis,
2641 4263 2780 4319 illud
2804 4264 2879 4318 ad
2904 4265 3197 4334 quemdam
3233 4263 3534 4332 addidisse,

245 4372 316 4410 se
370 4354 560 4420 habet,
592 4356 725 4427 quia
769 4372 878 4410 non
927 4360 1150 4426 poterat
1176 4354 1473 4426 pretiosior
1510 4371 1631 4409 esse
1660 4372 1853 4411 servus
1872 4335 1919 4394 D
1942 4355 2129 4410 volens
2158 4371 2287 4409 eum
2333 4353 2620 4409 insinuare
2649 4353 2838 4426 aliquo
2867 4353 3051 4408 modo.
3094 4352 3239 4418 Quia
3266 4350 3432 4408 nemo
3460 4353 3541 4410 sic

246 4444 483 4500 domino
512 4460 633 4510 suo,
660 4450 745 4498 tot
771 4443 1053 4515 argenteis
1079 4443 1303 4509 emitur,
1336 4450 1473 4515 quot
1500 4445 1662 4499 annis
1687 4461 1849 4516 perc-

246 4533 511 4606 grinatus
541 4537 628 4588 est
662 4533 721 4587 in
755 4532 859 4587 hoc
905 4530 1134 4597 mundo,
1164 4548 1342 4604 usque
1373 4532 1441 4587 ad
1486 4532 1846 4604 baptismum.

249 4622 400 4675 Nam
431 4626 488 4675 et
522 4620 726 4692 Joseph
755 4619 814 4674 in
841 4621 1023 4690 figura
1044 4619 1250 4674 Christi
1272 4626 1356 4674 tot
1383 4637 1659 4675 annorum
1681 4620 1851 4675 fuisse

247 4711 479 4782 legitur,
515 4710 738 4781 quando
768 4708 926 4764 stetit
952 4709 1007 4763 in
1036 4715 1333 4782 conspectu
1363 4710 1689 4772 Pharaonis,
1717 4717 1853 4781 quot

249 4808 309 4856 et
346 4802 606 4857 Christus
653 4799 965 4873 baptizatus
993 4807 1078 4856 est
1125 4802 1347 4874 quando
1386 4808 1444 4857 et
1472 4803 1640 4875 cmpit
1681 4804 1854 4857 Evan-

243 4891 463 4963 gelium
489 4890 809 4963 praedicare.
844 4890 912 4945 Et
959 4892 1171 4956 exinde,
1205 4892 1410 4962 inquit,
1450 4894 1720 4960 quarebat
1757 4909 1852 4961 op-

240 4983 669 5049 portunitatem,
688 4984 750 5033 ut
770 4995 896 5033 eum
919 4981 1192 5043 traderet;
1223 4980 1279 5033 id
1301 4986 1404 5047 est,
1420 4998 1485 5035 ex
1506 4998 1615 5052 quo
1636 4981 1853 5035 locutus

247 5074 335 5123 est
362 5085 491 5124 cum
532 5066 871 5141 principibus
892 5068 1264 5134 sacerdotum,
1297 5074 1355 5124 et
1394 5069 1496 5141 ipsi
1539 5070 1684 5140 pacti
1723 5078 1855 5125 sunt

247 5160 301 5213 ei
326 5157 464 5212 dare
492 5157 728 5229 triginta
751 5163 1067 5227 argenteos.
1093 5157 1306 5222 Quibus
1335 5159 1415 5212 ita
1434 5158 1578 5212 male
1611 5159 1845 5226 illectus,

247 5246 538 5320 quaerebat
567 5246 1065 5318 opportunitatem,
1100 5245 1381 5317 quomodo
1416 5263 1545 5301 eum
1575 5245 1851 5301 inveniret

1932 4444 2184 4516 loquitur
2211 4444 2307 4516 qui
2333 4444 2448 4497 vult
2479 4443 2696 4514 integre
2725 4442 2897 4516 loqui,
2920 4448 2985 4498 ut
3011 4442 3161 4497 dicat
3188 4441 3325 4511 suis,
3357 4443 3433 4497 Ite
3462 4444 3538 4497 ad

1932 4535 2255 4602 quemdam;
2291 4532 2469 4604 magis
2492 4532 2643 4588 enim
2670 4537 2821 4587 stare
2841 4537 3041 4604 potest,
3066 4530 3114 4586 si
3139 4530 3323 4585 dicat:
3350 4530 3433 4586 Ite
3462 4530 3534 4585 ad

1935 4637 2344 4693 quemcunque,
2380 4627 2481 4675 aut
2509 4621 2592 4677 lte
2622 4620 2692 4674 ad
2722 4619 3065 4692 quemlibet;
3096 4635 3199 4674 nec
3225 4624 3416 4674 tamen
3454 4619 3536 4676 ita

1933 4707 2119 4764 certus
2162 4710 2582 4764 demonstratur
2610 4709 2778 4763 homo
2804 4709 2876 4763 ad
2906 4725 3071 4780 quem
3109 4708 3388 4763 mittatur.
3424 4707 3533 4763 Sed

1934 4799 2157 4853 Marcus
2207 4805 2265 4852 et
2326 4798 2504 4852 Lucas
2569 4806 2785 4852 certum
2842 4813 2972 4851 eum
3029 4797 3336 4852 ostendunt
3395 4795 3535 4852 insi-

1934 4904 2139 4942 nuasse
2167 4886 2492 4956 Dominum,
2532 4886 2785 4958 quamvis
2821 4886 2991 4940 tacito
3028 4885 3268 4941 nomine.
3312 4885 3534 4941 Sciebat

1936 4992 2179 5048 namque
2221 4975 2494 5031 Dominus
2536 4974 2607 5029 ad
2646 4991 2810 5046 quem
2851 4974 3119 5039 mitteret,
3162 4975 3330 5030 etiam
3361 4979 3420 5030 et
3450 4974 3533 5029 illi

1938 5082 2076 5136 quos
2114 5064 2389 5126 mittebat,
2425 5063 2666 5135 qualiter
2694 5080 2821 5118 eum
2852 5063 3101 5119 invenire
3124 5069 3371 5138 possent,
3402 5062 3530 5136 qui-

1935 5152 2177 5209 buslibet
2207 5152 2443 5220 indiciis,
2476 5153 2609 5224 quia
2632 5151 2899 5218 sciebant,
2914 5170 3024 5209 non
3054 5154 3180 5208 ideo
3206 5152 3284 5206 sic
3312 5152 3531 5229 integre

1933 5251 2123 5314 posset
2148 5243 2275 5301 dici.
2309 5244 2392 5297 Ite
2413 5242 2484 5296 ad
2514 5241 2840 5313 quemlibet.
2867 5242 3025 5307 Quod
3051 5241 3218 5295 etiam
3243 5241 3366 5315 ipsa
3388 5240 3531 5297 inte-

244 5336 431 5390 solum
473 5351 601 5390 cum
642 5334 946 5406 discipulis,
981 5341 1044 5389 ut
1071 5350 1201 5389 eum
1230 5351 1296 5389 ac
1321 5335 1366 5389 si
1396 5334 1569 5389 libere
1599 5334 1850 5389 traderet
1928 5332 2105 5402 gritas
2138 5331 2437 5387 locutionis
2457 5330 2721 5399 admittit,
2746 5331 2842 5386 sed
2873 5348 2986 5386 non
3015 5331 3118 5385 hoc
3138 5331 3284 5399 loco;
3317 5336 3529 5404 quanto

244 5422 370 5501 sine
398 5420 598 5477 turbis.
646 5421 806 5487 Quod
853 5426 910 5476 et
954 5422 1131 5477 Lucas
1171 5422 1418 5477 declarat
1463 5421 1838 5481 manifestius.

244 5510 469 5587 Idcirco
484 5528 548 5569 ac
568 5511 617 5569 si
634 5510 873 5586 diligens
901 5511 1214 5580 insidiator,
1238 5518 1365 5587 post
1385 5528 1625 5583 coenam,
1646 5512 1768 5583 jam
1790 5511 1849 5568 in

1930 5420 2117 5475 minus
2163 5427 2280 5475 tam
2323 5421 2578 5477 absolute
2616 5421 2723 5476 dici
2759 5420 2964 5493 potuit,
2997 5421 3073 5474 Ite
3106 5421 3179 5474 ad
3209 5423 3527 5490 quemdam.

1932 5510 2282 5567 Manifestum
2319 5516 2405 5568 est
2457 5511 2526 5568 ad
2575 5516 2792 5568 certum
2844 5510 3089 5585 aliquem
3138 5525 3235 5566 eos
3287 5509 3521 5575 misisse,
