3872 6158
407 315 512 376 887

1168 314 1224 369 S.
1270 308 1648 367 PASCHASII
1687 305 2046 363 RADBERTI
2083 304 2388 362 ABBATIS
2428 299 2921 361 CORBEIENSIS.

3525 299 3611 358 888

410 443 559 515 quod
588 459 653 497 ex
682 455 921 514 persona
966 454 1067 494 sua
1095 440 1316 510 poterat
1343 434 1695 505 Evangelista
1724 432 1882 487 nobis
1921 432 2002 486 di-
2018 431 2238 492 Amino
2264 430 2431 501 digne
2468 429 2798 485 celebretur.
2848 428 2991 483 Hinc
3019 432 3105 482 est
3146 392 3286 499 quod
3314 426 3386 483 ait
3413 446 3423 482 :
3459 429 3530 484 lte
3556 430 3613 501 ad

410 550 556 599 cere,
586 531 744 586 misit
771 548 866 585 eos
909 529 979 582 ad
1008 526 1307 598 quemdam
1337 530 1401 578 ut
1428 523 1677 577 dicerent
1705 522 1755 576 ei
1795 541 1805 575 :
1847 522 2008 590 Apud

402 614 463 676 Ite
491 624 636 690 facio
672 621 900 675 Pascha.
925 620 1041 672 Aut
1078 619 1229 669 certe
1269 613 1366 678 ita,
1400 612 1555 665 misit
1595 628 1689 665 eos
1718 611 1787 665 ad
1818 626 2010 681 quem-

413 710 544 764 dam
598 710 788 764 dicens
840 725 851 760 :
912 705 1016 770 Ite,
1066 703 1231 757 dicite
1278 701 1348 765 ei,
1399 700 1549 771 apud
1605 706 1661 754 te
1716 699 1858 753 facio
1906 699 2011 752 Pa-

412 798 566 852 scha.
622 798 699 850 Ac
747 810 847 866 per
896 793 1019 857 hoc,
1067 797 1132 844 ut
1184 788 1538 843 doctissimus
1594 788 1762 841 Pater
1814 788 2009 856 Augu-

413 886 595 940 stinus
657 884 790 947 vult,
848 896 974 935 cum
1025 877 1369 948 evangelista
1423 876 1587 930 verba
1636 875 1853 930 Domini
1918 890 2013 945 po-

413 976 635 1037 suisset,
670 973 744 1026 lte
790 973 854 1024 in
899 972 1194 1031 civitatem,
1227 965 1566 1036 interposuit
1611 965 1729 1035 ipse
1770 964 1839 1017 de
1883 980 2004 1029 suo,

413 1065 486 1117 ad
514 1063 823 1132 quemdam.
858 1059 983 1112 Non
1022 1057 1155 1128 quia
1190 1056 1296 1109 hoc
1341 1053 1616 1109 Dominus
1659 1052 1879 1117 dixerit,
1912 1052 2010 1105 sed

411 1159 477 1209 ut
501 1152 623 1221 ipse
650 1149 966 1203 insinuaret
1012 1145 1181 1199 tacito
1220 1143 1447 1198 nomine
1492 1142 1662 1196 fuisse
1709 1140 2010 1211 quemdam

410 1223 470 1296 in
517 1238 740 1294 civitate
796 1236 868 1290 ad
919 1250 1086 1307 quem
1140 1249 1271 1287 suos
1309 1231 1582 1286 Dominus
1640 1229 1918 1295 mittebat,
1951 1234 2015 1282 ut

411 1330 797 1401 praepararent
814 1326 864 1378 ei
886 1322 1119 1377 Pascha.
1146 1320 1275 1385 Sed,
1310 1336 1409 1374 seu
1438 1319 1555 1372 sint
1574 1317 1739 1372 verba
1767 1316 2009 1380 Domini,

421 1426 463 1486 ι
479 1421 671 1483 089
682 1432 781 1469 seu
797 1412 1139 1483 evangelista
1166 1412 1269 1464 hoc
1288 1408 1570 1463 addiderit
1596 1408 1666 1461 de
1682 1423 1803 1470 suo,
1829 1406 2016 1459 minus

414 1506 642 1577 quidem
685 1519 835 1557 nunc
863 1500 1134 1572 temporis
1171 1499 1381 1553 usitata
1408 1496 1613 1550 locutio
1643 1500 1745 1549 est.
1780 1496 1848 1549 Et
1888 1494 2013 1548 ideo

415 1593 676 1664 egregius
695 1592 891 1645 doctor
907 1590 1284 1659 Hieronymus
1305 1587 1402 1652 ait,
1428 1585 1574 1657 quod
1597 1586 1700 1638 hoc
1721 1584 1838 1637 loco
1859 1600 2014 1637 more

414 1687 666 1737 veterum
688 1696 829 1734 nova
859 1678 1151 1748 Scriptura
1171 1679 1479 1730 conservat.
1504 1674 1851 1744 Frequenter
1877 1671 2015 1742 legi-

415 1788 563 1838 mus,
585 1768 787 1841 inquit.
811 1767 952 1821 dixit
971 1745 1063 1820 ille
1089 1765 1190 1831 illi,
1217 1770 1273 1818 et
1299 1764 1395 1817 illo
1425 1764 1483 1817 in
1504 1763 1623 1816 loco
1654 1768 1711 1815 et
1736 1761 1850 1824 illo,
1867 1760 2017 1831 quod
2037 1745 2083 1805 Β

415 1855 688 1912 Hebraice
717 1854 923 1909 dicitur
950 1854 1255 1918 Phelmoni,
1294 1856 1350 1905 et
1390 1851 1665 1909 Helmoni,
1698 1864 1801 1902 nec
1826 1854 2017 1901 tamen

415 1959 784 2018 personarum
834 1941 1199 2010 locorumque
1245 1938 1476 2010 ponitur
1519 1935 1915 1990 manifestatio.
1952 1935 2019 1989 Et

415 2035 541 2089 ideo
561 2038 774 2087 certum
803 2035 890 2085 est
910 2029 1102 2099 aliqua
1126 2044 1191 2082 ex
1213 2042 1380 2081 causa
1400 2025 1699 2080 Dominum
1723 2040 2018 2095 personam

416 2140 483 2179 ex
528 2122 756 2177 nomine
784 2136 897 2173 non
928 2117 1241 2183 indicasse;
1294 2115 1436 2169 forte
1465 2119 1531 2168 ut
1574 2112 1834 2167 omnibus
1876 2111 2020 2165 facta

413 2212 520 2267 viis
550 2211 726 2265 libera
755 2206 1045 2262 festivitati
1076 2204 1290 2259 occasio
1327 2202 1689 2275 praeberetur.
1724 2201 2019 2254 Verumta-

2089 496 2409 591 quemdain,
2438 525 2502 574 ut
2531 519 2610 573 illi
2638 519 2846 585 dicant,
2870 517 2966 590 qui
2992 496 3210 572 Christo
3230 533 3414 588 parare
3439 496 3618 573 deside;

2089 615 2180 664 rat
2207 610 2438 664 Pascha.

2175 702 2383 768 Vespere
2428 703 2613 752 autem
2650 698 2794 765 facto
2822 698 3188 751 discumbebat
3228 711 3348 750 cum
3382 697 3621 769 duodecim

2091 791 2379 858 discipulis
2399 790 2532 840 suis.
2565 786 2628 841 Id
2654 791 2741 840 est
2767 786 2826 840 in
2854 785 2976 857 ipsa
3005 785 3185 856 prima
3211 785 3298 839 die
3326 800 3621 855 azymorum,

2093 877 2317 950 quando
2346 876 2578 930 miserat
2604 891 2719 932 eos.
2749 880 2815 929 ut
2855 878 3119 945 pararent
3146 874 3352 928 Pascha
3378 872 3443 926 ad
3465 889 3625 944 vespe-

2091 984 2238 1022 rum.
2272 967 2426 1021 Inter
2454 982 2593 1036 quos
2621 969 2743 1018 erat
2771 969 2827 1017 et
2854 963 3028 1017 Judas
3057 962 3277 1034 quando
3305 962 3514 1015 miserat
3535 977 3626 1023 eos,

2094 1062 2151 1111 et
2179 1055 2401 1127 quando
2430 1052 2709 1109 discubuit
2735 1052 2794 1107 in
2823 1069 2981 1106 cmna
3011 1072 3022 1105 :
3060 1052 3193 1107 Erat
3211 1057 3393 1105 autem
3419 1050 3545 1104 sicut
3566 1051 3631 1104 lu-

2093 1163 2197 1218 pus
2226 1144 2498 1199 insidians
2527 1143 2675 1197 inter
2703 1158 2897 1212 agnos,
2927 1141 3057 1212 quia
3085 1142 3205 1212 jam
3233 1141 3289 1194 in
3316 1156 3406 1193 cor
3427 1141 3535 1210 ejus
3554 1139 3633 1192 mi-

2094 1245 2246 1290 serat
2274 1232 2548 1296 diabolus,
2580 1236 2641 1285 ut
2689 1229 2941 1285 traderet
2968 1247 3117 1284 eum.
3150 1227 3360 1294 Quibus
3387 1226 3635 1282 edentibus

2096 1322 2264 1377 dixit:
2285 1324 2457 1377 Amen
2474 1322 2593 1374 dico
2603 1320 2769 1385 vobis,
2785 1322 2919 1389 quia
2935 1336 3084 1374 unus
3098 1324 3337 1373 uestrum
3352 1334 3428 1371 me
3440 1318 3637 1370 traditu-

2096 1429 2196 1465 rus
2223 1416 2315 1464 est.
2361 1408 2535 1465 Solito
2565 1425 2721 1463 more
2750 1407 2988 1467 Veritas,
3023 1407 3155 1478 quia
3193 1406 3307 1460 falli
3337 1422 3441 1460 non
3469 1408 3636 1475 potest,

2095 1517 2222 1555 cum
2247 1501 2570 1570 juramento
2591 1496 2856 1567 loquitur.
2879 1500 2993 1565 Ipse
3010 1499 3159 1550 eriim
3187 1496 3377 1549 sciebat
3402 1493 3522 1562 quid
3538 1497 3640 1545 esset

2096 1592 2161 1643 in
2189 1590 2434 1651 homine;
2460 1585 2665 1640 idcirco
2691 1602 2803 1640 non
2824 1590 2948 1639 erat
2971 1602 3131 1656 opus,
3150 1590 3210 1638 ut
3243 1584 3581 1637 testimonium
3602 1583 3641 1633 ei

2096 1680 2219 1747 quis
2237 1677 2543 1746 perhiberet
2577 1677 2639 1728 de
2660 1676 2879 1727 homine
2897 1677 3075 1739 (Joan.
3102 1687 3165 1736 ῐῐ,
3189 1671 3299 1735 25).
3328 1671 3534 1725 Poterat
3554 1669 3641 1721 ita-

2100 1782 2207 1836 que
2239 1763 2579 1835 proditorem
2610 1778 2774 1817 suum
2809 1778 2938 1816 mox
2964 1759 3260 1832 specialius
3281 1759 3640 1821 demonstrare,

2100 1871 2201 1909 nec
2220 1858 2407 1907 tamen
2435 1851 2582 1916 fecit,
2613 1851 2712 1905 sed
2736 1851 2951 1905 crimen
2980 1849 3157 1903 mittit
3184 1852 3243 1902 in
3273 1861 3511 1908 numero,
3528 1851 3581 1899 ut
3600 1850 3644 1898 et

2100 1944 2330 1997 affectus
2358 1939 2691 2012 probaretur
2709 1939 3078 2009 singulorum,
3101 1944 3156 1991 et
3190 1937 3391 1990 misero
3415 1933 3643 2005 proditori

2100 2033 2254 2086 locus
2303 2030 2535 2083 daretur
2577 2028 2935 2100 pcnnitentiaa.
2970 2027 3213 2098 Equum
3262 2040 3493 2094 namque
3531 2028 3643 2087 erat,

2103 2120 2232 2191 quia
2270 2119 2605 2190 praedixerat
2631 2117 2947 2189 passionem
2976 2132 3158 2176 suam,
3180 2120 3244 2169 ut
3271 2121 3326 2169 et
3353 2112 3646 2184 proditorem

2102 2208 2447 2281 praediceret.
2474 2206 2557 2261 Ex
2579 2213 2838 2277 utroque,
2860 2206 3184 2259 ultroneum
3207 2207 3272 2256 ut
3290 2202 3650 2256 monstraretur

418 2317 550 2355 men
573 2298 720 2371 quod
749 2294 950 2366 reliqui
981 2294 1050 2348 de
1078 2292 1303 2348 homine
1327 2296 1586 2362 portante
1613 2291 1869 2360 lagenam
1893 2305 2020 2342 cum

2104 2298 2319 2351 venisse
2339 2313 2397 2350 se
2427 2295 2495 2350 ad
2526 2295 2780 2350 eamdem
2813 2293 3152 2366 passionem.
3177 2292 3293 2346 Nec
3315 2297 3493 2345 tamen
3512 2287 3651 2342 mani-

419 2402 586 2458 aqua.
624 2392 682 2440 εἰ
717 2385 785 2439 de
816 2383 1099 2438 οσὲηειουὶο
1141 2398 1365 2451 magno.
1402 2397 1501 2434 seu
1532 2384 1710 2433 Strato
1741 2377 2017 2439 dixerunt:
2105 2386 2243 2440 teste
2272 2384 2459 2455 arguit
2503 2401 2653 2449 eum,
2686 2384 2847 2453 cujus
2886 2381 3119 2436 consilia
3164 2381 3226 2435 in
3271 2380 3432 2434 corde
3460 2375 3652 2432 latentia

419 2473 644 2530 Domini
672 2472 973 2529 Salvatoris
1002 2476 1135 2524 sunt
1163 2468 1353 2531 verba,
1375 2474 1433 2523 et
1453 2484 1657 2538 magna
1675 2467 1733 2521 in
1762 2483 1822 2520 se
1852 2465 2025 2519 conti-
2108 2475 2322 2529 occulte
2372 2472 2759 2545 deprehendit,
2791 2472 2841 2526 si
2881 2470 3022 2526 forte
3051 2471 3107 2525 in
3140 2468 3475 2524 conscientia
3498 2467 3654 2536 ἀεριιε.

421 2568 561 2619 nent
587 2566 955 2623 sacramenta,
974 2576 1095 2631 quae
1124 2558 1240 2613 suis
1268 2558 1326 2612 in
1358 2556 1493 2611 locis
1523 2555 1851 2627 exponenda
1872 2560 2021 2609 sunt.
2108 2566 2317 2618 hensus
2350 2579 2479 2617 eum
2509 2561 2764 2616 crederet
2791 2560 2931 2614 scire
2968 2565 3032 2614 ιη
3078 2558 3291 2621 Deum,
3322 2574 3438 2629 quas
3464 2553 3654 2627 putabat

422 2654 598 2709 Porro
628 2651 775 2723 quod
808 2651 921 2707 ait:
953 2650 1213 2717 Magister
1231 2648 1385 2712 dicit,
1418 2650 1626 2714 tempus
1653 2661 1838 2697 meum
1861 2659 2021 2712 prope

2108 2653 2284 2707 latere
2315 2651 2473 2721 quasi
2518 2649 2821 2704 hominem.
2868 2648 2979 2703 Sed
3021 2647 3199 2701 miser
3242 2652 3520 2718 postquam
3547 2642 3657 2694 vidit

422 2747 518 2799 est.
576 2742 727 2811 apud
784 2746 830 2793 te
879 2740 1023 2807 facio
1072 2736 1279 2792 Pascha
1335 2750 1461 2788 cum
1524 2736 1812 2802 discipulis
1870 2734 2021 2797 meis,

2108 2739 2501 2794 conscientiam
2531 2755 2690 2792 suam
2719 2737 2895 2791 latere
2916 2752 3026 2790 non
3048 2752 3233 2806 posse,
3262 2733 3432 2789 nimia
3456 2729 3655 2785 inﬁdeli-

423 2830 647 2885 videtur
671 2827 898 2900 quidem
923 2826 993 2880 de
1022 2831 1275 2896 tempore
1302 2822 1672 2877 solemnitatis
1700 2821 1923 2875 Pascha:
1948 2819 2029 2872 di-
2109 2834 2226 2884 tate
2261 2833 2530 2894 secatur;
2573 2826 2775 2880 idcirco
2822 2826 2970 2879 ultra
3008 2823 3381 2896 praesumpsit,
3413 2822 3491 2876 vel
3516 2818 3655 2873 nimia

422 2936 585 2988 οθνθῖ
616 2919 764 2989 (ἰυοά
792 2922 1014 2986 tempus
1046 2930 1158 2967 ηοη
1188 2929 1352 2967 suum
1382 2917 1623 2974 tantum,
1647 2910 1745 2963 sed
1773 2904 2027 2962 Olli-nium
2109 2917 2477 2989 impudentia,
2511 2916 2726 2970 occulte
2765 2914 3166 2985 deprehensus.
3209 2929 3321 2967 non
3363 2909 3580 2966 erubuit.
3606 2907 3655 2960 Et

426 3014 550 3063 erat
567 3005 997 3063 Judaeorum.Et
1021 3002 1147 3056 ideo
1176 3001 1363 3072 potius
1383 2999 1545 3053 nobis
1574 2997 1828 3070 quamvis
1858 2998 2021 3050 laten'

2113 3008 2426 3061 contristati
2441 3007 2595 3060 ualde
2606 3009 2876 3073 coeperunt
2888 3003 3296 3071 singutidicere
3310 3020 3321 3054 :
3337 2998 3656 3068 Nunquidego

426 3103 517 3151 ter
545 3096 682 3150 illud
710 3094 964 3148 insinuat
987 3098 1210 3162 tempus
1231 3089 1380 3160 quod
1401 3104 1568 3143 suum
1599 3086 1889 3159 proprium
1909 3102 2029 3140 esse
2054 3059 2256 3161 csum,
2280 3059 2556 3149 igninum?
2594 3059 2710 3147 Ηυξ,
2739 3092 2944 3163 quippe
2972 3059 3150 3144 ξίιιιυε
3178 3095 3270 3144 est
3304 3059 3654 3160 apostnlomn,

426 3183 793 3254 recognoscit,
827 3182 1059 3253 jamque
1089 3178 1422 3249 proximum,
1456 3176 1679 3247 quando
1707 3175 1778 3230 ad
1805 3176 1908 3229 hoc
1937 3192 2021 3229 ve-

2114 3184 2209 3255 qui
2240 3184 2365 3254 plus
2394 3182 2695 3237 credebant
2722 3181 2907 3236 verbis
2950 3179 3176 3236 Domini
3227 3178 3334 3243 sui,
3364 3193 3518 3249 quam
3545 3190 3659 3226 con-

427 3278 593 3328 “erat
620 3277 685 3326 ut
710 3276 1018 3342 Ρδίθτθῖυνο
1054 3268 1123 3322 Et
1150 3267 1254 3320 hoc
1282 3271 1368 3320 θεῖν
1393 3271 1617 3335 tempus
1644 3265 1768 3334 eius
1806 3269 1861 3317 et
1893 3264 2033 3318 hora
2114 3273 2360 3328 scientiae
2384 3288 2516 3327 suae.
2553 3256 2812 3326 Sciebant
2833 3272 2952 3341 jam
2981 3268 3187 3339 singuli
3222 3285 3286 3322 ex
3314 3266 3548 3321 doctrina
3573 3262 3659 3315 Do-

434 3376 557 3433 quae
584 3364 856 3413 venerat:
890 3357 951 3411 Ut
975 3357 1241 3410 transiret
1270 3355 1333 3406 de
1353 3353 1450 3407 hoc
1472 3353 2029 3416 mundoadPatrem,
2117 3361 2275 3427 mini,
2320 3361 2449 3415 “cet
2494 3359 2652 3414 bona;
2683 3358 3035 3414 conscientia;
3074 3362 3267 3412 essent
3307 3362 3363 3411 ρι
3408 3350 3577 3408 mundi
3607 3346 3661 3401 ab

435 3449 585 3522 quod
613 3454 700 3503 est
729 3445 1085 3501 verissimum
1114 3442 1328 3497 Pascha
1351 3440 1551 3495 facere.
1587 3442 1703 3496 Hoc
1731 3440 2036 3495 celebratu-
2118 3450 2270 3505 omni
2299 3449 2613 3521 proditione
2642 3448 2915 3518 Magistri.
2943 3448 3090 3518 quod
3122 3444 3432 3501 mortalitas
3457 3442 3661 3495 humana

435 3555 533 3593 rus
563 3542 685 3592 erat
714 3552 842 3591 cum
872 3550 937 3589 eo
962 3533 1031 3587 ad
1059 3549 1224 3604 quem
1252 3531 1512 3587 mittebat
1540 3547 1670 3585 suos
1689 3530 1955 3601 quoniam
1978 3528 2036 3583 in
2119 3555 2408 3609 nunquam
2439 3538 2497 3591 in
2526 3537 2721 3591 eodem
2745 3543 2895 3591 statu
2924 3541 3238 3607 permanet.
3262 3535 3330 3589 Et
3357 3532 3474 3586 ideo
3495 3524 3663 3597 singuli

438 3644 505 3683 eo
527 3626 778 3681 omnium
798 3628 920 3679 erat
941 3624 1124 3693 figura
1142 3637 1337 3676 eorum
1361 3620 1457 3692 qui
1485 3619 1556 3674 ad
1577 3619 1731 3673 illam
1753 3619 2035 3673 caelestem
2118 3627 2485 3681 formidantes
2509 3626 2577 3680 de
2598 3642 2676 3690 se,
2692 3624 3083 3680 considerabat
3110 3624 3486 3695 unusquisque
3503 3629 3663 3672 eorum

438 3716 749 3773 Jerusalem
798 3719 931 3768 sunt
975 3711 1279 3766 ascensuri.
1309 3711 1395 3765 Ad
1446 3725 1613 3781 quem
1659 3708 1765 3762 iste
1796 3708 2034 3775 intrans,
2120 3733 2191 3769 ne
2216 3717 2360 3770 forte
2391 3715 2509 3786 ipse
2547 3722 2712 3777 esset,
2741 3715 2836 3785 qui
2864 3713 3239 3786 praecognita
3266 3718 3386 3766 erat
3410 3726 3471 3763 ac
3496 3707 3536 3760 si
3562 3718 3665 3776 pro.

438 3824 553 3863 non
583 3813 774 3861 tamen
815 3803 935 3857 Sine
964 3818 1111 3873 aqua
1139 3800 1475 3864 FefeCtioniSs
1518 3815 1699 3870 neque
1729 3798 1849 3852 δίηθ
1893 3814 2039 3868 aqua
2121 3804 2286 3859 ditor.
2315 3804 2472 3868 Quod
2502 3804 2547 3857 si
2579 3804 2660 3857 illi
2690 3803 2794 3856 sibi
2823 3802 2963 3857 bene
2984 3801 3185 3856 Conscii
3213 3802 3410 3855 timent
3438 3802 3489 3852 et
3515 3791 3667 3849 tormi-

434 3894 699 3969 baptismi
723 3892 856 3965 quia
876 3893 994 3963 jam
1022 3891 1091 3944 de
1115 3890 1267 3944 fonte
1294 3890 1417 3944 vita)
1458 3888 1563 3942 sibi
1604 3888 1869 3942 hauserat
1894 3887 2040 3942 salu-
2122 3893 2259 3947 dant
2288 3892 2446 3964 quasi
2474 3892 2703 3958 infirmi,
2729 3891 2859 3962 quid
2889 3892 2957 3945 de
2988 3890 3148 3945 nobis
3177 3889 3449 3960 agendum
3478 3889 3570 3941 est.
3593 3878 3664 3951 qui

438 3991 575 4052 tem,
626 3983 898 4037 festinans
944 3979 1179 4033 introire
1236 3978 1295 4032 in
1347 3977 1646 4042 civitatem,
1681 3975 1776 4029 ubi
1819 3975 2040 4030 Christo
2122 3998 2410 4053 nunquam
2457 3980 2854 4035 conscientiam
2906 3980 3161 4051 perfectis
3213 3975 3484 4050 puritatis,
3520 3984 3668 4041 neque

441 4089 710 4144 magnum
736 4073 1031 4144 paraverat
1050 4067 1403 4124 caanaculum
1420 4071 1682 4131 stratum,
1698 4064 1794 4119 ubi
1824 4080 2016 4118 aecum

2123 4070 2452 4126 charitatem
2482 4069 2629 4123 circa
2647 4069 2825 4123 Deum
2851 4068 3153 4139 perfectam
3181 4063 3517 4137 accepimus?
3539 4054 3667 4123 Quod

441 4161 602 4217 beret
648 4161 914 4229 Magister
940 4157 1211 4212 veritatis.
1246 4156 1575 4227 Magistrum
1604 4171 1737 4224 ergo
1779 4170 1837 4207 se
1882 4169 2021 4207 voca

2124 4160 2171 4215 si
2194 4159 2493 4230 Apostolus
2514 4175 2714 4229 corpus
2740 4174 2903 4212 suum
2926 4156 3177 4211 servituti
3210 4154 3449 4225 subjicit,
3471 4168 3533 4206 ne
3557 4149 3667 4202 forte

447 4267 512 4305 εκ
537 4248 942 4303 οοηευθίυάίηθ
965 4246 1114 4300 illius
1133 4246 1274 4299 forte
1296 4245 1365 4297 ad
1391 4261 1557 4314 (ιιιειη
1582 4243 1863 4309 mittebat;
1892 4241 2041 4313 εΡΠά
2124 4247 2395 4320 reprobus
2449 4247 2785 4307 inveniatur,
2834 4262 2961 4300 cum
3015 4245 3139 4299 aliis
3176 4243 3438 4315 praedicat
3479 4236 3667 4293 verbum

448 4354 613 4410 quem
644 4336 815 4390 etiam
846 4340 903 4389 et
944 4335 1157 4389 Pascha
1186 4332 1325 4387 illud
1353 4332 1495 4386 Novi
1531 4331 1877 4386 Testamenti
1904 4331 2041 4384 cele-
2057 4383 2107 4410 ἢ
2126 4338 2321 4392 salutis
2366 4352 2378 4387 :
2431 4342 2640 4408 quanto
2690 4336 2867 4406 magis
2910 4335 3111 4389 timere
3155 4351 3258 4388 nos
3287 4335 3513 4404 oportet,
3547 4332 3595 4381 et
3623 4323 3667 4376 in

445 4427 712 4482 braturus
740 4430 863 4479 erat
899 4439 1025 4477 cum
1056 4420 1341 4493 discipulis
1370 4420 1505 4473 suis.
1542 4420 1701 4483 Quod
1723 4420 1865 4472 forte
1895 4425 2041 4472 tem-
2063 4415 2107 4441 ”
2124 4425 2383 4480 omnibus
2407 4442 2507 4479 nos
2538 4427 2651 4480 Deo
2672 4424 3065 4479 committere?
3095 4422 3201 4487 Qui
3233 4438 3371 4493 quos
3398 4415 3608 4491 praescii,
3626 4416 3670 4464 et

444 4534 552 4590 pus
587 4532 753 4571 suum
780 4515 893 4582 iam
925 4512 1361 4593 in.sacramento
1391 4507 1611 4563 dicebat
1647 4507 1861 4575 adesse,
1895 4524 2021 4578 qum

2136 4523 2172 4581 Ι
2187 4520 2317 4580 (ιθ
2332 4521 2368 4580 ι
2403 4520 2589 4581 vocat;
2614 4519 2671 4568 et
2690 4531 2828 4585 quos
2855 4511 3282 4575 vocaverit,illos
3302 4516 3359 4564 et
3374 4504 3665 4562 sanctiﬁcat;

446 4606 643 4660 eadem
667 4602 756 4657 die
782 4592 1103 4673 expleturus
1123 4603 1245 4653 erat
1271 4598 1495 4669 quando
1526 4596 1783 4651 transivit
1807 4597 1876 4651 ad
1905 4596 2044 4650 illud
2128 4621 2266 4675 quos
2294 4621 2423 4658 vero
2452 4602 2899 4665 sanctiﬁcaverit,
2934 4601 3057 4655 illos
3080 4607 3137 4655 et
3158 4599 3443 4670 justiﬁcat.
3476 4594 3570 4661 Qui
3596 4592 3669 4640 in-

444 4693 697 4766 typicum
740 4691 969 4745 PaSCha.
1008 4689 1075 4743 Et
1118 4688 1244 4742 ideo
1274 4687 1475 4742 domus
1511 4686 1611 4741 illa
1639 4702 1752 4740 non
1779 4687 2043 4740 deorsum
2127 4697 2310 4760 tingit,
2331 4693 2532 4763 inquit,
2558 4709 2769 4746 mecum
2792 4708 3025 4744 manum
3048 4693 3109 4743 in
3135 4688 3490 4758 paropsidem,
3515 4683 3590 4734 hic
3606 4690 3671 4729 me

449 4787 607 4848 erat;
640 4779 738 4834 sed
768 4778 825 4832 in
853 4777 1128 4850 superiori
1160 4778 1458 4831 οσεηείυιιια
1496 4776 1566 4831 Et
1594 4792 1800 4846 magna
1824 4780 1961 4839 erat,
1984 4780 2047 4827 ut
2131 4784 2337 4843 tradet;
2368 4783 2542 4835 Filius
2571 4782 2790 4850 quidem
2821 4781 3063 4834 hominis
3084 4779 3253 4843 vadit,
3281 4779 3418 4830 sicut
3445 4772 3670 4838 scriptum

449 4873 674 4942 caperet
701 4869 892 4922 Jesum
920 4849 1167 4921 Verbum
1196 4866 1297 4921 Dei
1323 4866 1507 4921 Patris
1536 4871 1592 4920 et
1619 4864 1954 4936 sapientiam
1984 4881 2048 4919 ac
2131 4874 2201 4923 est
2232 4871 2294 4923 de
2330 4872 2445 4922 illo.
2481 4849 2596 4923 Hoc
2624 4868 2829 4939 quippe
2859 4883 2927 4921 ex
2965 4856 3170 4920 indicio
3201 4861 3522 4936 prophetica:
3554 4849 3671 4907 vocis

450 4959 772 5024 veritatem;
808 4974 929 5028 quae
951 4957 1139 5011 omnia
1159 4973 1269 5011 non
1290 4956 1440 5028 capit
1465 4955 1573 5009 nisi
1604 4970 1809 5024 magna
1827 4953 2046 5008 domus.
2131 4958 2283 5021 dicit,
2318 4957 2478 5028 quasi
2502 4957 2713 5011 diceret,
2744 4971 2754 5004 :
2788 4955 2894 5020 Qui
2926 4954 3227 5008 manducat
3260 4967 3453 5025 panem
3492 4953 3670 5000 mecum

451 5051 521 5106 Et
549 5054 612 5103 ut
656 5047 826 5117 digna
863 5046 936 5100 sit
971 5052 1129 5100 tanto
1178 5061 1455 5105 mansore,
1499 5059 1726 5099 necesse
1755 5047 1841 5096 est
1886 5048 1950 5096 ut
1978 5042 2052 5097 sit
2131 5045 2434 5114 Ampliabit
2464 5047 2756 5099 adversum
2792 5061 2874 5097 me
2905 5045 3403 5112 supplantationem
3435 5037 3573 5099 (Psat.
3601 5044 3668 5117 xt,

448 5113 744 5204 mundata,
780 5136 963 5191 nullas
992 5136 1049 5188 in
1079 5152 1137 5189 se
1167 5135 1380 5189 habens
1411 5133 1641 5188 malitiae
1670 5133 1881 5187 sordes.
1917 5132 2051 5197 Quae
2131 5113 2246 5204 10);
2276 5136 2389 5188 Nec
2428 5133 2602 5205 igitur
2642 5134 2922 5203 discrepat
2964 5132 3055 5185 hic
3101 5148 3296 5185 sensus
3323 5128 3391 5182 ad
3435 5126 3529 5177 hoc
3553 5113 3672 5189 quod

448 5229 648 5283 domus
668 5227 726 5281 in
756 5226 976 5280 civitate
991 5224 1298 5278 Jerusalem
1323 5240 1444 5277 esse
1474 5223 1761 5294 probatur,
1786 5222 1843 5275 id
1872 5228 1961 5276 est
1993 5221 2052 5275 in

451 5316 711 5373 Ecclesia.
748 5317 817 5370 Et
844 5315 971 5368 ideo
1010 5314 1177 5367 homo
1208 5313 1322 5378 ille,
1358 5312 1567 5368 scilicet
1609 5312 1872 5367 dominus
1902 5312 2053 5366 illius

447 5407 668 5470 domus,
725 5405 846 5459 sine
904 5402 1129 5457 nomine
1208 5406 1570 5465 monstratur,
1632 5408 1695 5455 ut
1756 5418 2053 5458 commune

459 5498 708 5562 1090
756 5494 831 5547 sit
879 5491 1138 5548 omnibus
1176 5492 1281 5546 hoc
1334 5490 1685 5561 mysterium,
1735 5491 2051 5562 quicunque

455 5582 678 5643 Christo
702 5598 901 5655 parare
931 5582 1122 5637 volunt
1147 5579 1473 5653 hospitium,
1502 5597 1611 5651 quo
1640 5580 1855 5635 Pascha
1879 5598 1912 5634 a
1939 5580 2052 5635 Do-

2136 5224 2215 5277 ait
2248 5243 2259 5276 :
2304 5226 2409 5290 Qui
2455 5225 2688 5289 intingit
2727 5238 2962 5275 manum
3012 5237 3219 5274 mecum
3260 5221 3318 5271 in
3355 5209 3670 5284 parapsidem,

2137 5312 2227 5365 hic
2252 5328 2331 5364 me
2357 5313 2553 5365 tradet.
2582 5309 2793 5373 Quibus
2815 5310 2997 5363 verbis
3017 5308 3313 5380 discipulos
3333 5301 3482 5375 quasi
3508 5296 3673 5380 liberos

2135 5401 2365 5463 relaxat,
2398 5398 2530 5452 dum
2564 5399 2744 5452 solum
2775 5398 3118 5470 proditorem
3145 5377 3399 5450 declarat.
3433 5387 3530 5454 Qui
3556 5377 3674 5455 quod

2136 5489 2231 5545 alii
2274 5488 2543 5551 fecerunt,
2572 5504 2683 5542 non
2716 5487 2900 5559 potuit
2927 5503 3154 5541 manum
3187 5482 3459 5539 retrahere
3485 5494 3516 5532 a
3541 5484 3674 5546 paro-

2135 5576 2313 5649 pside,
2342 5578 2462 5648 jam
2490 5576 2663 5632 semel
2706 5581 2764 5631 et
2793 5576 3037 5631 secundo
3075 5580 3283 5631 secreto
3328 5563 3668 5642 prtemonitus.
