3872 6158
153 320 283 381 889

864 319 1243 376 EXPOSITIO
1281 320 1360 376 IN
1396 316 1841 376 MATTHEUM.
1877 345 1943 358 —
1972 316 2108 371 LIB.
2152 316 2276 384 XII,
2313 315 2471 373 CAP.
2505 317 2701 374 XXVI.

3318 307 3429 365 890

144 444 250 501 Ubi
274 444 550 501 Dominus
575 462 680 500 sua
713 446 773 500 in
802 461 867 501 eo
898 444 1219 501 manifestat
1244 430 1541 511 beneﬁcia,
1567 451 1622 500 et
1640 445 1734 500 Ju-
1752 443 1803 503 A
1821 440 1899 495 illi
1931 446 2107 505 esset;
2141 440 2288 513 quod
2317 440 2546 496 omnino
2583 456 2697 496 non
2725 444 2874 495 esset
2895 439 2944 494 si
2967 441 3134 493 natus
3157 436 3277 508 ipse
3307 450 3420 490 non

146 534 244 588 das
272 550 435 588 suam
465 550 577 589 non
601 534 747 590 celat
764 534 1192 607 impudentiam.
1218 534 1287 588 Et
1306 534 1439 607 quia
1458 552 1491 589 a
1511 536 1747 595 Domino

144 622 318 678 tantis
372 623 761 695 complectitur
814 623 1139 689 honoribus,
1184 627 1247 677 ut
1298 629 1441 678 esset
1487 642 1632 680 unus
1682 644 1748 682 ex

145 711 459 777 duodecim,
502 718 672 785 atque
736 728 1053 768 (economus
1108 728 1303 767 eorum
1362 729 1484 783 quae
1546 716 1748 771 collata

145 806 308 855 erant
350 801 691 872 pauperibus
734 820 747 868 ;
803 817 985 872 neque
1042 801 1194 867 salis,
1256 818 1439 873 neque
1488 804 1747 873 ejusdem

145 906 373 956 mensa,
403 905 587 961 neque
615 891 794 961 panis,
830 906 1013 960 neque
1042 890 1296 945 carnium
1320 891 1449 961 agni
1481 908 1622 962 quas
1653 910 1747 948 co-

146 977 419 1043 mederat,
452 995 670 1033 memor
685 979 865 1033 factus
893 979 1250 1051 impudenter
1275 979 1502 1034 festinat
1522 970 1745 1036 tradere

142 1066 471 1138 largitorem
486 1067 762 1122 honorum
778 1084 1032 1140 operum.
1052 1069 1192 1123 Cum
1205 1068 1565 1123 dinumerare
1581 1087 1745 1125 nemo

146 1161 332 1227 potest
355 1156 547 1210 omnia
579 1156 649 1210 ab
678 1173 743 1211 eo
771 1156 920 1211 facta
944 1157 1089 1210 mira
1116 1161 1173 1212 et
1196 1156 1413 1223 deifica,
1447 1174 1569 1229 quae
1597 1158 1748 1213 vide-

144 1251 235 1298 rat
264 1245 353 1298 vel
387 1245 665 1299 audierat.
711 1247 883 1299 Filius
911 1251 1097 1300 autem
1136 1246 1377 1299 hominis
1405 1249 1575 1312 vadit,
1604 1250 1747 1302 sicut

143 1336 415 1402 scriptum
445 1339 519 1388 est
545 1335 608 1388 de
629 1350 703 1389 eo.
726 1333 896 1388 Vadit
923 1339 1111 1389 autem
1139 1334 1210 1388 ad
1251 1334 1586 1405 passionem,
1617 1337 1750 1407 quia

143 1422 294 1476 ﬁlius
336 1422 582 1476 hominis
610 1428 714 1489 est,
755 1428 820 1477 ut
850 1422 1178 1494 praedictum
1211 1428 1337 1477 erat
1374 1440 1407 1477 a
1436 1424 1742 1495 prophetis,

142 1527 413 1582 passurus
438 1526 539 1582 per
565 1527 808 1566 crucem.
855 1512 1047 1566 Manet
1084 1515 1272 1565 autem
1305 1528 1433 1566 cum
1462 1513 1747 1585 discipulis

142 1599 198 1653 in
231 1599 467 1664 mundo,
498 1599 805 1655 secundum
847 1600 993 1672 quod
1026 1599 1257 1655 verbum
1282 1605 1385 1665 est,
1427 1602 1748 1658 custodiens

145 1703 237 1742 eos
265 1686 327 1741 in
380 1688 511 1741 ﬁde.
560 1688 715 1743 Alias
744 1693 934 1743 autem
973 1704 1083 1742 non
1124 1696 1523 1760 permanerent
1551 1691 1609 1744 in
1637 1691 1746 1745 ﬁde

1828 530 2050 587 fuisset.

1900 622 2236 689 Respondeas
2264 625 2449 674 autem
2475 620 2648 674 ludas
2681 622 2781 689 qui
2805 619 3043 673 tradidit
3076 614 3386 673 eum,dixit
3412 630 3428 665 :

1829 710 2103 779 Nunquid
2130 725 2220 777 ego
2239 725 2385 777 sum,
2407 710 2575 764 Rabbi
2600 715 2623 762 Ρ
2643 711 2737 763 Ait
2767 708 2879 771 illi,
2918 708 2995 760 Tu
3016 706 3228 759 dixisti.
3247 700 3432 756 Etiam

1828 797 1919 852 hic
1947 814 2059 852 non
2088 814 2413 869 expressum
2441 803 2544 857 est,
2577 802 2767 852 utrum
2798 796 2920 866 ipse
2950 798 3134 856 esset;
3167 791 3262 845 sed
3288 790 3431 844 forte

1796 914 1801 919 ε
1829 887 1908 941 sic
1933 892 2311 957 temperatum
2352 902 2423 940 ne
2452 901 2646 940 omnes
2677 885 3050 946 adverterent,
3084 887 3149 936 ut
3168 879 3220 933 ci
3247 878 3430 933 adhuc

1828 977 2058 1031 daretur
2102 976 2172 1029 de
2218 991 2296 1041 se,
2329 976 2490 1045 cujus
2525 975 2586 1028 in
2635 971 2977 1028 conscientia
3027 969 3241 1024 crimen
3282 971 3426 1022 erat.

1827 1065 1987 1120 Unde
2013 1064 2191 1135 magis
2217 1063 2275 1118 in
2299 1063 2708 1117 contumaciam
2735 1061 2955 1115 videtur
2992 1074 3213 1119 sonare,
3256 1070 3427 1126 quam

1829 1154 1976 1225 quod
2003 1152 2236 1207 dubium
2275 1168 2388 1207 non
2427 1156 2566 1216 erat,
2601 1151 2654 1205 ei
2697 1149 3018 1222 requirere;
3055 1152 3114 1202 et
3142 1146 3268 1199 ideo
3315 1159 3428 1197 non

1827 1242 2049 1296 tristem
2078 1258 2205 1296 eum
2237 1241 2407 1296 fuisse
2453 1248 2518 1295 ut
2546 1239 2731 1294 caeteri
2780 1254 2964 1292 sermo
3007 1235 3274 1299 declarat,
3316 1247 3429 1286 non

1830 1331 2159 1399 religiosum
2187 1347 2252 1385 ac
2306 1330 2568 1384 devotum
2610 1328 2669 1381 in
2712 1326 2842 1390 ﬁde,
2876 1330 2941 1379 ut
2969 1340 3098 1378 eum
3126 1322 3429 1377 Dominum

1832 1419 2130 1475 mitissime
2178 1435 2306 1473 cum
2351 1416 2566 1472 caeteris
2617 1412 2946 1486 appellaret.
3007 1411 3117 1467 Sed
3168 1409 3428 1463 ell'eratus

1832 1510 2039 1575 animo,
2072 1508 2193 1562 sine
2224 1508 2341 1562 ulla
2372 1505 2555 1560 cordis
2598 1502 2885 1576 pudicitia,
2916 1499 3076 1572 quasi
3118 1496 3431 1553 excusantis

1831 1600 2032 1653 affectu
2059 1597 2213 1652 dicit.
2247 1594 2512 1666 Nunquid
2528 1609 2630 1664 ego
2654 1608 2800 1651 sum.
2833 1588 3014 1645 Rabbi
3032 1589 3057 1641 ?
3076 1587 3145 1641 Et
3172 1588 3277 1640 hoc
3305 1585 3430 1639 ideo

1830 1705 1902 1744 ne
1928 1686 2164 1742 tacendo
2192 1685 2476 1739 videretur
2502 1681 2715 1736 crimen
2746 1678 2931 1733 cordis
2968 1676 3223 1749 prodere,
3243 1673 3434 1745 jungit

144 1776 343 1848 ipsius.
385 1776 664 1848 przecipue
704 1793 831 1831 cum
881 1793 1009 1831 eum
1065 1776 1124 1830 in
1179 1793 1343 1831 cruce
1385 1778 1742 1849 pendentem,
1765 1770 1813 1829 Β
1834 1776 1992 1848 quasi
2010 1772 2350 1830 blandientis
2370 1773 2651 1833 affectum,
2678 1768 2827 1840 quod
2855 1767 3017 1821 dolus
3044 1765 3100 1819 in
3132 1762 3297 1818 corde
3318 1777 3432 1816 non

144 1864 349 1919 deinde
381 1870 668 1919 mortuum
699 1864 986 1919 vidissent.
1022 1865 1090 1919 Et
1121 1866 1448 1930 notandum,
1476 1867 1610 1938 quia
1633 1884 1746 1922 non

144 1952 303 2019 dixit,
343 1955 421 2008 Vae
447 1954 665 2007 homini
686 1954 779 2007 illi
806 1970 842 2007 a
870 1970 981 2024 quo
1009 1954 1283 2019 tradetur,
1314 1955 1431 2016 sed,
1458 1972 1558 2024 per
1585 1972 1747 2024 quem

147 2042 423 2108 tradetur,
446 2042 637 2095 volens
675 2042 847 2095 alium
881 2042 1175 2095 ostendere
1203 2058 1237 2096 a
1269 2059 1379 2112 quo
1400 2044 1745 2117 tradebatur,

143 2130 195 2185 id
223 2135 314 2184 est
332 2129 639 2194 diabolum,
674 2131 701 2184 J
709 2130 873 2184 udam
898 2146 1026 2183 vero
1076 2128 1397 2185 ministrum
1425 2131 1598 2186 fuisse
1627 2133 1749 2187 dia-

144 2217 276 2285 boli,
330 2235 431 2290 per
460 2235 627 2289 quem
656 2218 779 2289 ipsa
819 2218 1050 2272 traditio
1077 2218 1503 2274 ministrabatur
1542 2222 1751 2292 passio-

146 2308 251 2362 nis.
286 2306 480 2362 Tertio
500 2308 620 2377 jam
652 2324 782 2361 eum
806 2307 1007 2377 tangit,
1036 2313 1101 2362 ut
1129 2324 1294 2378 quem
1324 2309 1665 2374 conscientia
1693 2316 1750 2365 et

146 2397 329 2468 pudor
355 2413 471 2450 non
510 2403 778 2463 traxerat,
810 2396 1007 2450 saltem
1039 2396 1371 2451 denuntiata
1407 2414 1551 2463 sero,
1585 2399 1753 2452 corri-

143 2492 283 2556 gunt
308 2485 599 2557 supplicia.
645 2487 857 2539 Bonum
895 2490 1012 2538 erat
1042 2487 1093 2539 ei
1130 2488 1182 2538 si
1213 2491 1378 2539 natus
1408 2502 1517 2540 non
1557 2488 1752 2554 fuisset

146 2573 304 2627 homo
320 2576 435 2628 ille.
460 2572 622 2627 Multi
652 2573 709 2627 in
739 2574 840 2627 hoc
868 2572 1035 2627 verbo
1057 2578 1266 2628 acuunt
1296 2572 1751 2644 sillogysmorum

147 2678 381 2716 suorum
427 2661 708 2725 acumina,
753 2666 811 2716 et
857 2667 1347 2732 argumentantur,
1394 2661 1555 2732 quasi
1598 2662 1752 2717 nullo

148 2751 315 2805 modo
346 2756 538 2821 posset
565 2750 616 2805 ei
649 2750 857 2805 bonum
888 2766 1027 2815 esse,
1052 2749 1148 2821 qui
1178 2766 1290 2804 non
1320 2756 1470 2804 esset
1499 2750 1749 2816 omnino,

147 2839 192 2892 si
215 2845 391 2893 natus
421 2855 533 2894 non
559 2839 774 2906 fuisset,
804 2844 861 2893 et
889 2838 1013 2893 ideo
1045 2839 1201 2910 prius
1228 2838 1400 2893 fuisse
1427 2854 1554 2893 eum
1598 2844 1753 2893 ante-

151 2944 319 2998 quam
352 2927 503 2981 male
532 2934 875 2991 nasceretur,
899 2932 964 2980 ut
991 2926 1121 2980 talis
1154 2931 1321 2980 esset.
1354 2925 1559 2980 Dicunt
1579 2927 1749 2991 enim,

148 3016 198 3070 id
229 3016 385 3087 quod
410 3021 497 3070 est
514 3020 698 3087 potest
716 3015 927 3086 aliquid
949 3015 1157 3069 habere
1185 3020 1390 3086 praeter
1407 3032 1576 3086 quam
1604 3017 1754 3087 quod

1828 1862 2230 1921 latebat.Unde
2252 1867 2310 1915 et
2331 1859 2508 1914 Rabbi
2539 1875 2669 1913 eum
2695 1861 2872 1920 vocat,
2905 1854 3053 1926 quod
3084 1858 3169 1907 est
3194 1851 3434 1906 inﬁdeli-

1826 1954 1961 2008 tatis
2004 1951 2250 2021 signum,
2279 1949 2413 2021 quia
2453 1949 2634 2002 Deum
2685 1952 2743 2000 et
2787 1944 3087 1999 Dominum
3116 1930 3255 1996 'eum
3287 1956 3430 2004 esse,

1829 2048 1957 2115 post
1979 2046 2065 2095 tot
2091 2040 2247 2110 signa
2279 2044 2337 2092 et
2365 2036 2637 2091 miracula
2658 2051 2769 2089 non
2786 2031 3065 2089 credebat.
3090 2030 3199 2085 Sed
3222 2028 3425 2093 nescio,

1834 2132 1915 2185 vel
1956 2130 2002 2185 si
2038 2130 2212 2184 talem
2260 2143 2390 2181 eum
2433 2125 2593 2197 quasi
2638 2140 2815 2179 unum
2844 2123 2913 2177 de
2942 2119 3264 2175 doctoribus
3291 2118 3437 2172 acci-

1832 2218 2039 2292 piebat,
2056 2217 2153 2289 qui
2180 2222 2296 2270 tam
2325 2215 2627 2270 crudeliter
2655 2213 2776 2267 sine
2805 2212 2921 2266 ulla
2950 2208 3286 2282 poenitentia
3312 2224 3431 2261 cor-

1832 2309 1937 2374 dis,
1970 2307 2192 2362 tradere
2234 2305 2324 2371 ,sic
2362 2303 2725 2375 impudenter
2758 2318 2888 2356 eum
2936 2300 3063 2353 dolo
3107 2295 3427 2352 festinabat.

1846 2403 1881 2462 Ι
1899 2401 2089 2461 093
2116 2395 2220 2450 Cui
2250 2393 2541 2453 Dominus,
2572 2393 2650 2446 Tu
2674 2393 2887 2445 dixisti.
2913 2388 3119 2443 Eadem
3148 2388 3322 2457 igitur
3341 2402 3433 2439 re-

1834 2484 2132 2556 sponsione
2163 2481 2483 2537 confutatur
2497 2479 2769 2552 proditor,
2794 2495 2907 2551 qua
2935 2482 2989 2532 et
3020 2477 3255 2537 Pilatus,
3275 2480 3338 2529 ut
3367 2490 3433 2528 ex

1834 2589 1930 2628 ore
1959 2572 2185 2644 proprio
2208 2570 2609 2625 condemnaret
2631 2585 2782 2632 eum,
2815 2566 2907 2638 qui
2940 2583 3050 2620 non
3070 2563 3334 2619 dubitans
3361 2563 3432 2617 de

1833 2660 2173 2716 conscientia
2201 2660 2528 2728 interrogat,
2568 2658 2666 2712 sed
2706 2658 2926 2726 ﬁngens
2953 2671 3014 2709 se
3042 2654 3111 2708 de
3140 2653 3244 2707 hoc
3277 2649 3435 2713 dubi-

1832 2757 1973 2815 tare,
2011 2749 2171 2821 quasi
2200 2748 2406 2803 timens
2432 2746 2679 2801 simulat.
2721 2746 2847 2800 Non
2878 2742 3027 2815 quod
3070 2745 3295 2796 curaret
3321 2740 3429 2793 im-

1834 2840 2068 2912 pudicus
2078 2839 2197 2909 jam
2229 2835 2558 2891 excusabilis
2588 2851 2729 2896 esse,
2757 2833 2856 2887 sed
2899 2837 2965 2886 ut
2990 2829 3286 2885 consilium
3317 2844 3430 2883 suae

1834 2927 2166 3000 proditionis
2196 2925 2480 2980 interdum
2509 2924 2735 2977 celaret.
2763 2922 3115 2977 Canentibus
3143 2923 3332 2973 autem
3355 2921 3431 2973 eis

1833 3019 2034 3086 accepit
2079 3017 2233 3070 Jesus
2268 3030 2489 3083 panem,
2537 3012 2808 3066 benedixit
2848 3025 2912 3063 ac
2962 3010 3149 3077 fregit,
3181 3008 3434 3077 deditque

146 3105 329 3176 ipsum
378 3110 482 3159 est.
528 3104 739 3159 Idcirco
785 3103 993 3159 habere
1039 3109 1227 3175 posset
1257 3104 1483 3175 aliquod
1513 3104 1743 3172 bonum,
1767 3101 1810 3161 Ο
1832 3106 2118 3174 discipulis
2147 3106 2280 3168 suis,
2314 3107 2363 3156 et
2391 3104 2472 3155 ait
2500 3120 2516 3154 :
2548 3099 2787 3168 Accipite
2840 3103 2887 3151 et
2926 3098 3199 3162 comedite,
3234 3096 3334 3149 hoc
3363 3100 3437 3149 est

148 3193 369 3248 etiamsi
400 3199 567 3247 natus
595 3209 707 3247 non
737 3197 912 3258 esset;
938 3191 1202 3263 quoniam
1224 3192 1502 3246 diversum
1527 3198 1613 3246 est
1634 3198 1755 3247 tan-
1837 3210 2031 3263 corpus
2078 3208 2280 3246 meum.
2325 3189 2573 3245 Audiant
2612 3188 2708 3259 qui
2756 3187 2951 3241 volunt
2984 3190 3288 3239 extenuare
3331 3184 3438 3238 hoc

146 3288 263 3336 tum
298 3281 515 3353 aliquid
557 3298 700 3345 esse,
733 3287 790 3335 et
834 3297 953 3334 esse
1004 3280 1216 3352 aliquid
1245 3280 1303 3334 in
1334 3297 1398 3334 eo
1455 3281 1603 3352 quod
1643 3286 1746 3335 est.
1835 3282 2068 3336 verbum
2115 3279 2381 3352 corporis,
2419 3278 2568 3350 quod
2605 3294 2718 3332 non
2758 3277 2834 3332 sit
2870 3291 3001 3330 vera
3046 3291 3176 3329 caro
3207 3258 3467 3340 Christi,'

149 3370 305 3425 Sicut
331 3387 501 3425 omne
530 3370 676 3441 quod
708 3369 1004 3441 participat
1033 3386 1098 3423 eo
1124 3369 1272 3440 quod
1304 3376 1391 3423 est
1410 3385 1531 3423 esse
1570 3374 1633 3424 ut
1657 3369 1752 3432 sit,
1838 3388 1960 3443 quae
2007 3386 2155 3424 nunc
2207 3369 2266 3423 in
2304 3373 2654 3422 sacramento
2699 3364 3016 3421 celebratur
3077 3364 3136 3418 in
3194 3361 3439 3418 Ecclesia

149 3459 253 3513 alio
290 3463 536 3525 ιθθτ
558 3458 745 3530 aliquo
775 3457 1094 3530 participat,
1119 3462 1185 3511 ut
1214 3457 1422 3528 aliquid
1442 3457 1529 3511 sit.
1558 3458 1637 3511 Ac
1657 3474 1757 3528 per
1839 3459 2067 3521 Christi,
2101 3474 2282 3528 neque
2310 3473 2473 3511 verus
2499 3455 2729 3526 sanguis
2757 3455 2879 3525 ejus
2913 3472 2924 3507 :
2967 3453 3155 3508 nescio
3187 3452 3323 3524 quid
3347 3467 3439 3504 vo-

149 3549 249 3602 hoc
276 3548 424 3602 forte
452 3549 481 3601 .I
488 3548 644 3611 udas,
664 3547 797 3618 quia
826 3545 1198 3618 participabat
1224 3562 1289 3599 eo
1314 3544 1466 3616 quod
1491 3551 1577 3599 est
1611 3563 1751 3613 esse,
1838 3550 2016 3603 lentes
2049 3547 2313 3619 plaudere
2353 3546 2439 3600 vel
2486 3545 2713 3615 ﬁngere,
2751 3543 2911 3615 quasi
2940 3542 3117 3597 virtus
3143 3541 3219 3596 sit
3255 3539 3440 3595 carnis

149 3646 210 3694 ut
234 3643 389 3693 esset
416 3636 498 3690 illi
546 3636 777 3701 bonum,
811 3642 934 3690 erat
962 3641 1272 3706 antequam
1314 3640 1662 3700 nasceretur,
1694 3640 1760 3690 ut
1840 3643 1897 3692 et
1923 3636 2215 3706 sanguinis
2242 3635 2301 3688 in
2333 3650 2398 3688 eo
2427 3633 2731 3687 admodum
2763 3637 3136 3695 sacramento,
3170 3635 3235 3684 ut
3256 3627 3442 3684 Domi-

150 3728 347 3783 melius
377 3725 460 3779 illi
490 3742 610 3779 esse
631 3731 837 3796 posset.
873 3724 980 3779 Sed
1013 3724 1145 3794 quia
1166 3724 1275 3778 ista
1294 3723 1758 3795 philosophorum
1840 3743 1946 3781 nus
1987 3726 2311 3788 mentiatur,
2364 3727 2423 3775 ct
2463 3738 2576 3776 non
2619 3720 2692 3775 sit
2721 3737 2853 3775 vera
2888 3736 3017 3773 caro
3065 3720 3207 3789 ejus,
3255 3731 3438 3787 neque

152 3823 298 3881 sunt,
327 3820 396 3870 ut
422 3814 641 3886 possint
667 3814 735 3868 de
759 3812 1152 3867 verisimilibus
1173 3829 1275 3867 sua
1304 3813 1569 3867 extollere
1588 3830 1753 3883 argu-
1834 3831 1998 3869 verus
2037 3812 2282 3882 sanguis,
2315 3811 2374 3865 in
2414 3808 2616 3881 quibus
2646 3824 2777 3863 vera
2804 3824 2955 3862 mors
2977 3806 3184 3862 Christi
3213 3821 3436 3860 annun-

153 3910 359 3966 menta,
385 3910 443 3957 et
472 3903 741 3957 nonnulla
779 3902 1134 3958 introducere
1163 3901 1325 3969 falsa,
1356 3901 1652 3956 redeamus
1681 3902 1751 3957 ad
1835 3904 2027 3966 tiatur,
2053 3917 2178 3955 cum
2202 3900 2325 3971 ipsa
2344 3898 2556 3952 Veritas
2575 3897 2753 3951 dicat:
2788 3898 2897 3951 Hoc
2915 3901 2991 3949 est
3008 3910 3203 3964 corpus
3229 3910 3434 3948 meum.

153 3993 571 4065 simplicitatem
600 3991 773 4045 divini
812 3990 1041 4062 eloquii,
1087 4005 1197 4061 quo
1228 3989 1453 4054 dicitur,
1487 3989 1619 4061 quia
1664 3992 1756 4044 illi
1837 3990 2109 4046 Similiter
2127 3994 2185 4044 et
2203 3989 2270 4043 de
2295 3988 2465 4043 calice
2497 4003 2512 4038 :
2544 3988 2733 4050 Bibite,
2768 3984 2970 4057 inquit,
3007 4000 3070 4037 ex
3101 3985 3199 4038 hoc
3229 3999 3436 4050 omnes,

157 4083 357 4137 bonum
386 4083 577 4135 eratsi
606 4086 771 4135 natus
802 4096 913 4133 non
940 4079 1134 4147 fuisset
1156 4097 1171 4142 ;
1195 4077 1328 4148 quia
1346 4094 1449 4132 nec
1477 4079 1582 4132 hoc
1609 4079 1755 4134 bono
1836 4081 1925 4135 hic
1940 4084 2013 4133 est
2039 4081 2189 4132 enim
2210 4080 2439 4144 sanguis
2458 4091 2609 4130 meus
2629 4076 2770 4129 Novi
2797 4075 3141 4138 Testamenti,
3167 4088 3280 4127 non
3305 4088 3438 4144 qua-

155 4177 273 4225 erat
300 4170 511 4240 dignus
540 4186 667 4224 cum
694 4169 813 4239 jam
835 4172 1000 4233 esset,
1017 4172 1075 4222 et
1099 4172 1426 4221 nasceretur
1447 4168 1601 4238 prius
1629 4185 1752 4223 cum
1836 4162 2147 4237 liscunque,
2179 4164 2276 4220 sed
2306 4163 2453 4236 quod
2480 4180 2584 4233 pro
2612 4164 2758 4217 vobis
2805 4162 3121 4229 e/rundetur
3154 4163 3218 4215 in
3247 4163 3441 4215 remis-

158 4275 265 4314 non
294 4265 464 4314 esset.
510 4258 618 4313 Sed
666 4257 802 4328 quia
843 4273 907 4310 ex
937 4256 1171 4310 arbitrio
1200 4272 1302 4310 suo
1344 4256 1511 4322 venit,
1544 4262 1609 4312 ut
1651 4258 1757 4312 hoc
1836 4258 2045 4310 sionem
2072 4259 2440 4324 peccatorum.
2472 4253 2668 4323 Neque
2704 4250 2897 4323 itaque
2952 4249 3091 4304 dixit
3117 4266 3244 4305 cum
3272 4250 3443 4321 fregit

158 4348 398 4403 ofﬁcium
424 4345 756 4418 proditionis
772 4349 1189 4399 consummaret
1208 4361 1307 4415 per
1322 4360 1449 4399 eum
1464 4345 1754 4410 Dominus,
1777 4412 1816 4418 _
1839 4348 1898 4397 et
1923 4343 2079 4397 dedit
2105 4343 2185 4398 eis
2213 4357 2435 4414 panem,
2467 4341 2573 4395 hoc
2593 4346 2696 4406 est,
2727 4340 2813 4395 vel
2840 4339 2900 4394 in
2927 4339 3033 4394 hoc
3053 4339 3322 4411 mysterio
3356 4345 3444 4393 est

158 4437 277 4492 ideo
299 4412 469 4492 natus
491 4441 578 4490 est
602 4435 749 4488 malo
780 4450 901 4501 suo,
936 4440 999 4488 ut
1028 4433 1083 4487 in
1114 4412 1346 4499 malum,
1377 4434 1526 4505 quod
1555 4451 1757 4489 secun-
1777 4412 2015 4486 1)virtus
2047 4433 2128 4486 vel
2176 4412 2358 4503 figura
2401 4429 2650 4502 corporis
2699 4429 2831 4493 mei,
2873 4428 2969 4483 sed
3017 4428 3100 4482 ait
3134 4444 3248 4482 non
3290 4428 3438 4493 ﬁcte,

160 4526 290 4580 dum
329 4524 685 4596 propositum
726 4529 866 4579 erat.
911 4523 1030 4593 ipse
1086 4527 1391 4587 corrueret,
1440 4522 1511 4576 ad
1552 4523 1657 4577 hoc
1695 4540 1761 4577 ex
1836 4521 1948 4574 ’Hoc
1975 4526 2049 4575 est
2087 4537 2281 4591 corpus
2318 4537 2521 4574 meum.
2550 4518 2656 4575 Ubi
2689 4519 2868 4573 Lucas
2898 4514 3132 4582 addidit,
3159 4517 3309 4584 Quod
3337 4532 3443 4585 pro

160 4615 508 4685 praescientia
536 4613 636 4667 Dei
656 4612 965 4683 justissima
992 4610 1305 4666 ordinatus.
1343 4610 1501 4666 Unde
1530 4628 1642 4666 non
1671 4612 1759 4666 di-
1842 4611 1989 4664 vobis
2019 4611 2289 4673 tradetur,
2320 4608 2407 4663 vel
2445 4608 2589 4663 sicut
2616 4607 2712 4662 alii
2745 4606 2961 4662 codices
2989 4604 3218 4673 habent,
3250 4605 3439 4661 datur.

160 4703 321 4769 citur,
347 4703 479 4775 quia
497 4703 706 4757 bonum
746 4708 868 4757 erat
896 4706 961 4756 ut
987 4717 1100 4755 non
1129 4713 1293 4767 esset,
1327 4700 1426 4755 sed
1453 4701 1524 4767 ei,
1568 4718 1639 4755 ne
1667 4717 1764 4755 na-
1844 4697 1952 4753 Sed
1996 4703 2053 4751 et
2096 4698 2338 4752 Joannes
2366 4713 2432 4750 ex
2463 4712 2706 4767 persona
2732 4695 2974 4762 Domini,
3017 4698 3205 4760 Panis,
3236 4693 3441 4767 inquit,

159 4797 249 4846 tus
274 4797 439 4847 esset.
475 4791 751 4856 Quoniam
787 4790 887 4845 etsi
930 4790 1140 4844 malum
1165 4789 1398 4861 contigit
1423 4789 1493 4856 ei,
1522 4807 1587 4844 ex
1612 4790 1762 4845 acci-
1844 4803 2004 4857 quem
2033 4803 2125 4855 ego
2167 4787 2303 4840 dabo
2331 4801 2458 4841 caro
2487 4801 2607 4838 mea
2643 4790 2737 4851 est,
2781 4801 2894 4839 non
2947 4783 3060 4839 alia
3105 4800 3295 4856 quam,
3342 4799 3445 4853 pro
3524 4778 3530 4784 ’

161 4880 314 4935 denti
342 4881 478 4935 vitio
509 4880 656 4948 fuit;
695 4880 904 4934 bonum
952 4884 1140 4933 tamen
1191 4894 1302 4933 non
1348 4884 1590 4949 negatur
1627 4896 1756 4934 eum
1840 4877 2043 4930 mundi
2063 4878 2176 4929 vita
2205 4875 2390 4947 (Joan.
2415 4888 2487 4939 vI,
2519 4872 2729 4940 52).Ac
2755 4873 2977 4934 deinde.
3007 4875 3114 4941 Qui
3142 4873 3447 4927 manducet

162 4968 352 5035 fuisse,
378 4969 509 5024 licet
532 4986 645 5041 prae
665 4969 830 5039 culpa
845 4967 1044 5022 melius
1059 4973 1205 5022 esset
1229 4967 1279 5021 ei
1306 4984 1419 5021 non
1444 4985 1585 5035 esse,
1603 4970 1757 5039 justo
1838 4982 2022 5020 meam
2050 4981 2295 5030 carnem,
2316 4969 2364 5018 et
2379 4966 2515 5018 bibit
2543 4966 2877 5031 sanguinem
2892 4979 3096 5028 meum,
3120 4966 3186 5017 in
3217 4979 3301 5017 me
3329 4960 3463 5017 πιαέ

161 5054 270 5111 Dei
292 5056 524 5127 judicio,
579 5056 713 5126 quia
739 5055 808 5108 ad
854 5070 1077 5126 poenam
1119 5055 1410 5125 praescitus
1455 5062 1596 5110 erat.
1628 5058 1752 5111 Non
1844 5059 1952 5119 net,
2009 5058 2059 5107 et
2100 5070 2191 5121 ego
2218 5055 2282 5107 in
2335 5053 2434 5106 illo
2489 5052 2674 5119 (Ibid.,
2716 5050 2822 5118 57).
2876 5051 3036 5106 Unde
3092 5050 3268 5105 miror
3311 5049 3447 5122 quid

162 5145 311 5214 quod
339 5149 527 5199 essent
554 5150 742 5209 antea,
774 5148 837 5198 ut
865 5142 1087 5214 quidam
1110 5143 1304 5198 volunt
1327 5142 1528 5199 animae
1558 5144 1617 5198 in
1646 5161 1758 5199 coe-

162 5231 411 5297 lestibus,
426 5249 539 5304 quo
569 5232 650 5286 illi
681 5230 887 5286 bonum
919 5236 1101 5297 esset;
1136 5247 1317 5304 neque
1345 5232 1403 5287 in
1432 5249 1497 5287 eo
1517 5233 1694 5288 ullum
1716 5234 1767 5287 ei

163 5336 285 5391 esse
324 5326 547 5391 poterat
588 5319 817 5385 bonum,
851 5321 983 5392 quia
1011 5338 1121 5376 non
1150 5327 1273 5376 erat
1299 5322 1387 5376 cui
1417 5326 1565 5377 esset
1591 5322 1768 5377 ullum

162 5407 394 5478 bonum,
420 5411 519 5465 sed
543 5412 704 5482 juxta
730 5410 1037 5482 simplicem
1056 5410 1487 5481 intelligentiam
1515 5411 1768 5483 Scriptu-

164 5502 357 5559 rarum
376 5505 718 5566 sanctarum,
739 5499 947 5554 bonum
963 5504 1110 5555 esset
1125 5499 1176 5555 ei
1195 5500 1289 5572 qui
1304 5501 1424 5572 jam
1449 5506 1572 5555 erat
1585 5499 1633 5555 si
1657 5516 1766 5556 non

163 5585 517 5657 subsisteret,
548 5605 720 5661 quam
740 5594 859 5645 tam
888 5589 1035 5645 male
1064 5588 1416 5657 subsisteret,
1442 5594 1506 5645 ut
1533 5594 1592 5645 et
1619 5590 1768 5645 male

1844 5142 2018 5197 velint
2045 5157 2195 5195 nunc
2222 5140 2451 5212 quidam
2481 5140 2685 5206 dicere,
2712 5156 2826 5195 non
2846 5140 2905 5194 in
2925 5156 2986 5194 re
3011 5156 3133 5194 esse
3151 5139 3447 5193 veritatem

1848 5231 2031 5287 carnis
2050 5231 2256 5286 Christi
2285 5230 2369 5285 vel
2394 5230 2684 5301 sanguinis
2708 5249 2720 5294 ;
2752 5228 2852 5284 sed
2874 5229 2935 5284 in
2964 5232 3313 5284 sacramento
3344 5226 3449 5282 vir-

1851 5326 2029 5376 tutem
2058 5319 2242 5374 carnis
2271 5326 2329 5374 et
2364 5336 2477 5374 non
2506 5336 2753 5383 carnem,
2775 5319 3041 5373 virtutem
3072 5316 3365 5388 sanguinis
3392 5322 3452 5372 et

1852 5426 1965 5464 non
1990 5409 2355 5479 sanguinem;
2384 5410 2625 5480 ﬁguram
2649 5413 2705 5464 et
2723 5425 2836 5464 non
2858 5405 3451 5468 veritatem,umbram

1851 5501 1909 5552 et
1936 5513 2047 5552 non
2076 5513 2295 5569 corpus,
2323 5514 2451 5554 cum
2475 5498 2567 5554 hic
2593 5498 2807 5570 species
2848 5497 3053 5570 accipit
3080 5496 3373 5552 veritatem
3396 5500 3453 5550 et

1849 5589 2111 5660 ﬁguram,
2143 5593 2396 5645 veterum
2426 5589 2739 5646 hostiarum
2769 5604 2989 5660 corpus.
3042 5588 3202 5645 Unde
3229 5585 3451 5641 Veritas
