3872 6158
511 267 610 324 891

1263 271 1318 326 S.
1363 271 1739 328 PASCHASII
1778 271 2138 330 RADBERTI
2177 266 2482 326 ABBATIS
2521 263 3018 324 CORBEIENSIS.

3608 274 3688 332 89?

503 391 606 459 ait.
626 411 754 450 cum
773 396 1087 468 porrigeret
1113 395 1401 467 discipulis
1425 409 1644 465 panem,
1679 395 1786 447 [loc
1812 397 1886 445 est
1912 407 2106 459 corpus
2123 393 2172 450 Α
2191 389 2260 442 de
2289 385 2495 440 talibus
2540 385 2729 453 rebus,
2759 403 2881 457 qua:
2925 387 3111 442 divina
3137 391 3305 444 virtus
3340 400 3586 464 operatur,
3612 397 3692 452 du.

511 498 715 548 meum,
747 491 805 538 et
832 501 944 539 non
964 485 1115 539 aliud
1148 501 1333 555 quam,
1353 484 1496 551 quod
1520 498 1621 550 pro
1651 484 1794 534 vobis
1823 482 2103 540 tradetur;

513 575 570 624 et
599 588 724 626 cum
755 572 1004 636 calicem.
1043 573 1144 628 Hic
1172 578 1246 627 est
1280 576 1427 626 calix
1467 571 1603 625 Νουί
1638 571 1976 632 Testamenti,
2011 570 2110 636 qui

506 672 612 725 pro
661 662 854 713 multis
883 660 1194 726 effundatur
1229 662 1287 712 in
1336 659 1711 711 remissionem
1742 661 2102 724 peccatorum.

511 745 761 800 Necdum
789 748 980 818 itaque
1001 753 1121 801 erat
1149 746 1322 811 fusus,
1348 753 1405 800 et
1433 755 1619 800 tamen
1643 746 1760 816 ipse
1792 745 2108 815 porrigetur

510 833 570 888 in
599 835 768 888 calice
797 836 1043 905 sanguis,
1074 835 1166 906 qui
1193 835 1511 890 fundendus
1531 842 1669 889 erat.
1716 835 1848 888 Erat
1879 833 2103 904 quidem

503 922 623 990 jam
662 922 719 976 in
747 923 936 982 calice.
973 923 1068 994 qui
1098 924 1281 979 adhuc
1309 931 1500 978 tamen
1544 924 1858 977 fundendus
1897 930 2018 976 erat
2048 922 2104 976 in

506 1010 785 1078 pretium;
821 1016 878 1065 et
913 1011 1039 1066 ideo
1073 1013 1191 1084 ipse
1222 1013 1482 1084 idemque
1512 1013 1738 1083 sanguis
1754 1015 1870 1081 jam
1905 1012 2103 1066 eratin

507 1098 696 1163 calice,
720 1099 816 1169 qui
847 1105 902 1153 et
929 1099 986 1155 in
1015 1118 1264 1172 corpore,
1302 1102 1446 1156 sicut
1464 1109 1520 1156 et
1546 1119 1746 1173 corpus
1771 1103 1855 1156 vel
1885 1117 2014 1154 caro
2046 1101 2104 1154 in

505 1201 670 1256 pane.
708 1187 841 1242 Erat
867 1195 1055 1245 autem
1077 1190 1294 1262 integer
1314 1191 1570 1246 Christus
1596 1198 1651 1245 et
1675 1207 1875 1261 corpus
1897 1189 2105 1244 Christi

507 1289 696 1328 coram
727 1275 902 1332 oculis
937 1279 1186 1334 omnium
1217 1280 1500 1350 positum;
1535 1295 1747 1334 necnon
1779 1285 1836 1332 et
1877 1279 2105 1348 sanguis

506 1361 566 1416 in
623 1379 873 1435 corpore,
936 1367 1081 1421 sicut
1127 1374 1185 1421 et
1222 1368 1404 1422 adhuc
1449 1368 1614 1422 hodie
1679 1366 2104 1437 integerrimum

518 1457 762 1518 I094
794 1461 881 1508 est
909 1461 966 1509 et
999 1464 1206 1519 manet.
1241 1457 1336 1528 qui
1367 1474 1493 1511 vere
1523 1455 1764 1511 dabatur
1795 1455 1875 1509 eis
1915 1455 1982 1508 ad
2013 1470 2105 1508 co-

506 1541 865 1604 medendum.
899 1551 956 1598 et
979 1545 1049 1598 ad
1075 1545 1397 1610 bibendum,
1427 1549 1488 1599 in
1521 1547 1898 1599 remissionem
1929 1560 2108 1612 pecca-

510 1635 714 1683 torum.
750 1632 909 1686 Dicat
938 1633 1034 1704 qui
1058 1635 1190 1700 vult,
1211 1635 1258 1688 si
1286 1635 1345 1688 in
1373 1635 1482 1688 alio
1504 1635 1691 1704 aliquo
1722 1632 1977 1687 remissio
2021 1637 2108 1685 est

508 1725 882 1789 peccatorum.
915 1739 1081 1793 quam
1123 1723 1180 1776 in
1223 1723 1461 1777 Christo.
1517 1724 1751 1777 Constat
1783 1739 1934 1792 ergo.
1969 1709 2162 1791 quiaB
2185 1737 2405 1792 quoque
2452 1721 2573 1792 ipsa
2616 1721 2835 1774 Veritas
2879 1739 2890 1773 :

493 1824 618 1866 non
647 1816 730 1863 est
753 1827 765 1873 ;
789 1816 845 1864 et
873 1810 1004 1881 quia
1024 1812 1083 1864 in
1111 1813 1216 1866 hoc
1244 1828 1475 1882 corpore
1505 1828 1570 1865 ac
1599 1811 1869 1881 sanguine
1900 1809 2099 1863 remis-

506 1896 588 1950 sio
619 1904 705 1952 est
736 1907 1108 1969 peccatorum.
1143 1917 1270 1955 vere
1315 1901 1523 1955 Christi
1571 1917 1699 1954 caro
1744 1907 1830 1953 est
1877 1906 1934 1952 et
1977 1915 2103 1952 san-

500 1985 648 2056 guis.
699 1988 858 2042 Unde
906 1989 1001 2058 qui
1032 1989 1200 2060 digne
1245 1989 1585 2043 manducant
1625 1996 1681 2042 et
1727 1988 1938 2052 bibunt,
1975 2003 2102 2041 vere

505 2074 675 2128 vitam
707 2080 972 2131 aeternam
996 2077 1336 2132 manducent
1351 2083 1407 2132 et
1433 2077 1649 2141 bibunt.
1678 2077 1968 2146 etintegra
1991 2091 2103 2128 ma-

506 2169 603 2216 net
637 2163 766 2218 vita.
802 2165 870 2219 Et
897 2174 1030 2220 tunc
1075 2167 1184 2220 erit
1216 2167 1514 2238 unicuique
1562 2183 1762 2237 corpus
1810 2165 2017 2220 Christi
2049 2172 2105 2219 et

505 2250 753 2318 sanguis,
806 2253 936 2310 vita.
981 2254 1028 2306 si
1060 2254 1204 2324 quod
1256 2255 1312 2308 in
1361 2261 1711 2308 sacramento
1750 2254 2010 2317 sumitur,
2046 2254 2102 2308 in

504 2335 625 2406 ipsa
657 2339 887 2394 veritate
915 2341 1086 2411 (sicut
1113 2343 1414 2414 aliquando
1461 2343 1666 2397 dixisse
1716 2360 1805 2397 me
1853 2343 2098 2409 memini)

505 2424 834 2495 spiritaliter
855 2429 1238 2493 manducetur.
1265 2437 1317 2485 et
1344 2431 1668 2502 spiritaliter
1685 2431 1906 2486 bibatur
1959 2431 2103 2495 Quia

504 2513 649 2568 sicut
677 2515 810 2570 dicit
858 2520 1174 2590 Apostolus,
1223 2537 1351 2574 caro
1403 2521 1542 2574 nihil
1595 2521 1840 2592 prodest,
1893 2526 2101 2592 quanto

506 2603 684 2675 magis
716 2605 874 2676 panis
910 2608 1030 2661 sine
1055 2609 1276 2678 spiritu.
1309 2609 1402 2680 qui
1433 2610 1700 2670 cernitur.
1733 2609 1828 2664 sed
1857 2608 2102 2678 Spiritus

502 2697 575 2746 est
620 2695 719 2762 qui
759 2697 995 2762 viviﬁcat
1033 2698 1106 2767 (ll
1146 2698 1266 2752 Cor.
1322 2713 1405 2763 III,
1439 2698 1517 2768 6).
1568 2700 1697 2754 Haec
1727 2698 1930 2752 idcirco
1973 2714 2101 2768 pro-

501 2778 665 2834 lixius
703 2781 958 2847 dixerim,
991 2790 1047 2837 et
1076 2785 1409 2856 expressius.
1443 2787 1575 2857 quia
1616 2787 1800 2840 audivi
1829 2786 2098 2856 quosdam

502 2885 592 2924 me
622 2873 1030 2942 reprehendere
1079 2874 1237 2943 quasi
1281 2891 1383 2944 ego
1430 2875 1486 2928 in
1526 2891 1591 2928 eo
1633 2874 1774 2928 libro
1822 2891 1984 2944 quem
2033 2875 2100 2928 de

2192 476 2367 530 bietas
2425 473 2728 528 auferenda
2795 481 2896 540 est,
2956 481 3014 531 et
3084 481 3351 534 cunctatio
3404 486 3693 542 removenda.

2204 570 2445 630 I095
2483 563 2626 628 Quia
2665 563 2896 618 scientia
2932 581 3126 620 earum
3155 566 3211 621 in
3249 567 3352 622 fide
3381 576 3488 637 est;
3515 572 3632 626 ratio
3655 574 3698 629 in

2191 655 2433 720 virtute;
2466 654 2693 706 effectus
2722 652 2777 706 in
2819 653 2986 708 rebus
3030 661 3132 720 est,
3162 673 3225 710 ex
3261 665 3538 729 potestate;
3572 677 3701 718 causa

2188 744 2243 797 in
2283 744 2583 798 voluntate.
2613 742 2699 796 Ita
2737 747 2800 795 ut
2844 743 2983 796 nihil
3030 743 3231 799 habeat
3265 745 3422 800 homo
3465 748 3576 820 quid
3600 766 3700 806 con-

2188 839 2454 904 queratur
2495 831 2564 885 de
2617 831 2853 902 singulis
2904 850 3027 904 quae
3083 835 3229 890 Deus
3273 836 3403 890 dixit
3435 845 3487 892 et
3521 839 3700 894 voluit:

2188 922 2460 988 Quoniam
2488 923 2595 989 ipse
2623 921 2764 972 dixit
2797 926 2844 972 et
2873 923 3024 988 facta
3064 929 3212 988 sunt,
3261 927 3365 993 ipse
3393 928 3634 980 mandarit
3670 936 3704 981 et

2186 1014 2368 1063 creata
2398 1016 2528 1061 sunt
2572 1011 2730 1078 (Psal.
2766 1023 2993 1072 CXLVIII,
3039 1010 3113 1078 5).
3153 1018 3216 1066 ut
3244 1011 3428 1066 voluit.
3473 1013 3705 1069 Simillima

2188 1099 2411 1170 quidem
2458 1105 2590 1154 sunt
2619 1106 2674 1154 et
2711 1099 2896 1153 divina
2926 1100 2982 1153 in
3024 1101 3342 1172 hujusmodi
3381 1101 3531 1156 rebus
3566 1119 3705 1156 sacra-

2187 1195 2397 1250 menta.
2429 1206 2551 1260 qua:
2580 1189 2759 1242 salute
2783 1189 3015 1243 humani
3033 1191 3255 1260 generis
3283 1199 3527 1260 aguntur,
3550 1197 3596 1243 et
3611 1206 3708 1260 quo-

2186 1277 2320 1330 tidie
2361 1277 2592 1348 mystice
2631 1277 2689 1330 in
2733 1277 2836 1330 hoc
2866 1277 3130 1348 mysterio
3163 1284 3226 1331 ut
3254 1277 3453 1332 tradita
3479 1285 3592 1332 sunt
3609 1294 3708 1348 apo-

2186 1366 2343 1420 stolis
2370 1365 2740 1420 celebrantur.
2777 1366 2843 1418 Et
2881 1365 3004 1418 ideo
3032 1365 3089 1419 in
3119 1366 3398 1420 caenaculo
3439 1368 3531 1420 hoc
3555 1367 3709 1436 pascha

2187 1455 2392 1525 agitur,
2428 1455 2558 1526 quia
2603 1454 2709 1508 nisi
2741 1455 2835 1526 qui
2864 1455 3238 1520 ascenderint,
3265 1456 3371 1509 ista
3394 1471 3496 1508 non
3517 1454 3707 1526 capiunt,

2188 1550 2250 1597 ut
2273 1543 2468 1597 bibant
2493 1550 2549 1597 et
2575 1543 2874 1597 comedunt
2908 1544 3055 1614 quod
3085 1544 3324 1598 effusum
3354 1549 3452 1605 est,
3483 1547 3535 1596 in
3568 1546 3712 1596 remis-

2187 1635 2393 1685 sionem
2416 1638 2779 1696 peccatorum,
2802 1640 2857 1686 et
2876 1638 3066 1686 tamen
3097 1633 3380 1702 integrum
3408 1640 3589 1686 manet.
3607 1631 3713 1685 Hinc

2942 1724 3127 1786 Bibite,
3169 1721 3374 1792 inquit,
3406 1722 3526 1792 quia
3563 1722 3634 1773 hic
3659 1724 3711 1772 est

2181 1813 2408 1876 sanguis
2433 1827 2599 1872 meus.
2633 1813 2732 1878 qui
2748 1827 2847 1878 pro
2877 1812 3068 1863 multis
3089 1811 3402 1878 e/I‘undetur
3417 1813 3475 1863 in
3495 1811 3712 1862 remissio-

2186 1914 2308 1951 nem.
2331 1904 2674 1967 peccatorum
2707 1898 2956 1952 omnium
3013 1899 3172 1962 Quod
3209 1899 3257 1952 si
3286 1899 3485 1953 effusus
3517 1903 3589 1952 est
3609 1899 3711 1967 jam,

2185 1986 2462 2056 quomodo
2496 2003 2642 2040 nunc
2672 2004 2866 2040 rursus
2903 1987 3254 2040 effunditur?
3298 1988 3360 2041 Et
3397 1986 3441 2039 si
3481 2002 3592 2040 caro
3621 2001 3713 2038 cnn-

2185 2080 2409 2146 sumpta
2421 2075 2812 2146 est,quomodo
2825 2074 3006 2128 adhuc
3021 2075 3442 2144 manetintegra
3453 2080 3500 2128 et
3515 2073 3716 2127 voratur?

2188 2163 2325 2216 Ecce
2352 2163 2498 2233 quod
2530 2162 2738 2216 bibitur
2765 2162 3015 2234 quotidie
3061 2170 3118 2216 et
3155 2163 3493 2230 effunditur,
3537 2167 3586 2215 et
3609 2160 3715 2234 quod

2185 2251 2357 2306 semel
2387 2252 2737 2305 immolatum
2765 2259 2867 2315 est,
2901 2252 3082 2306 adhuc
3107 2251 3591 2306 hodieimmolatur
3609 2270 3618 2314 ;
3638 2265 3716 2303 non

2186 2357 2318 2412 ergo
2349 2341 2691 2405 immolatur,
2729 2340 2835 2394 nisi
2866 2341 3014 2412 quod
3053 2341 3240 2395 vivum
3271 2348 3356 2396 est
3416 2339 3607 2394 Bibitur
3629 2337 3718 2410 qui-

2184 2431 2310 2484 dem
2345 2430 2400 2483 in
2453 2429 2839 2483 remissionem
2876 2437 3256 2501 peccatorum.
3289 2437 3346 2485 et
3373 2428 3652 2484 effunditur.
3678 2426 3718 2479 Si

2184 2525 2372 2573 autem
2404 2518 2605 2589 quaeris
2639 2518 2917 2588 quomodo
2947 2519 3276 2583 effunditur,
3299 2525 3365 2574 ut
3387 2522 3590 2572 maneat
3612 2513 3719 2584 quod

2185 2608 2423 2661 effusum
2451 2607 2581 2661 est?
2606 2607 2862 2677 Intelligo
2893 2608 3172 2679 quomodo
3193 2609 3444 2664 Charitas
3468 2608 3555 2661 [lci
3569 2606 3721 2670 diﬂusa

2185 2704 2259 2751 cst
2283 2701 2343 2750 in
2373 2698 2626 2750 cordibus
2663 2698 2864 2749 nostris
2903 2697 3070 2764 (Rom.
3116 2713 3166 2761 v,
3220 2694 3299 2763 5),
3350 2700 3407 2750 et
3431 2699 3634 2748 manet:
3666 2691 3721 2744 sic

2184 2785 2324 2839 forte
2365 2784 2572 2856 poteris
2619 2801 2972 2854 cognoscere,
3006 2783 3154 2855 quod
3205 2783 3480 2838 ineffabile
3507 2786 3582 2836 est
3605 2776 3720 2851 quid-

2185 2874 2316 2946 quid
2367 2873 2608 2944 Spiritus
2657 2878 2882 2926 sanctus
2909 2879 3194 2943 operatur.
3240 2873 3310 2927 Et
3339 2872 3383 2926 si
3412 2872 3627 2926 Charitas
3651 2866 3720 2920 Dei

502 2958 879 3012 Sacramentis
900 2960 1183 3015 edideram
1206 2963 1658 3033 Christi,aliquid
1679 2963 1764 3015 his
1793 2962 1955 3016 dictis
1975 2963 2160 3033 plusC
2183 2963 2384 3016 diffusa
2413 2970 2498 3016 est
2537 2963 2591 3015 in
2624 2979 2681 3014 se
2720 2968 2971 3024 manens,
3005 2978 3134 3014 vere
3160 2962 3392 3032 sanguis
3420 2960 3546 3015 Novi
3579 2959 3722 3013 Testa-

499 3045 746 3101 tribuere
776 3048 1063 3111 voluerim,
1112 3066 1281 3119 quam
1309 3051 1432 3121 ipsa
1473 3051 1813 3121 repromittit
1856 3051 2093 3117 Veritas,

500 3133 765 3189 timentes
803 3135 966 3198 forte,
1017 3137 1164 3207 quod
1207 3138 1308 3208 ipsi
1362 3146 1496 3193 tunc
1537 3140 1846 3194 timuerunt
1895 3139 2096 3211 quibus

500 3221 850 3293 loquebatur,
877 3231 1061 3294 partes
1090 3226 1270 3280 facere
1308 3228 1598 3291 voluerim,
1629 3238 1684 3282 et
1709 3230 1830 3299 ejus
1861 3245 1959 3300 per
1977 3229 2094 3282 sin-

497 3311 661 3380 gulos
709 3312 958 3367 membra
1001 3314 1247 3369 dividere
1275 3316 1515 3381 concisa,
1555 3317 1639 3370 vel
1686 3318 1996 3388 dispertita,
2027 3321 2097 3371 si-

501 3399 615 3453 cuti
643 3399 724 3453 illi
759 3407 892 3454 tunc
919 3409 1188 3473 putarunt
1216 3405 1310 3474 qui
1341 3405 1698 3459 scandalizati
1727 3407 2006 3470 dicuntur,
2041 3411 2098 3460 et

499 3486 758 3544 abierunt
786 3497 1114 3546 retrorsum.
1157 3493 1369 3556 Quibus
1417 3495 1671 3548 Salvator
1700 3495 1783 3549 ait
1815 3515 1826 3548 :
1876 3497 1980 3549 Hoc
2009 3511 2096 3548 vos

498 3579 840 3632 scandalizat
861 3586 884 3632 ?
901 3580 964 3636 Si
984 3583 1233 3635 videritis
1257 3586 1440 3650 ﬁlium
1463 3585 1702 3636 hominis
1721 3586 2093 3637 ascendentem

501 3668 598 3720 ubi
627 3673 746 3720 erat
773 3672 933 3736 prius
966 3672 1140 3735 (.loan.
1176 3687 1248 3736 v1,
1283 3668 1370 3736 6'2.
1401 3669 1511 3736 63).
1545 3673 1623 3725 Ac
1649 3671 1695 3725 si
1725 3672 1936 3726 diceret
1974 3690 1985 3724 :
2037 3672 2094 3726 Si

495 3755 600 3812 hoc
625 3755 936 3828 intelligere
957 3759 1210 3830 possetis.
1229 3761 1444 3815 sciretis
1472 3761 1684 3832 utique,
1706 3763 1851 3832 quod
1886 3762 1980 3832 qui
2014 3761 2094 3815 in-

499 3850 656 3915 teger
675 3847 978 3901 ascendere
996 3854 1177 3917 potest
1192 3849 1284 3902 ubi
1305 3855 1427 3903 erat
1458 3849 1634 3919 prius,
1660 3866 1805 3902 unus
1831 3849 2094 3921 idemque

499 3933 772 3999 Christus,
802 3936 1057 3989 consumi
1083 3953 1193 3990 non
1225 3943 1408 4008 potest
1432 3954 1530 4007 per
1559 3944 1765 4008 partes.
1794 3953 1895 3990 nec
1925 3937 2094 3990 dividi

497 4021 777 4076 dentibus.
813 4023 930 4077 Hoc
969 4025 1174 4095 quippe
1215 4025 1398 4079 videre
1432 4026 1669 4078 multum
1725 4030 1828 4080 est.
1875 4025 2006 4095 quia
2039 4026 2095 4079 in

497 4110 696 4180 spiritu
737 4117 854 4177 est;
902 4113 1005 4166 hoc
1043 4129 1374 4182 cognoscere
1423 4114 1506 4167 vel
1537 4115 1783 4171 credere.
1817 4114 2094 4184 quomodo

498 4214 644 4252 unus
679 4199 934 4253 Christus
981 4203 1294 4256 ascenderit
1337 4203 1482 4256 filius
1533 4203 1798 4259 hominis.
1852 4206 1946 4256 ubi
1977 4209 2094 4257 erat

497 4287 656 4352 prius
688 4303 700 4346 ;
736 4285 861 4354 quis
891 4286 993 4340 hoc
1023 4305 1189 4343 sensu
1219 4289 1495 4358 explicat?
1539 4291 1607 4343 Et
1631 4291 1777 4360 quod
1808 4291 2096 4346 descendit

2182 3052 2473 3106 mentiDei
2501 3050 2832 3106 diffunditur
2855 3051 3159 3105 admodum
3188 3051 3249 3105 in
3274 3049 3524 3105 cordibus
3546 3043 3720 3104 nostris,

2181 3141 2239 3195 in
2262 3141 2641 3194 remissionem
2666 3147 3048 3211 peccatorum;
3073 3157 3183 3212 quo
3201 3141 3398 3201 effuso,
3421 3137 3722 3193 remittuntur

2178 3230 2237 3286 in
2266 3247 2330 3284 eo
2358 3235 2586 3306 peccata
2615 3236 2824 3283 nostra.
2859 3229 3137 3292 Quoniam
3180 3230 3306 3299 ipse
3335 3227 3564 3301 pontifex
3601 3222 3723 3279 Chri-

2179 3324 2298 3373 stus
2345 3325 2431 3372 est
2461 3319 2555 3388 qui
2587 3317 2824 3388 porrigit
2853 3317 3012 3371 nobis
3046 3321 3191 3372 hunc
3221 3334 3443 3390 panem.
3502 3325 3724 3382 suumque

2179 3424 2401 3478 corpus.
2422 3413 2477 3460 et
2506 3406 2742 3460 effundit
2771 3406 2918 3459 hunc
2946 3406 3174 3460 calicem
3195 3425 3208 3468 ;
3232 3423 3343 3460 non
3376 3403 3516 3460 enim
3538 3397 3724 3455 discedit

2179 3496 2248 3550 ab
2265 3496 2444 3550 officio
2465 3512 2594 3551 suo.
2630 3495 2696 3549 Et
2727 3494 2774 3548 si
2797 3501 2986 3548 manet
3005 3495 3062 3548 in
3088 3494 3273 3555 nobis.
3300 3493 3434 3548 bibit
3455 3508 3570 3546 eum
3594 3487 3724 3543 etiam

2179 3585 2298 3656 ipse
2327 3585 2614 3638 nobiscum
2647 3600 2849 3638 novum
2879 3601 2893 3651 ;
2925 3590 2983 3638 et
3005 3584 3155 3654 quod
3189 3590 3278 3638 est
3308 3583 3366 3638 in
3406 3588 3518 3637 toto
3544 3591 3725 3648 corpore

2178 3691 2300 3737 suo.
2335 3681 2392 3728 et
2428 3674 2484 3727 in
2517 3672 2778 3727 omnibus
2810 3672 2984 3734 nobis.
3020 3673 3152 3743 quia
3193 3671 3315 3727 sine
3359 3688 3424 3725 eo
3460 3670 3623 3742 ipsum
3663 3678 3725 3716 su-

2178 3781 2330 3819 mere
2376 3780 2486 3818 non
2535 3780 2852 3834 possumus.
2893 3779 3074 3833 neque
3104 3763 3173 3816 de
3223 3778 3369 3833 pane
3413 3761 3504 3815 illo
3543 3754 3723 3811 mandu-

2179 3869 2325 3908 care.
2349 3853 2429 3904 vel
2464 3851 2634 3905 calice
2663 3851 2849 3906 bibere
2897 3853 3012 3905 Nec
3041 3849 3262 3905 mireris
3292 3850 3478 3912 frater,
3507 3846 3590 3917 qui
3617 3843 3724 3895 forte

2178 3941 2286 3994 ista
2317 3957 2425 3994 non
2455 3941 2656 4005 credis,
2689 3940 2820 4010 quia
2842 3956 2949 3994 non
2985 3945 3175 3993 nostra
3205 3947 3341 3994 sunt
3367 3954 3484 4009 qua:
3511 3932 3720 3988 dicimus.

2179 4029 2546 4100 Omnipotens
2568 4034 2652 4082 est
2681 4029 2828 4082 enim
2857 4028 2956 4083 Dei
2987 4028 3221 4082 verbum
3252 4034 3311 4082 et
3340 4027 3521 4081 efﬁcax
3547 4021 3606 4076 ad
3639 4033 3722 4072 om-

2177 4118 2272 4172 nia
2319 4135 2441 4188 quae
2496 4119 2628 4181 vult.
2682 4117 2987 4171 secundum
3036 4116 3457 4170 multitudinem
3507 4111 3723 4165 virtutum

2177 4223 2427 4270 suarum,
2452 4221 2578 4258 cum
2609 4204 2682 4258 sit
2714 4205 2831 4275 ipse
2874 4221 3039 4267 unus,
3081 4204 3338 4258 omnium
3380 4201 3622 4256 virtutum
3648 4193 3725 4244 vir-

2176 4300 2268 4348 tus
2339 4295 2512 4362 Cujus
2547 4293 2716 4347 verba
2754 4310 2865 4347 non
2894 4293 3148 4363 alicujus,
3193 4309 3365 4364 quam
3408 4289 3562 4364 unius
3590 4280 3720 4340 verbi.

500 4369 568 4423 de
597 4369 754 4436 coelo,
795 4375 946 4437 ﬁlius
993 4374 1234 4427 hominis
1279 4379 1377 4443 qui
1408 4382 1479 4428 est
1532 4380 1592 4430 in
1632 4382 1754 4431 cailo
1801 4381 1974 4446 (Joan.
2009 4393 2089 4443 ιιι,
2111 4369 2323 4453 unod
2353 4382 2470 4452 ipse
2491 4387 2592 4445 est,
2623 4387 2755 4436 sunt
2788 4381 2970 4436 verba.
3015 4382 3083 4436 Et
3117 4381 3243 4435 ideo
3276 4381 3440 4452 plena
3478 4382 3594 4431 sunt
3619 4368 3724 4424 veri-

496 4457 608 4524 13).
641 4475 764 4530 quae
785 4460 887 4514 hoc
915 4461 1059 4514 ratio
1090 4461 1240 4532 capit
1265 4462 1288 4515 ?
1318 4463 1544 4516 Necnon
1574 4466 1818 4535 etquod,
1867 4469 2090 4522 Verbum

499 4564 626 4602 caro
670 4551 882 4615 factum
913 4555 987 4602 est
1019 4551 1203 4620 (Joan.
1238 4565 1275 4612 ι,
1328 4550 1435 4618 14),
1476 4568 1600 4622 quae
1647 4553 1748 4606 hoc
1779 4553 1945 4608 verba
1973 4557 2091 4609 elo-

497 4643 766 4706 quuntur,
803 4644 864 4690 ut
893 4639 1037 4707 quod
1069 4639 1524 4694 ineummutabile
1561 4647 1663 4705 est,
1694 4642 1898 4697 factum
1930 4645 2055 4698 dica

497 4731 609 4778 tur.
633 4723 752 4790 Vel,
789 4743 898 4796 quo
929 4728 1113 4788 modo.
1149 4729 1244 4800 qui
1275 4731 1441 4784 homo
1467 4736 1606 4794 erat,
1650 4731 1796 4784 filius
1826 4733 2087 4798 hominis,

498 4815 556 4868 in
577 4821 786 4868 terram
813 4831 1000 4870 coram
1031 4818 1205 4872 oculis
1232 4836 1426 4874 eorum
1457 4820 1689 4890 positus.
1713 4821 1768 4874 in
1789 4822 1942 4875 caelis
1971 4838 2092 4875 esse

497 4903 749 4957 dicatur?
782 4903 1070 4967 Quomodo
1097 4924 1229 4978 ergo
1259 4909 1327 4962 de
1373 4909 1524 4962 cmlis
1560 4909 1729 4972 venit,
1765 4910 1914 4963 unde
1945 4926 2090 4963 nun-

499 5008 668 5063 quam
707 4991 926 5046 abfuit?
969 4996 1236 5050 Ascendit
1276 4997 1634 5062 descendens,
1687 4998 1819 5068 quia
1851 4999 1907 5052 in
1939 4999 2090 5053 nullo

495 5081 792 5137 resolvitur
833 5083 1103 5138 Christus.
1161 5086 1258 5139 Est
1296 5087 1389 5158 qui
1421 5097 1560 5147 erat,
1593 5095 1649 5141 et
1673 5088 1817 5158 quod
1864 5095 1946 5143 est
1978 5105 2090 5142 non

499 5177 639 5224 erat.
667 5171 729 5225 In
756 5171 1014 5225 omnibus
1039 5189 1170 5243 ergo
1196 5173 1319 5227 istis
1370 5183 1426 5228 et
1446 5176 1503 5228 in
1525 5175 1648 5229 aliis
1665 5177 2093 5247 quamplurimis

497 5259 631 5314 locis
673 5260 888 5314 excedit
914 5261 1188 5314 humanas
1218 5272 1431 5316 mentes
1458 5264 1644 5317 divina
1673 5272 1920 5335 potestas
1945 5285 1956 5332 ;
1991 5283 2093 5319 nec

497 5347 747 5417 subjacet
777 5349 1036 5403 humanis
1064 5349 1317 5404 sensibus
1347 5351 1491 5404 ratio
1519 5352 1757 5406 ccelestis
1799 5362 1856 5407 et
1882 5355 2088 5408 divina.

499 5434 644 5498 Quia
657 5442 861 5491 natura
887 5436 1116 5492 inferior
1133 5455 1360 5494 causam
1386 5446 1442 5494 et
1464 5441 1732 5495 rationem
1762 5452 1974 5497 naturae
2001 5461 2094 5515 po-

500 5523 664 5582 tioris
689 5530 747 5596 et
773 5524 1059 5584 immensae
1109 5543 1222 5586 non
1249 5528 1398 5604 capit
1427 5545 1528 5600 nec
1555 5529 1839 5603 intelligit.
1871 5533 1940 5602 Et
1965 5532 2091 5589 ideo

2175 4477 2306 4533 tate.
2345 4470 2474 4541 quia
2497 4469 2744 4539 Spiritus
2773 4477 2820 4524 et
2842 4474 2956 4524 rita
2986 4476 3116 4525 sunt
3162 4473 3350 4533 (Joan.
3385 4482 3496 4533 ιλιι,
3523 4463 3618 4530 63).
3646 4471 3722 4512 nec

2175 4558 2383 4613 habent
2411 4559 2565 4613 aliud
2594 4559 2651 4613 in
2683 4577 2743 4613 se
2773 4565 2974 4631 praeter
3005 4558 3152 4630 quod
3199 4558 3321 4630 ipsa
3360 4573 3459 4629 per
3499 4570 3552 4607 se
3587 4545 3720 4622 proﬁ—

2175 4654 2328 4702 tetur
2347 4648 2586 4713 Veritas.
2616 4653 2870 4718 Accipite,
2899 4647 3101 4718 inquit,
3129 4648 3225 4701 hoc
3254 4652 3329 4700 est
3359 4659 3541 4714 corpus
3560 4651 3718 4692 mcum-

2176 4737 2242 4790 Et
2270 4737 2338 4791 de
2368 4737 2538 4791 calice
2573 4755 2583 4788 :
2619 4739 2718 4790 Hic
2747 4743 2820 4790 est
2849 4736 2998 4791 enim
3028 4738 3258 4803 sanguis
3286 4751 3462 4789 meus.
3501 4727 3719 4785 Poterant

2175 4825 2321 4880 enim
2363 4832 2398 4891 ι
2415 4830 2612 4891 093
2639 4825 2894 4896 apostoli,
2924 4832 3059 4879 tunc
3085 4827 3132 4878 si
3155 4840 3267 4878 non
3298 4823 3574 4878 crederent
3591 4811 3719 4868 verba

2174 4914 2299 4968 vita:
2327 4924 2382 4968 et
2411 4914 2678 4979 veritatis,
2716 4914 3073 4986 respondere,
3096 4913 3182 4967 vel
3213 4927 3461 4984 quaerere
3488 4900 3717 4979 quomodo

2173 5002 2332 5072 panis
2363 5002 2456 5056 ille
2486 5009 2538 5056 et
2562 5003 2701 5056 calix
2725 5001 2833 5056 vini
2863 5018 3062 5072 corpus
3084 5008 3139 5056 et
3154 5000 3380 5072 sanguis
3406 4999 3578 5054 essent
3595 4987 3716 5046 Chri-

2173 5090 2261 5154 sti,
2285 5108 2410 5144 cum
2439 5091 2556 5162 ipse
2586 5090 2804 5162 integer
2832 5091 3088 5145 Christus
3117 5090 3173 5144 in
3202 5105 3431 5161 corpore
3454 5101 3546 5140 suo
3565 5091 3715 5135 coram

2174 5179 2348 5232 oculis
2367 5195 2562 5232 eorum
2583 5186 2720 5232 erat.
2757 5179 2864 5234 Sed
2894 5179 3028 5250 quia
3057 5178 3413 5232 crediderunt
3439 5171 3569 5246 quod
3593 5167 3714 5221 dixe-

2175 5273 2264 5321 rat
2309 5267 2530 5321 silentio
2575 5268 2935 5327 confitentur.
2977 5273 3033 5320 et
3060 5267 3338 5338 accipiunt
3375 5263 3442 5318 ab
3488 5261 3594 5332 ipso
3620 5268 3713 5326 qu“?

2175 5355 2335 5410 nobis
2363 5363 2556 5427 postea
2601 5356 2976 5411 tradiderunt.
3013 5355 3385 5411 Tradiderunt
3423 5355 3592 5405 autem
3626 5355 3712 5436 ιιοιξ

2174 5445 2361 5509 aliam,
2394 5463 2560 5518 quam
2594 5445 2773 5518 ipsam
2802 5446 3168 5517 eamdemque
3187 5459 3416 5507 caenam,
3445 5449 3597 5511 quam
3629 5430 3710 5500 iPSi

2173 5539 2308 5588 tunc
2347 5533 2827 5602 manducaverunt
2857 5540 2914 5588 et
2942 5531 3221 5592 biberunt.
3271 5529 3426 5588 Unde
3461 5523 3572 5581 Volo
3607 5530 3711 5594 per-
