3872 6158
112 253 225 313 893

812 253 1193 313 EXPOSITIO
1232 256 1311 313 IN
1348 256 1794 315 MA'I'I‘HEUM.
1836 287 1901 304 -
1941 259 2079 317 LIB.
2117 259 2242 325 XII,
2285 257 2443 315 CAP.
2483 259 2680 316 XXVI.

3288 264 3398 325 894

114 379 329 453 pendat
355 377 538 434 ﬁdelis
566 378 951 452 animus,quid
985 379 1209 435 intersit
1231 380 1379 435 inter
1407 380 1545 436 illud
1576 382 1783 454 typi-A
1802 388 1867 438 ut
1893 400 2057 440 verus
2077 384 2309 454 sanguis
2324 384 2605 448 credatur,
2632 385 2740 452 Qui
2769 387 2971 454 e/fusus
2990 392 3064 441 est
3085 402 3186 456 pro
3205 389 3398 442 multis

116 485 250 523 cum
276 467 500 539 pascha,
535 484 647 538 quo
700 484 879 539 agnus
932 467 1257 523 immolatus
1302 474 1388 524 est
1434 469 1493 524 in
1522 468 1719 525 eadem

117 573 278 611 ccena
307 562 365 610 et
393 562 693 620 comestus,
729 573 945 611 necnon
975 562 1032 612 et
1060 556 1209 611 inter
1237 557 1407 622 istud,
1458 560 1605 629 quod
1638 576 1721 614 se-

119 645 366 700 cundum
398 645 652 699 ordinem
681 645 1087 701 Melchisedech
1116 646 1173 700 in
1195 663 1339 717 pane
1364 652 1423 701 et
1451 648 1579 701 vino
1594 664 1722 703 con-

121 735 281 789 tinuo
311 733 644 789 celebratur.
678 734 759 790 De
782 751 891 806 quo
920 750 1056 790 sane
1094 735 1309 790 Pascha
1356 735 1498 790 dixit
1524 736 1720 791 eadem

119 824 258 878 hora
292 822 553 877 omnibus
576 822 693 877 suis
725 841 736 875 :
764 825 1037 879 Desiderio
1062 825 1369 880 desideravi
1399 825 1497 880 hoc
1512 828 1724 894 pascha

124 913 469 966 manducare
489 914 765 966 vobiscum
779 917 1078 981 antequam
1094 916 1287 982 patiar
1303 914 1445 979 (Luc.
1466 929 1591 978 xxn,
1618 911 1719 984 I5).

120 1001 283 1065 Quod
314 1000 363 1056 si
391 1001 470 1055 nil
516 1000 756 1072 amplius
784 1000 955 1055 habet
985 1001 1089 1056 hoc
1132 1001 1486 1073 mysterium,
1522 1008 1727 1074 praeter

120 1090 363 1160 ﬁguram
393 1090 643 1162 corporis
670 1096 727 1145 et
752 1089 1043 1161 sanguinis
1083 1090 1315 1157 Christi,
1348 1097 1406 1145 et
1460 1107 1571 1146 non
1621 1092 1727 1147 hoc

122 1185 207 1232 est
230 1178 383 1250 quod
402 1178 524 1249 ipse
553 1177 710 1241 dixit,
742 1177 875 1249 quid
932 1194 1156 1234 necesse
1203 1177 1397 1234 habuit
1427 1180 1637 1235 iterare
1666 1180 1725 1234 in

122 1266 290 1332 facto,
341 1267 475 1337 quia
517 1268 635 1337 jam
695 1266 799 1321 hoc
844 1272 1026 1322 totum
1071 1268 1489 1340 praefiguratum
1519 1269 1722 1324 eratin

122 1372 269 1426 agno
296 1354 323 1409 ?
350 1356 512 1410 Unde
539 1362 596 1410 et
623 1356 802 1410 Lucas
831 1356 971 1411 duos
1005 1356 1203 1411 calices
1232 1357 1393 1412 datos
1423 1374 1545 1413 esse
1565 1358 1727 1413 disci-

120 1444 351 1516 pulisin
379 1445 577 1500 eadem
632 1460 809 1511 caena,
849 1451 1291 1512 commemorat;
1340 1462 1517 1501 unum
1570 1447 1726 1518 prius

120 1538 246 1605 post
266 1532 404 1607 agni
432 1532 849 1596 comestionem,
875 1538 1178 1606 antequam
1200 1550 1401 1605 panem
1429 1535 1721 1607 acciperet,

121 1622 297 1675 alium
338 1637 469 1676 vero
512 1628 811 1693 postquam
849 1620 1133 1677 benedixit
1171 1622 1357 1693 ipsum
1396 1640 1620 1694 panem,
1659 1641 1726 1679 ac

120 1710 291 1781 fregit
317 1716 375 1764 et
399 1710 557 1765 dedit
584 1710 872 1782 discipulis
901 1708 1045 1769 suis.

189 1799 501 1866 Similiter,
543 1798 748 1869 inquit,
788 1802 1077 1868 postquam
1105 1801 1336 1854 coenavit
1363 1801 1545 1854 dicens
1582 1818 1593 1854 :
1627 1803 1727 1857 Hic

122 1890 268 1943 calix
289 1903 497 1941 novum
524 1892 907 1941 testamentum
934 1892 1011 1940 est
1058 1889 1121 1941 in
1164 1891 1437 1956 sanguine
1466 1906 1601 1961 meo,
1629 1892 1728 1959 qui

123 1991 225 2045 pro
258 1976 412 2029 vobis
431 1976 723 2042 fundetur.
746 1973 851 2030 Ubi
882 1974 1050 2028 datur
1083 1975 1341 2047 intelligi,
1375 1976 1509 2045 quia
1549 1994 1727 2048 agnus

121 2063 211 2118 ille
237 2063 465 2133 legalis,
490 2079 614 2118 cum
645 2079 747 2117 suo
772 2062 943 2117 calice
971 2062 1029 2116 in
1075 2064 1257 2133 ﬁgura
1285 2066 1568 2135 praecessit
1599 2082 1728 2137 pas-

121 2152 296 2207 sionis
328 2150 557 2206 Christi.
601 2150 812 2205 Deinde
844 2168 1045 2223 corpus
1077 2158 1136 2206 et
1161 2152 1391 2222 sanguis
1446 2153 1503 2208 in
1532 2154 1723 2220 calice,

122 2241 189 2295 ad
207 2240 586 2311 expletionem
607 2239 815 2294 factum
848 2246 935 2295 est
953 2240 1223 2304 veritatis,
1258 2247 1321 2296 ut
1342 2242 1489 2311 quod
1506 2242 1565 2297 in
1584 2243 1723 2297 Mel-

122 2328 439 2392 chisedech,
462 2333 844 2399 praecesserat.
881 2333 1064 2382 totum
1089 2329 1468 2400 compleretur
1488 2330 1545 2384 in
1567 2330 1725 2386 Chri-

120 2422 222 2473 sto.
264 2416 419 2472 Nam
452 2415 602 2486 quod
667 2415 809 2470 calix
873 2415 1189 2487 passionem
1244 2416 1453 2471 Christi
1490 2417 1724 2472 demon-

122 2510 279 2571 stret,
327 2521 493 2561 nemo
532 2503 629 2576 qui
692 2504 798 2558 hoc
836 2504 1199 2575 Evangelium
1237 2505 1392 2576 legit,
1436 2505 1674 2577 ambigit
1708 2525 1722 2573 ;

118 2594 243 2659 ideo
282 2593 510 2665 aliquos
543 2598 752 2657 monet,
794 2598 1061 2648 utrumne
1116 2593 1257 2648 duos
1312 2594 1512 2649 calices
1551 2595 1728 2649 Lucas

127 2681 362 2737 voluerit
421 2680 738 2752 signiﬁcare
789 2682 978 2736 Jesum
1036 2681 1337 2752 accepisse,
1411 2698 1483 2736 an
1552 2698 1727 2737 unum

1803 475 1865 526 in
1895 476 2269 527 remissionem
2298 478 2665 541 peccatorum.
2690 473 2799 527 Pro
2822 473 3018 528 multis
3037 473 3281 545 quidem,
3299 475 3399 530 sed

1802 577 1912 616 non
1943 578 2044 633 pro
2074 561 2350 625 omnibus,
2386 560 2515 631 quia
2544 578 2655 615 non
2686 577 2880 616 omnes
2918 560 3189 616 obediunt
3217 560 3398 617 Evan-

1800 650 1967 721 gelio,
2002 666 2181 722 neque
2202 650 2439 704 credunt
2462 650 2518 703 in
2540 666 2667 704 eum
2683 694 2696 707 .
2732 650 3139 705 Verumtamen
3153 667 3186 704 a
3207 650 3400 705 multis

1804 738 2092 809 quaeritur,
2135 738 2230 810 qui
2260 755 2371 792 non
2402 738 2713 811 simplicem
2744 745 3059 811 sequuntur
3079 739 3399 811 intelligen-

1804 826 1964 889 tiam,
1991 844 2026 882 a
2050 844 2160 899 quo
2189 827 2350 882 Jesus
2379 827 2654 898 acceperit
2680 827 2831 882 hunc
2873 844 3096 899 panem.
3138 829 3226 883 vel
3252 829 3402 884 hunc

1806 917 2034 972 calicem
2055 916 2079 969 ?
2098 916 2240 981 Quia
2254 915 2462 970 dicitur
2474 916 2771 987 accepisse.
2794 916 2919 970 Non
2941 916 3088 971 enim
3118 918 3402 972 aestimant

1806 1006 1885 1060 sic
1901 1004 2073 1075 accipi
2096 1010 2353 1076 oportere
2371 1003 2531 1075 quasi
2550 1003 2851 1058 carnaliter
2867 1003 3105 1071 dicatur,
3122 1004 3216 1058 sed
3231 1003 3401 1081 altius

1806 1094 1945 1149 illud
1974 1109 2252 1166 exponere
2279 1098 2573 1159 conantur,
2605 1107 2670 1145 ac
2698 1092 2746 1145 si
2791 1108 2826 1146 a
2852 1092 2967 1146 Deo
2999 1093 3187 1155 Patre,
3218 1109 3251 1146 a
3291 1109 3401 1164 quo

1806 1182 1979 1237 habet
2001 1181 2209 1237 omnia.
2237 1179 2394 1245 Quod
2423 1185 2555 1235 ante
2587 1179 2805 1251 accipit,
2840 1181 3053 1251 gratias
3083 1197 3274 1252 agens,
3305 1181 3403 1245 dat

1808 1272 1908 1335 eis,
1932 1271 2029 1343 qui
2051 1270 2206 1341 digni
2231 1274 2365 1325 sunt
2392 1285 2426 1323 a
2466 1268 2581 1323 Deo
2631 1267 2881 1339 accipere
2920 1285 3121 1340 panem
3157 1269 3309 1324 hunc
3344 1274 3403 1324 et

1807 1359 2222 1417 calicem.Unde
2249 1359 2492 1413 Joannes
2533 1356 2615 1411 ait
2633 1356 2693 1411 in
2723 1372 2825 1411 suo
2870 1356 3168 1428 Evangelia
3199 1357 3402 1413 dixisse

1806 1450 2129 1506 Dominum.
2152 1464 2264 1502 non
2302 1447 2661 1515 Moysesdedit
2686 1446 2832 1499 vobis
2870 1462 3094 1514 panem,
3123 1446 3215 1500 sed
3241 1449 3402 1501 Pater

1809 1556 1959 1594 meus
1976 1540 2070 1592 dat
2103 1538 2247 1591 vobis
2262 1551 2465 1605 panem
2487 1536 2550 1589 de
2573 1537 2700 1589 coelo
2722 1550 2914 1588 verum
2943 1535 3121 1595 (Joan.
3151 1548 3229 1599 vI,
3261 1532 3353 1602 32)
3386 1553 3399 1602 ;

1808 1643 1973 1699 quem
1987 1624 2233 1697 profecto
2250 1640 2453 1696 panem
2474 1622 2752 1694 accipiens
2764 1622 3020 1677 Salvator
3036 1639 3072 1677 a
3092 1621 3276 1689 Patre,
3307 1622 3405 1679 dat

1741 1714 1787 1773 Β
1810 1716 1889 1773 eis
1918 1716 2014 1788 qui
2053 1731 2244 1770 secum
2278 1713 2493 1785 pariter
2537 1728 2753 1767 caenam
2802 1717 2978 1780 agunt
3021 1711 3209 1782 digne,
3240 1716 3304 1766 ut
3332 1712 3409 1767 sit

1809 1806 1965 1876 iuxta
1985 1803 2220 1858 Paulum
2238 1801 2574 1873 apostolum.
2592 1799 2770 1862 nobis,
2798 1800 3144 1853 Dominicam
3162 1801 3407 1854 mandu-

1808 1892 2209 1956 careccenamu
2224 1891 2345 1943 Cor.
2365 1906 2437 1951 xi,
2461 1887 2550 1948 ‘20,
2574 1886 2689 1956 26),
2714 1892 2771 1941 et
2786 1903 2897 1942 non
2916 1887 3165 1941 alterius.
3188 1888 3260 1942 Et
3281 1888 3408 1943 ideo

1808 1981 1965 2035 illum
1985 1995 2204 2050 panem,
2226 1977 2359 2049 quia
2378 1993 2411 2031 a
2438 1976 2605 2031 Patre
2649 1974 2877 2045 accepit,
2909 1975 3122 2047 gratias
3147 1976 3263 2046 egit
3288 1977 3404 2053 Deo

1809 2068 1983 2129 Patri,
2009 2084 2074 2121 ac
2099 2066 2396 2128 benedicit,
2432 2070 2496 2119 ut
2519 2064 2786 2136 pontifex,
2832 2069 2888 2118 et
2917 2063 3142 2134 frangit.
3168 2063 3311 2129 Quia
3341 2069 3406 2120 ut

1809 2155 2083 2211 Jeremias
2104 2153 2338 2227 plangit,
2357 2169 2522 2207 nemo
2544 2152 2804 2206 inventus
2824 2157 2911 2206 est
2931 2151 3087 2222 prius
3110 2151 3273 2217 alius,
3307 2152 3404 2224 qui

1805 2244 2050 2317 parvulis
2066 2243 2351 2313 frangeret
2362 2258 2561 2312 panem
2580 2240 2899 2313 petentibus
2909 2239 3033 2295 .nisi
3053 2240 3204 2295 solus
3221 2242 3250 2295 J
3254 2257 3402 2309 esus;

1807 2333 1940 2405 quia
1963 2349 1997 2386 a
2014 2333 2180 2388 Patre
2209 2330 2367 2385 illum
2399 2328 2697 2401 accipiens,
2722 2329 2819 2383 dat
2835 2328 3123 2400 discipulis
3146 2334 3203 2383 et
3232 2346 3404 2384 mem-

1805 2422 1922 2476 bris
1951 2421 2086 2484 suis,
2118 2419 2425 2475 secundum
2448 2419 2595 2491 quod
2620 2418 3006 2490 unusquisque
3051 2435 3247 2473 eorum
3268 2420 3405 2483 ,ﬁde

1807 2511 1975 2582 capit,
1998 2515 2055 2564 et
2082 2514 2267 2580 potest
2294 2508 2559 2579 accipere.
2594 2508 2755 2562 Unde
2794 2507 3026 2561 mandat
3068 2508 3355 2580 apostolus
3387 2528 3401 2577 ;

1811 2600 2259 2667 Quotiescunque,
2276 2596 2554 2667 inquiens,
2567 2612 2765 2665 panem
2792 2596 2943 2649 hunc
2967 2596 3397 2663 manducabitis,

1810 2694 1858 2743 et
1889 2690 2112 2741 calicem
2124 2686 2273 2740 hunc
2293 2687 2499 2751 bibetis,
2522 2689 2753 2738 mortem
2777 2686 3004 2739 Domini
3040 2691 3078 2753 Ι
3093 2688 3285 2755 093
3304 2701 3405 2739 an-

127 2770 523 2841 eumdemque,
565 2770 698 2842 quia
733 2770 1137 2841 anticipaverat
1173 2770 1242 2825 de
1281 2787 1347 2825 eo
1372 2770 1577 2836 dicere,
1611 2788 1731 2826 rur-
1813 2775 2525 2837 nuntiabitisdonecveniat
2548 2772 2726 2826 Ἰϐον.
2758 2785 2835 2836 x1,
2866 2770 3164 2839 26).Donec
3191 2775 3401 2839 veniat,

127 2876 216 2914 sus
251 2859 687 2931 recapitulando
723 2859 805 2913 bis
833 2875 960 2916 eum
992 2866 1433 2926 commemorat;
1488 2859 1570 2915 ita
1607 2860 1731 2932 qui-
1810 2863 2016 2937 inquit,
2040 2878 2153 2917 non
2186 2878 2336 2916 mors
2363 2877 2486 2932 quae
2510 2860 2880 2915 annuntiatur
2913 2858 2973 2914 in
3016 2860 3120 2913 hac
3148 2859 3402 2915 immola-

129 2947 247 3002 dem
293 2949 552 3003 nonnulli
590 2948 843 3004 sentiunt
878 2965 987 3003 non
1028 2948 1169 3004 duos
1205 2966 1327 3003 esse
1376 2949 1593 3004 calices.
1628 2950 1724 3004 sed
1809 2952 1979 3016 tione,
2013 2951 2109 3006 sed
2140 2950 2260 3022 ipse
2289 2955 2352 3004 ut
2378 2948 2567 3004 veniat
2598 2949 2671 3003 ad
2711 2948 3259 3019 judicium,‘quando
3283 2949 3403 3018 jam

131 3052 325 3103 unum,
367 3036 466 3108 qui
505 3042 559 3092 et
614 3044 745 3092 ante
773 3037 1206 3102 dividendus,_et
1232 3044 1427 3109 postea
1456 3037 1790 3102 bibendusC
1810 3042 1962 3097 ultra
1991 3056 2103 3095 non
2119 3044 2286 3094 erunt
2303 3037 2665 3108 haecmystica
2681 3041 3030 3092 sacramenta
3060 3035 3117 3090 in
3152 3037 3279 3103 ﬁde,
3304 3038 3404 3117 sed

128 3132 605 3181 commemoratur
630 3126 795 3181 datus
823 3142 947 3181 esse
975 3126 1281 3198 discipulis.
1315 3127 1424 3181 Sed
1480 3127 1577 3182 alii
1617 3144 1730 3183 me-

127 3214 248 3279 lius,
300 3221 370 3270 ut
434 3214 697 3286 prmmisi,
739 3214 880 3269 duos
914 3221 1201 3286 porrectos
1238 3215 1525 3271 afﬁrmant
1562 3215 1729 3271 disci-

128 3305 301 3376 pulis;
352 3310 420 3359 ut
452 3303 515 3357 in
543 3319 656 3359 uno
684 3320 899 3367 eorum,
931 3303 988 3358 id
1035 3309 1122 3359 est
1169 3304 1228 3359 in
1286 3304 1489 3376 primo.
1521 3305 1731 3376 passio-

129 3410 246 3449 nem
288 3408 457 3448 suam
495 3392 734 3447 voluerit
771 3392 1100 3464 exprimere,
1168 3392 1226 3447 in
1283 3393 1392 3447 alio
1432 3409 1561 3448 vero
1598 3393 1731 3447 ﬁde-

132 3482 263 3537 lium
302 3497 542 3537 suorum
582 3481 898 3552 passionem
944 3481 1328 3552 praeﬁgurare.
1378 3481 1597 3536 Rursus
1634 3481 1730 3535 alii

130 3570 478 3626 contendunt
505 3568 565 3623 in
593 3575 831 3641 utroque
860 3569 1032 3624 calice
1061 3570 1202 3625 illud
1242 3569 1555 3635 ostendere,
1581 3570 1731 3642 quod

129 3659 182 3714 in
207 3658 403 3715 Veteri
421 3657 780 3731 Testamento
798 3664 1137 3730 praeceptum
1169 3664 1272 3723 est,
1296 3664 1359 3713 ut
1383 3658 1479 3730 qui
1501 3659 1726 3730 pascha,

129 3748 302 3819 primo
374 3762 569 3802 mense
626 3763 836 3817 agnum
900 3746 1266 3812 comedenda,
1327 3763 1440 3802 non
1515 3754 1727 3819 ageret,

142 3841 377 3905 ιω,
423 3835 485 3890 in
522 3835 766 3891 secundo
807 3852 998 3891 mense
1037 3835 1182 3890 Medi
1222 3836 1563 3891 comestione
1600 3853 1730 3909 per-

133 3935 411 3999 ageret,ac
436 3931 737 3997 propterea
755 3925 896 3979 duos
912 3924 1112 3980 calices
1128 3924 1415 3996 discipulis
1430 3925 1729 3981 Dominum

141 4015 456 4070 tradidisse.
484 4014 554 4069 Et
581 4018 842 4068 astruunt
871 4029 996 4067 vere
1033 4012 1090 4067 in
1126 4019 1365 4085 utroque
1396 4013 1585 4080 calice,
1619 4030 1730 4085 quo

142 4094 441 4176 utrumque
505 4101 744 4173 intelligi
806 4101 1009 4156 debeat
1043 4101 1488 4169 Testamentum,
1530 4119 1595 4157 ac
1632 4119 1732 4175 per

142 4193 239 4247 hoc
257 4208 438 4248 unum
460 4207 653 4246 eorum
672 4190 954 4262 pertineat
992 4190 1063 4245 ad
1076 4207 1303 4262 agnum,
1326 4191 1477 4246 aliud
1502 4208 1632 4246 vero
1661 4192 1732 4246 ad

146 4280 475 4352 mysterium
506 4278 774 4351 corporis.
809 4278 917 4333 Sed
947 4277 1059 4332 sive
1078 4279 1202 4348 hoc,
1233 4278 1348 4333 sive
1376 4278 1533 4346 illud,
1581 4279 1731 4350 quis-

1810 3131 1933 3204 ipsa
1952 3129 2174 3195 veritas,
2207 3144 2331 3199 quae
2375 3127 2558 3181 adhuc
2594 3132 2745 3180 recte
2792 3125 2977 3196 agitur
3020 3125 3078 3180 in
3111 3126 3400 3197 mysterio,

1811 3220 1933 3275 luce
1955 3218 2161 3273 clarius
2187 3221 2551 3275 reseretur.et
2578 3215 2686 3270 erit
2712 3213 2973 3269 omnibus
2994 3214 3178 3286 palam
3201 3213 3259 3268 in
3273 3214 3407 3269 frui-

1810 3306 2135 3378 tione,quod
2166 3323 2316 3361 nunc
2333 3304 2612 3361 sumimus
2635 3303 2694 3357 in
2716 3302 3154 3374 mysterio.Hinc
3183 3320 3405 3376 quoque

1810 3396 1928 3450 suis
1958 3395 2077 3466 ipse
2097 3394 2181 3449 ait
2207 3413 2216 3446 :
2252 3395 2316 3447 Et
2347 3410 2439 3461 ego
2467 3394 2529 3446 de
2557 3394 2716 3446 Patre
2734 3396 2924 3461 palam
2953 3393 3305 3445 annuntiabo
3322 3408 3406 3447 vo-

1813 3485 1892 3537 bis
1941 3485 2102 3537 Joan.
2126 3499 2229 3545 XVI,
2258 3480 2495 3547 ‘25).Hoc
2510 3478 2717 3551 quippe
2741 3477 2911 3533 habet
2939 3478 3045 3532 hoc
3074 3480 3405 3551 mysterium

1814 3571 2012 3626 mortis
2060 3570 2287 3633 Christi,
2321 3569 2380 3623 in
2421 3568 2977 3630 commemoratione,
3030 3568 3180 3639 quod
3210 3568 3409 3623 habuit

1813 3676 1943 3714 caro
1971 3658 2180 3715 Christi
2208 3670 2265 3712 et
2291 3656 2522 3726 sanguis
2562 3656 2736 3711 semel
2766 3656 2824 3710 in
2875 3654 3153 3728 passione,
3200 3663 3264 3711 ut
3284 3657 3408 3729 ipsa

1811 3748 1886 3803 sit
1902 3764 2019 3804 una
2036 3764 2164 3802 caro
2190 3752 2247 3801 et
2273 3744 2502 3817 sanguis
2530 3744 2587 3799 in
2618 3750 2991 3807 sacramento,
3017 3761 3130 3815 qua
3148 3750 3409 3816 pascatur

1810 3839 1998 3903 homo,
2033 3835 2345 3892 membrum
2392 3833 2620 3895 Christi,
2668 3838 2725 3887 et
2773 3832 3043 3887 fundatur
3078 3831 3307 3903 sanguis
3346 3831 3405 3886 in

1812 3925 2098 3980 ablutione
2125 3923 2338 3995 peccati
2360 3922 2888 3994 impraesentiarum,
2940 3923 3059 3977 sine
3084 3937 3194 3992 quo
3217 3922 3407 3992 justus

1812 4031 1979 4071 nemo
2008 4013 2140 4068 vivit
2167 4014 2353 4068 homo.
2386 4012 2663 4073 Quoniam
2723 4010 2812 4065 hic
2860 4015 2946 4066 est
2988 4009 3216 4081 sanguis
3266 4009 3408 4064 Novi

1811 4102 2175 4168 Testamenti,
2205 4102 2266 4156 in
2311 4102 2471 4171 cujus
2518 4101 2699 4171 ﬁgura
2723 4098 2854 4171 quia
2907 4098 3222 4153 fundendus
3278 4103 3403 4181 erat

1814 4192 1947 4246 olim
1978 4192 2215 4263 Moyses,
2240 4189 2460 4245 dicebat
2483 4188 2688 4261 populo
2715 4206 2727 4241 :
2755 4190 2853 4244 llic
2880 4194 2954 4243 est
2985 4191 3215 4257 sanguis
3245 4194 3407 4243 testa-

1816 4285 2006 4337 menti.
2041 4283 2108 4337 Et
2126 4297 2238 4336 non
2266 4279 2345 4334 ait
2372 4278 2533 4345 novi;
2563 4277 2661 4333 sed
2700 4279 2843 4347 quod
2871 4278 3157 4331 mandavit
3204 4275 3275 4331 ad
3312 4293 3409 4332 vos

144 4349 243 4440 que
264 4368 497 4434 sentiat,
522 4349 711 4423 nullus
738 4376 929 4422 tamen
955 4384 1147 4422 eorum
1172 4382 1208 4419 a
1228 4384 1358 4423 vera
1382 4368 1491 4423 fide
1515 4349 1732 4423 inveni-
1749 4349 1798 4410 D
1814 4373 2103 4426 Dominus.
2138 4369 2243 4424 Hic
2271 4374 2460 4423 autem
2482 4366 2623 4422 Novi
2648 4366 2993 4422 Testamenti
3022 4371 3124 4428 est,
3146 4364 3282 4438 quia
3295 4381 3408 4421 non

145 4464 231 4511 tur
258 4465 580 4522 extraneas,
617 4462 839 4512 tantum
895 4462 959 4511 ut
1003 4455 1283 4527 intelligat
1318 4456 1376 4510 in
1424 4456 1528 4511 hoc
1563 4456 1726 4521 facto,

145 4548 283 4617 quod
304 4548 377 4601 de
400 4548 585 4617 ﬁgura
604 4550 663 4600 et
688 4543 891 4600 umbra
917 4545 1166 4599 veritatis
1184 4544 1618 4616 benignissimus
1646 4546 1733 4600 Je-

144 4652 233 4689 sus
259 4636 541 4708 accipiens
567 4650 769 4706 panem
789 4638 847 4689 et
883 4634 1114 4688 calicem
1152 4634 1223 4688 ad
1260 4650 1454 4689 verum
1484 4639 1738 4689 transeat

145 4726 357 4795 paschae
375 4730 814 4789 sacramentum,
837 4739 908 4777 ne
929 4739 1069 4794 apex
1084 4722 1211 4778 iota:
1241 4723 1671 4778 detruncaretur
1700 4740 1734 4777 a

146 4811 293 4882 lege;
318 4813 457 4876 imo,
482 4811 617 4882 quia
650 4811 792 4882 lapis
814 4811 1103 4882 angularis
1123 4817 1211 4867 est
1238 4816 1507 4883 utrasque
1536 4817 1735 4866 tenens

147 4905 200 4954 et
217 4901 533 4973 adimplens
563 4899 804 4970 leges,ac
831 4899 879 4953 si
909 4916 1072 4954 verus
1101 4899 1733 4973 Melchisedech,panem

146 4988 303 5043 offert
333 4998 389 5045 et
411 4988 784 5060 vinum,quod
802 4994 924 5043 erat
942 4998 1355 5043 sacramentum
1371 4989 1458 5044 sui
1482 4990 1737 5061 corporis

147 5078 583 5149 praeﬁguratum,
614 5093 679 5131 ac
703 5077 1013 5146 sanguinis.
1034 5077 1104 5132 Et
1138 5078 1448 5134 notandum
1475 5080 1623 5151 quod
1634 5080 1732 5147 ait,

148 5168 427 5222 Benedimit
457 5173 507 5222 et
526 5169 715 5236 fregit.
742 5168 806 5221 In
828 5183 940 5239 qua
958 5167 1228 5222 nimirum
1265 5167 1651 5223 benedictione
1670 5184 1735 5223 ac

150 5252 414 5311 fractione
441 5272 586 5312 nova
614 5262 873 5312 creatura
902 5255 1160 5323 efﬁcitur,
1198 5262 1262 5311 ut
1289 5256 1450 5328 panis
1493 5256 1553 5312 in
1581 5273 1734 5312 com-

148 5346 550 5403 memoratione
581 5344 777 5400 mortis
807 5345 1017 5401 Christi
1044 5346 1159 5401 Deo
1189 5346 1300 5402 ﬁde
1332 5346 1572 5413 oblatus,
1607 5361 1737 5400 caro

148 5434 264 5507 ejus
294 5452 423 5492 vere
479 5434 738 5503 dicatur;
789 5435 1049 5513 similiter
1084 5441 1143 5491 et
1178 5436 1407 5515 sanguis
1443 5436 1503 5492 in
1542 5435 1738 5491 eadem

145 5522 943 5599 gratiarumactioneauando
967 5524 1117 5598 patri
1132 5524 1349 5599 gratias
1368 5523 1741 5603 ,egit,creatur

1817 4459 1948 4530 agni
1978 4458 2150 4523 illius,
2182 4474 2292 4513 non
2324 4456 2502 4521 vituli,
2533 4473 2644 4512 non
2673 4460 2967 4517 taurorum
3014 4471 3195 4527 neque
3224 4454 3409 4531 hirco-

1820 4565 1965 4613 rum,
1997 4548 2094 4602 sed
2122 4546 2381 4618 proprius
2400 4544 2631 4615 sanguis
2659 4544 2889 4611 Christi,
2905 4560 3029 4599 cum
3055 4560 3165 4616 quo
3193 4542 3413 4619 introiit

1817 4637 1877 4691 in
1897 4642 2089 4691 sancta
2110 4636 2301 4697 semel,
2333 4633 2615 4689 offerendo
2639 4649 2699 4687 se
2728 4649 2829 4704 pro
2849 4632 3012 4688 nobis
3048 4633 3187 4697 Deo,
3218 4631 3315 4706 qui
3354 4636 3413 4687 et

1815 4725 2065 4798 quotidie
2088 4724 2145 4779 in
2176 4724 2281 4779 hoc
2306 4727 2659 4779 sacramento
2690 4722 2940 4789 offertur,
2973 4721 3105 4795 quia
3160 4720 3411 4793 quotidie

1816 4832 2132 4887 peccamus,
2156 4818 2220 4868 ut
2246 4812 2367 4867 sine
2387 4817 2614 4884 peccato
2639 4810 3114 4884 simus.Alioquin
3130 4804 3410 4887 quomodo

1815 4903 2000 4958 hostia
2026 4908 2274 4968 vocatur,
2298 4900 2404 4956 nisi
2441 4900 2767 4955 immoletur
2787 4898 3042 4955 Christus
3071 4899 3129 4954 in
3150 4888 3256 4955 eo?
3283 4901 3412 4961 Non

1819 4991 1969 5046 enim
1994 4989 2304 5046 immolatio
2335 4993 2486 5043 recte
2531 4986 2754 5049 dicitur,
2798 4987 2961 5057 juxta
3008 4987 3411 5060 proprietatem

1818 5080 2082 5143 nominis.
2115 5085 2215 5134 aut
2232 5077 2405 5140 verbi,
2433 5076 2542 5131 nisi
2571 5082 2629 5131 et
2665 5075 2929 5130 mactatio
2958 5073 3193 5131 victimze
3222 5092 3413 5137 conse-

1819 5174 2044 5241 quatur.
2068 5169 2331 5222 Attamen
2352 5166 2410 5221 in
2435 5181 2579 5238 pane
2610 5165 2718 5220 isto
2749 5170 2805 5220 et
2832 5164 2959 5221 vino
2985 5165 3241 5221 sacerdos
3258 5170 3409 5239 recte

1815 5256 2107 5313 immolare
2134 5253 2628 5327 dicitur.quoniam
2656 5253 2715 5308 in
2743 5269 2809 5308 eo
2839 5253 3111 5320 Christus,
3146 5260 3210 5311 ut
3226 5254 3307 5312 ita
3332 5255 3412 5314 fa-

1816 5345 2079 5408 tear,Deo
2106 5344 2262 5400 Patri
2289 5344 2347 5399 in
2379 5344 2481 5398 hac
2510 5342 2880 5409 oblatione,ac
2902 5342 2951 5398 si
2975 5343 3160 5401 hostia
3173 5361 3274 5416 pro
3284 5362 3408 5418 pec-

1818 5433 1957 5491 catis
1979 5433 2207 5499 nostris,
2239 5449 2338 5490 seu
2362 5432 2422 5489 in
2450 5431 2572 5487 cibo
2602 5432 2802 5488 salutis
2828 5436 3051 5515 nostrae,
3069 5432 3406 5515 victimatur.

1888 5522 2067 5582 Amen
2087 5523 2206 5579 dico
2237 5524 2402 5608 vobis,
2432 5520 2637 5608 inquit,
2670 5537 2782 5579 non
2812 5510 2993 5599 bibam
3012 5510 3410 5605 amodoidehlqc
