3872 6158
533 299 640 359 895

538 516 814 570 vobismim
833 528 1033 568 novum
1053 514 1114 565 in
1132 524 1298 575 regno
1310 506 1492 559 Patris
1507 505 1632 555 mei.
1676 500 1785 556 Sed
1814 506 1872 554 et
1895 500 1964 553 de
1992 514 2137 569 pane

540 603 804 659 similiter
818 601 996 655 Lucas
1023 597 1178 660 dicit,
1196 610 1307 648 non
1329 588 1848 652 manducaboillud,
1883 587 1991 641 nisi
2021 587 2133 640 im-

540 694 755 766 pletum
783 690 840 743 in
871 702 1043 757 regno
1068 683 1190 739 Dei.
1224 683 1380 745 Ecce,
1408 686 1473 734 ut
1505 678 1776 742 dixeram,
1804 677 1874 731 de
1902 674 2137 730 carnali-

538 763 647 835 iius
676 776 880 833 transit
927 774 996 828 ad
1045 770 1341 845 spiritalia.
1377 769 1590 823 Idcirco
1628 766 1955 838 spiritaliter
1991 763 2136 818 acci-

540 866 742 941 pienda
775 868 907 919 sunt
935 863 1052 916 hac
1089 860 1280 915 omnia
1326 875 1447 929 quae
1495 856 1799 911 traduntur
1841 855 1900 908 in
1948 869 2136 907 sacra-

539 960 749 1010 mento.
800 952 945 1016 Quia
998 949 1046 1003 si
1113 964 1242 1002 caro
1281 946 1421 1001 nihil
1485 944 1731 1016 prodest,
1772 942 1880 996 nisi
1925 941 2136 1013 Spiritu

536 1042 863 1106 viviﬂcetur,
888 1038 1066 1092 multo
1099 1036 1285 1090 minus
1312 1033 1473 1106 panis
1502 1033 1606 1086 iste
1648 1036 1706 1085 et
1732 1030 1944 1097 vinum,
1986 1029 2135 1099 quod

541 1129 773 1201 sanguis
797 1134 855 1183 et
891 1143 1021 1181 caro
1052 1141 1174 1180 esse
1203 1122 1469 1187 creditur,
1504 1121 1769 1192 prodesse
1792 1124 1995 1190 potest,
2026 1118 2136 1172 nisi

535 1224 721 1274 totum
747 1217 869 1271 ﬁeri
889 1216 949 1270 in
979 1213 1193 1285 Spiritu
1222 1207 1860 1280 intelligatur.Alioquin
1878 1223 1945 1261 ex
1971 1206 2058 1260 his
2077 1206 2137 1260 in

536 1307 699 1364 nobis
725 1306 876 1377 quod
906 1303 1212 1374 digeritur;
1259 1300 1344 1354 vel
1390 1298 1448 1352 in
1495 1298 1682 1370 palato
1734 1296 1846 1350 oris
1873 1295 2133 1362 sentitur,

539 1396 673 1470 quid
697 1395 959 1467 prodesse
988 1389 1237 1463 poterit?
1285 1387 1410 1443 Nisi
1466 1386 1601 1458 quia
1627 1390 1978 1440 sacramenta
2005 1389 2138 1438 sunt

539 1486 714 1541 donec
734 1485 852 1554 ipse
877 1480 1064 1535 veniat
1092 1478 1368 1544 Christus,
1394 1480 1448 1530 et
1471 1475 1653 1547 palam
1686 1491 1746 1528 se
1777 1471 2035 1527 exhibeat
2079 1476 2139 1525 ct

538 1574 766 1628 Patrem
786 1569 1046 1624 ostendat
1064 1564 1483 1622 nobis.Interim
1504 1579 1634 1617 vero
1657 1578 1815 1616 mens
1825 1562 1941 1615 Deo
1961 1560 2135 1614 deno-

1295 294 1352 349 S.
1395 288 1772 346 PASCHASII
1814 282 2176 342 RADBERTI
2214 280 2517 337 ABBATIS
2557 277 3047 337 CORBEIENSIS.

535 426 817 495 genimine
828 426 971 488 vitis,
995 436 1165 492 usque
1180 422 1243 474 in
1263 420 1405 472 diem
1431 418 1619 475 illum,
1639 429 1765 466 cum
1782 411 1928 466 illud
1950 410 2128 463 bibam
2148 409 2319 469 Anec
2343 405 2600 461 Christus
2629 404 2749 458 sine
2765 402 2918 475 ipsis.
2951 401 3058 466 Qui
3086 416 3216 470 ergo
3244 414 3370 454 suos
3394 414 3495 453 non
3519 415 3719 471 δυσημ-
3765 400 3778 421 ⁸

3636 275 3717 334 896

2217 495 2299 550 vit
2317 512 2350 549 a
2363 493 2644 549 consortio
2660 492 2818 562 regni
2844 507 3027 561 neque
3040 506 3074 543 a
3085 487 3356 544 consortio
3374 504 3476 541 suae
3487 487 3720 558 potationis

2180 640 2189 647 ,
2219 590 2276 638 et
2300 581 2629 645 dulcedinis,
2661 581 2814 635 nullo
2842 585 3005 650 pacto
3046 585 3078 643 |
3109 582 3282 641 |00
3299 576 3597 630 credendum
3616 581 3682 629 est
3699 593 3724 629 a

2217 689 2319 728 sua
2347 688 2442 726 eos
2470 675 2849 741 sequestrasse
2884 667 3180 739 praesentia
3207 663 3481 735 dignitatis
3499 669 3548 718 et
3562 664 3724 734 gloria.

2218 762 2288 816 Et
2305 760 2613 815 notandum
2644 757 2790 829 quod
2841 756 2938 823 ait,
2964 759 3027 810 in
3072 770 3237 822 regno
3285 755 3457 807 Patris
3507 755 3611 804 mei.
3634 752 3727 806 Non

2219 849 2366 904 enim
2384 847 2524 901 dixit
2539 847 2598 901 in
2608 861 2782 915 regno
2794 844 2915 898 Dei.
2935 843 3031 897 sed
3054 845 3115 895 in
3137 857 3302 908 regno
3318 842 3481 894 Patris
3500 841 3605 892 mei.
3623 838 3727 903 Quia

2218 938 2399 993 omnis
2427 942 2589 1009 pater
2612 950 2818 989 nomen
2839 938 2923 987 est
2956 931 3076 986 tilii.
3128 930 3197 985 Et
3224 945 3383 983 nemo
3403 927 3537 980 venit
3564 925 3620 980 ad
3650 927 3727 980 Pa-

2217 1033 2384 1083 trem.
2407 1025 2513 1080 nisi
2538 1041 2639 1096 per
2651 1022 2875 1084 Filium,
2899 1021 3044 1076 sicut
3058 1036 3159 1074 nec
3179 1018 3249 1072 ad
3266 1017 3477 1079 Filium,
3501 1014 3594 1069 nisi
3607 1014 3728 1068 Pater
3830 1078 3831 1087 χ

2218 1115 2514 1171 attraxerit
2542 1129 2692 1168 eum.
2727 1111 2795 1166 Et
2850 1126 2977 1165 cum
3032 1110 3201 1163 Pater
3250 1103 3528 1160 adduxerit
3549 1119 3652 1156 suos
3679 1103 3727 1156 ad
3830 1166 3831 1187 ἶ

2218 1205 2441 1269 Filium,
2473 1209 2607 1258 tunc
2637 1202 2707 1257 de
2736 1200 2864 1255 vino
2893 1197 3101 1253 laetitiae
3124 1201 3182 1251 et
3203 1191 3553 1266 jucunditatis
3589 1206 3729 1245 eorum
3830 1248 3831 1259 χ

2217 1293 2370 1348 bibet
2400 1291 2672 1347 Dominus
2710 1289 2967 1345 Christus
3012 1302 3141 1340 cum
3193 1284 3276 1338 eis
3316 1282 3374 1336 in
3423 1295 3576 1349 regno
3599 1277 3731 1332 Patris

2218 1383 2339 1449 sui;
2365 1387 2423 1436 et
2448 1379 2879 1435 inebriabuntur
2931 1392 3126 1430 omnes
3181 1373 3311 1428 vino
3360 1367 3617 1425 charitatis
3643 1365 3728 1429 Dei,

2217 1471 2362 1525 sicut
2388 1470 2444 1524 in
2468 1468 2894 1524 similitudinem
2919 1464 3230 1519 inebriatus
3254 1466 3342 1517 est
3356 1458 3543 1529 Ioseph
3559 1454 3733 1509 meridie

2217 1576 2345 1615 cum
2390 1557 2657 1613 fratribus
2685 1556 2821 1612 suis.
2853 1552 3162 1617 Attendite,
3196 1564 3403 1622 quaeso,
3440 1547 3614 1600 fratres
3639 1541 3731 1605 mei,

691 1625 829 1713 fides
848 1658 1085 1727 integra,
1110 1652 1540 1724 intelligibiliter
1565 1658 1598 1716 Ι
1617 1656 1809 1715 ους)
1824 1665 1951 1702 vere
1964 1648 2136 1702 sumit
2157 1717 2198 1727 _
2218 1647 2498 1720 quomodo
2524 1645 2714 1699 bibere
2743 1659 2841 1698 vos
2885 1644 3144 1714 oporteat
3170 1625 3655 1709 impraesentiarum,
3673 1629 3732 1684 vel

540 1749 599 1804 in
620 1749 726 1809 his,
752 1747 898 1818 quod
931 1761 1134 1799 novum
1162 1749 1413 1798 creatum
1442 1746 1545 1805 est,
1589 1739 1802 1795 scilicet
1850 1753 2052 1808 corpus
2079 1749 2138 1792 et
2157 1717 2202 1777 Β
2221 1736 2558 1791 manducare
2579 1735 2633 1788 in
2652 1748 2849 1787 mensa
2861 1731 2982 1796 Dei,
3002 1734 3062 1784 et
3092 1730 3154 1793 in
3170 1743 3344 1798 regno
3358 1723 3528 1779 Patris
3545 1718 3700 1774 Christi
3723 1736 3732 1783 ;

542 1837 894 1908 sanguinem,
925 1841 983 1887 et
1007 1834 1054 1887 si
1076 1849 1279 1904 corpus
1307 1831 1528 1901 digerat
1557 1829 1702 1900 quod
1722 1834 1879 1908 extra
1897 1828 2141 1898 est,quia

539 1927 620 1981 sic
647 1925 705 1979 in
763 1927 1113 1978 sacramento
1159 1919 1321 1974 nobis
1350 1936 1385 1973 a
1426 1917 1664 1973 Domino
1720 1905 1989 1970 traditum
2032 1921 2135 1970 est.

538 2015 781 2079 Interea,
813 2028 912 2066 seu
936 2012 1209 2081 legamus,
1238 2010 1301 2063 de
1330 2010 1427 2061 hoc
1443 2008 1723 2074 genimine
1760 2008 1907 2069 vitis,
1950 2021 2048 2058 seu
2068 2004 2137 2057 de

535 2104 642 2159 hac
666 2106 923 2157 creatura
953 2100 1097 2153 vitis.
1129 2104 1195 2152 ut
1220 2097 1316 2151 alii
1337 2094 1552 2149 codices
1576 2093 1803 2153 habent,
1814 2098 1961 2147 recte
1984 2110 2137 2163 quae-

536 2193 685 2247 ritur
705 2196 897 2245 utrum
926 2188 1050 2259 pius
1079 2185 1443 2256 Magister,ad
1466 2199 1668 2254 panem
1688 2182 1981 2235 etcalicem
2004 2197 2067 2235 ac
2087 2181 2132 2234 si

537 2280 775 2350 digitum
810 2274 1249 2331 demonstrando
1279 2271 1607 2333 extenderit,
1650 2276 1955 2340 antequam
2006 2284 2135 2322 caro

541 2372 691 2421 esset
719 2372 776 2420 et
804 2364 1131 2434 sanguis,an
1148 2362 1220 2415 ad
1247 2378 1314 2415 ea
1340 2377 1461 2432 qum
1490 2358 1646 2430 prius
1670 2357 1928 2427 legaliter
1939 2355 2132 2425 gessit,

540 2459 690 2511 certe
721 2460 786 2507 ut
814 2453 992 2525 ipsam
1024 2452 1379 2523 Synagogam
1410 2447 1769 2512 ostenderet;
1826 2461 1949 2515 qua:
1980 2444 2139 2498 vinea

541 2542 767 2598 Domini
793 2547 915 2595 erat
944 2538 1208 2604 Sabaoth,
1244 2553 1413 2608 quam
1444 2536 1563 2607 ipse
1593 2535 1662 2589 de
1691 2534 1932 2605 Egypto
1951 2538 2138 2586 trans-

540 2631 692 2699 tulit,
728 2630 859 2701 quia
878 2636 1180 2700 utrumque
1211 2641 1519 2695 congruere
1567 2623 1808 2677 videtur.
1843 2622 2050 2676 Verum
2091 2621 2140 2675 si

540 2721 613 2776 ad
633 2736 835 2793 panem
866 2717 1213 2790 respicimus,
1239 2720 1297 2769 et
1317 2714 1566 2773 calicem,
1586 2712 1779 2782 utique
1800 2727 1867 2765 ex
1885 2710 1972 2764 his
1992 2710 2143 2764 ultra

541 2826 654 2865 non
676 2806 1049 2871 manducavit,
1076 2820 1257 2874 neque
1310 2802 1469 2866 bibit,
1506 2802 1682 2854 donec
1736 2804 1863 2870 post
1890 2814 2138 2852 resurre-

541 2899 804 2961 ctionem,
837 2911 964 2950 cum
996 2893 1207 2947 eisdem
1237 2890 1667 2962 discipulis,jam
1698 2885 2137 2957 incorruptibilis

544 2994 602 3043 et
629 2983 969 3041 immortalis
1002 2979 1359 3035 manducavit
1386 2985 1443 3032 et
1468 2977 1627 3031 bibit.
1649 2977 1707 3031 Si
1736 2980 1923 3031 autem
1951 2976 2021 3030 de
2049 2975 2137 3029 his

543 3091 666 3147 qua
685 3071 944 3142 legaliter
970 3074 1131 3140 gesta
1162 3072 1312 3132 sunt,
1344 3066 1481 3120 dicit
1500 3081 1713 3127 verum,
1746 3065 1879 3136 quia
1908 3065 1978 3119 de
2005 3064 2197 3153 hos-,C

541 3163 638 3218 tiis
666 3161 985 3215 Judaeorum
1015 3164 1073 3211 et
1099 3155 1334 3210 victimis
1391 3154 1548 3208 nulla
1600 3154 1825 3208 demum
1868 3152 2133 3223 gustavit,

543 3251 721 3305 donec
746 3246 936 3300 omnia
958 3246 1015 3299 in
1039 3244 1282 3299 Ecclesia
1312 3243 1583 3297 translata
1603 3248 1736 3296 sunt
1762 3247 2132 3307 sacramenta,

544 3345 603 3395 et
629 3339 910 3393 innovata.
927 3334 1087 3399 Quod
1114 3332 1160 3387 si
1192 3332 1260 3386 de
1286 3333 1407 3403 ipsa
1432 3332 1732 3403 Synagoga
1753 3347 1936 3385 sermo
1957 3335 2060 3396 est,
2103 3346 2139 3383 a

546 3444 656 3500 quo
685 3425 912 3480 calicem
937 3421 1215 3494 passionis
1236 3420 1456 3474 illatum
1486 3436 1590 3473 sua
1638 3424 1837 3490 sponte
1871 3418 2133 3490 suscepit,

545 3515 824 3571 neminem
851 3528 1043 3567 eorum
1066 3527 1166 3581 per
1184 3510 1350 3563 fidem
1389 3511 1536 3562 intra
1559 3524 1723 3562 suum
1751 3523 1972 3578 corpus.
1988 3508 2135 3578 quod

545 3609 630 3659 est
679 3599 944 3663 Ecclesia,
977 3597 1219 3668 trajecit,
1254 3596 1430 3650 donec
1481 3602 1608 3666 post
1645 3594 2133 3661 resurrectionem,

543 3709 645 3765 per
659 3689 902 3762 Spiritus
921 3686 1099 3741 sancti
1118 3684 1357 3757 gratiam
1367 3684 1679 3749 ,innovatos
1693 3699 1859 3753 quam
1866 3682 2138 3754 plurimos

544 3776 973 3851 suscepit.Quod
992 3775 1155 3829 vinea
1174 3775 1243 3828 de
1262 3772 1508 3845 [Egypto
1536 3773 1826 3842 transplan
1835 3776 2139 3843 tata,syna-

542 3885 689 3942 goga
714 3867 1036 3922 Judaeorum
1068 3864 1160 3927 sit,
1210 3862 1483 3917 Jeremias
1533 3877 1596 3914 ex
1627 3876 1869 3931 persona
1914 3859 2136 3913 Domini

546 3956 811 4021 ostendit,
834 3971 961 4009 cum
980 3952 1139 4025 quasi
1159 3951 1460 4022 deplorans
1481 3949 1753 4003 Dominus
1772 3947 1907 4002 dicit
1928 3965 1939 4000 :
1965 3948 2073 4015 Ego
2092 3953 2139 4001 te

538 4047 799 4116 plantavi
832 4046 1051 4097 vineam
1084 4056 1263 4095 meam
1293 4043 1537 4103 electam,
1573 4037 1835 4106 quomodo
1881 4051 2137 4090 con-versa

549 4151 600 4189 es
632 4137 694 4187 in
713 4133 1155 4186 amaritudinem
1190 4130 1318 4182 vitis
1344 4130 1541 4181 aliena
1559 4126 1589 4179 φ
1614 4128 1791 4187 (Hier.
1818 4139 1880 4191 II,
1903 4122 2016 4192 Ἦ).
2054 4122 2137 4178 Si-

546 4220 757 4275 militer
785 4224 843 4273 et
869 4219 1045 4272 Isaias
1069 4217 1127 4271 in
1154 4217 1405 4271 Cantico.
1433 4220 1491 4269 et
1520 4215 1739 4285 reliqua
1769 4214 2058 4284 Scriptura
2078 4212 2135 4266 in

548 4307 978 4381 quamplurimis
1005 4306 1158 4359 locis.
1193 4306 1274 4359 De
1331 4321 1441 4374 qua
1492 4319 1627 4356 sane
1673 4303 1834 4356 vinea
1864 4302 2137 4357 Dominus

2221 1826 2354 1897 quia
2388 1841 2498 1879 non
2540 1821 2743 1877 alicubi
2776 1820 2919 1874 bibit
2955 1820 3050 1874 ille
3102 1815 3244 1872 illud
3279 1813 3545 1869 vobiscum
3568 1823 3734 1897 norunt.

2222 1932 2326 1970 nec
2390 1913 2501 1967 alio
2566 1912 2624 1965 in
2662 1916 2915 1980 tempore
2971 1923 3142 1978 quam
3182 1905 3244 1959 in
3281 1917 3450 1972 regno
3484 1895 3636 1952 Patris
3662 1893 3734 1948 sui.
3830 1920 3831 1935 ξ

2221 2002 2509 2058 Attendite
2532 1999 2679 2071 quod
2692 1998 2772 2052 ait
2790 1996 3111 2068 Apostolus,
3144 1993 3284 2065 quia
3312 1993 3540 2058 Regnum
3555 1986 3634 2040 Dei
3660 1996 3736 2035 non

2219 2097 2294 2145 est
2315 2107 2431 2144 esca
2468 2095 2516 2143 et
2536 2094 2696 2157 pot-us
2742 2088 2913 2143 (Rom.
2964 2098 3077 2149 xlv,
3107 2081 3215 2149 l7l,
3245 2093 3424 2150 neque
3444 2073 3574 2148 quod
3595 2085 3737 2140 oorpo-

2216 2179 2414 2234 raliter
2443 2193 2611 2232 carne
2640 2174 2901 2240 sumitur,
2952 2172 3050 2226 sed
3088 2187 3217 2225 esca
3243 2174 3303 2224 et
3328 2171 3486 2240 potus
3509 2163 3600 2217 iste
3619 2172 3737 2230 quem

2217 2269 2287 2323 de
2304 2266 2470 2321 altari
2499 2264 2794 2329 sumimus,
2813 2262 3143 2333 angelorum
3173 2263 3266 2313 est
3285 2250 3600 2311 cibus.Unde
3611 2244 3739 2315 Scrip-

2216 2363 2347 2412 tura
2369 2355 2539 2409 dicit:
2588 2355 2782 2407 Beatus
2813 2352 2971 2404 homo
3019 2352 3120 2419 qui
3157 2341 3567 2401 manducavth
3592 2347 3738 2405 panem

2219 2449 2281 2499 in
2308 2460 2476 2511 regno
2506 2443 2601 2496 Dei
2625 2442 2765 2498 (Luc.
2799 2456 2905 2505 xiv,
2945 2437 3025 2494 151
3054 2456 3067 2504 ;
3103 2435 3244 2508 quia
3272 2428 3470 2488 alicubi
3520 2435 3739 2511 nunquaa

2221 2506 2386 2605 panis
2409 2547 2552 2585 verae
2591 2529 2711 2583 vitae
2768 2526 3098 2583 comeditur.
3120 2506 3135 2508 ⁷
3160 2524 3313 2579 Hinc
3367 2517 3557 2592 quippe
3582 2506 3740 2605 jau-lnin

2222 2597 2395 2693 regno
2425 2620 2525 2675 Dei
2548 2618 2750 2682 Patris,
2784 2617 2881 2671 sed
2920 2617 3104 2671 adhuc
3147 2613 3214 2669 in
3259 2610 3612 2693 sacramento,
3652 2597 3743 2653 illuc
3830 2664 3831 2681 1

2222 2690 2351 2765 vero
2364 2725 2489 2764 cum
2518 2707 2812 2777 impletum
2845 2705 3013 2760 fuerit
3055 2704 3157 2758 hoc
3177 2714 3419 2772 regnum
3432 2697 3486 2751 in
3504 2690 3739 2753 nobisa“-

2219 2799 2481 2854 cuabitur
2500 2796 2648 2851 istud
2680 2795 2828 2866 quod
2858 2800 2943 2849 est
2967 2809 3034 2848 ex
3062 2796 3248 2864 parte,
3278 2794 3514 2858 tuncque
3554 2780 3742 2835 fruemur

2218 2889 2358 2943 facie
2388 2888 2456 2942 ad
2487 2886 2706 2949 faciem,
2730 2900 2857 2939 cum
2885 2881 3103 2937 venerit
3127 2874 3488 2952 ipse,etquod
3506 2867 3741 2944 perfectum

2220 2983 2323 3032 est.
2357 2976 2457 3032 Eia
2484 2975 2706 3040 fratres,
2731 2978 2798 3027 ut
2825 2988 2952 3027 cum
2999 2969 3162 3025 venia
3217 2969 3437 3039 loquar,
3459 2962 3572 3017 ideo
3605 2957 3653 3011 in
3671 2953 3744 3007 hac

2220 3082 2379 3121 coena
2419 3063 2627 3119 Christi
2691 3061 2960 3134 prolixius
3018 3056 3307 3114 elaboravi
3370 3067 3528 3124 quam
3559 3042 3745 3134 brevitas

2220 3160 2413 3228 poscat
2431 3132 2769 3211 tractatoris,
2799 3149 2931 3221 quia
2959 3147 3016 3202 in
3045 3147 3132 3202 his
3162 3142 3419 3218 mysticis
3445 3132 3745 3228 rebus

2219 3218 2369 3299 aliud
2391 3241 2637 3313 sapiunt,
2659 3244 2717 3294 et
2744 3218 3042 3293 caecutiunt
3070 3235 3259 3301 multi,
3287 3234 3420 3288 dum
3445 3224 3589 3313 panis
3606 3218 3745 3313 iste

2218 3332 2361 3387 calix
2393 3304 2531 3384 nihil
2560 3328 2712 3383 aliud
2731 3327 2814 3382 eis
2835 3342 2956 3381 esse
2989 3325 3235 3390 videtur,
3270 3335 3437 3393 quam
3464 3312 3598 3388 quod
3618 3304 3745 3364 oculis

2219 3420 2487 3483 cernitur,
2513 3423 2571 3472 et
2598 3433 2695 3470 ore
2723 3415 2990 3470 sentitur.
3015 3411 3235 3468 Idcirco
3257 3415 3324 3464 ut
3350 3401 3662 3463 manifestius
3681 3410 3745 3447 ω-

2218 3514 2512 3581 gnoscant,
2573 3510 2784 3577 quanta
2830 3508 2918 3558 est
2964 3501 3152 3556 unitas
3182 3496 3454 3569 corporis,
3495 3483 3748 3581 intelligant

2221 3566 2423 3670 quibus
2448 3566 2626 3650 modis
2656 3592 2861 3647 dicitur
2891 3606 3091 3661 corpus
3114 3566 3348 3650 Christi,
3397 3582 3525 3653 quia
3557 3566 3745 3670 est-illud

2220 3684 2575 3743 Dominicum
2607 3697 2811 3753 corpus
2840 3680 2897 3734 in
2928 3695 3037 3750 quo
3057 3693 3261 3749 passus
3283 3678 3371 3729 est
3393 3672 3553 3733 Deus,
3571 3662 3653 3720 sed
3668 3672 3745 3753 non

2220 3774 2528 3830 secundum
2555 3749 2873 3842 quod-Deus
2921 3749 3022 3823 est.
3057 3767 3127 3821 Et
3150 3770 3241 3821 est
3266 3764 3375 3818 hoc
3396 3772 3582 3830 corpus
3604 3753 3654 3842 in

2220 3862 2487 3935 mysterio
2508 3836 2654 3931 quod
2683 3862 2907 3913 creatur
2931 3857 2992 3911 in
3020 3854 3224 3928 spiritu
3252 3858 3311 3908 et
3326 3851 3525 3905 virtute
3563 3836 3687 3935 verbi
3704 3836 3749 3888 ut

2222 3930 2430 4006 Christi
2452 3930 2767 4019 siticorpus,
2801 3952 2857 4001 et
2889 3962 2998 4000 non
3032 3942 3186 3999 aliud
3219 3958 3391 4014 quam
3437 3937 3492 3992 id
3513 3930 3641 4005 qIIOd

2220 4056 2342 4094 sum
2371 4043 2474 4103 est,
2493 4043 2550 4091 et
2589 4010 2876 4108 proprium
2907 4049 3127 4105 corpus.
3154 4010 3257 4085 Est
3285 4034 3344 4084 et
3366 4040 3555 4098 corpus
3574 4010 3745 4108 Christi»

2218 4127 2401 4189 omnis
2419 4104 2609 4181 sancta
2627 4104 3069 4188 DeiEcclesia,de
3088 4135 3260 4176 carne
3281 4122 3340 4172 et
3356 4117 3424 4170 de
3437 4110 3629 4167 ossibds
3640 4104 3745 4173 ejus,

2217 4217 2276 4271 in
2307 4232 2474 4269 carne
2494 4231 2609 4269 una
2627 4213 2887 4273 formata.
2911 4211 3035 4266 etin
3065 4208 3287 4265 unitate
3302 4200 3540 4275 corporis
3564 4197 3666 4266 ejus
3687 4205 3749 4243 εο-

2217 4304 2741 4374 ciata.Quapr0pter
2750 4300 2956 4355 veritas
2966 4304 3051 4354 est
3065 4299 3122 4351 in
3150 4306 3395 4366 utroque
3413 4297 3469 4347 et
3482 4286 3646 4345 unitas
3658 4294 3749 4375 001:-

545 4367 699 4465 dicit,
721 4367 1088 4467 .nequaquam
1111 4408 1169 4446 se
1196 4367 1500 4444 bibiturum
1525 4386 1784 4462 poculum
1822 4391 2134 4457 suavitatis,
2153 4367 2201 4426 D
2219 4394 2390 4464 poris,
2419 4367 2734 4445 etideo-hoc
2744 4404 2946 4460 corpus
2967 4385 3113 4458 quod
3136 4384 3386 4439 medium
3408 4385 3488 4435 est
3505 4391 3601 4448 quo

544 4487 653 4543 nisi
674 4487 733 4542 in
764 4500 938 4555 regno
967 4480 1151 4536 Patris
1178 4478 1286 4533 sui.
1309 4479 1467 4543 Quod
1493 4495 1727 4549 regnum
1752 4481 1881 4549 jure
1896 4479 2140 4534 Ecclesia

544 4576 649 4633 Dei
673 4574 964 4645 accipitur,
992 4586 1091 4625 seu
1142 4568 1281 4623 ﬁdes
1337 4567 1702 4631 credentium,
1732 4568 1801 4622 de
1849 4584 1960 4639 qua
2003 4567 2137 4621 dicit

542 4664 843 4735 Apostolus
871 4656 1244 4721 credentibus,
1276 4660 1519 4725 Regnum
1547 4659 1643 4711 Dei
1689 4659 1844 4711 intra
1898 4673 1985 4710 ros
2038 4661 2131 4710 cst.

543 4752 690 4822 Ergo
718 4749 990 4822 quidquid
1043 4748 1243 4802 horum
1277 4746 1540 4817 genimcn
1577 4745 1700 4800 vitis
1727 4745 2024 4816 acceperis,
2067 4745 2135 4799 de

546 4857 655 4912 quo
688 4856 800 4893 non
821 4855 880 4893 se
911 4836 1216 4892 bibiturum
1243 4836 1397 4903 dicit,
1441 4836 1617 4891 donec
1659 4835 1796 4889 illud
1851 4833 2004 4887 bibat
2032 4849 2133 4887 no-

542 4945 672 4983 vum
703 4928 762 4982 in
788 4944 960 4998 regno
982 4924 1164 4982 Patris
1179 4926 1267 4981 sui
1291 4946 1302 4978 :
1339 4923 1803 4979 considerandum
1820 4928 1906 4977 est
1926 4927 2137 4994 quanta

541 5017 731 5073 unitas
758 5015 1183 5070 commendatur
1208 5014 1458 5086 corporis
1481 5030 1608 5068 cum
1639 5029 1739 5066 suo
1779 5012 1978 5082 capite.
2009 5027 2134 5066 cum

543 5106 642 5173 ait,
674 5108 849 5161 Donec
902 5105 1051 5158 illud
1088 5105 1270 5156 bibam
1306 5105 1599 5156 vobiscum.
1624 5100 1767 5165 Quia
1791 5117 1915 5154 cum
1948 5116 2133 5170 repro-

540 5194 717 5251 mittit
743 5210 803 5248 se
830 5192 1140 5247 bibiturum
1165 5191 1223 5244 in
1242 5207 1434 5260 regno,
1459 5207 1572 5244 non
1600 5196 1789 5244 tamen
1821 5189 1941 5243 sine
1971 5188 2127 5259 ipsis,

540 5283 639 5339 sed
667 5300 793 5337 cum
822 5282 958 5353 ipsis
982 5297 1042 5335 se
1064 5296 1269 5333 novum
1290 5279 1483 5349 utique
1505 5278 1693 5333 bibere
1740 5277 1797 5331 in
1831 5294 2003 5348 regno
2033 5278 2134 5331 Pa-

539 5372 646 5427 tris
675 5371 761 5426 sui
786 5370 1051 5426 ostendit.
1085 5367 1228 5434 Quia
1255 5384 1458 5422 novum
1488 5367 1682 5439 utique
1704 5367 1914 5431 vinum,
1935 5366 2133 5421 nonni¢

542 5461 591 5516 si
610 5459 856 5516 innovati
887 5464 1122 5532 possunt
1148 5456 1359 5522 bibere,
1393 5462 1605 5511 veteres
1635 5461 1822 5512 autem
1853 5472 1997 5510 nova
2017 5471 2131 5510 non

2219 4453 2349 4535 inur
2370 4453 2427 4533 in
2461 4478 2693 4546 via,non
2706 4453 3063 4530 dividitur-ab
3073 4472 3292 4527 unitate
3309 4465 3545 4540 corporis
3570 4453 3746 4546 Christi.

2215 4570 2411 4640 Neque
2436 4542 2569 4639 quia
2590 4571 2759 4638 caput
2773 4571 2861 4620 est
2879 4563 3134 4619 Christus
3163 4558 3437 4621 Ecclesia,
3458 4558 3592 4610 recte
3616 4564 3645 4601 a
3662 4542 3748 4599 suis

2217 4656 2539 4729 praeciditur
2554 4653 2840 4719 membris,
2863 4652 3007 4708 sicut
3024 4667 3127 4706 nec
3145 4648 3400 4704 membra
3429 4640 3706 4699 dividuntur
3725 4644 3748 4729 ξ

2216 4716 2418 4818 capite,
2435 4750 2499 4799 ut
2538 4742 2791 4798 membra
2810 4716 2867 4797 et
2882 4746 3068 4813 caput,
3094 4754 3269 4795 unum
3302 4736 3414 4791 sint
3441 4743 3619 4801 corpus
3637 4716 3748 4818 quod

2227 4840 2266 4901 I
2285 4807 2327 4899 Ἰ
2342 4807 2455 4900 θγι
2486 4837 2897 4887 sacramentum
2904 4807 3067 4900 juxta
3082 4825 3413 4898 Apostolum
3438 4826 3669 4901 magnum

2217 4899 2275 4977 in
2288 4899 2508 4977 Christo
2524 4926 2581 4975 et
2592 4919 2854 4975 Ecclesia.
2865 4899 2934 4973 Et
2948 4918 3075 4972 ideo
3092 4914 3187 4987 qui
3198 4913 3318 4969 vult
3333 4907 3571 4966 viverein
3579 4899 3746 4959 unitate

2217 5010 2485 5082 corporis,
2511 5010 2628 5064 haec
2651 5008 2779 5074 tria,
2813 5006 3066 5080 mystice,
3095 5019 3272 5059 unum
3302 4999 3505 5055 sentiat
3526 5006 3631 5049 esse
3659 4997 3747 5082 car-

2218 5074 2350 5172 pus.;
2376 5098 2641 5170 quoniam
2660 5074 3061 5152 testamentum
3086 5093 3188 5149 Dei
3201 5097 3470 5146 mternum
3496 5084 3560 5138 de
3578 5079 3652 5134 his
3674 5074 3746 5172 ﬂr-

2214 5160 2426 5243 matum
2444 5192 2530 5241 est
2545 5187 2601 5241 in
2625 5186 2899 5257 sanguine
2919 5182 3147 5239 Christi.
3178 5182 3246 5236 Et
3274 5179 3399 5233 ideo
3418 5178 3539 5247 jure
3563 5183 3656 5257 non
3670 5160 3744 5257 illi,

2212 5278 2305 5332 hic
2330 5282 2415 5331 est
2438 5277 2598 5348 panis
2632 5249 2760 5330 autv
2780 5289 2989 5345 corpus
3035 5271 3179 5328 Novi
3200 5262 3557 5323 Testamenti,
3575 5254 3654 5348 sed
3677 5249 3745 5305 hic

2214 5372 2300 5422 est
2327 5364 2465 5423 calix
2485 5365 2627 5421 Novi
2655 5343 3008 5420 Testam‘enti
3038 5360 3096 5415 in
3130 5356 3399 5429 sanguine
3428 5367 3544 5408 meo
3567 5343 3646 5420 qni
3669 5353 3743 5413 Ρτο

2211 5454 2368 5511 vobis
2398 5455 2685 5510 fundatur.
2712 5454 2824 5508 Nec
2841 5450 3125 5507 immerito
3146 5448 3315 5521 igitur
3341 5446 3443 5501 hoc
3469 5432 3742 5512 mysterium

542 5547 788 5623 capiunt,
819 5525 1034 5605 necnon
1064 5552 1122 5603 et
1136 5545 1254 5619 ipsi
1282 5545 1411 5601 novi
1436 5544 1546 5601 nisi
1574 5561 1701 5601 cum
1730 5544 2131 5613 Christo,sicut
2208 5546 2337 5615 jure
2356 5544 2494 5601 dicit
2523 5540 3103 5612 testamentum,quod
3120 5542 3295 5594 morte
3309 5528 3576 5591 testatoris
3600 5525 3743 5581 ἤνωξ’
