3872 6158
115 239 220 298 897

843 240 1219 294 EXPOSITIO
1261 240 1334 293 ΙΝ
1379 238 1703 292 ΜΛΤἹῊτΕ

1787 238 1820 291 [.
1869 267 1929 278 --
1977 238 2110 291 LIB.
2155 238 2274 301 XII,
2319 238 2473 290 CAP.
2519 238 2711 291 XXV].

3287 240 3388 298 898

112 372 231 420 tur.
257 366 394 420 Nam
406 365 569 434 juxta
592 364 942 434 Apostolum,
965 363 1058 418 ubi
1078 367 1481 418 testamentum
1509 365 1703 416 ﬁrma-
1725 365 1774 422 A
1791 367 1970 424 tuum,
1989 367 2052 415 ut
2072 363 2245 414 Filius
2271 366 2400 413 tuus
2417 362 2679 428 clariﬁcct
2704 367 2749 415 te
2766 361 2950 430 (Joan.
2974 374 3106 428 xvn,
3140 364 3154 416 ι
3167 377 3386 436 ),usque

112 460 229 518 tur,
257 453 330 507 ibi
349 451 596 524 profecto
625 468 852 506 necesse
873 458 958 506 est
984 459 1040 506 et
1062 469 1211 506 mors
1232 453 1516 507 testatoris
1537 452 1706 506 inter-

112 543 320 606 veniat,
347 541 480 613 quia
508 541 816 594 secundum
846 541 1029 612 ipsum
1052 557 1217 595 omne
1231 547 1633 595 testamentum
1655 540 1711 594 in

112 630 354 684 mortuis
368 630 510 683 conti
519 627 900 683 rmatur.Nam
927 637 984 683 et
1001 630 1104 683 hoc
1122 646 1275 683 more
1295 646 1396 683 suo
1411 629 1711 699 Apostolus

112 735 241 772 cum
256 717 508 772 Hebraeis
529 718 649 788 ipse
676 717 942 772 Hebraeus
954 718 1012 772 in
1031 718 1253 772 Christo
1270 717 1707 783 commendaret,

113 806 323 860 astruit
353 812 751 860 testamentum
769 806 908 859 nihil
938 807 1122 859 valere
1139 805 1468 862 hazredibus.
1493 805 1539 858 si
1560 822 1712 858 mors

113 911 225 948 non
260 895 571 949 intercedat
598 895 904 949 testatoris.
951 895 1214 964 Alioquin
1258 894 1509 948 nondum
1538 894 1704 955 valet.

110 983 248 1037 dum
269 983 466 1037 vivitis
483 983 578 1053 qui
593 988 854 1037 testatur.
882 983 1040 1049 Hinc,
1060 983 1280 1045 fratres,
1305 990 1708 1037 testamentum

111 1072 263 1144 quod
315 1072 592 1142 disposuit
629 1072 699 1125 ab
739 1071 1044 1135 Abraham,
1081 1079 1138 1126 et
1180 1072 1318 1125 illud
1348 1071 1528 1125 foedus
1560 1070 1706 1142 quod

108 1159 327 1230 pepigit
354 1177 482 1214 cum
511 1160 703 1224 Israel,
728 1159 787 1214 in
807 1167 997 1214 monte
1021 1159 1173 1225 Sina,
1193 1161 1326 1231 quia
1353 1177 1453 1230 per
1472 1167 1710 1214 mortem

107 1264 470 1319 nequaquam
498 1248 606 1302 fuit
625 1250 748 1318 ejus
775 1249 869 1319 qui
894 1248 1232 1313 testabatur,
1264 1249 1388 1302 ideo
1419 1249 1710 1302 inﬁrmum

106 1337 230 1404 fuit,
256 1337 438 1390 donec
475 1336 700 1390 Domini
730 1337 907 1390 nostri
927 1338 1060 1391 Jesu
1097 1337 1304 1392 Christi
1335 1340 1431 1407 qui
1461 1336 1708 1391 testaba-

109 1431 222 1490 tur,
261 1425 435 1480 uniea
453 1431 636 1480 morte
658 1433 714 1480 et
734 1425 1006 1496 singulari
1034 1426 1374 1481 ﬁrmaretur.
1397 1426 1530 1489 Quae
1549 1426 1708 1479 nimi-

1793 449 1940 502 adid
1965 466 2090 503 cum
2116 449 2196 503 ait
2221 467 2231 501 :
2282 449 2398 502 Hae
2434 465 2560 502 eum
2590 451 2814 503 dixisset
2856 465 3096 517 egressus
3126 458 3199 504 est
3231 458 3387 507 trans

1795 541 2090 591 torrentem
2143 540 2351 593 Ccdron
2395 540 2577 604 (Joan.
2615 553 2764 602 xvm,
2806 538 2869 604 ἰ).
2897 538 3056 602 Quod
3081 539 3127 593 si
3158 539 3254 605 ibi,
3299 541 3386 596 in-

1794 626 2013 695 quiunt,
2063 626 2303 696 scriptus
2344 643 2454 679 non
2488 631 2590 684 est.
2633 643 2734 679 nec
2761 627 2962 680 alicubi
2991 628 3050 682 in
3089 629 3388 699 Evangelio

1793 714 2032 784 scriptus
2073 715 2301 768 omnino
2348 721 2450 768 est.
2487 715 2591 768 Sed
2634 715 2729 768 illa
2763 716 3076 780 ineffabilis,
3113 724 3174 772 ut
3203 719 3282 772 ita
3310 719 3392 772 di-

1792 819 1934 865 cam,
1971 803 2150 856 oratio
2203 804 2285 856 vel
2313 803 2625 872 gratiarum
2659 803 2820 867 actio,
2865 821 2977 858 non
3015 805 3085 859 ad
3125 807 3388 861 eumdem

1792 891 1976 944 locum
2012 891 2292 961 pertinere
2323 892 2561 956 videtur,
2599 909 2779 962 neque
2810 893 3052 964 hymnus
3095 895 3188 949 ille
3218 913 3387 967 quem

1791 986 1918 1050 post
1946 980 2130 1033 cibum
2163 981 2358 1033 solitus
2389 987 2510 1033 erat
2549 981 2981 1051 benignissimus
3013 982 3280 1052 Magister
3307 985 3390 1038 di-

1791 1084 1934 1131 cere,
1955 1069 2083 1138 jure
2114 1085 2233 1122 esse
2261 1069 2509 1122 creditur
2547 1069 2822 1133 Quoniam
2846 1071 3118 1141 quidquid
3139 1089 3239 1142 per
3270 1090 3388 1126 car-

1793 1156 1880 1211 nis
1909 1156 2384 1228 dispensationem
2411 1175 2576 1227 agere
2605 1157 2866 1228 dignatus
2895 1166 2979 1213 est
3009 1161 3388 1228 Salvator,aut

1791 1247 2123 1316 mysterium
2149 1246 2272 1311 fuit,
2308 1252 2407 1300 aut
2432 1247 2772 1317 exemplum.
2801 1248 2864 1301 In
2886 1265 2950 1301 eo
2972 1265 3215 1319 namque
3236 1251 3383 1321 quod

1791 1334 1986 1398 oravit,
2016 1351 2222 1403 magna
2249 1341 2381 1388 sunt
2410 1340 2794 1400 sacramenta;
2828 1335 2885 1389 in
2918 1336 3022 1390 hoc
3064 1354 3188 1390 vero
3220 1339 3384 1409 hym-

1790 1438 1882 1488 no,
1913 1423 2228 1493 exemplum
2263 1429 2370 1483 est,
2398 1423 2544 1477 sicut
2573 1423 2693 1494 ipse
2740 1423 2822 1477 ait
2858 1443 2868 1476 :
2911 1425 3230 1492 El'mnplum
3261 1428 3388 1481 dedi

104 1529 231 1567 rum
253 1530 430 1579 mors,
455 1530 583 1567 vere
611 1514 811 1568 mortis
833 1514 1046 1568 exstitit
1066 1531 1236 1568 mors.
1289 1515 1358 1568 Et
1382 1515 1506 1568 ideo
1537 1530 1705 1584 quam
1788 1513 1954 1576 vobis,
1982 1517 2044 1564 ut
2072 1517 2120 1565 et
2148 1529 2236 1565 vos
2265 1516 2343 1565 ita
2359 1513 2584 1578 faciatis
2617 1513 2802 1579 (Joan.
2826 1527 2951 1576 xm,
2987 1513 3084 1581 15).
3119 1514 3386 1585 Magnum

105 1602 346 1674 pulchre
366 1608 608 1672 etquam
641 1603 1137 1672 pernecessarium,
1158 1603 1264 1656 hoc
1291 1610 1706 1656 sacramentum
1789 1605 1874 1652 est
1892 1599 2082 1670 itaque
2115 1600 2340 1670 pietatis
2371 1601 2709 1671 exemplum,
2744 1603 2892 1672 quod
2923 1608 2976 1656 et
3011 1601 3192 1656 adhuc
3222 1604 3389 1658 hodie

105 1691 160 1745 in
184 1690 523 1744 memoriam
554 1691 752 1745 mortis
781 1691 988 1745 Christi
1008 1692 1357 1758 immolatur,
1390 1698 1453 1746 ut
1480 1692 1554 1746 sit
1581 1709 1704 1746 cor-
1726 1703 1900 1774 Bnon
1931 1689 2118 1744 minus
2146 1697 2277 1744 ante
2316 1690 2502 1744 cibum
2535 1707 2706 1761 quam
2749 1697 2870 1762 post
2913 1691 3116 1756 cibum,
3146 1692 3390 1748 Ecclesia

105 1795 208 1850 pus
246 1779 656 1850 redemptionis
682 1785 906 1846 nostrae,
935 1786 992 1834 et
1012 1781 1344 1836 alimentum
1375 1782 1497 1835 vitae
1518 1781 1574 1834 in
1605 1797 1707 1835 no-
1788 1792 1822 1830 a
1859 1777 1972 1831 Deo
2004 1778 2281 1839 instituta,
2329 1797 2494 1850 agere
2547 1797 2657 1833 non
2688 1781 3088 1850 praetermittit.
3125 1783 3230 1836 Sed
3263 1801 3388 1854 quae

106 1865 206 1932 bis,
229 1883 456 1920 necnon
490 1873 547 1921 et
565 1868 794 1937 sanguis
823 1868 964 1922 Novi
983 1869 1327 1924 Testamenti
1351 1870 1405 1924 in
1429 1876 1608 1923 morte
1628 1870 1710 1940 ip-
1789 1865 1999 1919 fuerint
2038 1866 2206 1919 verba
2250 1868 2347 1920 illa
2393 1867 2594 1938 quibus
2634 1867 2908 1938 benignus
2958 1870 3231 1924 Dominus
3273 1873 3385 1927 Deo

104 1956 218 2009 sius
247 1955 559 2010 testatoris.
605 1956 759 2010 Alias
805 1963 996 2011 autem
1039 1959 1458 2012 Testamentum
1510 1958 1703 2022 Vetus,
1788 1953 1942 2006 Patri
1961 1960 2093 2008 tunc
2115 1955 2384 2025 hymnum
2407 1955 2801 2019 decantaverit,
2829 1974 2940 2010 non
2969 1958 3106 2012 satis
3127 1965 3381 2030 apparet.

106 2044 364 2114 quamvis
389 2042 593 2098 habeat
612 2045 871 2099 universa
889 2047 1218 2100 solemniter
1236 2052 1704 2100 testamentorum
1790 2041 1946 2096 Sicut
1984 2059 2085 2096 nec
2120 2045 2343 2114 quando
2371 2045 2631 2098 clamavit
2677 2045 2746 2098 de
2785 2062 2946 2099 cruce
2984 2047 3209 2112 iterum,
3265 2050 3383 2102 Voce
3475 2040 3480 2051 ’

99 2133 227 2202 jura
262 2138 512 2199 servata,
552 2140 742 2188 tamen
787 2135 920 2204 quia
955 2151 1056 2205 per
1093 2144 1328 2189 mortem
1379 2133 1703 2189 mediatoris
1788 2146 2013 2198 magna,
2049 2138 2095 2185 et
2135 2136 2317 2186 emisit
2356 2136 2620 2201 spiritmn
2656 2135 2867 2203 (Matth.
2905 2149 3073 2199 xxvu,
3135 2133 3238 2201 l8).
3276 2137 3382 2191 Ubi

106 2238 212 2276 non
243 2221 1146 2288 eratroboratum,inﬁrmabatur
1175 2241 1275 2294 per
1305 2223 1704 2287 carnem,sicut
1789 2220 1921 2289 quid
1951 2220 2153 2275 dixerit
2185 2223 2540 2277 manifestum
2590 2241 2699 2276 non
2732 2229 2835 2277 est.
2884 2224 3026 2277 Nam
3074 2230 3130 2278 et
3159 2225 3382 2295 quando

107 2310 413 2382 Apostolus
441 2311 626 2368 docet.
663 2311 780 2365 Hoc
794 2318 984 2366 autem
1012 2312 1435 2366 Testamentum
1460 2314 1698 2377 Novum,
1787 2310 2000 2379 accepit
2031 2327 2232 2381 panem
2263 2318 2320 2366 et
2345 2313 2558 2382 gratias
2596 2313 2728 2382 egit,
2766 2319 3033 2368 utrumne
3068 2315 3232 2369 corde
3263 2322 3384 2370 tan-

107 2399 234 2470 quia
261 2399 603 2454 imminente
622 2401 744 2469 jam
771 2406 952 2453 morte
981 2401 1266 2454 testatoris
1283 2401 1596 2455 confectum
1619 2407 1708 2454 est
1787 2403 1907 2450 tum
1933 2399 2053 2452 sine
2086 2400 2283 2464 verbis,
2309 2418 2380 2454 an
2410 2418 2562 2461 voce,
2585 2419 2696 2456 non
2723 2403 3008 2457 evidenter
3033 2404 3386 2468 elucet,sicut

105 2489 172 2542 ad
199 2487 490 2553 viaticum,
516 2489 574 2541 in
605 2488 987 2542 hereditatem
1016 2489 1454 2554 salutis,idcirco
1476 2491 1702 2543 ﬁrmum
1785 2500 1887 2538 nec
1909 2486 1978 2539 de
1999 2488 2199 2551 calice;
2239 2496 2269 2549 Β
2303 2495 2335 2553 |
2355 2495 2480 2554 03
2511 2490 2568 2543 in
2598 2490 2800 2560 quibus
2820 2497 2877 2545 et
2904 2491 2961 2545 in
2992 2493 3383 2563 hujuscemodi

108 2581 189 2628 est
211 2581 522 2644 ratumque
546 2574 604 2628 in
617 2579 1044 2645 perpetuum,et
1062 2575 1480 2646 permanebitin
1499 2592 1696 2630 aevum.
1783 2575 1984 2639 causis,
2025 2577 2109 2628 vix
2143 2577 2256 2630 ulla
2285 2578 2550 2648 leguntur
2577 2579 2744 2633 verba
2789 2582 3116 2651 composita.
3154 2584 3262 2637 Sed
3292 2589 3382 2638 ta-

105 2662 223 2716 Non
251 2662 412 2717 enim
457 2663 566 2716 nisi
594 2663 761 2717 unius
803 2665 982 2718 noctis
1024 2665 1416 2718 tantummodo
1454 2665 1699 2735 spatium
1784 2680 1910 2716 men
1952 2665 2204 2734 quamvis
2244 2683 2356 2720 non
2394 2667 2670 2737 legantur,
2707 2669 2838 2739 quia
2884 2669 3007 2740 ipsa
3035 2672 3382 2740 agendarum

108 2748 386 2814 interfuit,
429 2751 579 2805 inter
615 2753 1028 2822 promulgatam
1083 2752 1227 2806 hanc
1273 2752 1475 2806 seriem
1523 2759 1700 2806 testa-
1783 2767 1894 2804 non
1927 2759 2014 2805 est
2041 2753 2213 2806 series
2245 2755 2518 2825 explicata
2562 2757 2892 2822 gratiarum,
2934 2759 3074 2812 nulli
3121 2759 3377 2828 dubium,

111 2840 300 2905 menti,
337 2847 396 2894 et
425 2847 662 2894 mortem
684 2841 918 2912 piissimi
955 2842 1240 2896 testatoris
1284 2842 1490 2896 Christi
1542 2843 1701 2896 Unde
1785 2839 1918 2909 quia
1946 2840 2147 2906 verbis,
2196 2843 2397 2896 saltem
2429 2851 2658 2914 propter
2703 2847 3039 2916 exemplum,
3071 2848 3255 2903 dictus
3294 2854 3380 2904 est

111 2934 162 2980 et
187 2928 244 2982 in
273 2930 481 2982 eadem
511 2937 673 2983 nocte
696 2930 1013 3000 specialiter
1031 2947 1169 3001 quos
1185 2931 1433 2984 haeredes
1451 2931 1508 2984 in
1525 2931 1698 3001 hujus
1782 2934 1918 2981 tunc
1954 2930 2195 3000 hymnus
2227 2932 2407 2985 laudis
2438 2933 2556 2997 Dei,
2598 2933 2744 2988 sicut
2771 2941 2827 2988 et
2852 2935 3169 3005 gratiarum
3211 2939 3376 3006 actio,

112 3018 440 3071 testamenti
468 3018 675 3090 pagina
702 3019 925 3084 indidit,
956 3020 1100 3073 sicut
1129 3020 1198 3072 de
1219 3019 1453 3089 singulis
1482 3020 1704 3074 edocuit
1724 3026 1764 3084 C
1786 3021 2039 3088 quamvis
2070 3038 2181 3074 non
2220 3022 2332 3075 sint
2363 3025 2738 3093 evangelistis,
2773 3025 2868 3078 ubi
2909 3026 2997 3079 vel
3029 3025 3144 3092 ubi,
3177 3027 3380 3097 hujus-

113 3122 226 3176 quae
265 3123 496 3162 servare
535 3107 847 3161 deberent:
892 3108 973 3160 ita
1015 3115 1072 3162 et
1103 3109 1171 3161 de
1212 3108 1316 3161 hoc
1345 3117 1698 3163 sacramento

111 3195 314 3260 calicis,
346 3196 406 3249 id
437 3202 522 3250 est
549 3196 822 3267 passionis
846 3213 980 3263 suae,
1014 3197 1277 3256 instituit.
1311 3203 1375 3250 ut
1402 3198 1462 3251 in
1493 3215 1702 3252 memo-

109 3283 242 3338 riam
269 3285 476 3338 mortis
504 3286 626 3355 ejus
657 3286 770 3338 hac
792 3291 1060 3356 agerent;
1106 3302 1170 3339 ac
1223 3302 1324 3356 per
1367 3286 1472 3339 hoc
1518 3287 1701 3341 carnis

111 3373 224 3442 ejus
238 3383 417 3444 atque
429 3373 719 3444 sanguinis
729 3374 1024 3444 participes
1044 3374 1196 3439 facti,
1215 3391 1290 3428 un
1300 3391 1392 3428 um
1409 3381 1704 3430 manerent

111 3477 322 3534 corpus.
360 3463 432 3516 Et
460 3462 594 3533 quia
623 3462 938 3516 mortalitas
960 3469 1153 3516 nostra
1185 3464 1433 3534 quotidie
1463 3465 1702 3535 prolabi-

108 3556 194 3604 tur
214 3554 273 3606 in
302 3559 547 3606 mortem
591 3558 629 3618 ι
659 3559 690 3616 Ι
706 3556 834 3616 θοι
846 3551 1078 3620 peccati,
1105 3552 1354 3623 quotidie
1371 3569 1596 3607 necesse
1616 3561 1703 3607 est

110 3650 400 3712 reparetur
422 3641 587 3693 homo
618 3639 677 3693 in
703 3639 870 3692 vitam
899 3639 1151 3709 justitiae.
1186 3636 1399 3705 Quibus
1445 3641 1704 3696 omnibus

110 3725 162 3781 in
191 3730 388 3782 eadem
415 3744 574 3782 aena
602 3728 706 3781 rite
732 3728 984 3798 expletis,
1010 3746 1138 3783 mox
1169 3730 1510 3800 evangelista
1544 3749 1554 3783 :

173 3818 234 3870 Et
254 3819 468 3885 hymno
492 3817 1122 3888 dicto,inquit,e.rierunt
1143 3821 1205 3872 in
1222 3825 1460 3872 montem
1484 3819 1699 3874 Otiveti.

111 3906 218 3960 Hoc
241 3923 494 3977 namque
512 3913 597 3960 est
624 3907 771 3977 quod
793 3907 849 3960 in
880 3909 1094 3962 t'salmo
1126 3907 1386 3978 legimus.
1404 3909 1703 3962 Manduca-

111 4003 297 4049 verunt
319 4003 370 4050 et
399 3997 973 4052 adoraueruntomnes
984 4000 1217 4065 pingues
1236 4002 1414 4060 terra;
1437 3997 1701 4067 quoniam

119 4095 271 4134 nemo
306 4081 481 4150 hujus
510 4080 675 4151 adipe
713 4080 982 4134 frumenti
1013 4081 1270 4147 satiatus,
1300 4097 1480 4153 neque
1533 4083 1700 4151 hujus

112 4167 398 4223 dulcedine
427 4169 719 4238 sanguinis
768 4169 974 4223 Christi
1013 4169 1222 4235 ebrius,
1260 4171 1382 4240 jam
1429 4171 1696 4241 repletus,

112 4267 280 4314 cessat
303 4277 339 4313 a
363 4259 531 4313 laude
574 4258 693 4312 Dei.
727 4258 834 4314 Sed
864 4259 1046 4330 qualis
1077 4261 1316 4331 hymnus
1353 4259 1460 4312 iste
1513 4258 1700 4318 fuerit,

1785 3107 1934 3160 modi
1975 3107 2137 3162 verba
2168 3117 2284 3163 tam
2312 3111 2610 3180 diligenter
2635 3129 2916 3182 expressa.
2943 3113 3159 3168 Scimus
3189 3120 3381 3169 tamen

1783 3196 2080 3250 Dominum
2114 3206 2366 3253 nostrum
2396 3201 2588 3254 Jesum
2617 3201 2924 3268 Christum,
2979 3208 3034 3256 et
3078 3208 3210 3257 ante
3240 3204 3382 3259 hanc

1786 3285 2079 3355 mysticam
2113 3292 2168 3340 et
2195 3288 2539 3358 singularem
2570 3307 2786 3344 caenam
2817 3291 2874 3345 in
2921 3291 3087 3345 domo
3132 3291 3382 3347 Matthaei

1785 3374 2120 3440 convivasse,
2173 3377 2431 3432 similiter
2475 3382 2533 3431 et
2576 3379 2633 3432 in
2677 3381 2842 3433 domo
2888 3378 3131 3434 Simonis
3176 3380 3382 3452 leprosi

1785 3461 2078 3531 benignius
2138 3465 2476 3533 recubuisse,
2520 3468 2618 3521 sed
2665 3474 2722 3522 et
2768 3470 2823 3522 in
2873 3469 3039 3523 domo
3101 3471 3283 3526 \lariae
3327 3478 3384 3526 et

1783 3551 2014 3604 Martha:
2044 3568 2168 3604 cum
2201 3553 2409 3608 eisdem
2442 3555 2730 3626 discipulis
2759 3573 3024 3610 manasse.
3068 3557 3132 3611 In
3178 3559 3382 3629 quibus

1785 3639 2052 3694 nimirum
2103 3642 2384 3701 conviviis,
2419 3644 2544 3713 quis
2589 3645 2800 3698 nesciat
2828 3651 3114 3699 auctorem
3149 3647 3288 3712 vitae,
3324 3654 3381 3702 et

1787 3729 2118 3798 Magistrum
2147 3730 2343 3784 salutis
2375 3737 2596 3797 nostrae,
2638 3733 2964 3803 priusquam
2986 3733 3171 3787 cibum
3201 3751 3384 3790 sume-

1787 3822 1892 3881 ret,
1926 3834 2026 3888 pro
2057 3835 2122 3872 eo
2146 3818 2294 3889 quod
2322 3819 2493 3872 homo
2526 3825 2664 3880 erat.
2685 3820 2799 3874 Deo
2829 3821 2980 3874 Patri
3000 3820 3214 3890 gratias
3237 3826 3383 3874 retu-

1786 3905 1935 3970 lisse,
1969 3905 2169 3960 deinde
2199 3913 2325 3976 post
2345 3907 2530 3960 cibum
2561 3924 2626 3960 ex
2665 3925 2820 3961 more
2863 3908 3187 3962 decantasse
3216 3908 3379 3979 hym-

1784 3995 1959 4047 num?
1988 3994 2095 4058 Qui
2136 3995 2403 4048 nimirum
2450 3996 2692 4067 hymnus
2725 3997 2845 4066 jam
2873 4013 2938 4051 ex
2977 3997 3380 4052 consuetudine

1789 4082 2049 4136 omnibus
2079 4093 2247 4138 notus
2280 4090 2402 4137 erat
2430 4090 2488 4138 et
2515 4085 2842 4140 manifestus
2911 4087 3121 4140 Idcirco
3163 4087 3233 4140 ad
3270 4085 3382 4141 alia

1785 4177 2091 4242 properant
2120 4173 2479 4242 evangelista,
2499 4175 2844 4244 superﬂuum
2872 4175 3030 4229 duxit
3055 4192 3184 4229 eum
3212 4175 3383 4246 scrip-

1789 4261 1859 4314 tis
1879 4269 2148 4315 retexere.
2174 4262 2430 4332 Hymnus
2445 4265 2668 4333 proprie
2690 4264 2810 4318 laus
2840 4263 2936 4316 Dei
2965 4269 3076 4331 est;
3109 4279 3210 4317 nec
3231 4264 3382 4317 enim

150 4310 158 4311 ί
177 4310 276 4314 “"’
305 4310 336 4313 ’ν
364 4310 523 4313 """“
574 4310 604 4312 _
632 4310 692 4312 "'
739 4310 754 4314 '
773 4310 834 4313 ‘“
873 4310 1040 4330 'l""“'
1077 4310 1136 4331 _J
1154 4310 1312 4313 ’7"'"'
1355 4310 1453 4312 ““““
1515 4310 1700 4318 “’”“””“⁷
1793 4310 1855 4314 ’““
1880 4310 1894 4313 “
1915 4310 2084 4315 ""_"
2104 4310 2147 4315 "
2174 4310 2249 4332 "J
2269 4310 2499 4332 """"l"
2519 4310 2666 4333 'l""
2690 4310 2809 4318 "w'
2840 4310 2936 4316 —"
2969 4310 3076 4331 "'7
3109 4310 3209 4317 ""
3236 4310 3382 4317 ”““““””

113 4349 417 4422 quibusque
449 4349 628 4403 verbis
656 4349 860 4416 editus,
906 4365 1018 4402 non
1060 4349 1198 4403 satis
1233 4356 1581 4404 monstratur
1631 4348 1701 4403 ab
1722 4310 1870 4403 Dest
1902 4351 2144 4421 hymnus
2182 4349 2291 4403 nisi
2329 4349 2385 4404 in
2419 4367 2528 4420 quo
2560 4352 2706 4404 Deus
2743 4351 3024 4412 laudatur,
3058 4359 3115 4406 et
3152 4369 3284 4405 voce
3321 4351 3382 4406 in

114 4437 213 4491 ullo
265 4439 761 4508 evangelistarum.
811 4438 950 4492 Hinc
998 4444 1054 4493 et
1101 4439 1265 4493 multi
1318 4438 1566 4510 religiosi
1593 4438 1700 4492 viri

113 4535 380 4596 quaerunt,
413 4528 460 4581 si
491 4528 634 4582 forte
662 4534 832 4582 tantae
859 4527 1168 4582 dulcedinis
1199 4528 1339 4594 laus,
1375 4529 1576 4583 saltem
1601 4527 1700 4582 ob-

114 4629 259 4670 scure
289 4617 349 4671 in
382 4617 681 4687 Evangelio
709 4615 909 4670 alicubi
957 4617 1325 4688 conscriptus,
1361 4617 1447 4670 vel
1489 4616 1559 4670 ab
1585 4617 1702 4671 ullo

112 4706 483 4774 apostolorum
514 4706 757 4760 traditus
791 4706 1108 4781 inveniatur
1133 4725 1146 4773 ;
1175 4712 1325 4761 certe
1355 4712 1456 4761 aut
1486 4706 1555 4760 ab
1581 4722 1700 4760 om-

111 4792 263 4848 nibus
292 4801 467 4849 tanta:
487 4796 784 4849 suavitatis
809 4801 1094 4867 tantaeque
1117 4796 1430 4850 dulcedinis
1458 4796 1702 4868 hymnus

111 4881 177 4936 sit
202 4885 610 4954 praetermissus
640 4885 873 4941 curiosae
896 4885 1031 4938 satis
1054 4901 1118 4939 ac
1139 4885 1375 4939 sollicite
1396 4885 1537 4938 seire
1551 4884 1702 4938 desi-

111 4969 319 5037 derant,
352 4974 609 5027 nolentes
630 4973 986 5046 acquiescere
1016 4973 1160 5044 quod
1193 4974 1546 5044 evangelista
1576 4992 1698 5029 om-

110 5074 200 5113 nes
222 5062 327 5115 hoc
351 5063 832 5133 praetermiserim.
859 5063 1015 5117 Unde
1045 5063 1272 5133 quidam
1303 5063 1510 5128 volunt,
1533 5064 1693 5130 hanc,

1783 4440 2006 4494 laudem
2042 4440 2141 4494 Dei
2161 4446 2424 4494 cantatur
2481 4441 2549 4494 Et
2577 4441 2701 4494 ideo
2733 4441 2973 4512 hymnus
3001 4441 3105 4494 iste
3136 4440 3260 4505 fuit,
3285 4439 3381 4511 qui

1783 4530 2116 4583 cantabatur
2145 4529 2258 4582 Deo
2288 4527 2346 4582 in
2373 4528 2629 4582 omnibus
2651 4527 3004 4594 conviviis,in
3032 4527 3231 4598 quibus
3250 4544 3382 4599 quo-

1785 4618 1922 4672 tidie
1948 4623 2250 4672 consuetus
2274 4623 2395 4671 erat
2421 4618 2531 4671 Deo
2547 4616 2697 4670 Patri
2707 4617 2920 4687 gratias
2937 4633 3122 4688 agere,
3140 4623 3196 4671 et
3211 4617 3375 4688 hym-

1787 4724 1924 4762 num
1941 4706 2144 4760 dicere.
2171 4705 2238 4760 Et
2253 4705 2376 4760 ideo
2395 4706 2554 4769 forte,
2575 4706 2722 4776 quod.
2743 4712 2857 4759 tam
2880 4704 3217 4761 creberrime
3246 4723 3380 4778 age-

1783 4795 1951 4851 batur
1981 4794 2222 4850 scribere
2256 4794 2584 4865 postposuit,
2604 4793 3206 4866 utdixi.evangelista;
3239 4813 3380 4868 quo-

1785 4887 1936 4941 niam
1971 4886 2028 4939 in
2049 4885 2301 4939 omnium
2334 4900 2528 4938 eorum
2551 4900 2646 4937 ore
2665 4900 2887 4955 semper
2907 4893 3046 4938 erat.
3067 4885 3186 4949 Quo
3207 4886 3378 4951 dicto,

1784 4975 2056 5029 Exierunt
2085 4977 2148 5026 in
2182 4978 2413 5027 montem
2443 4973 2654 5027 Otiveti.
2673 4974 2752 5027 De
2773 4974 2886 5028 alto
2900 4973 3047 5028 enim
3079 4975 3148 5029 ad
3179 4974 3381 5030 altiora

1782 5063 2183 5118 conscendunt.
2202 5062 2333 5133 quia
2354 5059 2424 5115 de
2457 5063 2661 5116 virtute
2678 5062 2747 5117 ad
2771 5062 3003 5118 virtutes
3034 5081 3129 5118 eos
3158 5081 3380 5136 semper

110 5146 259 5202 illum
290 5167 415 5204 esse
447 5151 739 5221 hymnum,
787 5150 1098 5205 orationem
1166 5151 1478 5206 mirabilem
1528 5170 1697 5224 quam
1779 5152 2097 5206 transducit
2124 5149 2558 5221 benignissimus
2588 5151 2875 5207 Dominus.
2916 5152 3027 5207 Sed
3053 5153 3218 5223 longe
3246 5156 3378 5207 ante

107 5235 344 5293 Joannes
367 5246 787 5305 commemorat,
822 5240 1044 5312 quando
1074 5241 1286 5294 elevato
1314 5242 1467 5295 vultu
1494 5243 1565 5295 ad
1588 5259 1702 5296 cae-
1780 5256 1892 5295 non
1907 5241 2030 5293 dico
2047 5256 2215 5310 quam
2235 5240 2695 5311 hymnus,\'erum
2717 5241 2885 5296 etiam
2903 5258 3071 5313 quam
3095 5240 3381 5313 premissa

108 5325 216 5381 lum
237 5337 362 5384 orat
383 5329 455 5383 ad
487 5330 828 5395 Patrem,ita
850 5329 1120 5400 incipiens
1149 5336 1276 5400 post
1294 5331 1474 5384 multa
1498 5347 1619 5401 quae
1638 5331 1694 5384 in
1783 5329 1981 5392 oratio,
2008 5329 2090 5381 vel
2119 5327 2432 5398 gratiarum
2462 5329 2607 5384 actio
2656 5330 2983 5385 funderetur
3016 5329 3086 5384 ad
3131 5330 3376 5398 Patrem,

109 5430 259 5470 coena
287 5418 508 5473 locutus
536 5424 621 5473 est
647 5418 952 5490 discipulis.
989 5419 1054 5472 Et
1096 5421 1390 5473 subteratz’s
1419 5423 1482 5473 z'n
1510 5423 1700 5473 catum
1785 5417 1954 5470 miser
1977 5416 2149 5470 Judas
2179 5433 2469 5488 possessus
2501 5435 2535 5472 a
2553 5419 2822 5484 daemone,
2847 5417 3014 5474 exivit
3033 5436 3067 5473 a
3097 5419 3379 5474 consortio

108 5510 288 5574 omnis,
330 5510 514 5578 inquit
546 5524 562 5561 :
593 5511 773 5576 Pater,
806 5511 955 5563 venit
1013 5509 1170 5578 hora,
1198 5511 1452 5577 clari/tea
1485 5509 1698 5563 Filium
1784 5506 2162 5579 apostolorum
2187 5507 2438 5564 omnium
2453 5507 2670 5566 alienus
2695 5515 2996 5582 antequam
3019 5508 3088 5566 de
3106 5507 3380 5580 sanguine
