3872 6158
526 264 631 324 899

1394 261 1771 318 PASCHASII
1814 259 2174 317 RADBERTI
2214 255 2516 312 ABBATIS
2555 253 3046 310 CORBEIENSIS.
3625 260 3704 317 an

530 393 737 449 Christi
768 391 1228 454 communicaret,
1258 393 1324 442 ut
1348 385 1658 457 gratiarum
1704 384 1869 446 actio,
1897 391 1954 438 et
1989 385 2113 437 laus
2132 380 2423 450 Aregione
2454 377 2667 433 umbrae
2692 377 2889 432 mortis
2919 379 3238 432 scandalum
3269 385 3305 444 1
3331 385 3493 446 I05
3513 387 3707 454 perpessi

525 500 626 555 pro
655 483 790 554 ipsis
819 487 966 537 esset
994 488 1049 535 et
1072 481 1131 534 in
1154 479 1288 549 ipsis
1316 475 1464 528 dicta
1485 473 1578 544 qui
1599 490 1724 527 cum
1742 473 1976 527 Domino
1998 489 2118 544 per-

530 571 782 626 mansuri
809 577 972 634 erant
987 571 1104 639 jam
1131 584 1184 620 in
1216 567 1328 619 vita
1357 563 1537 628 beati;
1571 562 1730 633 quasi
1763 562 1818 614 hi
1857 562 1960 615 soli
1984 561 2116 615 bea-

527 663 572 716 ti
593 662 896 716 creduntur
927 659 1020 728 qui
1052 673 1174 710 cum
1206 671 1270 708 eo
1297 650 1581 706 ascensuri
1610 657 1742 704 sunt
1769 651 1826 703 in
1871 656 2117 703 montem

527 751 747 813 Oliveti,
772 748 863 802 ubi
895 747 1147 800 laborum
1178 749 1262 797 est
1282 741 1528 806 refectio,
1547 739 1754 794 doldris
1774 745 1859 794 est
1879 739 2115 809 requies,

527 846 583 893 et
611 837 724 891 veri
759 835 986 890 luminis
1017 832 1234 887 notitia.

603 929 753 981 Tunc
774 927 907 978 dicit
930 925 1045 976 illis
1065 924 1252 976 Jesus:
1281 920 1476 975 Omnes
1492 934 1578 972 vos
1594 919 1920 972 scandalum
1939 918 2114 985 patie-

522 1013 676 1067 mini
695 1013 757 1065 in
783 1029 864 1064 me
885 1013 946 1063 in
971 1013 1077 1063 ista
1109 1014 1276 1062 nocte.
1327 1005 1670 1061 Praevidebat
1698 1011 1888 1060 autem
1928 1005 2116 1058 omnia

522 1093 586 1155 ut
611 1100 780 1158 Deus,
815 1105 873 1152 et
902 1097 1151 1170 praedicit
1166 1096 1310 1168 quod
1333 1095 1550 1167 passuri
1583 1094 1818 1149 erantin
1843 1094 2110 1164 proximo,

523 1189 667 1245 sicut
715 1187 979 1260 providus
1030 1186 1315 1256 Magister,
1352 1190 1414 1238 ut
1459 1199 1584 1237 cum
1617 1183 1765 1254 passi
1808 1181 2018 1236 fuerint
2047 1197 2116 1236 ne

523 1279 825 1350 desperent
843 1277 1103 1337 salutem,
1137 1275 1231 1328 sed
1265 1273 1498 1327 redeant
1519 1289 1618 1343 per
1640 1271 2118 1343 poenitentiam,ut

523 1367 834 1421 liberentur
853 1381 888 1418 a
914 1363 1173 1418 seandalo
1203 1361 1575 1429 inﬁdelitatis,
1639 1368 1669 1425 Ι
1697 1365 1873 1425 .04
1907 1366 1964 1413 et
1992 1359 2116 1413 ideo

527 1471 656 1507 mox
685 1453 902 1506 addidit
943 1451 1325 1505 testimonium
1359 1447 1691 1520 prophetiae;
1717 1447 1862 1517 quod
1898 1447 2118 1501 evenire

524 1558 633 1596 non
665 1547 902 1612 poterat,
947 1556 1018 1593 ne
1059 1541 1260 1592 ﬁerent
1293 1543 1346 1592 et
1377 1537 1791 1608 complerentur
1814 1535 2023 1600 omnia,
2055 1539 2121 1589 ut

525 1631 790 1704 praedicta
843 1634 1020 1683 erant.
1058 1627 1290 1692 Quibus,
1345 1631 1410 1681 ut
1435 1625 1875 1687 consolarentur,
1918 1625 2114 1677 saltem

2199 478 2330 523 sunt
2359 467 2692 532 formidinis,
2720 467 2815 521 lux
2845 468 2926 521 eis
2955 467 3166 521 oriatur
3190 467 3258 521 de
3286 476 3453 523 morte
3477 471 3646 526 Christi
3667 474 3708 527 in
3766 501 3768 503 >

2198 555 2708 626 transmigratione.

2269 646 2618 714 Respondens
2654 649 2840 697 autem
2877 646 3088 704 Petrus,
3119 647 3259 699 dixit
3287 649 3337 699 ei
3366 662 3381 696 :
3427 647 3486 700 Et
3509 650 3552 700 si
3573 665 3712 702 omnes

2199 734 2782 800 scandalizatifuerint
2800 735 2862 786 in
2878 739 3038 801 te,ego
3053 750 3339 802 nunquam
3350 738 3712 792 scandatisabor.

2202 823 2318 876 Hoc
2343 822 2550 892 quippe
2580 821 2648 874 de
2667 821 2866 875 ardore
2894 821 3025 876 ﬁdei
3057 839 3252 892 magis,
3279 839 3437 893 quam
3465 841 3522 878 ex
3540 828 3715 880 temeri-

2198 918 2314 965 tate
2344 911 2428 964 vel
2459 909 2770 976 mendacio,
2792 918 3064 981 quantum
3102 911 3157 964 in
3184 927 3286 965 sua
3304 912 3406 969 fuit
3423 913 3711 980 conscientia,

2197 1000 2423 1055 omnino
2453 999 2606 1053 dicit.
2639 999 2795 1053 Facit
2821 1001 2972 1054 enim
3003 1001 3106 1054 hoc
3133 1001 3281 1056 circa
3298 1002 3464 1057 Deum
3481 1003 3714 1074 impatiens

2197 1089 2446 1151 affectus,
2477 1094 2534 1142 et
2579 1105 2690 1142 non
2732 1089 2927 1142 levitas
2985 1090 3210 1143 mentis.
3253 1091 3317 1144 Et
3345 1094 3421 1144 ait
3459 1095 3540 1145 illi
3562 1095 3711 1146 Jesus:

2197 1182 2370 1234 Amen
2401 1179 2521 1232 dico
2545 1179 2665 1244 tibi,
2695 1181 2829 1246 quia
2849 1180 2913 1232 in
2940 1179 3043 1232 hac
3079 1184 3248 1242 nocte,
3278 1183 3554 1248 antequam
3580 1184 3714 1246 gallus

2199 1272 2396 1330 cantet,
2424 1271 2505 1319 ter
2526 1283 2610 1319 me
2636 1268 2874 1333 negabis.
2898 1265 3167 1319 Dominus
3183 1266 3406 1336 quidem
3431 1267 3654 1336 loquitur.
3670 1273 3714 1321 ut

2200 1356 2368 1418 Deus,
2393 1355 2488 1426 qui
2517 1355 2671 1408 novit
2701 1354 2893 1407 omnia
2925 1361 3227 1424 antequam
3256 1355 3393 1408 ﬁant
3422 1370 3432 1405 :
3459 1355 3628 1408 Petrus
3648 1372 3718 1407 au-

2200 1451 2314 1500 tem
2334 1451 2398 1498 ut
2421 1443 2749 1514 homo,quia
2771 1447 2950 1496 omnis
2966 1445 3124 1496 homo
3141 1445 3382 1497 mendax
3402 1444 3546 1506 (Psal.
3569 1444 3715 1513 cva).

2200 1534 2273 1589 Et
2300 1535 2426 1588 ideo
2457 1534 2535 1586 ait
2564 1548 2576 1582 :
2602 1533 2665 1588 Si
2687 1549 2770 1585 me
2799 1536 3105 1600 oportuerit
3127 1536 3278 1586 muri
3302 1536 3718 1595 tecum,nontene-

2200 1625 2626 1692 gabo,similiter
2641 1627 2687 1673 et
2703 1636 2889 1673 omnes
2900 1622 3167 1689 discipuli
3182 1620 3718 1674 direrunlNe’ctamen

525 1696 655 1792 post
702 1721 890 1788 fugam
918 1724 972 1770 et
1018 1715 1341 1769 scandalum
1375 1713 1517 1767 tanti
1547 1714 1785 1784 pavoris,
1821 1720 1877 1766 et
1903 1696 2174 1783 disper-B
2200 1712 2325 1766 ideo
2372 1715 2542 1780 negat
2584 1710 2802 1771 Petrus,
2837 1709 2968 1780 quia
3019 1710 3296 1764 Dominus
3336 1709 3465 1763 illud
3510 1710 3717 1780 praedicit,

525 1811 741 1865 sionem
761 1808 945 1862 nimiae
972 1805 1383 1877 trepidationis,
1398 1804 1662 1858 continuo
1682 1803 1920 1873 subjecit
1945 1822 1953 1855 :
1979 1803 2115 1856 Cum

527 1905 708 1953 autem
733 1895 1352 1964 surrexerapra'cedam
1386 1911 1471 1946 vos
1497 1896 1556 1947 in
1585 1891 1889 1948 Galila’air.
1910 1890 1966 1944 Si
1992 1888 2116 1961 quis

524 1989 714 2041 autem
748 1990 961 2056 quaerat
989 1989 1116 2056 post
1138 1987 1296 2037 tanta
1328 1987 1385 2035 et
1404 1981 1540 2035 talia
1570 1981 1839 2034 virtutum
1861 1979 2040 2048 signa.
2060 1983 2118 2031 et

524 2076 781 2149 prodigia
805 2074 1224 2137 miraculorum,
1253 2077 1377 2142 post
1395 2075 1480 2124 tot
1502 2070 1856 2127 documenta.
1878 2075 1933 2121 et
1957 2068 2119 2120 innu—

524 2181 680 2220 mera
706 2161 1117 2235 praedicationis
1147 2159 1353 2214 Christi
1386 2165 1755 2217 sacramenta,
1779 2155 2117 2224 deitatisque

525 2271 695 2325 opera
749 2259 806 2306 et
862 2250 1132 2321 exempla.
1170 2248 1449 2320 quomodo
1481 2245 1737 2316 discipuli
1779 2253 1894 2299 tam
1932 2243 2116 2298 subito

525 2341 975 2396 scandalizantur
1001 2338 1120 2392 sine
1149 2338 1266 2391 ulla
1294 2335 1497 2390 mentis
1526 2333 1997 2397 constantia,sine
2027 2331 2117 2385 ul-

530 2431 641 2486 lius
688 2431 875 2500 vigore
928 2426 1313 2481 fortitudinis?
1366 2424 1482 2478 Scit
1520 2424 1673 2494 quia,
1730 2423 1896 2477 Ncmo
1948 2425 2116 2490 potest

527 2523 704 2574 dicere
733 2519 1032 2572 Dominum
1061 2518 1264 2577 Jesum,
1292 2516 1406 2566 nisi
1437 2517 1496 2565 in
1525 2511 1743 2579 Spiritu
1774 2515 1958 2564 sancto
1990 2529 2005 2563 :
2039 2508 2117 2563 sic

528 2623 693 2662 nemo
722 2612 907 2678 potest
921 2605 1042 2658 sine
1067 2601 1330 2656 seandalo
1348 2606 1504 2655 tanta
1516 2606 1573 2653 et
1601 2598 1923 2669 hujusmodi
1955 2598 2121 2652 susti-

528 2714 682 2762 nere,
710 2694 817 2750 nisi
848 2694 1089 2765 Spiritus
1113 2691 1292 2747 sancti
1319 2689 1521 2761 gratia.
1551 2688 1800 2742 Necdum
1823 2688 1970 2742 enim
2001 2692 2124 2742 erat

530 2786 773 2857 Spiritus
801 2789 1026 2838 sanctus
1055 2780 1380 2850 datus,quia
1407 2779 1570 2833 Jesus
1602 2777 1836 2831 necdum
1867 2783 1989 2830 erat
2004 2777 2121 2846 glo-

2198 1800 2294 1854 sed
2326 1798 2449 1852 ideo
2483 1797 2698 1851 Veritas
2731 1798 2812 1850 ait
2841 1789 2987 1868 qudd
3018 1797 3279 1852 futurum
3311 1801 3445 1850 erat.
3467 1797 3582 1868 quia
3610 1797 3720 1850 Veri-

2197 1893 2284 1940 tas
2298 1893 2385 1940 est
2411 1893 2468 1940 et
2487 1886 2605 1939 falli
2631 1902 2740 1940 non
2772 1891 2956 1956 potest
3002 1886 3158 1940 Sicut
3189 1887 3594 1940 necideoomnis
3608 1887 3720 1938 homo

2199 1977 2454 2038 tuendam,
2508 1975 2640 2046 quia
2697 1976 2976 2045 Propheta
3022 1975 3126 2028 hoc
3178 1976 3278 2040 ait,
3314 1981 3369 2028 et
3405 1991 3509 2029 non
3538 1973 3721 2045 praecipit

2201 2078 2421 2116 omnem
2451 2061 2736 2114 hominem
2767 2077 2888 2114 esse
2937 2061 3289 2126 mendacem,
3331 2061 3426 2116 sed
3469 2061 3722 2132 pronuntiat

2201 2152 2348 2223 quod
2373 2167 2568 2204 verum
2599 2157 2706 2218 est,
2731 2157 2786 2204 et
2815 2151 2950 2204 dicit
2977 2151 3388 2217 universaliter,
3425 2151 3592 2205 Omnis
3611 2150 3720 2202 homo

2202 2243 2455 2296 mendax.
2515 2239 2619 2294 Ubi
2675 2240 3022 2294 demonstrat
3051 2241 3340 2296 Christum
3370 2240 3628 2311 plusquam
3651 2237 3720 2289 ho-

2199 2330 2408 2386 minem
2434 2346 2578 2399 esse,
2604 2335 2670 2385 ut
2688 2330 2807 2401 ipse
2840 2331 3012 2384 solus.
3043 2330 3178 2401 quia
3211 2331 3362 2384 Deus
3387 2337 3483 2386 est.
3498 2329 3562 2382 sit
3577 2343 3714 2381 verax.

2200 2421 2308 2476 Sed
2330 2421 2527 2474 Petrus
2560 2419 2734 2474 nimio
2763 2419 2978 2473 fervore
3005 2419 3152 2478 ﬁdei.
3175 2424 3233 2473 et
3262 2435 3451 2473 amore
3470 2433 3720 2477 succensus,

2201 2525 2313 2564 non
2342 2509 2476 2563 satis
2505 2509 2839 2568 considerat,
2874 2507 3005 2578 quia
3033 2507 3126 2579 qui
3156 2508 3336 2562 dixit:
3362 2509 3466 2576 Ego
3492 2523 3597 2561 sum
3620 2506 3722 2557 ceri-

2204 2604 2284 2651 tas
2308 2600 2491 2665 (Joan.
2509 2599 2718 2663 xrv,6),
2749 2597 2978 2650 mentiri
3005 2612 3114 2650 non
3145 2603 3350 2668 potest.
3371 2597 3583 2667 Propter
3599 2591 3720 2663 quod,

2203 2692 2267 2740 ut
2288 2686 2523 2744 aestimo.
2539 2685 2670 2756 quia
2692 2685 2896 2756 reliqui
2925 2685 3185 2756 discipuli
3218 2703 3330 2740 non
3361 2691 3564 2739 tantum
3582 2687 3724 2736 contra

2203 2775 2498 2829 veritatem
2527 2773 2609 2828 ire
2636 2781 2984 2846 praesumunt
3035 2775 3394 2829 scandalizati
3421 2781 3542 2828 sunt
3557 2777 3723 2826 tantum

524 2873 792 2928 riﬁcatus.
829 2872 897 2925 Et
924 2870 1049 2924 ideo
1089 2869 1350 2940 providus
1378 2865 2016 2937 dispensatorChristus,
2041 2864 2120 2918 sic
2201 2864 2256 2917 in
2287 2865 2476 2918 Jesum
2515 2882 2526 2915 :
2559 2863 2758 2918 Petrus
2787 2871 2974 2918 autem
3007 2863 3141 2935 quia
3161 2880 3366 2935 parum
3395 2863 3540 2918 duxit
3562 2861 3600 2915 si
3617 2875 3728 2913 men-

522 2963 784 3018 universa
813 2958 1079 3029 disponit,
1109 2965 1172 3011 ut
1211 2958 1329 3027 ipse
1360 2971 1503 3009 unus
1538 2971 1636 3025 pro
1663 2954 1920 3007 omnibus
1942 2971 2124 3033 appa-I
2200 2953 2996 3023 tireturChristus,cogitabat
3025 2953 3168 3007 forte
3201 2971 3330 3008 eum
3362 2953 3530 3023 magis
3555 2945 3725 3003 mentiri

527 3056 650 3105 reat
679 3053 968 3120 passus,et
995 3062 1160 3099 nemo
1177 3046 1246 3098 de
1279 3061 1336 3098 se
1367 3049 1701 3114 praesumat;
1737 3043 1867 3113 quia
1897 3044 2108 3096 solum-
2134 3038 2176 3097 C
2203 3059 2384 3112 posse,
2413 3059 2580 3112 quam
2611 3041 2716 3095 sibi
2745 3042 2911 3095 aliter
2943 3043 3184 3103 evenire,
3222 3059 3389 3113 quam
3417 3042 3514 3095 hoc
3539 3037 3658 3110 quod
3685 3037 3725 3088 in

527 3139 712 3202 modo,
743 3135 837 3207 qui
869 3133 1081 3206 Spiritu
1104 3133 1197 3187 Dei
1227 3139 1488 3202 aguntur,
1526 3131 1582 3184 hi
1609 3138 1740 3184 sunt
1768 3140 1987 3184 tantum
2020 3132 2119 3185 Dei
2203 3131 2367 3185 corde
2392 3130 3032 3201 gerebat.ldcirco,quia
3053 3131 3280 3185 incaute
3312 3132 3379 3185 de
3404 3147 3459 3184 se
3478 3123 3725 3199 praesumit,

525 3225 647 3289 ﬁlii,
678 3230 736 3278 et
767 3228 1098 3294 permanent
1124 3221 1181 3274 in
1211 3221 1334 3274 ﬁde.
1355 3220 1424 3273 Et
1451 3219 1757 3273 notandum
1791 3220 1936 3290 quod
1967 3220 2120 3273 addi-
2203 3225 2259 3272 et
2281 3220 2497 3274 caeteris
2525 3220 2581 3273 in
2620 3219 2729 3273 ﬁde
2776 3236 2835 3273 se
2877 3221 3190 3290 anteponit.
3242 3237 3346 3274 nec
3385 3217 3603 3273 intendit
3626 3213 3724 3267 satis

527 3313 613 3368 dit
641 3313 917 3372 Salvator,
951 3312 1018 3365 In
1048 3315 1152 3363 ista
1197 3314 1362 3373 nocte,
1417 3314 1480 3362 ut
1526 3309 1715 3374 scires,
1750 3309 1896 3362 sicut
1949 3325 2117 3378 quam
2202 3309 2352 3380 quod
2379 3309 2598 3362 Veritas
2628 3313 2714 3362 est
2743 3308 2837 3379 qui
2868 3309 2921 3362 ei
2961 3308 3068 3362 ista
3098 3309 3253 3365 dicit.
3287 3325 3397 3363 non
3435 3307 3594 3361 solum
3615 3316 3726 3356 sam-

525 3413 672 3473 saepe
701 3400 813 3454 dixi
842 3400 899 3453 in
933 3398 1039 3464 his,
1074 3397 1222 3469 quod
1255 3395 1397 3450 nihil
1429 3401 1588 3451 vacat
1616 3414 1648 3450 a
1687 3397 1974 3467 mysterio,
2006 3413 2118 3450 non
2199 3397 2468 3453 daliza'tus
2494 3404 2599 3463 est,
2624 3403 2688 3451 ut
2712 3397 2915 3463 caeteri,
2943 3414 3134 3452 verum
3165 3397 3338 3452 etiam
3358 3396 3626 3452 derelictus
3637 3407 3726 3462 pro-

526 3499 770 3563 tempus.
795 3506 905 3543 non
934 3489 1106 3554 locus,
1130 3503 1241 3541 non
1272 3487 1427 3553 ordo,
1450 3503 1563 3540 non
1592 3487 1706 3541 ulla
1736 3486 1912 3540 sancti
1942 3487 2119 3540 Evan-
2199 3495 2323 3558 pter
2337 3486 2672 3541 temeritatis
2688 3486 3004 3551 audaciam,
3024 3493 3087 3542 ut
3112 3493 3200 3541 ter
3215 3493 3447 3558 negaret
3464 3483 3723 3539 Dominum.

523 3580 657 3652 gelii
687 3578 934 3633 narratio
979 3577 1085 3641 Qui
1114 3575 1257 3630 sicut
1285 3576 1380 3647 qui
1400 3575 1768 3637 inebriantur,
1793 3581 1935 3629 teste
1965 3575 2116 3629 Scri-
2200 3577 2268 3630 Et
2296 3575 2343 3629 si
2372 3576 2675 3646 diligenter
2702 3577 3050 3648 perspexeris
3073 3578 3330 3632 omnium
3365 3584 3587 3647 quatuor
3606 3585 3726 3626 evan-

523 3676 708 3743 ptura,
760 3674 922 3722 nocte
950 3665 1303 3720 inebriantur
1336 3683 1348 3718 :
1382 3664 1462 3719 ita
1499 3670 1555 3719 et
1595 3665 1689 3734 qui
1731 3663 1995 3717 scandala
2026 3681 2119 3735 pa-
2198 3664 2525 3736 gelistarum
2558 3665 2627 3719 de
2653 3665 2757 3719 hac
2782 3682 2841 3719 re
2885 3667 3215 3730 sententias,
3247 3666 3388 3720 forte
3414 3662 3631 3718 invenies
3651 3667 3728 3712 ter-

523 3758 762 3823 tiuntur,
786 3762 947 3811 nocte
973 3753 1442 3817 scandalizantur,
1479 3753 1572 3824 qui
1604 3753 1662 3806 in
1694 3751 1940 3806 tenebris
1987 3757 2121 3807 sunt
2201 3754 2278 3808 tio
2325 3758 2642 3825 permotum
2685 3755 2914 3808 Petrum
2963 3771 3028 3808 ex
3059 3755 3285 3809 Domini
3313 3753 3510 3822 verbis,
3549 3757 3602 3806 ut
3626 3752 3727 3803 hanc

523 3855 581 3904 et
604 3845 924 3919 ignorantia
951 3843 1149 3898 noctis.
1182 3843 1256 3896 At
1283 3860 1412 3897 vero
1443 3841 1540 3914 qui
1563 3841 1674 3896 diei
1703 3848 1836 3895 sunt
1860 3849 1916 3896 et
1952 3841 2121 3895 lumi-
2206 3845 2482 3915 proferret
2523 3860 2649 3898 cum
2692 3844 2952 3913 Domino,
2981 3844 3062 3897 vel
3101 3861 3203 3915 pro
3252 3845 3483 3899 Domino
3514 3835 3729 3896 moriendi

524 3937 633 4002 nis,
656 3953 766 3990 non
795 3933 1102 3998 oﬁ‘endunt,
1136 3949 1201 3986 eo
1233 3932 1380 4002 quod
1406 3948 1513 3985 nox
1534 3931 1644 3985 illis
1673 3931 1974 4002 praecessit,
2005 3931 2123 3984 dies
2205 3933 2878 4004 prmsumptionem.Nam
2903 3934 3191 3987 ilatthaeus
3212 3940 3268 3987 et
3287 3935 3497 3988 Marcus
3511 3936 3728 3985 unoteno-

524 4032 716 4080 autem
747 4021 1409 4096 appropinquavit.Unde
1441 4021 1700 4075 Salvator
1721 4020 1802 4073 ait
1833 4037 1844 4073 :
1881 4021 1988 4086 Qui
2007 4036 2124 4073 ατη·
2203 4039 2264 4076 re
2293 4021 2360 4075 de
2381 4021 2485 4075 hoc
2501 4021 2721 4085 dicunt;
2752 4021 2929 4074 Lucas
2960 4039 3090 4075 vero
3121 4029 3178 4076 et
3197 4023 3440 4077 Joannes
3471 4016 3667 4074 diverSis
3687 4015 3725 4066 in

527 4115 680 4166 bulat
703 4117 765 4166 in
794 4115 900 4177 die,
930 4127 1041 4164 non
1070 4112 1312 4177 o/[endiL
1347 4109 1503 4174 Quod
1535 4115 1723 4162 autem
1752 4107 2020 4178 scriptum
2042 4106 2122 4160 di-
2202 4109 2336 4164 locis
2377 4111 2555 4181 magis
2585 4115 2791 4180 cogunt
2820 4110 3058 4180 intelligi
3088 4110 3312 4175 debere,
3347 4119 3429 4165 ter
3465 4127 3578 4165 eum
3624 4108 3727 4158 hanc

523 4199 599 4255 cit
628 4211 768 4259 esse,
797 4202 1112 4253 Pcrcutia-m
1147 4204 1420 4266 pastorem
1469 4200 1650 4265 (Joan.
1683 4211 1754 4262 x1,
1791 4195 1867 4264 9),
1909 4202 1967 4248 et
2008 4211 2118 4248 non
2201 4199 2693 4270 praesumptionem
2724 4200 3052 4269 protulisse,
3067 4205 3124 4253 et
3153 4207 3241 4254 ter
3269 4218 3302 4254 a
3332 4200 3554 4255 Domino
3581 4195 3642 4248 illi
3669 4207 3727 4244 re-

523 4289 661 4343 dicit
687 4288 802 4353 ubi,
825 4287 1048 4341 videtur
1077 4304 1305 4341 sensum
1321 4287 1596 4358 accepisse
1617 4288 1686 4340 de
1716 4285 1978 4339 Zacharia
1995 4301 2178 4360 pro-n
2199 4304 2463 4358 sponsum
2501 4304 2641 4353 esse,
2673 4289 2820 4358 quod
2854 4305 2980 4342 eum
3052 4296 3356 4360 antequam
3400 4289 3565 4360 gallus
3587 4287 3728 4338 canta-

522 4377 713 4450 pheta,
749 4382 805 4430 et
847 4391 958 4430 non
989 4376 1391 4446 proprietatem
1426 4376 1723 4440 dictorum,
1759 4376 1891 4446 quia
1931 4374 2009 4429 ibi
2053 4343 2304 4443 exuret,
2337 4382 2486 4432 esset
2505 4383 2593 4432 ter
2612 4384 2935 4448 negaturus.
2960 4378 3156 4450 Neque
3185 4343 3640 4432 animinccredibile
3662 4369 3728 4421 de-

522 4481 765 4538 persona
785 4464 1068 4536 propheta:
1094 4463 1163 4516 ad
1202 4463 1377 4516 Deum
1409 4462 1630 4530 dicitur,
1666 4470 1892 4535 percute
1921 4467 2116 4535 pasto-
2198 4466 2294 4520 bet
2318 4466 2508 4532 videri,
2535 4466 2810 4521 distinctis
2833 4466 3161 4538 quantisper
3187 4473 3497 4538 temporum
3524 4455 3726 4516 interval-

522 4573 662 4622 rem,
694 4555 782 4608 hic
817 4559 1007 4608 autem
1036 4551 1211 4623 ipsius
1251 4552 1351 4606 Dei
1381 4551 1564 4606 Patris
1593 4569 1832 4624 persona
1868 4553 2118 4608 introdu-
2197 4555 2284 4624 lis,
2318 4557 2550 4610 Petrum
2577 4559 2920 4610 commOtum
2960 4555 3130 4610 fuisse
3192 4563 3229 4622 |
3254 4561 3434 4623 [06
3467 4554 3532 4607 ad
3566 4561 3725 4622 praesu-

524 4643 675 4700 citur
694 4641 899 4697 dixisse
932 4660 942 4694 ε
975 4643 1286 4696 Percutiam
1308 4645 1604 4710 pastorem,
1640 4643 1709 4696 de
1735 4659 1843 4713 quo
1875 4643 1934 4698 in
1963 4642 2114 4696 Psal-
2199 4645 2466 4699 mendum
2497 4662 2563 4699 ex
2594 4645 2816 4699 Domini
2845 4643 3046 4710 verbis,
3073 4645 3220 4700 sicut
3243 4651 3301 4699 et
3328 4645 3402 4699 ad
3444 4638 3722 4713 negandum.

524 4750 618 4788 mo
645 4732 850 4787 dicitur
889 4745 901 4779 :
930 4731 1204 4798 Quoniam
1234 4747 1391 4800 quem
1425 4736 1484 4784 tu
1511 4734 1828 4800 percussisti
1850 4733 2120 4801 persecuti
2203 4733 2543 4803 quibuslibet
2570 4750 2635 4787 ex
2682 4733 2863 4791 dictis.
2917 4735 3114 4805 Neque
3159 4734 3456 4789 absurdum
3480 4730 3662 4785 videtur
3689 4720 3725 4774 ei

522 4827 655 4878 sunt
697 4823 859 4890 (Psat.
903 4832 1095 4883 vam,
1141 4818 1252 4889 27).
1300 4821 1415 4875 Nec
1453 4820 1626 4892 igitur
1658 4821 1863 4875 mirum
1892 4820 1939 4874 si
1971 4819 2122 4874 dicat
2203 4823 2505 4878 Dominum
2528 4822 2608 4877 sic
2632 4827 2718 4878 ter
2737 4823 3110 4894 respondisse,
3145 4821 3575 4895 quandoquidem
3595 4815 3724 4870 etiam

523 4914 674 4969 Deus
726 4912 894 4968 Pater
943 4917 1236 4985 percutere
1264 4929 1323 4966 se
1349 4916 1652 4983 pastorem.
1683 4909 1741 4964 id
1783 4915 1868 4964 est
1917 4909 2123 4965 Filium
2205 4911 2528 4976 contextim,
2556 4912 2726 4966 nullis
2755 4912 2878 4966 aliis
2908 4912 3254 4982 interpositis
3284 4912 3462 4967 rebus.
3481 4913 3566 4962 aut
3591 4899 3726 4956 verbis

532 5009 697 5058 suum
729 5002 784 5056 in
814 4997 1074 5062 mortem,
1103 5001 1199 5072 qui
1233 5017 1332 5071 pro
1386 5000 1547 5054 nobis
1594 4998 1852 5054 omnibus
1895 4998 2126 5053 tradidit
2205 5003 2333 5071 post
2355 4999 2820 5055 resurrectionem
2848 5005 2936 5054 ter
2954 5001 3111 5054 illum
3132 5001 3495 5068 interrogasse
3513 4993 3722 5065 legimus.

525 5110 653 5148 eum
701 5092 758 5145 in
804 5091 1140 5162 passionem.
1177 5091 1371 5160 Neque
1402 5091 1607 5144 mirum
1639 5089 1685 5144 si
1727 5088 2144 5159 dispergantur_
2203 5093 2395 5143 utrum
2427 5105 2555 5142 eum
2598 5094 2768 5144 amet.
2799 5095 2994 5160 terque
3027 5089 3259 5144 Petrum
3309 5085 3646 5159 respondisse;
3672 5091 3719 5130 ac

527 5199 656 5236 oves
708 5179 896 5252 gregis
941 5197 1042 5251 pro
1099 5197 1200 5234 sua
1245 5179 1574 5234 inﬁrmitate
1624 5179 1925 5233 admodum
1970 5176 2121 5249 passi
2203 5177 2425 5241 deinde,
2458 5183 2548 5232 ter
2568 5178 2636 5232 de
2676 5179 2968 5250 pascendis
2991 5179 3186 5234 ovibus
3211 5179 3258 5233 ei
3284 5184 3591 5250 praeceptum
3617 5179 3721 5222 esse.

530 5269 856 5325 scandalum
872 5269 1112 5333 timoris,
1134 5267 1431 5323 utdemum
1449 5267 1924 5338 congregenturin
1944 5281 2121 5321 unum
2209 5267 2562 5339 Quapropter
2615 5272 2670 5322 et
2706 5267 2852 5339 patri
2881 5269 3194 5340 Augustino
3222 5266 3521 5323 credibilius
3556 5262 3638 5315 hoc
3665 5255 3724 5308 ita

528 5363 858 5426 resurgente
889 5356 1132 5426 Christo,
1168 5360 1223 5409 et
1264 5363 1572 5425 sequantur
1600 5371 1728 5408 eum
1758 5355 1816 5408 in
1846 5354 2131 5409 Galilaeam
2215 5372 2336 5410 esse
2365 5355 2603 5421 videtur,
2630 5362 2718 5411 ter
2745 5372 2872 5412 eum
2901 5357 3124 5413 incaute
3154 5343 3723 5428 praesumpsisse,etideo

524 5445 801 5515 gentium,
819 5445 933 5501 ubi.
959 5445 1090 5516 quia
1111 5445 1166 5498 in
1197 5444 1445 5499 tenebris
1467 5444 1732 5514 fugerunt
1755 5459 1948 5498 omnes
1973 5445 2136 5514 juxta
2216 5444 2283 5497 de
2309 5443 2460 5499 trina
2485 5461 2586 5499 sua
2617 5446 2915 5516 negatione
2939 5453 3028 5501 ter
3057 5463 3090 5501 a
3115 5445 3346 5501 Domino
3366 5443 3581 5500 audisse,
3616 5433 3722 5486 sic“t

522 5533 898 5606 Prophetam,
945 5534 1132 5592 videat
1173 5534 1364 5591 lumen
1427 5546 1715 5604 magnum.
1775 5533 1846 5590 Et
1890 5533 2022 5605 quia
2076 5532 2135 5588 in
2216 5545 2283 5590 ex
2308 5533 2445 5606 ipsis
2474 5535 2941 5608 evangelistarum
2969 5536 3443 5610 verbis,lector,et
3464 5527 3611 5586 dehis
3633 5532 3723 5593 qui?
