3872 6158
112 224 223 277 901

857 205 1232 274 ICXPOSITIO
1275 216 1347 270 1x
1391 215 1829 270 MAT’I‘HEUM.
1868 248 1928 259 -
1973 219 2104 273 LIB.
2150 219 2268 284 ΧΠ,
2315 219 2470 271 CAP.
2519 220 2709 274 XXVI.

3299 227 3402 283 90'2

115 365 155 402 a
185 348 433 403 Domino
461 346 612 399 dicta
651 348 1182 398 commemorantur.
1220 343 1340 412 ipse
1369 342 1440 395 ad
1491 343 1717 412 plenum
1738 344 1781 400 Λ
1805 358 1931 396 rum
1961 343 2132 397 etiam
2182 348 2235 397 et
2267 343 2468 413 reliqui
2499 343 2736 414 apostoli
2766 345 3020 414 permissi
3069 353 3201 402 sunt
3227 349 3308 402 ire
3337 351 3397 404 in

114 435 702 508 poteriscognoscere.
727 433 798 487 Et
820 438 883 486 ut
914 432 1102 502 paucis
1129 431 1186 483 id
1213 431 1522 491 ostendam,
1557 429 1727 484 babes

115 525 177 579 in
212 527 452 588 Joanne,
495 537 622 578 cum
669 521 900 576 dixisset
946 521 1239 576 Salvator:
1293 521 1497 584 Iv'ilioli,
1546 520 1728 572 adhuc

115 617 407 670 modicum
436 615 706 667 vobiscum
737 627 864 664 sum
896 629 912 664 :
941 613 1194 678 querelis
1227 625 1311 662 me
1339 615 1388 662 et
1434 611 1576 662 sicut
1604 609 1727 661 dixi

111 707 349 763 Iudaeis.
382 719 488 772 quo
516 719 607 769 ego
632 703 766 755 mdo
796 717 883 754 vos
913 715 1025 753 non
1073 700 1294 767 potestis
1322 701 1508 752 venire
1542 700 1722 760 (Joan.

114 805 249 854 xm,
267 789 356 846 33.
376 788 462 851 36,
489 788 596 844 37..
622 787 836 853 Quibus
866 787 1108 858 profecto
1139 787 1338 841 Petrus
1373 785 1556 838 verbis
1576 801 1726 838 com-

114 885 334 943 motus,
364 878 506 933 dixit
530 878 581 932 ei
613 896 624 930 :
657 880 904 941 Domine,
934 893 1039 946 quo
1063 878 1218 929 vadis
1243 882 1266 928 ?
1296 875 1399 930 Cui
1430 875 1718 928 Dominus:

114 970 237 1036 Quo
270 985 363 1036 ego
383 969 536 1030 vado,
575 983 683 1020 non
707 971 850 1034 poles
878 981 962 1018 me
983 967 1138 1019 modo
1164 969 1316 1034 sequi
1323 966 1589 1032 ,sequeris
1618 979 1723 1016 au-

115 1063 227 1111 tem
265 1063 465 1126 postea.
481 1057 638 1110 Tunc
662 1054 863 1109 Petrus
888 1072 900 1107 :
925 1056 1104 1121 Quare
1132 1070 1242 1107 non
1259 1070 1497 1122 possum,
1517 1052 1718 1123 inquit,

116 1151 283 1214 sequi
315 1151 360 1200 te
389 1147 586 1198 modo?
612 1145 879 1199 Animam
923 1158 1105 1195 meam
1131 1158 1230 1209 pro
1263 1147 1311 1194 te
1329 1159 1552 1209 ponam.
1581 1141 1724 1195 Huic

111 1250 256 1305 ergo
269 1233 696 1306 praeumptioni
717 1247 842 1285 mox
871 1231 1160 1302 respondit
1183 1230 1452 1284 Dominus
1473 1230 1722 1284 futuram

111 1325 241 1394 ejus
267 1323 649 1394 negationem.
673 1322 852 1375 Lucas
866 1327 1056 1374 autem
1071 1336 1197 1373 cum
1211 1319 1442 1373 dixisset
1467 1337 1477 1370 :
1507 1319 1720 1379 Simon,

109 1426 224 1464 ecce
257 1410 502 1465 Satanas
521 1411 774 1477 expetivit
798 1423 886 1460 vos
907 1413 968 1460 ut
987 1408 1260 1460 cribraret
1275 1409 1418 1460 sicut
1440 1409 1720 1472 triticum;

107 1513 201 1566 ego
230 1503 427 1552 autem
458 1499 650 1565 rogavi
673 1511 776 1564 pro
809 1501 854 1549 te
899 1511 964 1548 ne
1001 1497 1216 1562 deﬁciat
1245 1496 1374 1561 ﬁdes
1412 1500 1530 1558 tua,
1559 1502 1606 1548 et
1634 1501 1712 1561 tu,

102 1588 427 1656 aliquando
472 1601 782 1649 conversus,
827 1586 1096 1651 conﬁrma
1133 1585 1338 1651 fratres
1397 1589 1513 1636 tuos
1567 1585 1714 1650 (Luc.

1809 432 2180 485 tentationem
2211 451 2223 496 ;
2286 431 2432 484 inter
2473 439 2694 494 caetera,
2728 439 2791 486 ut
2822 433 2917 504 qui
2946 436 3194 505 magistri
3229 438 3402 492 futuri

1809 526 1972 574 erant
2027 521 2388 574 ecclesiarum
2436 521 2557 585 Dei,
2593 538 2656 574 ex
2687 539 2746 576 se
2771 522 3070 589 discerent,
3103 525 3172 578 de
3202 543 3260 580 se
3284 527 3405 596 jam

1809 609 1957 662 ultra
1979 627 2265 680 nunquam
2296 625 2652 679 priesumere,
2677 623 2742 664 ut
2756 611 2965 666 scirent
2978 615 3255 684 quomodo
3267 615 3407 670 alios

1807 699 2077 754 deberent
2105 701 2343 753 tolerare
2367 701 2424 754 in
2451 700 2633 770 culpa.
2667 700 2761 770 qui
2791 718 2920 755 suos
2946 711 3408 772 recognoscerent

1807 803 1988 850 casus,
2022 795 2079 842 et
2130 788 2175 842 si
2223 789 2426 858 aliquis
2471 789 2792 852 corruisset,
2855 791 2999 845 sicut
3041 809 3208 862 quam
3261 809 3407 865 sape

1807 877 2060 930 mortalis
2087 876 2386 930 infirmitas
2415 893 2474 930 se
2507 877 2690 938 habet,
2721 878 2962 932 disceret
2992 897 3281 952 nunquam
3308 883 3402 937 de-

1805 983 2032 1036 sperare
2062 965 2131 1019 de
2158 966 2339 1025 venia,
2376 966 2507 1018 dum
2541 967 2689 1020 videt
2719 967 3016 1038 magistros
3042 970 3403 1026 ecclesiarum

1805 1055 1860 1109 in
1891 1055 2074 1108 subito
2096 1054 2380 1108 cecidisse.
2407 1055 2737 1125 Porroquod
2767 1058 3055 1112 \latthaaus
3088 1059 3167 1111 ait
3197 1058 3402 1112 dixisse

1805 1143 2125 1204 Dominum,
2149 1145 2453 1211 Antequam
2485 1148 2666 1209 gallus
2703 1150 2898 1206 cantet,
2936 1151 3016 1199 ter
3047 1163 3129 1200 me
3156 1149 3400 1213 negabis,

1805 1232 2068 1286 similiter
2096 1232 2274 1286 Lucas
2314 1237 2371 1284 et
2399 1231 2643 1285 Joannes
2677 1232 2956 1287 dixerunt.
2999 1234 3161 1288 Solus
3191 1235 3399 1289 etenim

1808 1321 2027 1376 Marcus
2048 1319 2257 1374 distare
2268 1319 2488 1374 videtur
2508 1319 2578 1374 ab
2601 1320 2831 1391 illis.qui
2854 1321 2934 1375 ait
2957 1321 3161 1376 dixisse
3185 1324 3213 1377 J
3219 1340 3397 1378 esum:

1802 1411 1969 1464 Hodie
1993 1413 2056 1464 in
2085 1411 2192 1464 hac
2213 1414 2362 1463 nocte
2387 1412 2719 1478 priusquam
2741 1413 2924 1475 gallus
2949 1427 3122 1464 vocem
3143 1413 3222 1464 bis
3239 1413 3398 1466 dede-

1801 1501 1898 1563 rit,
1947 1504 2028 1551 ter
2060 1515 2142 1552 me
2164 1503 2466 1564 negaturus
2495 1514 2546 1550 es
2564 1499 2753 1564 (Marc.
2781 1512 2871 1550 le
2920 1496 3029 1562 7:2).
3055 1498 3320 1569 Alioquin
3353 1501 3402 1553 si

1800 1602 1912 1640 non
1943 1587 2162 1641 Marcus
2188 1586 2400 1656 aliquid
2432 1585 2753 1657 expressius
2784 1586 3061 1649 innueret,
3112 1603 3401 1657 nunquam

105 1689 244 1741 xm,
278 1674 376 1737 3i,
409 1674 499 1740 32,
535 1672 622 1737 33,
671 1672 786 1742 3’1).
820 1673 923 1727 Cui
954 1673 1153 1766 Petrus
1186 1691 1196 1725 :
1234 1674 1479 1736 Domine,
1512 1672 1715 1743 inquit,
1740 1708 1784 1766 B
1807 1673 1889 1727 bis
1919 1674 2242 1733 addidisset.
2271 1674 2417 1745 quod
2466 1674 2650 1728 caateri
2681 1673 2934 1728 absolute
2963 1674 3242 1729 dixerunt.
3275 1675 3403 1730 Non

113 1769 362 1833 paratus
386 1779 532 1828 sum,
547 1765 677 1816 etin
699 1778 969 1816 carcerem
992 1767 1041 1815 et
1070 1764 1133 1815 in
1158 1766 1386 1815 mortem
1420 1766 1595 1814 tecum
1613 1765 1714 1814 ire.

109 1853 180 1908 Et
211 1852 498 1907 Dominus
520 1852 590 1905 ad
621 1867 748 1906 eum
775 1851 940 1906 :Dico
969 1851 1092 1913 tibi,
1127 1851 1310 1915 Petre,
1344 1866 1453 1904 non
1472 1852 1718 1904 cantabit

107 1943 268 1996 hodie
299 1945 508 2009 gallus,
536 1942 702 1994 donec
727 1945 808 1993 ter
847 1957 999 2006 neges
1032 1957 1179 1993 nosse
1203 1956 1302 1993 me.
1325 1938 1463 2002 Quis
1492 1955 1604 1992 non
1635 1939 1718 1991 vi-

114 2031 247 2085 deat
278 2030 341 2083 in
369 2029 553 2084 tribus
582 2029 704 2083 istis
731 2029 1198 2098 evangelistarum
1230 2028 1381 2092 locis,
1417 2027 1619 2098 quibus
1648 2028 1719 2080 ad

108 2117 570 2190 praesumendum
603 2118 801 2172 Petrus
827 2117 1048 2171 Domini
1078 2123 1392 2170 commotus
1411 2116 1486 2169 sit
1503 2115 1710 2173 verbis.

116 2205 263 2260 Puto
298 2204 449 2275 quod
481 2218 647 2257 nemo
673 2203 767 2272 qui
800 2218 910 2256 non
941 2201 1091 2255 aliud
1147 2201 1282 2253 illud
1313 2201 1462 2254 dicat
1495 2216 1636 2264 esse,
1667 2205 1725 2253 et

111 2292 263 2347 aliud
293 2291 436 2346 illud
467 2292 526 2345 in
558 2291 647 2344 his
675 2290 934 2345 omnibus
963 2289 1098 2344 locis
1131 2289 1277 2342 unde
1307 2289 1465 2358 origo
1497 2293 1726 2358 sumpta

114 2388 197 2437 est
217 2382 364 2436 talia
385 2381 781 2452 praesumendi.
820 2381 994 2434 Porro
1017 2381 1236 2434 Marcus
1265 2378 1460 2432 eodem
1491 2377 1550 2431 in
1581 2377 1720 2442 loco,

115 2488 222 2543 quo
251 2478 314 2526 et
349 2471 664 2536 Matthaeus,
687 2469 794 2524 ista
822 2469 956 2524 dicit
983 2484 1144 2540 pene,
1166 2467 1489 2536 eisdemque
1514 2465 1714 2520 verbis.

116 2561 223 2616 Sed
251 2559 464 2630 reliqui
495 2559 625 2624 duo,
682 2559 815 2630 quia
842 2558 1007 2628 longe
1035 2557 1200 2610 aliter
1225 2561 1478 2621 narrant,
1511 2561 1720 2624 cogunt

117 2665 215 2705 nos
266 2649 614 2719 intelligere,
652 2647 859 2703 trinam
892 2646 1116 2701 Domini
1145 2645 1214 2699 de
1246 2646 1349 2699 hac
1378 2660 1438 2698 re
1475 2644 1720 2715 pr0phe-

119 2739 255 2793 tiam
287 2737 487 2802 fuisse,
511 2737 644 2808 quia
671 2737 820 2791 trina
845 2735 996 2791 Petri
1025 2734 1386 2806 praesumptio
1415 2733 1714 2804 praecessit,

121 2833 174 2882 et
193 2827 467 2898 impulsio
482 2827 551 2881 ad
575 2825 1022 2897 praesumendum
1040 2841 1104 2878 ex
1123 2823 1302 2877 tribus
1316 2821 1610 2876 verborum
1632 2837 1722 2875 va-

119 2917 329 2988 riisque
362 2916 519 2970 locis.
556 2917 624 2970 Et
651 2915 776 2969 ideo
805 2921 868 2968 ut
893 2914 1270 2984 corrigeretur
1297 2912 1489 2966 doctor
1522 2916 1579 2965 et
1609 2927 1723 2963 ma-

1803 1763 1952 1817 enim
1986 1763 2040 1816 in
2074 1763 2261 1833 aliquo
2291 1762 2588 1816 dissentire
2615 1769 2867 1834 possunt,
2905 1763 2998 1833 qui
3021 1780 3133 1817 uno
3159 1764 3403 1835 loquun-

1800 1857 1896 1906 tur
1927 1851 2147 1922 spiritu.
2183 1851 2290 1905 Sed
2323 1852 2425 1904 hoc
2448 1851 2760 1920 intelligere
2786 1856 3024 1920 oportet,
3061 1853 3208 1922 quod
3249 1853 3402 1906 trina

1801 1940 1895 1994 illa
1916 1940 2064 1994 Petri
2086 1940 2469 2008 negatio,ante
2481 1939 2722 2009 primum
2741 1940 2874 2009 galli
2895 1944 3120 1992 cantum
3134 1945 3402 2011 concepta

1803 2035 1904 2093 est,
1931 2029 2079 2100 quod
2101 2037 2214 2082 tres
2235 2029 2315 2081 illi
2333 2027 2649 2087 intendunt,
2677 2045 2786 2081 non
2810 2029 3033 2098 quando
3064 2044 3185 2082 eam
3216 2033 3394 2083 totam

1803 2117 2028 2172 vocibus
2047 2118 2367 2188 expleturus
2386 2123 2524 2178 erat,
2550 2116 2695 2170 sicut
2733 2117 2945 2188 Marcus
2979 2117 3290 2172 evidentius
3317 2117 3401 2172 in-

1805 2207 2007 2269 tendit,
2063 2206 2158 2260 sed
2204 2206 2428 2276 quando
2461 2223 2585 2276 qua:
2615 2206 2800 2259 futura
2832 2211 2951 2259 erat
2982 2222 3082 2276 per
3110 2206 3403 2260 intervalla

1805 2295 2093 2365 temporis,
2129 2299 2245 2348 tota
2278 2294 2444 2348 simul
2469 2299 2736 2363 concepta
2765 2298 2928 2358 esset,
2954 2301 3010 2348 et
3038 2294 3313 2365 praefinita
3342 2294 3401 2349 in

1806 2383 2013 2447 animo,
2048 2400 2160 2453 prae
2189 2383 2364 2436 nimio
2395 2381 2594 2436 timore
2625 2388 2682 2436 et
2712 2399 2913 2452 pavore
2940 2384 3162 2440 mortis.
3199 2383 3401 2455 Sicque

1803 2488 1998 2526 omnes
2018 2488 2211 2525 verum
2241 2477 2297 2525 et
2334 2487 2507 2524 unum
2541 2471 2808 2536 sentiunt,
2842 2471 2975 2541 quia
3005 2472 3155 2525 trina
3184 2472 3281 2526 illa
3297 2488 3398 2527 ne-

1801 2559 1954 2630 gatio
1984 2567 2113 2613 ante
2141 2559 2276 2630 galli
2307 2565 2530 2613 cantum
2563 2566 2684 2613 tota
2712 2565 2979 2630 concepta
3008 2566 3094 2614 est
3121 2561 3177 2614 in
3208 2561 3392 2626 corde,

1803 2655 1860 2703 et
1888 2665 2001 2720 prae
2030 2656 2245 2703 terrore
2279 2655 2310 2712 Ι
2343 2653 2521 2713 I08
2555 2648 2727 2702 nimio
2746 2649 3074 2707 deliberata.
3102 2655 3300 2704 etante
3319 2665 3404 2704 se-

1802 2737 2046 2792 cundum
2067 2737 2202 2807 galli
2225 2742 2474 2801 cantum,
2495 2753 2624 2790 voce
2653 2737 3049 2807 peracta,sicut
3071 2739 3190 2807 jam
3207 2753 3401 2793 conce-

1803 2833 1899 2897 pta
1927 2832 2066 2880 erat.
2121 2826 2396 2889 Quoniam
2430 2820 2509 2879 vis
2535 2825 2706 2878 animi
2737 2831 2904 2896 atque
2932 2827 3162 2880 affectus
3191 2826 3398 2881 mentis

1802 2921 1955 2969 totus
1983 2915 2040 2969 in
2073 2931 2137 2968 eo
2161 2915 2278 2984 jam
2311 2914 2573 2968 confusus
2627 2921 2766 2975 erat,
2821 2914 2892 2968 ob
2957 2915 3402 2984 magnitudinem

122 3007 296 3077 gister
312 3005 497 3060 totius
519 3004 792 3068 Ecclesiae,
820 3003 1044 3075 provide
1072 3003 1206 3056 satis
1219 3001 1431 3072 judicio
1453 3000 1552 3054 Dei
1568 3001 1722 3070 justo
1744 3023 1787 3080 ρ
1805 3004 2059 3058 maeroris
2089 3010 2145 3057 et
2168 3003 2426 3063 tristitim.
2455 3003 2524 3056 ob
2553 3003 2906 3056 formidinem
2937 3004 3079 3058 tanti
3127 3004 3401 3058 discrimi-

123 3095 466 3165 permissum
498 3099 600 3158 est,
634 3099 698 3147 ut
725 3100 814 3147 ter
841 3099 1074 3162 negaret
1107 3090 1526 3160 Dominum.qui
1556 3088 1724 3143 tertio

125 3185 348 3239 Domini
385 3183 723 3237 firmissimis
755 3182 938 3237 noluit
966 3180 1318 3252 acquiescere
1347 3179 1529 3233 dictis.
1571 3178 1726 3231 Alias

127 3281 315 3329 autem
348 3273 564 3340 nescio,
586 3272 632 3326 si
654 3278 844 3326 tantus
871 3271 1112 3342 talisque
1133 3287 1167 3323 a
1185 3269 1420 3324 Domino
1442 3269 1522 3321 ire
1541 3267 1596 3321 in
1613 3272 1732 3321 ten-

127 3363 400 3418 tationem
458 3360 838 3415 abundantius
867 3359 1306 3430 permitteretur,
1341 3373 1509 3426 quam
1542 3353 1730 3408 caeteri

129 3451 389 3524 apostoli,
415 3450 522 3504 nisi
543 3449 676 3520 quia
697 3466 798 3502 nec
820 3448 1042 3503 Domini
1069 3444 1458 3500 considerabat
1472 3444 1731 3512 majesta~

131 3548 258 3606 tem,
291 3557 402 3596 nec
431 3556 592 3594 suam
614 3539 867 3609 fragilem
889 3537 1272 3606 lubricamque
1294 3535 1484 3588 vitam.
1513 3533 1577 3586 Et
1606 3531 1731 3584 ideo

134 3635 193 3685 ut
216 3634 496 3702 arguatur
524 3628 759 3682 audacia
788 3628 1022 3681 incautae
1054 3623 1459 3697 promissionis,
1497 3619 1730 3692 permit-

134 3718 265 3773 titur
288 3720 377 3774 ire
427 3720 588 3787 juxta
617 3732 912 3770 numerum
949 3722 983 3779 |
1014 3719 1182 3779 ιθ,
1207 3730 1321 3768 suae
1337 3709 1654 3782 sponsionis
1675 3708 1732 3761 in

135 3808 502 3863 tentationem
535 3804 867 3876 negationis.
895 3804 969 3858 Ut
987 3803 1118 3874 quia
1153 3809 1240 3857 ter
1262 3802 1398 3856 illud
1423 3797 1732 3854 inconside-

138 3903 247 3952 rate
269 3897 633 3969 promiserat.
651 3895 921 3948 teretiam
943 3893 1276 3946 timidecum
1291 3893 1616 3961 juramento
1640 3903 1733 3941 ne-

137 3992 304 4056 garet.
338 3986 504 4041 Unde
534 3983 887 4049 instruimur,
915 3989 977 4038 ut
996 3997 1285 4052 nunquam
1320 3980 1441 4034 sine
1470 3977 1730 4032 consultu

141 4076 331 4129 virium
353 4073 569 4144 aliquid
581 4072 1150 4144 stultepromittamus
1165 4086 1334 4142 supra
1344 4067 1730 4122 habitudinem

142 4163 522 4235 possibilitatis
566 4168 790 4217 nostra}.
839 4160 1122 4216 Debuerat
1174 4159 1323 4212 enim
1353 4158 1552 4212 Petrus
1578 4161 1731 4226 post-

147 4269 304 4323 quam
334 4252 554 4306 audivit
583 4267 616 4306 a
641 4250 881 4306 Domino
910 4267 970 4304 se
999 4254 1356 4319 negaturum,
1405 4245 1590 4317 potius
1634 4245 1732 4297 de-

1808 3094 1915 3158 nis,
1961 3100 2017 3147 et
2067 3092 2206 3146 nihil
2265 3091 2321 3145 in
2354 3109 2418 3145 eo
2443 3093 2560 3162 jam
2599 3091 2795 3145 virium
2825 3098 3191 3159 remanserat,
3236 3109 3404 3163 quem

1810 3189 1991 3237 totum
2024 3180 2283 3251 angustia
2310 3186 2366 3234 et
2403 3187 2587 3234 terror
2614 3186 2951 3251 pervaserat.

1890 3271 2195 3323 Tuncvenit
2215 3271 2368 3322 Jcsus
2400 3283 2525 3320 cum
2547 3270 2664 3320 illis
2689 3269 2752 3320 in
2780 3270 2974 3321 villam
2997 3268 3341 3323 Gethsemani
3359 3273 3423 3322 et'

1812 3359 1955 3411 dixit
1985 3359 2274 3424 discipulis
2303 3358 2455 3408 suis:
2477 3355 2657 3409 Sedete
2676 3356 2780 3417 hic,
2817 3357 2981 3409 donec
3000 3357 3195 3410 vadam
3219 3359 3338 3411 illic
3357 3361 3407 3410 et

1812 3462 1980 3499 orem.
2004 3443 2364 3498 Gethsemani
2395 3459 2636 3512 namque
2657 3444 3062 3514 interpretatur
3084 3445 3248 3497 vallis
3271 3446 3407 3513 pin-

1812 3537 2101 3602 guissima,
2125 3533 2209 3586 vel
2241 3534 2560 3600 pinguium,
2577 3547 2748 3601 supra
2773 3532 2932 3601 cujus
2956 3532 3110 3585 vallis
3141 3532 3404 3586 verticem

1813 3623 2084 3693 templum
2117 3620 2340 3675 Domini
2384 3619 2556 3673 situm
2599 3625 2737 3672 erat.
2767 3619 2845 3673 De
2876 3635 2985 3689 qua
3015 3620 3156 3673 valle
3187 3620 3360 3674 Isaias
3389 3637 3402 3672 :

1827 3714 1900 3766 νιτ
1915 3728 1971 3765 co
1979 3727 2123 3765 rana:
2142 3711 2406 3778 superbiae
2421 3710 2587 3762 ebriis
2603 3708 2893 3776 Ephraim,
2912 3710 3011 3776 qui
3029 3713 3188 3760 erant
3210 3710 3270 3761 in
3292 3722 3409 3761 ver-

1816 3803 1914 3855 tice
1964 3802 2126 3853 vallis
2156 3801 2536 3866 pinguissima:
2582 3799 2713 3859 (lsa.
2745 3809 2929 3861 xxvm,
2961 3796 3036 3862 1).
3084 3795 3407 3865 signiﬁcans

1813 3888 2130 3945 sacerdotes
2160 3893 2216 3941 et
2261 3885 2480 3941 Scribas
2509 3885 2636 3938 vino
2673 3884 2878 3938 erroris
2929 3884 3131 3940 ebrios.
3190 3884 3286 3954 qui
3333 3883 3410 3937 ibi

1814 3978 2114 4034 Dominum
2170 3973 2714 4046 comprehenderunt
2739 3978 2798 4027 ct
2851 3973 3191 4027 occiderunt.
3227 3972 3408 4036 Quam

1814 4069 2010 4131 Lucas,
2035 4084 2146 4120 non
2168 4083 2228 4119 ex
2238 4081 2426 4135 presse
2458 4064 2746 4117 nominato
2777 4061 3004 4132 praedio,
3027 4061 3214 4114 villam
3228 4067 3404 4128 vocat,

1815 4175 1941 4211 cum
1971 4157 2051 4211 ait
2083 4171 2094 4204 :
2143 4155 2402 4223 Egressus
2443 4156 2596 4207 Jesus
2646 4155 2761 4207 ibat
2790 4153 3091 4205 secundum
3129 4156 3413 4205 consuetu-

1819 4249 2004 4299 dinem
2034 4249 2095 4298 in
2117 4248 2357 4298 montem
2399 4243 2689 4298 Olivarum
2721 4242 2868 4307 (Luc.
2904 4254 3042 4306 xxn,
3074 4238 3187 4308 39).
3221 4239 3411 4294 Secuti

146 4342 356 4412 precari
390 4357 459 4395 ne
485 4341 541 4395 id
572 4340 921 4412 permitteret
944 4339 1070 4410 pius
1093 4337 1382 4401 Dominus,
1407 4351 1574 4406 quam
1589 4334 1658 4387 de
1678 4349 1736 4387 se
1755 4337 1802 4395 D
1821 4340 1953 4388 sunt
1969 4340 2157 4388 autem
2173 4332 2331 4385 illum
2347 4336 2404 4385 et
2417 4329 2675 4401 discipuli
2693 4329 2906 4400 ejus.Et
2919 4345 3042 4382 cum
3058 4332 3408 4398 pervenisset,

147 4432 218 4486 ita
245 4449 361 4504 prae
385 4447 610 4485 .umere.
666 4431 862 4501 Neque
909 4429 1058 4484 enim
1090 4428 1181 4482 ille
1207 4426 1439 4481 idoneus
1467 4441 1594 4478 cum
1626 4425 1738 4478 Do-

1821 4423 2102 4494 inquit,ad
2123 4426 2321 4483 locum,
2347 4422 2491 4474 dixit
2505 4423 2644 4474 illis:
2671 4420 2833 4474 Orate
2851 4434 2915 4472 ne
2928 4420 3149 4472 intretis
3169 4421 3228 4471 in
3243 4422 3416 4471 tenta-

150 4520 310 4583 mino,
342 4520 436 4574 vel
465 4535 564 4590 pro
592 4519 829 4574 Domino
859 4517 1016 4589 prius
1054 4516 1217 4579 mori,
1265 4530 1432 4586 quam
1482 4513 1736 4568 Salvator
1821 4515 2038 4566 tionem.
2104 4512 2214 4565 Iste
2265 4515 2350 4564 est
2397 4525 2529 4579 ergo
2578 4508 2731 4562 locus
2767 4509 2926 4577 cujus
2955 4522 3160 4560 nomen
3189 4505 3268 4559 illi
3299 4506 3411 4560 duo

150 4625 242 4678 pro
293 4607 560 4663 omnibus
607 4613 846 4662 mortem
892 4611 1164 4677 gustaret.
1211 4605 1390 4671 Unde,
1424 4603 1556 4675 quia
1584 4603 1736 4656 ultra
1818 4600 2179 4656 Gethsemani
2208 4615 2326 4652 esse
2354 4598 2631 4660 dixerunt,
2657 4596 2751 4650 ubi
2772 4595 3040 4649 nimirum
3061 4595 3219 4648 illum
3239 4593 3414 4648 fuisse

151 4712 334 4752 omnes
367 4697 436 4752 de
463 4714 521 4752 se
551 4697 773 4751 incaute
797 4695 1170 4768 praesumpsit,
1204 4695 1356 4748 ultra
1382 4709 1598 4750 omnes.
1629 4698 1740 4745 ter-
1819 4690 2185 4759 intelligimus
2215 4689 2631 4749 hortum,trans
2663 4690 2960 4739 torrentem
2991 4684 3221 4748 Cedron,
3246 4698 3414 4754 quem

154 4786 224 4840 tio
251 4787 393 4842 satis
441 4786 716 4857 fragiliter
738 4786 980 4856 negavit.
1004 4785 1158 4838 Licet
1185 4783 1408 4854 quidam
1441 4781 1738 4836 defendere
1819 4782 2062 4835 Joannes
2109 4780 2528 4831 commemorat.
2563 4775 2739 4838 Quem
2765 4773 2949 4827 locum
2981 4771 3192 4827 sciebat
3217 4773 3244 4827 ,Ι
3253 4771 3410 4839 udas,

153 4875 315 4932 velint
347 4876 598 4940 Petrum,
622 4874 768 4946 quod
793 4879 1013 4928 tantum
1036 4889 1184 4939 voce,
1218 4879 1274 4926 et
1310 4889 1420 4926 non
1444 4871 1610 4924 corde
1639 4886 1740 4924 ne-

155 4965 380 5034 gaverit.
413 4965 601 5036 potius
614 4964 876 5018 simulate
905 4980 1072 5034 quam
1090 4979 1234 5018 vere.
1269 4961 1376 5017 Sed
1409 4977 1522 5015 una
1551 4966 1637 5014 est
1653 4976 1741 5014 eo-

157 5069 273 5108 rum
300 5054 558 5114 assertio,
575 5069 742 5124 quam
762 5052 1007 5124 produnt
1035 5053 1294 5123 lacrymte
1330 5050 1399 5104 de
1431 5049 1594 5104 corde
1612 5065 1740 5120 pro-

158 5141 298 5208 late,
317 5144 414 5213 qui
438 5143 507 5196 ad
529 5160 588 5197 se
609 5133 866 5197 reversus
882 5141 1234 5196 amarissime
1256 5139 1566 5202 ﬂevit,dum
1596 5139 1745 5192 videt

158 5247 212 5285 se
252 5233 502 5303 graviter
528 5230 848 5304 deliquisse.
881 5231 966 5286 Pii
995 5231 1314 5285 defensores
1346 5228 1517 5294 Petri,
1543 5227 1636 5298 qui
1665 5227 1745 5281 sic

159 5335 279 5375 eum
308 5321 609 5376 defendere
659 5326 952 5388 conantur,
999 5319 1063 5374 ut
1097 5319 1392 5374 Dominum
1445 5317 1740 5370 mentitum

159 5408 321 5464 fuisse
361 5410 616 5482 probent.
664 5411 772 5465 Sed
812 5426 955 5465 casa
983 5425 1176 5464 eorum
1207 5408 1477 5473 defensio,
1507 5422 1618 5460 non
1648 5405 1744 5459 in-

160 5497 359 5571 telligit
385 5507 555 5572 quam
592 5499 968 5574 dispensative
1011 5514 1127 5556 non
1169 5497 1350 5555 solum
1400 5497 1619 5564 Petrus,
1651 5510 1746 5551 ve-

1823 4868 1956 4940 quia
1983 4869 2144 4921 Jesus
2174 4865 2228 4919 in
2261 4881 2389 4918 eum
2419 4879 2546 4918 cum
2587 4861 2878 4933 discipulis
2919 4861 3036 4915 suis
3093 4861 3418 4932 frequenter

1823 4956 2108 5012 introibat.
2154 4954 2292 5008 Mira
2311 4952 2709 5022 omnipotentis
2725 4951 2820 5005 Dei
2854 4949 3166 5021 dispositio,
3208 4950 3303 5021 qui
3333 4950 3415 5004 sic

1825 5047 2014 5100 omnia
2029 5047 2332 5115 dispensat,
2357 5043 2545 5112 sicque
2570 5040 2853 5111 praevidet,
2875 5046 2938 5094 ut
2960 5039 3223 5094 universa
3245 5039 3412 5109 plena

1825 5136 1938 5190 sint
1966 5132 2350 5189 sacramentis.
2384 5132 2499 5184 Nec
2527 5130 2676 5184 enim
2705 5128 3068 5184 conveniebat
3082 5133 3144 5182 ut
3159 5128 3321 5182 Jesus
3347 5141 3414 5181 eo

1826 5226 1884 5279 in
1913 5227 2031 5279 loco
2056 5223 2392 5285 traderetur,
2413 5221 2508 5275 ubi
2538 5237 2664 5275 cum
2697 5219 2982 5291 discipulis
3024 5218 3226 5290 pascha
3252 5233 3414 5271 man-

1825 5316 2143 5379 ducaverat,
2185 5312 2279 5366 sed
2343 5311 2470 5364 talis
2508 5311 2733 5380 eligitur
2777 5310 2931 5364 locus
2967 5324 3068 5380 per
3105 5324 3272 5379 quem
3306 5308 3415 5362 iste

1827 5405 2068 5458 mundus
2101 5402 2467 5470 signiﬁcetur,
2508 5401 2565 5455 in
2595 5417 2704 5472 quo
2732 5399 3002 5454 Dominus
3026 5398 3268 5452 traditus
3305 5403 3411 5454 est.

1826 5493 1986 5550 Unde
2013 5492 2277 5566 praefatus
2300 5491 2603 5565 propheta:
2665 5490 2739 5545 Va:
2783 5491 2914 5560 ﬂori
2939 5490 3211 5544 decidenti
3225 5484 3443 5557 gloria
