3918 6166
503 249 606 305 903

1257 240 1314 294 Β.
1360 235 1734 293 PASCHASII
1775 232 2133 288 RADBERTI
2173 230 2476 287 ABBATIS
2518 227 3013 285 CORBEIENSIS.

3605 231 3681 290 904

502 375 880 432 exsultationis
927 371 1052 440 (lsa-
1089 379 1277 431 XXVIII.
1320 366 1397 432 1)-
1432 365 1571 416 Cum
1602 361 1787 414 locum
1816 358 2096 428 exprime‘
2118 359 2160 417 Α
2182 379 2246 428 ut
2276 379 2390 428 tres
2437 379 2624 428 essent
2651 377 2842 434 testes.
2887 372 2946 426 in
2971 371 3172 442 quibus
3198 377 3340 426 stare
3366 371 3544 426 dicitur
3566 389 3692 429 omne

501 471 591 520 ret
618 460 914 535 passionis,
937 458 1252 518 ﬂorentem,
1274 453 1372 506 ait.
1391 451 1460 504 Et
1481 451 1537 504 in
1559 465 1623 502 eo
1653 448 1850 501 hortus
1863 463 1984 500 esse
2010 445 2096 499 di-

503 554 668 619 citur,
697 551 828 622 quia
852 545 1097 603 Ecclesia
1121 543 1219 598 Dei
1241 540 1454 595 ﬂoridis
1475 537 1692 592 co‘nsita
1711 536 2099 590 odoramento-

502 659 628 698 rum
659 637 958 694 virtutibus
1006 635 1063 688 in
1097 631 1306 685 mundo
1337 634 1439 691 est,
1477 627 1547 680 ad
1585 643 1750 696 quam
1774 641 1919 694 saepe
1937 625 2099 678 Jesus

501 730 834 801 ingreditur,
867 732 929 778 ut
946 723 1131 776 videat
1155 721 1198 772 si
1221 720 1459 772 ﬂoreant
1480 716 1625 768 mala
1643 714 1929 785 punica,et
1945 729 2101 784 areo-

502 821 568 875 lae
593 817 794 872 divinis
822 814 1078 882 rigentur
1100 806 1360 869 fontibus,
1395 822 1516 876 quae
1551 803 1776 858 consitae
1797 809 1930 856 sunt
1958 801 2098 855 bene

500 925 534 962 a
565 901 982 978 pigmentariis;
1015 899 1084 952 de
1133 896 1334 968 quibus
1379 894 1549 948 David
1581 892 1783 946 areolis
1803 893 1964 961 juxta
1995 891 2102 944 He-

497 995 784 1049 braicum:
845 989 1004 1044 Sicut
1051 985 1272 1047 areolae,
1322 983 1522 1053 inquit,
1571 981 1895 1035 desiderant
1923 995 2098 1048 aqua-

2181 462 2428 517 verbum.
2467 461 2534 516 Et
2560 461 2702 515 sicut
2731 477 2903 530 supra
2932 460 3216 530 eliguntUr
3243 465 3302 514 ut
3321 464 3473 513 testes
3491 461 3587 514 sint
3601 464 3695 532 ejus

2180 551 2390 622 gloriae,
2417 550 2497 605 ita
2524 556 2582 604 et
2609 551 2712 604 hoc
2741 550 2861 604 loco
2882 549 2953 602 ad
2979 565 3162 603 veram
3183 547 3607 619 comprobandam
3621 551 3696 604 hu-

2183 640 2512 694 manitatem
2544 640 2684 708 ejus,
2718 643 3083 693 assumuntur
3109 638 3165 691 in
3194 636 3564 702 testimonium,
3583 639 3699 708 quod

2182 747 2406 785 onmem
2436 730 2493 783 in
2522 746 2602 791 se,
2627 729 2748 783 sine
2782 735 3026 799 peccato,
3082 733 3116 792 1
3147 734 3182 793 |
3212 733 3321 790 I0
3351 735 3533 782 nostra:
3555 743 3700 781 susce-

2185 819 2267 889 pit
2310 825 2527 873 naturaa
2577 818 2988 871 inﬁrmitatem.
3037 815 3195 869 Unde
3241 814 3360 868 ait:
3403 814 3543 868 Tunc
3582 819 3698 882 capit

2181 910 2506 960 contristari
2541 912 2588 960 et
2644 912 2857 961 mestus
2912 921 3037 958 esse.
3070 905 3193 958 Jam
3222 919 3386 973 supra
3411 901 3623 956 dixeram
3647 903 3698 956 de

2180 995 2439 1066 passione
2463 1001 2522 1050 et
2546 995 2907 1066 propassione
2930 1013 2943 1058 ;
2970 993 3118 1063 quod
3141 991 3416 1063 propassio
3436 990 3702 1045 sitinlirmi-

498 1099 623 1138 rum
677 1080 908 1143 fontem,
969 1077 1048 1129 ite
1097 1079 1154 1128 et
1180 1073 1367 1127 anima
1395 1087 1521 1124 mea
1548 1071 1726 1124 Deum
1752 1067 1956 1122 vivum.
1990 1067 2099 1122 Sed

2179 1089 2268 1138 tas
2296 1085 2590 1156 passionis,
2627 1101 2750 1156 qua;
2786 1089 2918 1137 ante
2965 1081 3284 1152 passionem
3313 1081 3369 1133 in
3399 1079 3566 1134 animo
3590 1080 3704 1134 infir-

496 1173 602 1225 iste
633 1170 830 1223 hortus
857 1165 1182 1220 deliciarum
1214 1177 1325 1215 non
1352 1160 1506 1230 prius
1533 1160 1732 1212 ﬂorere
1761 1157 1832 1210 ad
1850 1156 2091 1210 fructum

2179 1172 2387 1227 mantis
2408 1172 2571 1226 cadit.
2589 1172 2801 1227 Idcirco
2819 1170 3160 1240 evangelista
3187 1169 3466 1238 signanter
3481 1167 3705 1236 ait:0¢pit

496 1259 696 1332 potuit,
738 1257 824 1311 vel
891 1252 1230 1325 germinare,
1263 1255 1564 1319 antequam
1592 1245 1752 1300 Jesus
1795 1251 2092 1299 torrentem

2179 1262 2502 1314 contristari
2513 1266 2562 1314 et
2587 1265 2804 1314 maestus
2816 1263 3011 1323 csse,ut
3030 1257 3349 1312 ostenderet
3358 1255 3707 1327 propassionem

494 1344 884 1420 PertranSierit
908 1343 1136 1396 θθάνοη·
1167 1341 1240 1394 De
1270 1353 1379 1409 (1υο
1405 1341 1646 1390 torrente
1676 1340 1732 1390 et
1761 1335 1879 1404 ipse
1910 1337 1973 1387 ίη
2003 1337 2093 1387 vi“
2178 1346 2524 1402 inﬁrmitatis
2544 1348 2597 1402 in
2625 1364 2689 1402 eo
2703 1347 2876 1402 fuisse
2899 1363 2963 1400 ac
2988 1345 3243 1417 coepisse.
3261 1345 3382 1398 Non
3409 1350 3468 1399 ut
3493 1343 3644 1413 passio
3667 1343 3706 1396 in

497 1439 630 1492 bibl"
656 1437 817 1502 (Ρεαιο
861 1446 968 1496 οἰκ,
1001 1428 1072 1497 7)·
1105 1427 1212 1484 Sed
1243 1425 1570 1498 Priusquam
1594 1423 1933 1486 traderetur»
1966 1437 2096 1476 6011'
2179 1436 2368 1490 animo
2383 1436 2533 1490 illius
2549 1435 2956 1498 dominaretur,
2988 1434 3085 1488 sed
3115 1440 3180 1488 ut
3205 1449 3268 1487 ex
3299 1431 3623 1504 propassione
3647 1446 3708 1482 ve-

497 1524 753 1580 veniebat
780 1537 943 1576 orare
969 1535 1119 1583 eum,
1151 1523 1208 1570 et
1228 1532 1338 1570 non
1369 1513 1570 1569 alicubi
1603 1529 1772 1584 quam
1813 1512 1872 1566 in
1904 1517 2096 1565 monte

2182 1541 2279 1578 rus
2298 1524 2485 1588 homo,
2508 1524 2602 1595 qui
2624 1529 2682 1578 et
2702 1521 3040 1594 patiebatur,
3064 1526 3483 1575 monstraretur.
3502 1518 3640 1572 Aliud
3650 1523 3710 1570 est

501 1615 807 1677 Olivarum,
835 1609 927 1664 ubi
946 1613 1069 1662 erat
1092 1612 1148 1660 et
1175 1604 1438 1659 hortusin
1464 1603 1604 1656 valle
1635 1602 1805 1667 situs;
1842 1617 1939 1670 pro
1962 1615 2092 1669 quo,

2179 1613 2330 1667 enim
2354 1613 2673 1666 contristari
2706 1619 2763 1667 et
2787 1617 3049 1665 moestum
3081 1626 3223 1669 esse.
3257 1614 3315 1662 et
3351 1608 3494 1661 aliud
3519 1607 3710 1677 incipere

499 1709 557 1758 et
585 1703 642 1756 ίη
673 1717 782 1771 quo
821 1697 1074 1769 οΡοΓωίῖ
1100 1711 1282 1758 Orare,
1317 1693 1448 1764 (ιυὶει
1475 1691 1680 1746 Christi
1727 1697 1759 1754 I
1788 1695 1968 1753 I09
2005 1689 2161 1753 EC'B
2180 1702 2517 1757 contristari.
2552 1701 2711 1765 Quod
2745 1701 2790 1755 si
2818 1701 3022 1770 aliquis
3051 1698 3350 1752 defendere
3363 1695 3578 1749 voluerit
3602 1711 3710 1747 exse

499 1791 670 1847 clesia
725 1805 852 1842 vere
880 1787 1077 1840 domus
1110 1781 1380 1837 orationis
1407 1780 1628 1833 dicitur.
1665 1779 1789 1832 Non
1814 1793 1946 1846 ergo
1976 1775 2098 1828 sine
2180 1807 2282 1860 pro
2306 1796 2484 1844 morte
2517 1806 2638 1854 sua,
2685 1790 2766 1842 νει
2807 1789 2877 1842 ob
2906 1788 3078 1851 aliud,
3110 1803 3240 1840 eum
3267 1803 3336 1838 ex
3363 1791 3473 1838 toto
3501 1789 3706 1836 {nestum

500 1896 722 1936 causaa
750 1875 985 1932 Domino
1023 1872 1252 1941 eligitur
1301 1871 1452 1923 locus
1482 1867 1752 1921 orationis
1800 1864 2100 1918 mundissi-
2180 1879 2368 1941 fuisse‘
2399 1879 2594 1932 audiat
2623 1878 2972 1948 Apostolum,
3015 1875 3144 1946 quia
3175 1891 3278 1945 per
3316 1873 3494 1927 omnia
3515 1878 3708 1925 tentatus

500 1986 626 2025 mus
656 1985 720 2021 ac
751 1970 1022 2020 remotus.
1076 1960 1212 2013 Vult
1239 1958 1390 2012 enim
1419 1973 1481 2009 ex
1504 1973 1588 2016 eo,
1632 1961 1697 2008 ut
1726 1953 1940 2008 orantis
1969 1967 2096 2006 ora-
2181 1976 2267 2024 est
2286 1968 2593 2023 secundum
2624 1967 3074 2025 similitudinem.
3097 1970 3304 2035 prater
3325 1961 3465 2033 quod
3482 1961 3535 2013 in
3560 1975 3713 2029 δεμες.

498 2059 578 2114 tio
611 2056 685 2112 sit
716 2053 980 2109 mundior
1009 2055 1067 2104 et
1092 2047 1272 2117 magis
1287 2045 1583 2116 acceptior,
1603 2044 1764 2113 juxta
1792 2042 1940 2113 quod
1969 2040 2096 2095 scri-

2181 2065 2367 2113 catum
2399 2057 2614 2111 nullum
2643 2056 2892 2119 admisit,
2925 2061 2983 2108 et
3008 2069 3336 2124 compassus
3365 2055 3448 2105 est
3474 2047 3710 2103 inﬁrmita-

497 2153 658 2220 Ptum
714 2150 816 2207 est.
864 2143 1067 2196 Βοτηυε
1120 2153 1259 2200 meas
1291 2137 1485 2188 ἀονηυδ
1515 2135 1784 2220 Orationis
1815 2133 2099 2220 υοσαῖξίίυῗ
2179 2147 2330 2202 tibus
2357 2146 2591 2211 nostris;
2637 2145 2769 2215 quia
2795 2161 2896 2215 per
2923 2142 3111 2197 omnia
3141 2139 3551 2195 similitudinem
3577 2135 3713 2190 carnis

502 2218 722 2304 lM‘mh-
774 2245 887 2295 Χκῐν
940 2227 1048 2295 13)ο
1079 2228 1160 2280 De
1189 2240 1298 2295 quo
1326 2224 1444 2277 ιοοο
1474 2227 1530 2276 et
1559 2220 1693 2274 alibi
1724 2219 1932 2308 dicmm
1965 2218 2100 2288 legi'
2181 2235 2387 2308 peccati
2413 2234 2624 2290 habuit.
2661 2233 2822 2287 Unde
2849 2232 3028 2286 factus
3053 2237 3140 2284 est
3168 2229 3473 2284 secundum
3509 2232 3711 2280 naturam

501 2341 645 2388 mus,
683 2325 850 2376 Terra
881 2322 943 2372 in
981 2333 1090 2385 qua
1110 2320 1236 2377 stas,
1259 2319 1408 2366 terra
1426 2315 1616 2364 sancta.
1632 2314 1722 2361 est.
1758 2307 1916 2362 Unde
1947 2323 2096 2377 quae-

2183 2323 2566 2388 humanitatis,
2623 2322 2801 2376 tristis
2857 2337 2922 2374 ac
2953 2325 3206 2383 mmstus,
3239 2325 3297 2372 et
3326 2333 3436 2371 non
3462 2313 3708 2369 secundum

501 2412 739 2467 rendum
769 2414 924 2480 Ριηον
957 2405 1003 2459 Si
1032 2404 1173 2457 forte
1201 2403 1356 2454 locus
1384 2398 1674 2468 eligendus
1705 2403 1792 2450 est
1831 2413 1940 2466 quo
1968 2395 2094 2484 reu'
2176 2413 2324 2484 quod
2353 2412 2410 2465 in
2431 2427 2497 2465 eo
2522 2417 2644 2465 erat
2671 2411 2968 2465 thesaurus
2996 2407 3310 2478 sapientiae.
3342 2422 3406 2460 ac
3432 2402 3714 2458 scientiaesa-

499 2500 713 2572 giosius
739 2495 903 2552 ores?
958 2493 1232 2548 Utrumne
1271 2487 1509 2559 eligendi
1540 2493 1689 2550 sunt,
1735 2484 1882 2538 sicut
1910 2483 2096 2538 Domi-
2176 2483 2308 2556 [mis
2337 2519 2349 2566 ;
2383 2501 2619 2570 ideoque
2665 2499 2746 2553 ait
2765 2499 2894 2570 quia
2925 2500 3080 2565 cum“
3110 2497 3454 2558 contristari,
3486 2490 3646 2545 multis
3667 2505 3713 2542 ex

501 2607 636 2646 num
664 2587 857 2643 fecisse
886 2583 1184 2642 cernimus,
1217 2595 1343 2633 cum
1373 2577 1576 2648 quibus
1606 2575 1777 2628 ores?
1808 2572 1952 2626 Nam
1990 2573 2095 2626 Do-

2179 2589 2376 2654 causis,
2419 2593 2466 2642 et
2497 2593 2713 2643 incestus
2739 2604 2864 2640 esse.
2899 2585 3191 2649 Attendat,
3237 2598 3440 2654 quaeso.
3469 2578 3713 2634 catholicus

501 2681 688 2734 minus
740 2678 902 2745 longe
951 2674 1072 2743 lam
1123 2685 1295 2740 ευρτει
1351 2673 1613 2720 oraturus
1644 2680 1746 2735 Ρνο
1785 2663 1900 2716 mia
1929 2661 2088 2727 Jairis
2175 2679 2412 2750 quisque
2461 2677 2710 2730 animam
2759 2674 2986 2737 Christi,
3044 2680 3101 2727 et
3159 2688 3285 2742 quae
3343 2671 3453 2725 sint
3496 2669 3549 2722 in
3573 2666 3716 2720 anima

502 2785 696 2825 omnes
726 2765 892 2836 θὶθοίι
910 2763 1078 2823 foras»
1108 2766 1223 2814 tres
1251 2763 1474 2811 tantum
1505 2753 1674 2823 ειεείι
1702 2768 1914 2816 secum,
1953 2767 2094 2820 quos
2175 2766 2404 2831 Christi,
2453 2771 2518 2820 ut
2553 2764 2829 2834 intelligat
2875 2761 3249 2817 mediatorem
3285 2760 3455 2814 Deum
3484 2764 3535 2810 et
3574 2753 3714 2808 homi-

502 2866 560 2914 et
587 2874 758 2929 supra
786 2856 844 2909 in
901 2858 1148 2906 montem
1181 2864 1369 2902 secum
1406 2843 1650 2898 decrevit
1687 2841 1982 2903 abducere,
2031 2845 2096 2894 ut
2175 2872 2324 2910 nem.
2358 2855 2634 2918 Quoniam
2661 2852 2968 2908 secundum
2995 2849 3409 2904 humanitatem
3433 2862 3545 2901 eam
3571 2857 3716 2897 εοεαε.

501 2954 675 3004 testes
703 2949 891 3000 essent
921 2943 1041 3011 ejus
1083 2931 1612 3004 transﬁgurationis.
1648 2929 1923 2983 Fortassis
1962 2945 2094 2997 ergo
2125 3010 2154 3015 _
2177 2945 2261 3015 pit
2283 2950 2694 3013 naturam’qua
2723 2939 2965 2994 hominis
2986 2946 3072 2992 est
3100 2957 3111 2990 ε
3148 2936 3455 2992 secundum
3478 2935 3626 2988 Deum
3647 2944 3717 2983 an.

502 3042 560 3091 et
589 3040 818 3106 propter
848 3010 958 3084 hoc
977 3025 1231 3082 Ecclesiae
1259 3022 1465 3078 Christi
1492 3019 1620 3074 talis
1641 3030 1726 3073 est
1753 3010 2158 3072 consuetudoC
2177 3010 2313 3099 iem,
2338 3049 2404 3087 ea
2433 3038 2519 3086 est
2565 3010 2621 3085 ίῇ
2651 3031 2773 3101 ipso
2807 3029 3027 3083 Christo
3061 3033 3287 3091 natura,
3339 3041 3457 3096 qua,
3485 3025 3613 3078 Deus
3634 3025 3714 3072 est.

503 3105 893 3192 abiapostolis
946 3115 1214 3169 divinitus
1257 3111 1484 3174 tradita,
1527 3115 1592 3162 ut
1629 3107 1723 3178 qui
1784 3105 2096 3159 manifestis

2180 3123 2321 3177 Cum
2352 3127 2541 3175 autem
2573 3120 2642 3173 de
2671 3119 2862 3172 anima
2893 3116 3099 3170 Christi
3120 3115 3426 3186 loquimur,
3450 3113 3514 3166 de
3536 3110 3616 3164 illo
3639 3106 3717 3162 uti-

501 3217 635 3266 sunt
663 3205 991 3263 criminibus
1041 3198 1372 3272 deprehensi
1417 3197 1715 3267 ejiciantur
1745 3194 1814 3248 ab
1844 3194 2096 3248 oratione
2179 3227 2287 3282 que
2314 3210 2598 3281 loquimur
2617 3207 2880 3262 rationali
2907 3206 3131 3277 spiritu,
3156 3204 3230 3258 ad
3264 3220 3429 3275 quem
3456 3218 3557 3256 non
3579 3197 3718 3252 solum

499 3296 782 3358 Communi
808 3314 822 3359 ς
873 3293 1004 3364 (ιυίε
1035 3307 1146 3345 non
1178 3294 1405 3360 Propter
1442 3287 1625 3340 locum
1664 3285 1844 3339 oratio
1873 3284 2096 3337 ἀίσθιτθ
2177 3301 2328 3355 Deus
2360 3315 2460 3370 per
2483 3297 2727 3368 gratiam
2748 3296 2914 3360 venit,
2945 3295 3041 3349 sed
3071 3310 3244 3364 quem
3276 3293 3396 3364 ipsa
3430 3289 3654 3344 divinitas
3676 3285 3718 3336 in

499 3389 739 3451 videtur,
783 3383 1035 3455 quamvis
1081 3376 1470 3451 Opportunitas
1527 3381 1583 3428 et
1636 3373 1831 3444 religio
1875 3391 2099 3444 semper

503 3474 805 3550 quaerenda
838 3473 928 3534 sit,
983 3469 1080 3524 sed
1129 3469 1232 3522 hoc
1263 3465 1571 3528 sciendum,
1606 3463 1738 3534 quia
1765 3463 1964 3516 melius
2010 3469 2097 3517 est

503 3567 650 3622 solos
680 3581 782 3618 nos
812 3577 992 3623 orare,
1035 3574 1204 3629 quam
1235 3571 1360 3610 cum
1401 3553 1564 3606 malis
1604 3551 2002 3606 consentiendo
2035 3557 2098 3605 ut

503 3656 636 3710 mali
661 3654 793 3718 sint,
825 3665 1007 3704 orare.
1051 3649 1166 3701 Nec
1196 3645 1301 3698 hoc
1330 3643 1456 3698 ideo
1485 3641 1741 3706 dicimus,
1775 3646 1838 3694 ut
1883 3646 2094 3694 temere

503 3747 571 3801 de
603 3744 791 3816 aliquo
822 3738 1022 3794 debeat
1050 3734 1175 3806 quis
1199 3731 1477 3803 judicare,
1510 3746 1692 3800 neque
1721 3727 1845 3782 aliis
1871 3744 1931 3781 se
1952 3745 2095 3798 pra:-

499 3849 725 3906 ponere.
761 3828 871 3884 Sed
914 3840 1094 3896 neque
1123 3823 1194 3876 de
1223 3819 1490 3892 apostolis
1532 3816 1744 3888 aliquid
1800 3816 2091 3870 sinistrum

499 3905 770 3993 suspicari
798 3913 1077 3977 convenit,
1118 3909 1216 3964 sed
1259 3907 1614 3962 considerare
1657 3905 1804 3976 quod
1835 3905 1984 3958 solus
2009 3911 2096 3958 est

500 4010 596 4082 qui
637 4007 790 4063 novit
817 4021 918 4060 cur
958 4003 1039 4057 eis
1075 3998 1296 4062 dixerit,
1350 3995 1456 4050 nisi
1486 3995 1554 4050 ad
1601 3994 1838 4048 formam
1868 3999 2094 4048 secretae

499 4095 802 4152 orationis:
859 4092 1039 4148 Sedete
1081 4089 1170 4142 hic
1198 4089 1363 4140 donec
1412 4086 1611 4138 vadum
1668 4085 1804 4136 illuc
1833 4087 1880 4134 et
1924 4098 2088 4134 orem.

501 4183 805 4240 Ineﬂ‘abilis
834 4179 934 4234 Dei
983 4175 1342 4247 dispensatio,
1380 4179 1643 4227 oraturus
1683 4188 1782 4242 pro
1813 4170 2091 4235 omnibus,

2177 3389 2394 3444 unitate
2442 3403 2691 3458 personas
2749 3384 3010 3454 suscepit.
3045 3382 3255 3436 Anima
3293 3380 3494 3452 quippe
3520 3377 3602 3431 illa
3623 3388 3719 3428 cum

2177 3478 2344 3532 verbo
2369 3494 2513 3531 unus
2533 3483 2620 3530 est
2644 3475 2924 3543 Christus,
2949 3473 3138 3528 anima
3167 3473 3267 3526 illa
3297 3487 3422 3525 cum
3443 3467 3593 3522 verbo
3610 3478 3720 3518 unus

2177 3573 2263 3620 est
2282 3565 2604 3635 unigenitus
2619 3565 2786 3618 Deus.
2816 3564 2883 3616 Et
2900 3561 3033 3632 quia
3043 3560 3372 3630 unigenitus
3391 3559 3530 3613 Deus
3539 3550 3720 3626 aqualis

2177 3653 2554 3715 estPatri,non
2569 3656 2754 3722 potest
2762 3656 2942 3704 totum
2959 3665 3070 3702 non
3082 3646 3294 3701 habere
3306 3663 3427 3718 quae
3449 3643 3610 3698 Patris
3623 3643 3720 3694 sunt

2179 3749 2234 3798 et
2257 3758 2420 3796 nosse
2441 3747 2498 3794 et
2523 3740 2680 3794 velle.
2711 3741 2780 3793 Et
2807 3738 2939 3808 quia
2968 3736 3213 3791 hominis
3243 3742 3331 3790 est
3360 3734 3520 3800 ﬁlius,
3549 3732 3722 3787 constat

2173 3838 2352 3886 totum
2383 3829 2692 3900 suscepisse
2713 3828 2861 3899 quod
2875 3826 3119 3880 hominis
3139 3831 3228 3880 est
3256 3842 3291 3880 a
3311 3831 3526 3879 natura.
3548 3822 3608 3875 Et
3623 3817 3721 3889 quia

2177 3922 2234 3975 in
2250 3938 2314 3975 ea
2330 3918 2728 3989 totusSpiritus
2739 3923 2966 3971 sanctus
2979 3914 3304 3978 mansit,cui
3329 3930 3436 3968 non
3456 3921 3720 3966 mensuram

2177 4009 2324 4061 dedit
2354 4010 2491 4061 Deus
2538 4007 2837 4075 Spiritum,
2883 4021 3079 4059 omnes
3103 4004 3358 4058 thesauri
3389 3997 3647 4072 sapientia
3677 4000 3718 4047 et

2178 4095 2423 4150 scientiae
2455 4097 2513 4149 in
2535 4112 2600 4149 eo
2628 4096 2873 4159 fuerunt,
2899 4099 2957 4148 et
2984 4093 3110 4147 ideo
3138 4109 3250 4146 non
3275 4091 3456 4164 potuit
3473 4082 3718 4145 inﬁrmari,

2178 4185 2308 4238 licet
2335 4184 2390 4238 in
2415 4201 2480 4238 eo
2504 4189 2710 4238 natura
2728 4182 3072 4236 inﬁrmitatis
3092 4188 3261 4236 esset.
3293 4180 3399 4234 nisi
3425 4183 3662 4250 quantum
3681 4176 3724 4223 et

502 4272 749 4327 residere
793 4267 957 4338 jubet
1006 4263 1308 4336 apostolos,
1359 4269 1416 4316 et
1460 4261 1696 4316 assumit
1730 4267 1844 4314 tres
1873 4266 2093 4313 tantum

2179 4273 2233 4326 in
2263 4273 2686 4343 quibuscunque
2715 4271 3050 4326 naturaliter
3074 4269 3389 4340 rebus,ipse
3419 4259 3719 4321 voluit.Unde

502 4378 712 4416 secum-
749 4358 863 4411 Nec
899 4361 1091 4408 tamen
1148 4357 1279 4405 ³ηίο
1330 4350 1497 4420 “Epit
1529 4349 1868 4415 contristari,
1926 4340 2156 4419 quamn
2177 4340 2311 4432 quia
2339 4371 2570 4416 mestus
2595 4340 2658 4415 et
2676 4361 2856 4414 tristis
2884 4359 3010 4422 fuit,
3059 4359 3201 4413 scire
3237 4363 3474 4429 Oportet,
3499 4354 3613 4425 quia
3637 4363 3721 4403 non

503 4468 598 4507 €03
633 4450 905 4504 ³δετιιιηιειτσ·
954 4449 1012 4496 εί
1063 4440 1346 4510 relinquat
1400 4443 1648 4492 εωίθνοεσ
1709 4437 1903 4491 omnis
1963 4454 2094 4508 ergo
2177 4468 2278 4523 pro
2307 4469 2388 4517 se,
2419 4451 2516 4505 sed
2547 4450 2738 4505 multis
2767 4467 2832 4504 ex
2861 4449 3043 4504 causis
3068 4448 3229 4502 valde
3259 4464 3359 4518 pro
3387 4445 3536 4500 nobis
3561 4437 3720 4494 doluit.

501 4555 710 4596 meror
732 4533 930 4592 exinde
961 4531 1041 4585 illi
1070 4545 1190 4584 esse
1235 4527 1422 4599 coepit.
1455 4527 1614 4582 Unde
1643 4542 1754 4580 non
1785 4527 1854 4580 de
1885 4544 1943 4581 se
1973 4534 2098 4581 orta

499 4630 723 4686 videtur
749 4627 866 4680 haec
895 4619 1144 4685 tristitia,
1179 4617 1275 4672 sed
1305 4617 1374 4671 de
1422 4615 1531 4670 illis
1563 4631 1702 4688 quos
1739 4615 1934 4670 sedere
1965 4633 2095 4687 per-

501 4718 675 4784 misit,
706 4715 790 4769 vel
812 4728 911 4785 pro
932 4710 1043 4764 illis
1073 4725 1211 4780 quos
1231 4723 1419 4763 secum
1439 4704 1760 4776 assumpsit.
1791 4705 1934 4759 Hinc
1954 4704 2097 4758 forte

502 4814 638 4864 nata
666 4803 848 4859 omnis
878 4798 1200 4855 mmstitudo
1221 4797 1343 4869 ejus
1373 4795 1642 4862 creditur,
1673 4810 1805 4848 nam
1835 4810 1975 4866 quos
2013 4809 2096 4848 se-

501 4912 631 4953 cum
662 4892 815 4948 ducit
845 4890 950 4962 ipsi
980 4894 1112 4944 sunt
1147 4886 1348 4960 quibus
1396 4902 1474 4951 se,
1508 4883 1689 4956 qualis
1715 4888 1982 4939 venturus
2011 4888 2096 4938 est

503 4987 562 5042 in
593 4998 768 5055 regno
794 4997 915 5044 suo,
949 4980 1006 5034 in
1028 4982 1232 5033 monte
1245 4975 1459 5049 positus
1490 4972 1751 5029 ostendit.

572 5075 638 5130 Et
664 5075 944 5139 assumpto
969 5070 1144 5132 Petro,
1169 5065 1374 5137 inquit,
1405 5069 1454 5119 et
1473 5065 1682 5118 duobus
1702 5065 1837 5130 ﬁliis
1867 5063 2100 5115 Ζεῦξιάωί

501 5165 664 5233 οωρὶι
691 5159 1018 5216 contristari
1047 5161 1096 5210 et
1137 5160 1354 5210 mestus
1377 5170 1500 5208 esse.
1530 5152 1644 5206 Hos
1684 5150 1832 5222 ipsos
1863 5149 2098 5204 assumit

502 5268 643 5324 quos
673 5265 845 5321 supra
884 5253 943 5302 et
976 5245 1035 5300 in
1073 5249 1317 5298 montem
1365 5247 1422 5296 et
1463 5241 1532 5296 ad
1567 5239 1737 5294 ﬁliam
1789 5238 1948 5294 Jairi.
1983 5239 2098 5294 Cur

502 5347 693 5398 autem
750 5355 845 5393 eos
881 5341 1125 5396 tantum,
1157 5333 1276 5404 ipse
1301 5331 1454 5385 solus
1483 5329 1636 5384 novit
1665 5328 1760 5400 qui
1791 5335 1878 5384 est
1905 5329 2094 5400 cogni-

502 5436 595 5486 tor
614 5429 864 5484 omnium
885 5431 1226 5480 secretorum
1243 5468 1255 5480 .
1280 5420 1543 5485 Quamvis
1553 5420 1756 5490 aliquis
1778 5420 1945 5483 dicat,
1964 5419 2097 5490 quia

501 5517 630 5576 ideo
655 5514 1020 5588 assumpserit
1045 5529 1139 5569 eos
1159 5510 1386 5586 speciali
1414 5509 1644 5578 honore,
1661 5509 1806 5567 sicut
1823 5517 1881 5566 et
1908 5526 2097 5583 supra,

2179 4541 2452 4602 Primum,
2486 4539 2620 4611 quia
2659 4546 2787 4611 post
2813 4539 2946 4593 Adae
2983 4538 3228 4608 lapsum,
3254 4536 3493 4590 transitu
3521 4530 3624 4593 tali,
3650 4541 3723 4579 no-

2179 4629 2264 4683 bis
2290 4646 2357 4682 (ιχ
2379 4629 2482 4682 hoc
2508 4628 2707 4683 saeculo
2738 4626 3108 4682 recedendum
3140 4631 3282 4684 erat.
3317 4631 3381 4679 ut
3393 4620 3526 4677 mori
3540 4628 3720 4673 necesse

2179 4723 2344 4773 esset.
2391 4719 2541 4774 Deus
2569 4719 2718 4772 enim
2746 4722 2985 4771 mortem
3013 4731 3126 4769 non
3147 4715 3374 4779 fecerat,
3403 4728 3500 4766 nec
3532 4709 3717 4763 laetatur

2175 4806 2235 4862 in
2267 4806 2577 4878 perditione
2603 4805 2922 4861 viventium.
2950 4805 3021 4860 Et
3041 4804 3166 4858 ideo
3181 4805 3311 4874 jure
3339 4797 3590 4856 fastidivit
3613 4794 3659 4847 in
3675 4804 3720 4842 se

2179 4895 2459 4968 suscipere
2510 4895 2658 4967 quod
2719 4902 2756 4961 Ι
2783 4901 2888 4961 ιι
2916 4900 2951 4959 ι
3000 4893 3120 4964 ipse
3171 4909 3286 4947 non
3341 4889 3481 4945 fecit.
3529 4878 3720 4938 Videbat

2181 4986 2332 5040 enim
2361 4992 2418 5041 et
2446 4987 2680 5041 chorum
2724 4984 3124 5055 apostolorum,
3157 4999 3297 5053 quos
3333 4985 3486 5036 tanta
3511 4968 3716 5030 enutrie-

2180 5081 2271 5129 rat
2298 5075 2592 5146 diligentia
2615 5075 2674 5128 in
2710 5073 2893 5128 subito
2922 5071 3361 5142 dispergendum
3388 5089 3400 5136 ;
3447 5068 3582 5121 inter
3607 5071 3717 5129 quos

2183 5163 2352 5218 etiam
2403 5169 2460 5219 et
2512 5161 2875 5218 infelicissimi
2917 5160 3075 5215 Judae
3101 5175 3270 5215 causa
3298 5164 3419 5214 erat
3443 5148 3715 5210 dolendum.

2182 5251 2536 5323 Quapropter
2564 5268 2676 5308 non
2719 5249 3000 5305 immerito
3035 5250 3320 5321 queritur,
3366 5245 3488 5301 licet
3538 5240 3628 5323 ista
3663 5231 3719 5290 sit

2180 5320 2350 5388 causa
2376 5320 2636 5396 tristitiae,
2677 5348 2778 5386 cur
2817 5347 2884 5386 eo
2913 5330 2971 5384 in
2997 5320 3266 5400 tempore,
3299 5333 3356 5382 et
3381 5341 3500 5380 cum
3527 5320 3586 5374 ad
3615 5326 3717 5368 eum

2181 5422 2498 5493 pervenerit
2523 5422 2703 5475 locum
2733 5426 2798 5474 ut
2822 5426 3009 5474 oraret
3045 5419 3114 5472 ad
3139 5415 3439 5479 Patrem,in
3471 5414 3715 5482 quoquam

2184 5528 2330 5584 sape
2359 5511 2654 5568 convenire
2707 5510 2906 5567 solitus
2937 5514 3060 5564 erat
3086 5527 3096 5562 :
3152 5505 3282 5580 quid
3311 5509 3394 5560 est
3433 5497 3568 5572 quod
3596 5501 3713 5548 nunc
