  <div class='ocr_page' id='page_1' title='image "/cluster/home/n/w/nwhite01/storage/ocr_20150623/120/hvd.32044054759824/458.png"; bbox 0 0 3918 6166; ppageno 0'>
   <div class='ocr_carea' id='block_1_1' title="bbox 219 214 332 276">
    <p class='ocr_par' dir='ltr' id='par_1_1' title="bbox 219 214 332 276">
     <span class='ocr_line' id='line_1_1' title="bbox 219 214 332 276; baseline 0 0"><span class='ocrx_word' id='word_1_1' title='bbox 219 214 332 276; x_wconf 79' lang='lat'><strong>905</strong></span> 
     </span>
    </p>
   </div>
   <div class='ocr_carea' id='block_1_2' title="bbox 934 212 2779 291">
    <p class='ocr_par' dir='ltr' id='par_1_2' title="bbox 934 212 2779 291">
     <span class='ocr_line' id='line_1_2' title="bbox 934 212 2779 291; baseline 0.004 -20"><span class='ocrx_word' id='word_1_2' title='bbox 934 212 1313 271; x_wconf 86' lang='lat' dir='ltr'><strong>EXPOSITIO</strong></span> <span class='ocrx_word' id='word_1_3' title='bbox 1350 213 1430 270; x_wconf 88' lang='lat' dir='ltr'><strong>IN</strong></span> <span class='ocrx_word' id='word_1_4' title='bbox 1464 213 1909 273; x_wconf 58' lang='lat' dir='ltr'><strong>MA&#39;I‘THAUM.</strong></span> <span class='ocrx_word' id='word_1_5' title='bbox 1942 247 2007 259; x_wconf 94' lang='lat'><strong>—</strong></span> <span class='ocrx_word' id='word_1_6' title='bbox 2038 219 2177 277; x_wconf 91' lang='lat' dir='ltr'><strong>LIB.</strong></span> <span class='ocrx_word' id='word_1_7' title='bbox 2218 222 2343 291; x_wconf 81' lang='lat' dir='ltr'><strong>XII,</strong></span> <span class='ocrx_word' id='word_1_8' title='bbox 2385 222 2542 278; x_wconf 84' lang='lat' dir='ltr'><strong>CAP.</strong></span> <span class='ocrx_word' id='word_1_9' title='bbox 2583 219 2779 281; x_wconf 66' lang='lat' dir='ltr'><strong>XXVI.</strong></span> 
     </span>
    </p>
   </div>
   <div class='ocr_carea' id='block_1_3' title="bbox 3385 233 3491 291">
    <p class='ocr_par' dir='ltr' id='par_1_3' title="bbox 3385 233 3491 291">
     <span class='ocr_line' id='line_1_3' title="bbox 3385 233 3491 291; baseline 0 0"><span class='ocrx_word' id='word_1_10' title='bbox 3385 233 3491 291; x_wconf 89' lang='lat'><strong>906</strong></span> 
     </span>
    </p>
   </div>
   <div class='ocr_carea' id='block_1_4' title="bbox 214 337 3490 420">
    <p class='ocr_par' dir='ltr' id='par_1_4' title="bbox 214 337 3490 420">
     <span class='ocr_line' id='line_1_4' title="bbox 214 337 3490 420; baseline 0.005 -23"><span class='ocrx_word' id='word_1_11' title='bbox 214 346 345 397; x_wconf 75' lang='lat' dir='ltr'><strong>tam</strong></span> <span class='ocrx_word' id='word_1_12' title='bbox 379 340 559 396; x_wconf 76' lang='lat' dir='ltr'><strong>tristis</strong></span> <span class='ocrx_word' id='word_1_13' title='bbox 597 345 657 396; x_wconf 80' lang='lat' dir='ltr'><strong>‘et</strong></span> <span class='ocrx_word' id='word_1_14' title='bbox 698 344 933 396; x_wconf 72' lang='lat' dir='ltr'><strong>mmstus</strong></span> <span class='ocrx_word' id='word_1_15' title='bbox 960 355 1083 395; x_wconf 79' lang='lat' dir='ltr'><strong>esse</strong></span> <span class='ocrx_word' id='word_1_16' title='bbox 1117 337 1324 394; x_wconf 90' lang='lat' dir='ltr'><strong>dicitur</strong></span> <span class='ocrx_word' id='word_1_17' title='bbox 1350 339 1374 393; x_wconf 85' lang='lat'><strong>?</strong></span> <span class='ocrx_word' id='word_1_18' title='bbox 1416 339 1535 395; x_wconf 83' lang='lat' dir='ltr'><strong>Nisi</strong></span> <span class='ocrx_word' id='word_1_19' title='bbox 1572 341 1716 397; x_wconf 83' lang='lat' dir='ltr'><strong>forte</strong></span> <span class='ocrx_word' id='word_1_20' title='bbox 1746 346 1812 397; x_wconf 90' lang='lat' dir='ltr'><strong>ut</strong></span> <span class='ocrx_word' id='word_1_21' title='bbox 1826 344 1878 404; x_wconf 79' lang='grc' dir='ltr'><strong>Α</strong></span> <span class='ocrx_word' id='word_1_22' title='bbox 1896 343 2250 417; x_wconf 80' lang='lat' dir='ltr'><strong>Quapropter</strong></span> <span class='ocrx_word' id='word_1_23' title='bbox 2275 361 2346 401; x_wconf 92' lang='lat' dir='ltr'><strong>ne</strong></span> <span class='ocrx_word' id='word_1_24' title='bbox 2363 347 2567 403; x_wconf 83' lang='lat' dir='ltr'><strong>timeas</strong></span> <span class='ocrx_word' id='word_1_25' title='bbox 2591 350 2864 414; x_wconf 84' lang='lat' dir='ltr'><strong>conﬁteri,</strong></span> <span class='ocrx_word' id='word_1_26' title='bbox 2888 351 3036 420; x_wconf 89' lang='lat' dir='ltr'><strong>quod</strong></span> <span class='ocrx_word' id='word_1_27' title='bbox 3059 353 3117 408; x_wconf 90' lang='lat' dir='ltr'><strong>in</strong></span> <span class='ocrx_word' id='word_1_28' title='bbox 3136 363 3490 414; x_wconf 88' lang='lat' dir='ltr'><strong>sacramento</strong></span> 
     </span>
    </p>
   </div>
   <div class='ocr_carea' id='block_1_5' title="bbox 223 429 1817 501">
    <p class='ocr_par' dir='ltr' id='par_1_5' title="bbox 223 429 1817 501">
     <span class='ocr_line' id='line_1_5' title="bbox 223 429 1817 501; baseline 0.001 -16"><span class='ocrx_word' id='word_1_29' title='bbox 223 446 449 485; x_wconf 83' lang='lat' dir='ltr'><strong>causam</strong></span> <span class='ocrx_word' id='word_1_30' title='bbox 480 429 752 485; x_wconf 88' lang='lat' dir='ltr'><strong>orationis</strong></span> <span class='ocrx_word' id='word_1_31' title='bbox 779 434 984 485; x_wconf 78' lang='lat' dir='ltr'><strong>nostrae</strong></span> <span class='ocrx_word' id='word_1_32' title='bbox 1013 429 1373 500; x_wconf 81' lang='lat' dir='ltr'><strong>exprimeret,</strong></span> <span class='ocrx_word' id='word_1_33' title='bbox 1407 430 1632 501; x_wconf 79' lang='lat' dir='ltr'><strong>quando</strong></span> <span class='ocrx_word' id='word_1_34' title='bbox 1660 447 1726 485; x_wconf 94' lang='lat' dir='ltr'><strong>eo</strong></span> <span class='ocrx_word' id='word_1_35' title='bbox 1756 432 1817 486; x_wconf 89' lang='lat' dir='ltr'><strong>in</strong></span> 
     </span>
    </p>
   </div>
   <div class='ocr_carea' id='block_1_6' title="bbox 223 519 1817 592">
    <p class='ocr_par' dir='ltr' id='par_1_6' title="bbox 223 519 1817 592">
     <span class='ocr_line' id='line_1_6' title="bbox 223 519 1817 592; baseline 0.001 -19"><span class='ocrx_word' id='word_1_36' title='bbox 223 524 477 591; x_wconf 87' lang='lat' dir='ltr'><strong>tempore</strong></span> <span class='ocrx_word' id='word_1_37' title='bbox 513 519 835 574; x_wconf 81' lang='lat' dir='ltr'><strong>contristari</strong></span> <span class='ocrx_word' id='word_1_38' title='bbox 880 523 1118 590; x_wconf 83' lang='lat' dir='ltr'><strong>oportet,</strong></span> <span class='ocrx_word' id='word_1_39' title='bbox 1170 519 1412 573; x_wconf 86' lang='lat' dir='ltr'><strong>maxime</strong></span> <span class='ocrx_word' id='word_1_40' title='bbox 1457 519 1676 575; x_wconf 88' lang='lat' dir='ltr'><strong>duabus</strong></span> <span class='ocrx_word' id='word_1_41' title='bbox 1715 537 1817 592; x_wconf 87' lang='lat' dir='ltr'><strong>pro</strong></span> 
     </span>
    </p>
   </div>
   <div class='ocr_carea' id='block_1_7' title="bbox 222 607 1821 681">
    <p class='ocr_par' dir='ltr' id='par_1_7' title="bbox 222 607 1821 681">
     <span class='ocr_line' id='line_1_7' title="bbox 222 607 1821 681; baseline 0.001 -18"><span class='ocrx_word' id='word_1_42' title='bbox 222 608 409 663; x_wconf 82' lang='lat' dir='ltr'><strong>causis</strong></span> <span class='ocrx_word' id='word_1_43' title='bbox 437 626 449 661; x_wconf 88' lang='lat'><strong>:</strong></span> <span class='ocrx_word' id='word_1_44' title='bbox 483 609 569 663; x_wconf 97' lang='lat' dir='ltr'><strong>vel</strong></span> <span class='ocrx_word' id='word_1_45' title='bbox 601 609 734 680; x_wconf 83' lang='lat' dir='ltr'><strong>quia</strong></span> <span class='ocrx_word' id='word_1_46' title='bbox 777 623 1069 663; x_wconf 82' lang='lat' dir='ltr'><strong>versamur</strong></span> <span class='ocrx_word' id='word_1_47' title='bbox 1103 607 1162 661; x_wconf 92' lang='lat' dir='ltr'><strong>in</strong></span> <span class='ocrx_word' id='word_1_48' title='bbox 1208 608 1388 674; x_wconf 88' lang='lat' dir='ltr'><strong>malis,</strong></span> <span class='ocrx_word' id='word_1_49' title='bbox 1432 609 1519 663; x_wconf 91' lang='lat' dir='ltr'><strong>vel</strong></span> <span class='ocrx_word' id='word_1_50' title='bbox 1556 609 1691 681; x_wconf 90' lang='lat' dir='ltr'><strong>quia</strong></span> <span class='ocrx_word' id='word_1_51' title='bbox 1725 610 1821 665; x_wconf 86' lang='lat' dir='ltr'><strong>ad-</strong></span> 
     </span>
    </p>
   </div>
   <div class='ocr_carea' id='block_1_8' title="bbox 1898 435 3492 518">
    <p class='ocr_par' dir='ltr' id='par_1_8' title="bbox 1898 435 3492 518">
     <span class='ocr_line' id='line_1_8' title="bbox 1898 435 3492 518; baseline 0.008 -30"><span class='ocrx_word' id='word_1_52' title='bbox 1898 440 2102 489; x_wconf 68' lang='lat' dir='ltr'><strong>nostras</strong></span> <span class='ocrx_word' id='word_1_53' title='bbox 2132 435 2329 490; x_wconf 89' lang='lat' dir='ltr'><strong>salutis</strong></span> <span class='ocrx_word' id='word_1_54' title='bbox 2367 441 2469 501; x_wconf 91' lang='lat' dir='ltr'><strong>est,</strong></span> <span class='ocrx_word' id='word_1_55' title='bbox 2516 441 2574 491; x_wconf 90' lang='lat' dir='ltr'><strong>et</strong></span> <span class='ocrx_word' id='word_1_56' title='bbox 2608 454 2677 492; x_wconf 89' lang='lat' dir='ltr'><strong>ne</strong></span> <span class='ocrx_word' id='word_1_57' title='bbox 2717 439 3043 508; x_wconf 82' lang='lat' dir='ltr'><strong>confundas,</strong></span> <span class='ocrx_word' id='word_1_58' title='bbox 3086 443 3233 514; x_wconf 90' lang='lat' dir='ltr'><strong>quod</strong></span> <span class='ocrx_word' id='word_1_59' title='bbox 3273 445 3326 499; x_wconf 91' lang='lat' dir='ltr'><strong>in</strong></span> <span class='ocrx_word' id='word_1_60' title='bbox 3364 463 3492 518; x_wconf 87' lang='lat' dir='ltr'><strong>pro-</strong></span> 
     </span>
    </p>
   </div>
   <div class='ocr_carea' id='block_1_9' title="bbox 1901 523 3494 597">
    <p class='ocr_par' dir='ltr' id='par_1_9' title="bbox 1901 523 3494 597">
     <span class='ocr_line' id='line_1_9' title="bbox 1901 523 3494 597; baseline 0.008 -20"><span class='ocrx_word' id='word_1_61' title='bbox 1901 523 2138 594; x_wconf 88' lang='lat' dir='ltr'><strong>prietate</strong></span> <span class='ocrx_word' id='word_1_62' title='bbox 2180 524 2622 597; x_wconf 84' lang='lat' dir='ltr'><strong>uniuscujusque</strong></span> <span class='ocrx_word' id='word_1_63' title='bbox 2676 532 2891 583; x_wconf 71' lang='lat' dir='ltr'><strong>naturae</strong></span> <span class='ocrx_word' id='word_1_64' title='bbox 2935 536 3037 585; x_wconf 87' lang='lat' dir='ltr'><strong>est.</strong></span> <span class='ocrx_word' id='word_1_65' title='bbox 3089 531 3233 597; x_wconf 86' lang='lat' dir='ltr'><strong>Quia</strong></span> <span class='ocrx_word' id='word_1_66' title='bbox 3279 535 3350 589; x_wconf 89' lang='lat' dir='ltr'><strong>ad</strong></span> <span class='ocrx_word' id='word_1_67' title='bbox 3389 535 3494 590; x_wconf 87' lang='lat' dir='ltr'><strong>hoc</strong></span> 
     </span>
    </p>
   </div>
   <div class='ocr_carea' id='block_1_10' title="bbox 1903 613 3495 690">
    <p class='ocr_par' dir='ltr' id='par_1_10' title="bbox 1903 613 3495 690">
     <span class='ocr_line' id='line_1_10' title="bbox 1903 613 3495 690; baseline 0.009 -25"><span class='ocrx_word' id='word_1_68' title='bbox 1903 613 2051 667; x_wconf 84' lang='lat' dir='ltr'><strong>venit</strong></span> <span class='ocrx_word' id='word_1_69' title='bbox 2077 613 2330 669; x_wconf 84' lang='lat' dir='ltr'><strong>Christus</strong></span> <span class='ocrx_word' id='word_1_70' title='bbox 2361 615 2542 683; x_wconf 89' lang='lat' dir='ltr'><strong>Jesus,</strong></span> <span class='ocrx_word' id='word_1_71' title='bbox 2589 615 2739 671; x_wconf 89' lang='lat' dir='ltr'><strong>Deus</strong></span> <span class='ocrx_word' id='word_1_72' title='bbox 2784 617 2953 673; x_wconf 91' lang='lat' dir='ltr'><strong>homo</strong></span> <span class='ocrx_word' id='word_1_73' title='bbox 3000 619 3198 690; x_wconf 87' lang='lat' dir='ltr'><strong>factus,</strong></span> <span class='ocrx_word' id='word_1_74' title='bbox 3230 628 3296 678; x_wconf 89' lang='lat' dir='ltr'><strong>ut</strong></span> <span class='ocrx_word' id='word_1_75' title='bbox 3325 624 3495 679; x_wconf 81' lang='lat' dir='ltr'><strong>sciret</strong></span> 
     </span>
    </p>
   </div>
   <div class='ocr_carea' id='block_1_11' title="bbox 221 696 3498 777">
    <p class='ocr_par' dir='ltr' id='par_1_11' title="bbox 221 696 3498 777">
     <span class='ocr_line' id='line_1_11' title="bbox 221 696 3498 777; baseline 0.005 -25"><span class='ocrx_word' id='word_1_76' title='bbox 221 697 333 752; x_wconf 87' lang='lat' dir='ltr'><strong>huc</strong></span> <span class='ocrx_word' id='word_1_77' title='bbox 372 698 662 770; x_wconf 78' lang='lat' dir='ltr'><strong>privamur</strong></span> <span class='ocrx_word' id='word_1_78' title='bbox 699 696 880 752; x_wconf 86' lang='lat' dir='ltr'><strong>bonis.</strong></span> <span class='ocrx_word' id='word_1_79' title='bbox 926 697 1037 753; x_wconf 88' lang='lat' dir='ltr'><strong>Sed</strong></span> <span class='ocrx_word' id='word_1_80' title='bbox 1085 697 1219 768; x_wconf 84' lang='lat' dir='ltr'><strong>quia</strong></span> <span class='ocrx_word' id='word_1_81' title='bbox 1264 698 1384 769; x_wconf 88' lang='lat' dir='ltr'><strong>ipse</strong></span> <span class='ocrx_word' id='word_1_82' title='bbox 1441 698 1818 754; x_wconf 88' lang='lat' dir='ltr'><strong>immolandus</strong></span> <span class='ocrx_word' id='word_1_83' title='bbox 1893 702 2056 771; x_wconf 85' lang='lat' dir='ltr'><strong>juxta</strong></span> <span class='ocrx_word' id='word_1_84' title='bbox 2080 703 2410 776; x_wconf 88' lang='lat' dir='ltr'><strong>prophetam</strong></span> <span class='ocrx_word' id='word_1_85' title='bbox 2438 704 2499 758; x_wconf 91' lang='lat' dir='ltr'><strong>in</strong></span> <span class='ocrx_word' id='word_1_86' title='bbox 2527 705 2692 775; x_wconf 87' lang='lat' dir='ltr'><strong>plaga</strong></span> <span class='ocrx_word' id='word_1_87' title='bbox 2719 698 2954 777; x_wconf 80' lang='lat' dir='ltr'><strong>positus,</strong></span> <span class='ocrx_word' id='word_1_88' title='bbox 2988 715 3212 765; x_wconf 89' lang='lat' dir='ltr'><strong>nostras</strong></span> <span class='ocrx_word' id='word_1_89' title='bbox 3240 711 3387 767; x_wconf 90' lang='lat' dir='ltr'><strong>ferre</strong></span> <span class='ocrx_word' id='word_1_90' title='bbox 3414 713 3498 768; x_wconf 89' lang='lat' dir='ltr'><strong>in-</strong></span> 
     </span>
    </p>
   </div>
   <div class='ocr_carea' id='block_1_12' title="bbox 221 785 1813 859">
    <p class='ocr_par' dir='ltr' id='par_1_12' title="bbox 221 785 1813 859">
     <span class='ocr_line' id='line_1_12' title="bbox 221 785 1813 859; baseline 0.001 -18"><span class='ocrx_word' id='word_1_91' title='bbox 221 793 365 853; x_wconf 84' lang='lat' dir='ltr'><strong>erat,</strong></span> <span class='ocrx_word' id='word_1_92' title='bbox 394 803 497 859; x_wconf 89' lang='lat' dir='ltr'><strong>pro</strong></span> <span class='ocrx_word' id='word_1_93' title='bbox 526 787 707 842; x_wconf 87' lang='lat' dir='ltr'><strong>salute</strong></span> <span class='ocrx_word' id='word_1_94' title='bbox 740 787 916 842; x_wconf 83' lang='lat' dir='ltr'><strong>totius</strong></span> <span class='ocrx_word' id='word_1_95' title='bbox 962 785 1179 854; x_wconf 89' lang='lat' dir='ltr'><strong>mundi,</strong></span> <span class='ocrx_word' id='word_1_96' title='bbox 1223 786 1361 841; x_wconf 89' lang='lat' dir='ltr'><strong>vidit</strong></span> <span class='ocrx_word' id='word_1_97' title='bbox 1398 793 1585 843; x_wconf 87' lang='lat' dir='ltr'><strong>astare</strong></span> <span class='ocrx_word' id='word_1_98' title='bbox 1633 804 1813 859; x_wconf 88' lang='lat' dir='ltr'><strong>reges,</strong></span> 
     </span>
    </p>
   </div>
   <div class='ocr_carea' id='block_1_13' title="bbox 222 875 1825 949">
    <p class='ocr_par' dir='ltr' id='par_1_13' title="bbox 222 875 1825 949">
     <span class='ocr_line' id='line_1_13' title="bbox 222 875 1825 949; baseline 0.001 -18"><span class='ocrx_word' id='word_1_99' title='bbox 222 882 284 932; x_wconf 83' lang='lat' dir='ltr'><strong>et</strong></span> <span class='ocrx_word' id='word_1_100' title='bbox 319 875 600 949; x_wconf 81' lang='lat' dir='ltr'><strong>principes</strong></span> <span class='ocrx_word' id='word_1_101' title='bbox 641 876 938 931; x_wconf 90' lang='lat' dir='ltr'><strong>convenire</strong></span> <span class='ocrx_word' id='word_1_102' title='bbox 979 878 1241 931; x_wconf 75' lang='lat' dir='ltr'><strong>adversus</strong></span> <span class='ocrx_word' id='word_1_103' title='bbox 1272 878 1593 943; x_wconf 85' lang='lat' dir='ltr'><strong>Dominum,</strong></span> <span class='ocrx_word' id='word_1_104' title='bbox 1636 882 1689 932; x_wconf 83' lang='lat' dir='ltr'><strong>et</strong></span> <span class='ocrx_word' id='word_1_105' title='bbox 1730 880 1825 932; x_wconf 82' lang='lat' dir='ltr'><strong>ad-</strong></span> 
     </span>
    </p>
   </div>
   <div class='ocr_carea' id='block_1_14' title="bbox 220 965 1823 1036">
    <p class='ocr_par' dir='ltr' id='par_1_14' title="bbox 220 965 1823 1036">
     <span class='ocr_line' id='line_1_14' title="bbox 220 965 1823 1036; baseline 0.001 -15"><span class='ocrx_word' id='word_1_106' title='bbox 220 981 414 1021; x_wconf 71' lang='lat' dir='ltr'><strong>versus</strong></span> <span class='ocrx_word' id='word_1_107' title='bbox 443 967 725 1023; x_wconf 74' lang='lat' dir='ltr'><strong>Christum</strong></span> <span class='ocrx_word' id='word_1_108' title='bbox 754 969 870 1036; x_wconf 83' lang='lat' dir='ltr'><strong>ejus</strong></span> <span class='ocrx_word' id='word_1_109' title='bbox 901 968 1062 1031; x_wconf 81' lang='lat' dir='ltr'><strong>(Psat.</strong></span> <span class='ocrx_word' id='word_1_110' title='bbox 1104 979 1163 1033; x_wconf 80' lang='grc' dir='ltr'><strong>Π,</strong></span> <span class='ocrx_word' id='word_1_111' title='bbox 1203 965 1279 1035; x_wconf 76' lang='grc'><strong>2).</strong></span> <span class='ocrx_word' id='word_1_112' title='bbox 1327 966 1408 1021; x_wconf 90' lang='lat' dir='ltr'><strong>Ea</strong></span> <span class='ocrx_word' id='word_1_113' title='bbox 1443 967 1634 1022; x_wconf 88' lang='lat' dir='ltr'><strong>omnia</strong></span> <span class='ocrx_word' id='word_1_114' title='bbox 1681 967 1823 1023; x_wconf 81' lang='lat' dir='ltr'><strong>forte</strong></span> 
     </span>
    </p>
   </div>
   <div class='ocr_carea' id='block_1_15' title="bbox 221 1054 1817 1124">
    <p class='ocr_par' dir='ltr' id='par_1_15' title="bbox 221 1054 1817 1124">
     <span class='ocr_line' id='line_1_15' title="bbox 221 1054 1817 1124; baseline 0.001 -14"><span class='ocrx_word' id='word_1_115' title='bbox 221 1055 380 1110; x_wconf 86' lang='lat' dir='ltr'><strong>mala</strong></span> <span class='ocrx_word' id='word_1_116' title='bbox 413 1055 475 1110; x_wconf 89' lang='lat' dir='ltr'><strong>in</strong></span> <span class='ocrx_word' id='word_1_117' title='bbox 520 1060 808 1110; x_wconf 90' lang='lat' dir='ltr'><strong>momento</strong></span> <span class='ocrx_word' id='word_1_118' title='bbox 836 1054 992 1121; x_wconf 89' lang='lat' dir='ltr'><strong>vidit,</strong></span> <span class='ocrx_word' id='word_1_119' title='bbox 1031 1055 1338 1111; x_wconf 80' lang='lat' dir='ltr'><strong>secundum</strong></span> <span class='ocrx_word' id='word_1_120' title='bbox 1388 1055 1817 1124; x_wconf 86' lang='lat' dir='ltr'><strong>humanitatem,</strong></span> 
     </span>
    </p>
   </div>
   <div class='ocr_carea' id='block_1_16' title="bbox 223 1145 1823 1216">
    <p class='ocr_par' dir='ltr' id='par_1_16' title="bbox 223 1145 1823 1216">
     <span class='ocr_line' id='line_1_16' title="bbox 223 1145 1823 1216; baseline 0.001 -17"><span class='ocrx_word' id='word_1_121' title='bbox 223 1160 352 1216; x_wconf 82' lang='lat' dir='ltr'><strong>quae</strong></span> <span class='ocrx_word' id='word_1_122' title='bbox 405 1160 632 1216; x_wconf 86' lang='lat' dir='ltr'><strong>semper</strong></span> <span class='ocrx_word' id='word_1_123' title='bbox 685 1160 875 1200; x_wconf 86' lang='lat' dir='ltr'><strong>coram</strong></span> <span class='ocrx_word' id='word_1_124' title='bbox 927 1160 992 1200; x_wconf 91' lang='lat' dir='ltr'><strong>eo</strong></span> <span class='ocrx_word' id='word_1_125' title='bbox 1036 1150 1169 1200; x_wconf 90' lang='lat' dir='ltr'><strong>sunt</strong></span> <span class='ocrx_word' id='word_1_126' title='bbox 1208 1145 1517 1200; x_wconf 87' lang='lat' dir='ltr'><strong>secundum</strong></span> <span class='ocrx_word' id='word_1_127' title='bbox 1565 1145 1823 1201; x_wconf 89' lang='lat' dir='ltr'><strong>divinita-</strong></span> 
     </span>
    </p>
   </div>
   <div class='ocr_carea' id='block_1_17' title="bbox 221 1233 1824 1305">
    <p class='ocr_par' dir='ltr' id='par_1_17' title="bbox 221 1233 1824 1305">
     <span class='ocr_line' id='line_1_17' title="bbox 221 1233 1824 1305; baseline 0.001 -17"><span class='ocrx_word' id='word_1_128' title='bbox 221 1241 361 1301; x_wconf 78' lang='lat' dir='ltr'><strong>tem,</strong></span> <span class='ocrx_word' id='word_1_129' title='bbox 404 1250 531 1305; x_wconf 60' lang='lat' dir='ltr'><strong>qua</strong></span> <span class='ocrx_word' id='word_1_130' title='bbox 574 1233 877 1289; x_wconf 89' lang='lat' dir='ltr'><strong>imminent</strong></span> <span class='ocrx_word' id='word_1_131' title='bbox 909 1233 1103 1305; x_wconf 85' lang='lat' dir='ltr'><strong>generi</strong></span> <span class='ocrx_word' id='word_1_132' title='bbox 1147 1233 1414 1299; x_wconf 87' lang='lat' dir='ltr'><strong>humano,</strong></span> <span class='ocrx_word' id='word_1_133' title='bbox 1465 1239 1523 1288; x_wconf 92' lang='lat' dir='ltr'><strong>et</strong></span> <span class='ocrx_word' id='word_1_134' title='bbox 1579 1234 1824 1289; x_wconf 89' lang='lat' dir='ltr'><strong>mundus</strong></span> 
     </span>
    </p>
   </div>
   <div class='ocr_carea' id='block_1_18' title="bbox 221 1322 1825 1395">
    <p class='ocr_par' dir='ltr' id='par_1_18' title="bbox 221 1322 1825 1395">
     <span class='ocr_line' id='line_1_18' title="bbox 221 1322 1825 1395; baseline 0 -18"><span class='ocrx_word' id='word_1_135' title='bbox 221 1339 328 1395; x_wconf 87' lang='lat' dir='ltr'><strong>per</strong></span> <span class='ocrx_word' id='word_1_136' title='bbox 354 1327 546 1395; x_wconf 87' lang='lat' dir='ltr'><strong>partes</strong></span> <span class='ocrx_word' id='word_1_137' title='bbox 573 1322 841 1378; x_wconf 85' lang='lat' dir='ltr'><strong>admittit.</strong></span> <span class='ocrx_word' id='word_1_138' title='bbox 873 1323 1132 1378; x_wconf 86' lang='lat' dir='ltr'><strong>Forsitan</strong></span> <span class='ocrx_word' id='word_1_139' title='bbox 1160 1338 1294 1393; x_wconf 89' lang='lat' dir='ltr'><strong>ergo</strong></span> <span class='ocrx_word' id='word_1_140' title='bbox 1320 1323 1381 1377; x_wconf 90' lang='lat' dir='ltr'><strong>in</strong></span> <span class='ocrx_word' id='word_1_141' title='bbox 1411 1323 1645 1378; x_wconf 89' lang='lat' dir='ltr'><strong>articulo</strong></span> <span class='ocrx_word' id='word_1_142' title='bbox 1672 1340 1825 1378; x_wconf 89' lang='lat' dir='ltr'><strong>mor-</strong></span> 
     </span>
    </p>
   </div>
   <div class='ocr_carea' id='block_1_19' title="bbox 220 1411 1826 1483">
    <p class='ocr_par' dir='ltr' id='par_1_19' title="bbox 220 1411 1826 1483">
     <span class='ocr_line' id='line_1_19' title="bbox 220 1411 1826 1483; baseline 0 -16"><span class='ocrx_word' id='word_1_143' title='bbox 220 1411 297 1467; x_wconf 85' lang='lat' dir='ltr'><strong>tis</strong></span> <span class='ocrx_word' id='word_1_144' title='bbox 327 1428 446 1467; x_wconf 77' lang='lat' dir='ltr'><strong>suze</strong></span> <span class='ocrx_word' id='word_1_145' title='bbox 487 1411 792 1483; x_wconf 80' lang='lat' dir='ltr'><strong>conspexit,</strong></span> <span class='ocrx_word' id='word_1_146' title='bbox 843 1417 909 1466; x_wconf 90' lang='lat' dir='ltr'><strong>ut</strong></span> <span class='ocrx_word' id='word_1_147' title='bbox 950 1411 1083 1478; x_wconf 86' lang='lat' dir='ltr'><strong>dixi,</strong></span> <span class='ocrx_word' id='word_1_148' title='bbox 1131 1411 1355 1465; x_wconf 90' lang='lat' dir='ltr'><strong>easdem</strong></span> <span class='ocrx_word' id='word_1_149' title='bbox 1396 1411 1727 1467; x_wconf 87' lang='lat' dir='ltr'><strong>assistentes</strong></span> <span class='ocrx_word' id='word_1_150' title='bbox 1766 1412 1826 1467; x_wconf 90' lang='lat' dir='ltr'><strong>in</strong></span> 
     </span>
    </p>
   </div>
   <div class='ocr_carea' id='block_1_20' title="bbox 218 1504 1826 1573">
    <p class='ocr_par' dir='ltr' id='par_1_20' title="bbox 218 1504 1826 1573">
     <span class='ocr_line' id='line_1_20' title="bbox 218 1504 1826 1573; baseline -0.001 -17"><span class='ocrx_word' id='word_1_151' title='bbox 218 1516 405 1556; x_wconf 90' lang='lat' dir='ltr'><strong>unum</strong></span> <span class='ocrx_word' id='word_1_152' title='bbox 428 1514 621 1555; x_wconf 89' lang='lat' dir='ltr'><strong>aereas</strong></span> <span class='ocrx_word' id='word_1_153' title='bbox 649 1505 954 1572; x_wconf 85' lang='lat' dir='ltr'><strong>potestates</strong></span> <span class='ocrx_word' id='word_1_154' title='bbox 984 1505 1179 1554; x_wconf 87' lang='lat' dir='ltr'><strong>contra</strong></span> <span class='ocrx_word' id='word_1_155' title='bbox 1207 1517 1287 1566; x_wconf 89' lang='lat' dir='ltr'><strong>se,</strong></span> <span class='ocrx_word' id='word_1_156' title='bbox 1317 1504 1623 1572; x_wconf 82' lang='lat' dir='ltr'><strong>contraque</strong></span> <span class='ocrx_word' id='word_1_157' title='bbox 1646 1517 1826 1573; x_wconf 90' lang='lat' dir='ltr'><strong>genus</strong></span> 
     </span>
    </p>
   </div>
   <div class='ocr_carea' id='block_1_21' title="bbox 220 1589 1825 1663">
    <p class='ocr_par' dir='ltr' id='par_1_21' title="bbox 220 1589 1825 1663">
     <span class='ocr_line' id='line_1_21' title="bbox 220 1589 1825 1663; baseline 0.001 -19"><span class='ocrx_word' id='word_1_158' title='bbox 220 1589 542 1645; x_wconf 88' lang='lat' dir='ltr'><strong>humanum</strong></span> <span class='ocrx_word' id='word_1_159' title='bbox 573 1607 585 1642; x_wconf 90' lang='lat'><strong>:</strong></span> <span class='ocrx_word' id='word_1_160' title='bbox 615 1606 717 1660; x_wconf 89' lang='lat' dir='ltr'><strong>pro</strong></span> <span class='ocrx_word' id='word_1_161' title='bbox 746 1589 949 1661; x_wconf 85' lang='lat' dir='ltr'><strong>quibus</strong></span> <span class='ocrx_word' id='word_1_162' title='bbox 986 1589 1267 1656; x_wconf 91' lang='lat' dir='ltr'><strong>omnibus,</strong></span> <span class='ocrx_word' id='word_1_163' title='bbox 1299 1606 1413 1644; x_wconf 91' lang='lat' dir='ltr'><strong>non</strong></span> <span class='ocrx_word' id='word_1_164' title='bbox 1440 1589 1571 1659; x_wconf 86' lang='lat' dir='ltr'><strong>sibi,</strong></span> <span class='ocrx_word' id='word_1_165' title='bbox 1598 1592 1693 1646; x_wconf 86' lang='lat' dir='ltr'><strong>sed</strong></span> <span class='ocrx_word' id='word_1_166' title='bbox 1724 1606 1825 1663; x_wconf 92' lang='lat' dir='ltr'><strong>pro</strong></span> 
     </span>
    </p>
   </div>
   <div class='ocr_carea' id='block_1_22' title="bbox 1900 791 3496 864">
    <p class='ocr_par' dir='ltr' id='par_1_22' title="bbox 1900 791 3496 864">
     <span class='ocr_line' id='line_1_22' title="bbox 1900 791 3496 864; baseline 0.008 -19"><span class='ocrx_word' id='word_1_167' title='bbox 1900 791 2214 861; x_wconf 86' lang='lat' dir='ltr'><strong>firmitates,</strong></span> <span class='ocrx_word' id='word_1_168' title='bbox 2237 797 2570 864; x_wconf 89' lang='lat' dir='ltr'><strong>nostrosque</strong></span> <span class='ocrx_word' id='word_1_169' title='bbox 2591 794 2869 850; x_wconf 89' lang='lat' dir='ltr'><strong>sustinere</strong></span> <span class='ocrx_word' id='word_1_170' title='bbox 2884 796 3123 852; x_wconf 89' lang='lat' dir='ltr'><strong>dolores.</strong></span> <span class='ocrx_word' id='word_1_171' title='bbox 3140 800 3211 854; x_wconf 89' lang='lat' dir='ltr'><strong>Et</strong></span> <span class='ocrx_word' id='word_1_172' title='bbox 3229 800 3356 855; x_wconf 89' lang='lat' dir='ltr'><strong>ideo</strong></span> <span class='ocrx_word' id='word_1_173' title='bbox 3382 817 3496 857; x_wconf 90' lang='lat' dir='ltr'><strong>non</strong></span> 
     </span>
    </p>
   </div>
   <div class='ocr_carea' id='block_1_23' title="bbox 1905 881 3496 961">
    <p class='ocr_par' dir='ltr' id='par_1_23' title="bbox 1905 881 3496 961">
     <span class='ocr_line' id='line_1_23' title="bbox 1905 881 3496 961; baseline 0.008 -27"><span class='ocrx_word' id='word_1_174' title='bbox 1905 884 2039 935; x_wconf 90' lang='lat' dir='ltr'><strong>sunt</strong></span> <span class='ocrx_word' id='word_1_175' title='bbox 2073 881 2338 936; x_wconf 88' lang='lat' dir='ltr'><strong>audiendi</strong></span> <span class='ocrx_word' id='word_1_176' title='bbox 2367 881 2462 953; x_wconf 89' lang='lat' dir='ltr'><strong>qui</strong></span> <span class='ocrx_word' id='word_1_177' title='bbox 2490 883 2671 952; x_wconf 89' lang='lat' dir='ltr'><strong>magis</strong></span> <span class='ocrx_word' id='word_1_178' title='bbox 2714 888 3001 956; x_wconf 84' lang='lat' dir='ltr'><strong>stuporem</strong></span> <span class='ocrx_word' id='word_1_179' title='bbox 3037 888 3332 944; x_wconf 84' lang='lat' dir='ltr'><strong>vulnerum</strong></span> <span class='ocrx_word' id='word_1_180' title='bbox 3374 891 3496 961; x_wconf 87' lang='lat' dir='ltr'><strong>ejus</strong></span> 
     </span>
    </p>
   </div>
   <div class='ocr_carea' id='block_1_24' title="bbox 1903 969 3495 1049">
    <p class='ocr_par' dir='ltr' id='par_1_24' title="bbox 1903 969 3495 1049">
     <span class='ocr_line' id='line_1_24' title="bbox 1903 969 3495 1049; baseline 0.007 -26"><span class='ocrx_word' id='word_1_181' title='bbox 1903 969 2205 1042; x_wconf 65' lang='lat' dir='ltr'><strong>praedicant</strong></span> <span class='ocrx_word' id='word_1_182' title='bbox 2233 986 2403 1042; x_wconf 88' lang='lat' dir='ltr'><strong>quam</strong></span> <span class='ocrx_word' id='word_1_183' title='bbox 2429 971 2701 1037; x_wconf 86' lang='lat' dir='ltr'><strong>dolorem,</strong></span> <span class='ocrx_word' id='word_1_184' title='bbox 2733 977 2790 1027; x_wconf 92' lang='lat' dir='ltr'><strong>et</strong></span> <span class='ocrx_word' id='word_1_185' title='bbox 2827 974 3002 1028; x_wconf 90' lang='lat' dir='ltr'><strong>animi</strong></span> <span class='ocrx_word' id='word_1_186' title='bbox 3044 977 3224 1049; x_wconf 85' lang='lat' dir='ltr'><strong>magis</strong></span> <span class='ocrx_word' id='word_1_187' title='bbox 3261 977 3495 1033; x_wconf 85' lang='lat' dir='ltr'><strong>simula-</strong></span> 
     </span>
    </p>
   </div>
   <div class='ocr_carea' id='block_1_25' title="bbox 1902 1057 2662 1129">
    <p class='ocr_par' dir='ltr' id='par_1_25' title="bbox 1902 1057 2662 1129">
     <span class='ocr_line' id='line_1_25' title="bbox 1902 1057 2662 1129; baseline 0.004 -18"><span class='ocrx_word' id='word_1_188' title='bbox 1902 1057 2117 1112; x_wconf 88' lang='lat' dir='ltr'><strong>tionem</strong></span> <span class='ocrx_word' id='word_1_189' title='bbox 2143 1074 2312 1129; x_wconf 90' lang='lat' dir='ltr'><strong>quam</strong></span> <span class='ocrx_word' id='word_1_190' title='bbox 2340 1074 2662 1115; x_wconf 89' lang='lat' dir='ltr'><strong>maerorem.</strong></span> 
     </span>
    </p>
   </div>
   <div class='ocr_carea' id='block_1_26' title="bbox 1979 1148 3498 1223">
    <p class='ocr_par' dir='ltr' id='par_1_26' title="bbox 1979 1148 3498 1223">
     <span class='ocr_line' id='line_1_26' title="bbox 1979 1148 3498 1223; baseline 0.005 -22"><span class='ocrx_word' id='word_1_191' title='bbox 1979 1148 2130 1201; x_wconf 82' lang='lat' dir='ltr'><strong>Tunc</strong></span> <span class='ocrx_word' id='word_1_192' title='bbox 2143 1151 2223 1201; x_wconf 86' lang='lat' dir='ltr'><strong>ait</strong></span> <span class='ocrx_word' id='word_1_193' title='bbox 2243 1148 2389 1202; x_wconf 84' lang='lat' dir='ltr'><strong>illis:</strong></span> <span class='ocrx_word' id='word_1_194' title='bbox 2420 1149 2614 1202; x_wconf 82' lang='lat' dir='ltr'><strong>Tristis</strong></span> <span class='ocrx_word' id='word_1_195' title='bbox 2628 1154 2703 1203; x_wconf 82' lang='lat' dir='ltr'><strong>cst</strong></span> <span class='ocrx_word' id='word_1_196' title='bbox 2722 1152 2918 1205; x_wconf 85' lang='lat' dir='ltr'><strong>anima</strong></span> <span class='ocrx_word' id='word_1_197' title='bbox 2936 1168 3056 1206; x_wconf 78' lang='lat' dir='ltr'><strong>mea</strong></span> <span class='ocrx_word' id='word_1_198' title='bbox 3074 1168 3244 1223; x_wconf 79' lang='lat' dir='ltr'><strong>usque</strong></span> <span class='ocrx_word' id='word_1_199' title='bbox 3264 1156 3336 1208; x_wconf 88' lang='lat' dir='ltr'><strong>ad</strong></span> <span class='ocrx_word' id='word_1_200' title='bbox 3352 1171 3498 1209; x_wconf 85' lang='lat' dir='ltr'><strong>mor-</strong></span> 
     </span>
    </p>
   </div>
   <div class='ocr_carea' id='block_1_27' title="bbox 1907 1238 3497 1316">
    <p class='ocr_par' dir='ltr' id='par_1_27' title="bbox 1907 1238 3497 1316">
     <span class='ocr_line' id='line_1_27' title="bbox 1907 1238 3497 1316; baseline 0.006 -27"><span class='ocrx_word' id='word_1_201' title='bbox 1907 1240 2040 1300; x_wconf 84' lang='lat' dir='ltr'><strong>tem;</strong></span> <span class='ocrx_word' id='word_1_202' title='bbox 2072 1238 2336 1293; x_wconf 75' lang='lat' dir='ltr'><strong>sustinete</strong></span> <span class='ocrx_word' id='word_1_203' title='bbox 2360 1238 2468 1302; x_wconf 84' lang='lat' dir='ltr'><strong>hic,</strong></span> <span class='ocrx_word' id='word_1_204' title='bbox 2504 1243 2554 1291; x_wconf 81' lang='lat' dir='ltr'><strong>et</strong></span> <span class='ocrx_word' id='word_1_205' title='bbox 2588 1239 2814 1305; x_wconf 77' lang='lat' dir='ltr'><strong>vigilate</strong></span> <span class='ocrx_word' id='word_1_206' title='bbox 2844 1255 3076 1294; x_wconf 81' lang='lat' dir='ltr'><strong>mecum.</strong></span> <span class='ocrx_word' id='word_1_207' title='bbox 3110 1241 3226 1296; x_wconf 89' lang='lat' dir='ltr'><strong>Illis</strong></span> <span class='ocrx_word' id='word_1_208' title='bbox 3252 1259 3497 1316; x_wconf 87' lang='lat' dir='ltr'><strong>namque</strong></span> 
     </span>
    </p>
   </div>
   <div class='ocr_carea' id='block_1_28' title="bbox 1905 1323 3496 1400">
    <p class='ocr_par' dir='ltr' id='par_1_28' title="bbox 1905 1323 3496 1400">
     <span class='ocr_line' id='line_1_28' title="bbox 1905 1323 3496 1400; baseline 0.006 -23"><span class='ocrx_word' id='word_1_209' title='bbox 1905 1323 2059 1391; x_wconf 86' lang='lat' dir='ltr'><strong>dicit,</strong></span> <span class='ocrx_word' id='word_1_210' title='bbox 2086 1341 2223 1396; x_wconf 90' lang='lat' dir='ltr'><strong>quos</strong></span> <span class='ocrx_word' id='word_1_211' title='bbox 2246 1341 2434 1380; x_wconf 89' lang='lat' dir='ltr'><strong>secum</strong></span> <span class='ocrx_word' id='word_1_212' title='bbox 2457 1339 2525 1380; x_wconf 79' lang='lat' dir='ltr'><strong>ex</strong></span> <span class='ocrx_word' id='word_1_213' title='bbox 2542 1325 2802 1381; x_wconf 90' lang='lat' dir='ltr'><strong>omnibus</strong></span> <span class='ocrx_word' id='word_1_214' title='bbox 2818 1336 3218 1400; x_wconf 85' lang='lat' dir='ltr'><strong>assumpserat.</strong></span> <span class='ocrx_word' id='word_1_215' title='bbox 3247 1333 3324 1385; x_wconf 88' lang='lat' dir='ltr'><strong>Ac</strong></span> <span class='ocrx_word' id='word_1_216' title='bbox 3343 1332 3496 1386; x_wconf 84' lang='lat' dir='ltr'><strong>si&#39;di-</strong></span> 
     </span>
    </p>
   </div>
   <div class='ocr_carea' id='block_1_29' title="bbox 1906 1414 3491 1487">
    <p class='ocr_par' dir='ltr' id='par_1_29' title="bbox 1906 1414 3491 1487">
     <span class='ocr_line' id='line_1_29' title="bbox 1906 1414 3491 1487; baseline 0.006 -21"><span class='ocrx_word' id='word_1_217' title='bbox 1906 1418 2059 1467; x_wconf 88' lang='lat' dir='ltr'><strong>ceret</strong></span> <span class='ocrx_word' id='word_1_218' title='bbox 2087 1432 2100 1467; x_wconf 87' lang='lat'><strong>:</strong></span> <span class='ocrx_word' id='word_1_219' title='bbox 2129 1414 2271 1468; x_wconf 88' lang='lat' dir='ltr'><strong>Nolo</strong></span> <span class='ocrx_word' id='word_1_220' title='bbox 2295 1430 2386 1468; x_wconf 92' lang='lat' dir='ltr'><strong>vos</strong></span> <span class='ocrx_word' id='word_1_221' title='bbox 2406 1414 2642 1469; x_wconf 90' lang='lat' dir='ltr'><strong>ulterius</strong></span> <span class='ocrx_word' id='word_1_222' title='bbox 2672 1416 2960 1487; x_wconf 82' lang='lat' dir='ltr'><strong>progredi:</strong></span> <span class='ocrx_word' id='word_1_223' title='bbox 2983 1418 3125 1472; x_wconf 84' lang='lat' dir='ltr'><strong>satis</strong></span> <span class='ocrx_word' id='word_1_224' title='bbox 3141 1419 3217 1472; x_wconf 91' lang='lat' dir='ltr'><strong>sit</strong></span> <span class='ocrx_word' id='word_1_225' title='bbox 3232 1420 3387 1475; x_wconf 91' lang='lat' dir='ltr'><strong>vobis</strong></span> <span class='ocrx_word' id='word_1_226' title='bbox 3416 1420 3491 1475; x_wconf 87' lang='lat' dir='ltr'><strong>vi-</strong></span> 
     </span>
    </p>
   </div>
   <div class='ocr_carea' id='block_1_30' title="bbox 1907 1502 3502 1579">
    <p class='ocr_par' dir='ltr' id='par_1_30' title="bbox 1907 1502 3502 1579">
     <span class='ocr_line' id='line_1_30' title="bbox 1907 1502 3502 1579; baseline 0.005 -23"><span class='ocrx_word' id='word_1_227' title='bbox 1907 1502 2055 1557; x_wconf 88' lang='lat' dir='ltr'><strong>disse</strong></span> <span class='ocrx_word' id='word_1_228' title='bbox 2086 1508 2143 1556; x_wconf 89' lang='lat' dir='ltr'><strong>et</strong></span> <span class='ocrx_word' id='word_1_229' title='bbox 2171 1503 2395 1557; x_wconf 84' lang='lat' dir='ltr'><strong>audisse</strong></span> <span class='ocrx_word' id='word_1_230' title='bbox 2430 1520 2521 1558; x_wconf 90' lang='lat' dir='ltr'><strong>me</strong></span> <span class='ocrx_word' id='word_1_231' title='bbox 2547 1504 2769 1559; x_wconf 75' lang='lat' dir='ltr'><strong>tristem</strong></span> <span class='ocrx_word' id='word_1_232' title='bbox 2798 1521 2901 1577; x_wconf 91' lang='lat' dir='ltr'><strong>pro</strong></span> <span class='ocrx_word' id='word_1_233' title='bbox 2930 1505 3101 1571; x_wconf 85' lang='lat' dir='ltr'><strong>vobis,</strong></span> <span class='ocrx_word' id='word_1_234' title='bbox 3134 1508 3267 1579; x_wconf 89' lang='lat' dir='ltr'><strong>quia</strong></span> <span class='ocrx_word' id='word_1_235' title='bbox 3296 1509 3367 1563; x_wconf 87' lang='lat' dir='ltr'><strong>ad</strong></span> <span class='ocrx_word' id='word_1_236' title='bbox 3396 1509 3502 1565; x_wconf 92' lang='lat' dir='ltr'><strong>hoc</strong></span> 
     </span>
    </p>
   </div>
   <div class='ocr_carea' id='block_1_31' title="bbox 1908 1592 3501 1665">
    <p class='ocr_par' dir='ltr' id='par_1_31' title="bbox 1908 1592 3501 1665">
     <span class='ocr_line' id='line_1_31' title="bbox 1908 1592 3501 1665; baseline 0.006 -21"><span class='ocrx_word' id='word_1_237' title='bbox 1908 1607 2004 1645; x_wconf 90' lang='lat' dir='ltr'><strong>vos</strong></span> <span class='ocrx_word' id='word_1_238' title='bbox 2033 1607 2211 1663; x_wconf 89' lang='lat' dir='ltr'><strong>usque</strong></span> <span class='ocrx_word' id='word_1_239' title='bbox 2238 1592 2348 1647; x_wconf 92' lang='lat' dir='ltr'><strong>huc</strong></span> <span class='ocrx_word' id='word_1_240' title='bbox 2368 1593 2557 1647; x_wconf 88' lang='lat' dir='ltr'><strong>venire</strong></span> <span class='ocrx_word' id='word_1_241' title='bbox 2580 1594 2839 1665; x_wconf 86' lang='lat' dir='ltr'><strong>’permisi,</strong></span> <span class='ocrx_word' id='word_1_242' title='bbox 2866 1600 2929 1648; x_wconf 92' lang='lat' dir='ltr'><strong>ut</strong></span> <span class='ocrx_word' id='word_1_243' title='bbox 2956 1600 3131 1650; x_wconf 88' lang='lat' dir='ltr'><strong>testes</strong></span> <span class='ocrx_word' id='word_1_244' title='bbox 3154 1596 3277 1651; x_wconf 88' lang='lat' dir='ltr'><strong>sitis</strong></span> <span class='ocrx_word' id='word_1_245' title='bbox 3306 1613 3501 1653; x_wconf 88' lang='lat' dir='ltr'><strong>eorum</strong></span> 
     </span>
    </p>
   </div>
   <div class='ocr_carea' id='block_1_32' title="bbox 218 1663 3505 1758">
    <p class='ocr_par' dir='ltr' id='par_1_32' title="bbox 218 1663 3505 1758">
     <span class='ocr_line' id='line_1_32' title="bbox 218 1663 3505 1758; baseline 0.002 -24"><span class='ocrx_word' id='word_1_246' title='bbox 218 1679 390 1734; x_wconf 88' lang='lat' dir='ltr'><strong>nobis</strong></span> <span class='ocrx_word' id='word_1_247' title='bbox 424 1677 659 1750; x_wconf 81' lang='lat' dir='ltr'><strong>gemuit,</strong></span> <span class='ocrx_word' id='word_1_248' title='bbox 691 1682 749 1732; x_wconf 87' lang='lat' dir='ltr'><strong>et</strong></span> <span class='ocrx_word' id='word_1_249' title='bbox 794 1677 1001 1746; x_wconf 87' lang='lat' dir='ltr'><strong>oravit;</strong></span> <span class='ocrx_word' id='word_1_250' title='bbox 1043 1694 1155 1733; x_wconf 88' lang='lat' dir='ltr'><strong>non</strong></span> <span class='ocrx_word' id='word_1_251' title='bbox 1195 1678 1678 1758; x_wconf 83' lang='lat' dir='ltr'><strong>qualitercunque,</strong></span> <span class='ocrx_word' id='word_1_252' title='bbox 1726 1663 1890 1735; x_wconf 80' lang='lat' dir='ltr'><strong>sedB</strong></span> <span class='ocrx_word' id='word_1_253' title='bbox 1911 1697 2034 1751; x_wconf 66' lang='lat' dir='ltr'><strong>qum</strong></span> <span class='ocrx_word' id='word_1_254' title='bbox 2063 1680 2271 1736; x_wconf 88' lang='lat' dir='ltr'><strong>auditis</strong></span> <span class='ocrx_word' id='word_1_255' title='bbox 2301 1698 2366 1736; x_wconf 85' lang='lat' dir='ltr'><strong>ex</strong></span> <span class='ocrx_word' id='word_1_256' title='bbox 2401 1699 2510 1748; x_wconf 86' lang='lat' dir='ltr'><strong>me,</strong></span> <span class='ocrx_word' id='word_1_257' title='bbox 2543 1663 2605 1736; x_wconf 78' lang='lat' dir='ltr'><strong>et</strong></span> <span class='ocrx_word' id='word_1_258' title='bbox 2638 1683 2695 1736; x_wconf 91' lang='lat' dir='ltr'><strong>in</strong></span> <span class='ocrx_word' id='word_1_259' title='bbox 2738 1683 2950 1755; x_wconf 89' lang='lat' dir='ltr'><strong>meipso</strong></span> <span class='ocrx_word' id='word_1_260' title='bbox 2987 1685 3326 1755; x_wconf 88' lang='lat' dir='ltr'><strong>conspicitis.</strong></span> <span class='ocrx_word' id='word_1_261' title='bbox 3360 1687 3505 1742; x_wconf 87' lang='lat' dir='ltr'><strong>Nam</strong></span> 
     </span>
    </p>
   </div>
   <div class='ocr_carea' id='block_1_33' title="bbox 219 1766 3506 1843">
    <p class='ocr_par' dir='ltr' id='par_1_33' title="bbox 219 1766 3506 1843">
     <span class='ocr_line' id='line_1_33' title="bbox 219 1766 3506 1843; baseline 0.002 -20"><span class='ocrx_word' id='word_1_262' title='bbox 219 1766 504 1843; x_wconf 82' lang='lat' dir='ltr'><strong>prolixius</strong></span> <span class='ocrx_word' id='word_1_263' title='bbox 520 1768 579 1822; x_wconf 91' lang='lat' dir='ltr'><strong>in</strong></span> <span class='ocrx_word' id='word_1_264' title='bbox 594 1767 815 1839; x_wconf 88' lang='lat' dir='ltr'><strong>agonia,</strong></span> <span class='ocrx_word' id='word_1_265' title='bbox 830 1767 911 1822; x_wconf 88' lang='lat' dir='ltr'><strong>ita</strong></span> <span class='ocrx_word' id='word_1_266' title='bbox 925 1773 1164 1838; x_wconf 87' lang='lat' dir='ltr'><strong>utgutta</strong></span> <span class='ocrx_word' id='word_1_267' title='bbox 1183 1768 1473 1839; x_wconf 87' lang='lat' dir='ltr'><strong>sanguinis</strong></span> <span class='ocrx_word' id='word_1_268' title='bbox 1508 1767 1579 1822; x_wconf 91' lang='lat' dir='ltr'><strong>ab</strong></span> <span class='ocrx_word' id='word_1_269' title='bbox 1605 1784 1690 1836; x_wconf 90' lang='lat' dir='ltr'><strong>ea,</strong></span> <span class='ocrx_word' id='word_1_270' title='bbox 1712 1785 1825 1840; x_wconf 61' lang='lat' dir='ltr'><strong>prae</strong></span> <span class='ocrx_word' id='word_1_271' title='bbox 1908 1769 2040 1841; x_wconf 90' lang='lat' dir='ltr'><strong>quia</strong></span> <span class='ocrx_word' id='word_1_272' title='bbox 2097 1776 2342 1841; x_wconf 82' lang='lat' dir='ltr'><strong>cceperat</strong></span> <span class='ocrx_word' id='word_1_273' title='bbox 2392 1771 2715 1825; x_wconf 86' lang='lat' dir='ltr'><strong>contristari</strong></span> <span class='ocrx_word' id='word_1_274' title='bbox 2766 1777 2826 1826; x_wconf 91' lang='lat' dir='ltr'><strong>et</strong></span> <span class='ocrx_word' id='word_1_275' title='bbox 2869 1778 3102 1827; x_wconf 69' lang='lat' dir='ltr'><strong>maestus</strong></span> <span class='ocrx_word' id='word_1_276' title='bbox 3151 1790 3273 1828; x_wconf 90' lang='lat' dir='ltr'><strong>esse</strong></span> <span class='ocrx_word' id='word_1_277' title='bbox 3316 1776 3506 1843; x_wconf 88' lang='lat' dir='ltr'><strong>(verba</strong></span> 
     </span>
    </p>
   </div>
   <div class='ocr_carea' id='block_1_34' title="bbox 222 1855 3507 1933">
    <p class='ocr_par' dir='ltr' id='par_1_34' title="bbox 222 1855 3507 1933">
     <span class='ocr_line' id='line_1_34' title="bbox 222 1855 3507 1933; baseline 0.003 -20"><span class='ocrx_word' id='word_1_278' title='bbox 222 1858 438 1913; x_wconf 88' lang='lat' dir='ltr'><strong>sudore</strong></span> <span class='ocrx_word' id='word_1_279' title='bbox 464 1855 690 1923; x_wconf 90' lang='lat' dir='ltr'><strong>laboris,</strong></span> <span class='ocrx_word' id='word_1_280' title='bbox 723 1857 778 1911; x_wconf 92' lang='lat' dir='ltr'><strong>in</strong></span> <span class='ocrx_word' id='word_1_281' title='bbox 810 1863 1019 1911; x_wconf 89' lang='lat' dir='ltr'><strong>terram</strong></span> <span class='ocrx_word' id='word_1_282' title='bbox 1046 1856 1334 1923; x_wconf 88' lang='lat' dir='ltr'><strong>deciderit,</strong></span> <span class='ocrx_word' id='word_1_283' title='bbox 1358 1862 1423 1911; x_wconf 91' lang='lat' dir='ltr'><strong>ut</strong></span> <span class='ocrx_word' id='word_1_284' title='bbox 1451 1858 1642 1912; x_wconf 89' lang='lat' dir='ltr'><strong>omnia</strong></span> <span class='ocrx_word' id='word_1_285' title='bbox 1666 1857 1825 1913; x_wconf 91' lang='lat' dir='ltr'><strong>nobis</strong></span> <span class='ocrx_word' id='word_1_286' title='bbox 1908 1859 2155 1913; x_wconf 81' lang='lat' dir='ltr'><strong>Matthaei</strong></span> <span class='ocrx_word' id='word_1_287' title='bbox 2175 1858 2334 1928; x_wconf 90' lang='lat' dir='ltr'><strong>sunt)</strong></span> <span class='ocrx_word' id='word_1_288' title='bbox 2359 1875 2484 1929; x_wconf 81' lang='lat' dir='ltr'><strong>quae</strong></span> <span class='ocrx_word' id='word_1_289' title='bbox 2513 1859 2619 1930; x_wconf 88' lang='lat' dir='ltr'><strong>ipsi</strong></span> <span class='ocrx_word' id='word_1_290' title='bbox 2638 1864 2754 1914; x_wconf 90' lang='lat' dir='ltr'><strong>tres</strong></span> <span class='ocrx_word' id='word_1_291' title='bbox 2778 1861 2952 1915; x_wconf 90' lang='lat' dir='ltr'><strong>oculis</strong></span> <span class='ocrx_word' id='word_1_292' title='bbox 2972 1870 3417 1933; x_wconf 85' lang='lat' dir='ltr'><strong>conspexerant:</strong></span> <span class='ocrx_word' id='word_1_293' title='bbox 3449 1871 3507 1921; x_wconf 90' lang='lat' dir='ltr'><strong>et</strong></span> 
     </span>
    </p>
   </div>
   <div class='ocr_carea' id='block_1_35' title="bbox 222 1943 3505 2023">
    <p class='ocr_par' dir='ltr' id='par_1_35' title="bbox 222 1943 3505 2023">
     <span class='ocr_line' id='line_1_35' title="bbox 222 1943 3505 2023; baseline 0.002 -22"><span class='ocrx_word' id='word_1_294' title='bbox 222 1946 605 2013; x_wconf 85' lang='lat' dir='ltr'><strong>adversantia,</strong></span> <span class='ocrx_word' id='word_1_295' title='bbox 636 1962 738 2017; x_wconf 91' lang='lat' dir='ltr'><strong>pro</strong></span> <span class='ocrx_word' id='word_1_296' title='bbox 764 1943 926 2000; x_wconf 91' lang='lat' dir='ltr'><strong>nobis</strong></span> <span class='ocrx_word' id='word_1_297' title='bbox 946 1944 1153 2008; x_wconf 87' lang='lat' dir='ltr'><strong>oblata,</strong></span> <span class='ocrx_word' id='word_1_298' title='bbox 1180 1960 1283 2000; x_wconf 91' lang='lat' dir='ltr'><strong>sua</strong></span> <span class='ocrx_word' id='word_1_299' title='bbox 1311 1960 1474 2016; x_wconf 89' lang='lat' dir='ltr'><strong>prece</strong></span> <span class='ocrx_word' id='word_1_300' title='bbox 1503 1945 1826 2017; x_wconf 86' lang='lat' dir='ltr'><strong>depelleret.</strong></span> <span class='ocrx_word' id='word_1_301' title='bbox 1914 1948 2061 2020; x_wconf 93' lang='lat' dir='ltr'><strong>quod</strong></span> <span class='ocrx_word' id='word_1_302' title='bbox 2083 1948 2150 2002; x_wconf 92' lang='lat' dir='ltr'><strong>de</strong></span> <span class='ocrx_word' id='word_1_303' title='bbox 2170 1965 2229 2002; x_wconf 90' lang='lat' dir='ltr'><strong>se</strong></span> <span class='ocrx_word' id='word_1_304' title='bbox 2254 1948 2403 2002; x_wconf 87' lang='lat' dir='ltr'><strong>ultra</strong></span> <span class='ocrx_word' id='word_1_305' title='bbox 2427 1948 2867 2019; x_wconf 76' lang='lat' dir='ltr'><strong>protulit,tristis</strong></span> <span class='ocrx_word' id='word_1_306' title='bbox 2888 1955 2963 2003; x_wconf 83' lang='lat' dir='ltr'><strong>est</strong></span> <span class='ocrx_word' id='word_1_307' title='bbox 2977 1953 3174 2004; x_wconf 86' lang='lat' dir='ltr'><strong>anima</strong></span> <span class='ocrx_word' id='word_1_308' title='bbox 3192 1968 3314 2006; x_wconf 80' lang='lat' dir='ltr'><strong>mea</strong></span> <span class='ocrx_word' id='word_1_309' title='bbox 3333 1970 3505 2023; x_wconf 79' lang='lat' dir='ltr'><strong>usque</strong></span> 
     </span>
    </p>
   </div>
   <div class='ocr_carea' id='block_1_36' title="bbox 221 2034 3504 2108">
    <p class='ocr_par' dir='ltr' id='par_1_36' title="bbox 221 2034 3504 2108">
     <span class='ocr_line' id='line_1_36' title="bbox 221 2034 3504 2108; baseline 0.002 -18"><span class='ocrx_word' id='word_1_310' title='bbox 221 2034 588 2091; x_wconf 86' lang='lat' dir='ltr'><strong>Tristabatur</strong></span> <span class='ocrx_word' id='word_1_311' title='bbox 615 2035 786 2090; x_wconf 89' lang='lat' dir='ltr'><strong>etiam</strong></span> <span class='ocrx_word' id='word_1_312' title='bbox 826 2040 883 2090; x_wconf 91' lang='lat' dir='ltr'><strong>et</strong></span> <span class='ocrx_word' id='word_1_313' title='bbox 919 2050 1020 2106; x_wconf 92' lang='lat' dir='ltr'><strong>pro</strong></span> <span class='ocrx_word' id='word_1_314' title='bbox 1057 2034 1284 2099; x_wconf 67' lang='lat' dir='ltr'><strong>Iudaeis,</strong></span> <span class='ocrx_word' id='word_1_315' title='bbox 1338 2052 1477 2106; x_wconf 91' lang='lat' dir='ltr'><strong>quos</strong></span> <span class='ocrx_word' id='word_1_316' title='bbox 1513 2036 1832 2107; x_wconf 89' lang='lat' dir='ltr'><strong>specialiter</strong></span> <span class='ocrx_word' id='word_1_317' title='bbox 1910 2038 1985 2092; x_wconf 84' lang='lat' dir='ltr'><strong>ad</strong></span> <span class='ocrx_word' id='word_1_318' title='bbox 2013 2043 2262 2101; x_wconf 85' lang='lat' dir='ltr'><strong>mortem,</strong></span> <span class='ocrx_word' id='word_1_319' title='bbox 2294 2037 2400 2108; x_wconf 90' lang='lat' dir='ltr'><strong>ipsi</strong></span> <span class='ocrx_word' id='word_1_320' title='bbox 2446 2036 2676 2091; x_wconf 89' lang='lat' dir='ltr'><strong>auribus</strong></span> <span class='ocrx_word' id='word_1_321' title='bbox 2712 2036 2783 2091; x_wconf 88' lang='lat' dir='ltr'><strong>ab</strong></span> <span class='ocrx_word' id='word_1_322' title='bbox 2827 2054 2893 2092; x_wconf 91' lang='lat' dir='ltr'><strong>eo</strong></span> <span class='ocrx_word' id='word_1_323' title='bbox 2931 2038 3247 2095; x_wconf 84' lang='lat' dir='ltr'><strong>audierant.</strong></span> <span class='ocrx_word' id='word_1_324' title='bbox 3283 2041 3352 2096; x_wconf 87' lang='lat' dir='ltr'><strong>Et</strong></span> <span class='ocrx_word' id='word_1_325' title='bbox 3378 2041 3504 2097; x_wconf 91' lang='lat' dir='ltr'><strong>ideo</strong></span> 
     </span>
    </p>
   </div>
   <div class='ocr_carea' id='block_1_37' title="bbox 221 2123 3507 2200">
    <p class='ocr_par' dir='ltr' id='par_1_37' title="bbox 221 2123 3507 2200">
     <span class='ocr_line' id='line_1_37' title="bbox 221 2123 3507 2200; baseline 0.002 -21"><span class='ocrx_word' id='word_1_326' title='bbox 221 2123 339 2179; x_wconf 84' lang='lat' dir='ltr'><strong>sibi</strong></span> <span class='ocrx_word' id='word_1_327' title='bbox 369 2124 620 2194; x_wconf 84' lang='lat' dir='ltr'><strong>elegerat</strong></span> <span class='ocrx_word' id='word_1_328' title='bbox 646 2125 705 2178; x_wconf 91' lang='lat' dir='ltr'><strong>in</strong></span> <span class='ocrx_word' id='word_1_329' title='bbox 724 2124 1015 2195; x_wconf 87' lang='lat' dir='ltr'><strong>populum,</strong></span> <span class='ocrx_word' id='word_1_330' title='bbox 1048 2128 1105 2178; x_wconf 90' lang='lat' dir='ltr'><strong>et</strong></span> <span class='ocrx_word' id='word_1_331' title='bbox 1134 2123 1445 2179; x_wconf 86' lang='lat' dir='ltr'><strong>enutrierat</strong></span> <span class='ocrx_word' id='word_1_332' title='bbox 1464 2141 1631 2195; x_wconf 91' lang='lat' dir='ltr'><strong>quam</strong></span> <span class='ocrx_word' id='word_1_333' title='bbox 1662 2125 1833 2179; x_wconf 91' lang='lat' dir='ltr'><strong>dulci-</strong></span> <span class='ocrx_word' id='word_1_334' title='bbox 1912 2142 2025 2180; x_wconf 91' lang='lat' dir='ltr'><strong>non</strong></span> <span class='ocrx_word' id='word_1_335' title='bbox 2046 2125 2166 2180; x_wconf 88' lang='lat' dir='ltr'><strong>sine</strong></span> <span class='ocrx_word' id='word_1_336' title='bbox 2185 2142 2354 2181; x_wconf 90' lang='lat' dir='ltr'><strong>causa</strong></span> <span class='ocrx_word' id='word_1_337' title='bbox 2383 2142 2477 2181; x_wconf 92' lang='lat' dir='ltr'><strong>eos</strong></span> <span class='ocrx_word' id='word_1_338' title='bbox 2506 2142 2752 2198; x_wconf 87' lang='lat' dir='ltr'><strong>eousque</strong></span> <span class='ocrx_word' id='word_1_339' title='bbox 2780 2126 3090 2183; x_wconf 81' lang='lat' dir='ltr'><strong>adduxerat</strong></span> <span class='ocrx_word' id='word_1_340' title='bbox 3106 2129 3265 2200; x_wconf 84' lang='lat' dir='ltr'><strong>quasi</strong></span> <span class='ocrx_word' id='word_1_341' title='bbox 3299 2130 3507 2186; x_wconf 53' lang='lat' dir='ltr'><strong>ﬁrmioé</strong></span> 
     </span>
    </p>
   </div>
   <div class='ocr_carea' id='block_1_38' title="bbox 222 2212 3501 2291">
    <p class='ocr_par' dir='ltr' id='par_1_38' title="bbox 222 2212 3501 2291">
     <span class='ocr_line' id='line_1_38' title="bbox 222 2212 3501 2291; baseline 0.002 -23"><span class='ocrx_word' id='word_1_342' title='bbox 222 2219 345 2281; x_wconf 85' lang='lat' dir='ltr'><strong>ter;</strong></span> <span class='ocrx_word' id='word_1_343' title='bbox 370 2213 638 2287; x_wconf 88' lang='lat' dir='ltr'><strong>quoniam</strong></span> <span class='ocrx_word' id='word_1_344' title='bbox 658 2212 925 2268; x_wconf 89' lang='lat' dir='ltr'><strong>cernebat</strong></span> <span class='ocrx_word' id='word_1_345' title='bbox 942 2229 1036 2267; x_wconf 90' lang='lat' dir='ltr'><strong>eos</strong></span> <span class='ocrx_word' id='word_1_346' title='bbox 1059 2229 1255 2267; x_wconf 88' lang='lat' dir='ltr'><strong>omnes</strong></span> <span class='ocrx_word' id='word_1_347' title='bbox 1282 2213 1340 2267; x_wconf 91' lang='lat' dir='ltr'><strong>in</strong></span> <span class='ocrx_word' id='word_1_348' title='bbox 1360 2214 1482 2284; x_wconf 86' lang='lat' dir='ltr'><strong>ejus</strong></span> <span class='ocrx_word' id='word_1_349' title='bbox 1502 2228 1832 2269; x_wconf 87' lang='lat' dir='ltr'><strong>concurrere</strong></span> <span class='ocrx_word' id='word_1_350' title='bbox 1914 2232 2004 2270; x_wconf 90' lang='lat' dir='ltr'><strong>res</strong></span> <span class='ocrx_word' id='word_1_351' title='bbox 2023 2215 2083 2269; x_wconf 92' lang='lat' dir='ltr'><strong>in</strong></span> <span class='ocrx_word' id='word_1_352' title='bbox 2099 2231 2277 2285; x_wconf 88' lang='lat' dir='ltr'><strong>agone</strong></span> <span class='ocrx_word' id='word_1_353' title='bbox 2297 2212 2642 2282; x_wconf 85' lang='lat' dir='ltr'><strong>certaminis,</strong></span> <span class='ocrx_word' id='word_1_354' title='bbox 2659 2216 2756 2271; x_wconf 91' lang='lat' dir='ltr'><strong>sed</strong></span> <span class='ocrx_word' id='word_1_355' title='bbox 2778 2219 2842 2271; x_wconf 88' lang='lat' dir='ltr'><strong>ut</strong></span> <span class='ocrx_word' id='word_1_356' title='bbox 2858 2233 2983 2271; x_wconf 90' lang='lat' dir='ltr'><strong>cum</strong></span> <span class='ocrx_word' id='word_1_357' title='bbox 3008 2234 3093 2283; x_wconf 91' lang='lat' dir='ltr'><strong>eo,</strong></span> <span class='ocrx_word' id='word_1_358' title='bbox 3118 2217 3249 2274; x_wconf 91' lang='lat' dir='ltr'><strong>licet</strong></span> <span class='ocrx_word' id='word_1_359' title='bbox 3263 2220 3501 2291; x_wconf 82' lang='lat' dir='ltr'><strong>alonge,</strong></span> 
     </span>
    </p>
   </div>
   <div class='ocr_carea' id='block_1_39' title="bbox 225 2301 3509 2381">
    <p class='ocr_par' dir='ltr' id='par_1_39' title="bbox 225 2301 3509 2381">
     <span class='ocr_line' id='line_1_39' title="bbox 225 2301 3509 2381; baseline 0.002 -24"><span class='ocrx_word' id='word_1_360' title='bbox 225 2308 495 2358; x_wconf 87' lang='lat' dir='ltr'><strong>mortem.</strong></span> <span class='ocrx_word' id='word_1_361' title='bbox 525 2302 642 2358; x_wconf 89' lang='lat' dir='ltr'><strong>Nec</strong></span> <span class='ocrx_word' id='word_1_362' title='bbox 677 2301 852 2374; x_wconf 88' lang='lat' dir='ltr'><strong>igitur</strong></span> <span class='ocrx_word' id='word_1_363' title='bbox 884 2301 1111 2368; x_wconf 89' lang='lat' dir='ltr'><strong>mirum,</strong></span> <span class='ocrx_word' id='word_1_364' title='bbox 1148 2302 1196 2356; x_wconf 91' lang='lat' dir='ltr'><strong>si</strong></span> <span class='ocrx_word' id='word_1_365' title='bbox 1232 2318 1335 2375; x_wconf 91' lang='lat' dir='ltr'><strong>pro</strong></span> <span class='ocrx_word' id='word_1_366' title='bbox 1381 2302 1471 2357; x_wconf 91' lang='lat' dir='ltr'><strong>his</strong></span> <span class='ocrx_word' id='word_1_367' title='bbox 1507 2302 1688 2358; x_wconf 89' lang='lat' dir='ltr'><strong>tristis</strong></span> <span class='ocrx_word' id='word_1_368' title='bbox 1725 2308 1829 2371; x_wconf 89' lang='lat' dir='ltr'><strong>est,</strong></span> <span class='ocrx_word' id='word_1_369' title='bbox 1913 2304 2236 2359; x_wconf 88' lang='lat' dir='ltr'><strong>laborarent</strong></span> <span class='ocrx_word' id='word_1_370' title='bbox 2258 2304 2463 2375; x_wconf 85' lang='lat' dir='ltr'><strong>vigiliis</strong></span> <span class='ocrx_word' id='word_1_371' title='bbox 2477 2309 2535 2381; x_wconf 81' lang='lat' dir='ltr'><strong>et</strong></span> <span class='ocrx_word' id='word_1_372' title='bbox 2552 2304 2918 2361; x_wconf 88' lang='lat' dir='ltr'><strong>orationibus.</strong></span> <span class='ocrx_word' id='word_1_373' title='bbox 2947 2306 3064 2361; x_wconf 90' lang='lat' dir='ltr'><strong>Illis</strong></span> <span class='ocrx_word' id='word_1_374' title='bbox 3091 2307 3317 2380; x_wconf 90' lang='lat' dir='ltr'><strong>quidem</strong></span> <span class='ocrx_word' id='word_1_375' title='bbox 3336 2325 3509 2381; x_wconf 86' lang='lat' dir='ltr'><strong>supra</strong></span> 
     </span>
    </p>
   </div>
   <div class='ocr_carea' id='block_1_40' title="bbox 226 2377 3511 2466">
    <p class='ocr_par' dir='ltr' id='par_1_40' title="bbox 226 2377 3511 2466">
     <span class='ocr_line' id='line_1_40' title="bbox 226 2377 3511 2466; baseline 0.002 -20"><span class='ocrx_word' id='word_1_376' title='bbox 226 2407 399 2464; x_wconf 89' lang='lat' dir='ltr'><strong>quem</strong></span> <span class='ocrx_word' id='word_1_377' title='bbox 428 2407 532 2463; x_wconf 91' lang='lat' dir='ltr'><strong>pro</strong></span> <span class='ocrx_word' id='word_1_378' title='bbox 559 2390 647 2446; x_wconf 90' lang='lat' dir='ltr'><strong>his</strong></span> <span class='ocrx_word' id='word_1_379' title='bbox 681 2406 854 2462; x_wconf 87' lang='lat' dir='ltr'><strong>supra</strong></span> <span class='ocrx_word' id='word_1_380' title='bbox 899 2390 1116 2445; x_wconf 84' lang='lat' dir='ltr'><strong>ﬂevisse</strong></span> <span class='ocrx_word' id='word_1_381' title='bbox 1161 2390 1420 2462; x_wconf 83' lang='lat' dir='ltr'><strong>legimus.</strong></span> <span class='ocrx_word' id='word_1_382' title='bbox 1459 2392 1576 2446; x_wconf 88' lang='lat' dir='ltr'><strong>Hoc</strong></span> <span class='ocrx_word' id='word_1_383' title='bbox 1604 2392 1829 2464; x_wconf 87' lang='lat' dir='ltr'><strong>quippe,</strong></span> <span class='ocrx_word' id='word_1_384' title='bbox 1910 2393 2073 2463; x_wconf 85' lang='lat' dir='ltr'><strong>juxta</strong></span> <span class='ocrx_word' id='word_1_385' title='bbox 2099 2394 2445 2460; x_wconf 77' lang='lat' dir='ltr'><strong>Matthaeum,</strong></span> <span class='ocrx_word' id='word_1_386' title='bbox 2478 2377 2674 2449; x_wconf 81' lang='lat' dir='ltr'><strong>sedere</strong></span> <span class='ocrx_word' id='word_1_387' title='bbox 2702 2401 2923 2449; x_wconf 90' lang='lat' dir='ltr'><strong>tantum</strong></span> <span class='ocrx_word' id='word_1_388' title='bbox 2942 2377 3124 2466; x_wconf 67' lang='lat' dir='ltr'><strong>jubet,</strong></span> <span class='ocrx_word' id='word_1_389' title='bbox 3168 2395 3291 2452; x_wconf 87' lang='lat' dir='ltr'><strong>istis</strong></span> <span class='ocrx_word' id='word_1_390' title='bbox 3320 2377 3511 2453; x_wconf 77' lang='lat' dir='ltr'><strong>autem</strong></span> 
     </span>
    </p>
   </div>
   <div class='ocr_carea' id='block_1_41' title="bbox 224 2480 3510 2556">
    <p class='ocr_par' dir='ltr' id='par_1_41' title="bbox 224 2480 3510 2556">
     <span class='ocr_line' id='line_1_41' title="bbox 224 2480 3510 2556; baseline 0.001 -19"><span class='ocrx_word' id='word_1_391' title='bbox 224 2480 457 2547; x_wconf 81' lang='lat' dir='ltr'><strong>fratres,</strong></span> <span class='ocrx_word' id='word_1_392' title='bbox 482 2495 751 2551; x_wconf 88' lang='lat' dir='ltr'><strong>magnum</strong></span> <span class='ocrx_word' id='word_1_393' title='bbox 773 2485 861 2535; x_wconf 92' lang='lat' dir='ltr'><strong>est</strong></span> <span class='ocrx_word' id='word_1_394' title='bbox 876 2485 1312 2548; x_wconf 83' lang='lat' dir='ltr'><strong>sacramentum,</strong></span> <span class='ocrx_word' id='word_1_395' title='bbox 1337 2480 1486 2553; x_wconf 91' lang='lat' dir='ltr'><strong>quod</strong></span> <span class='ocrx_word' id='word_1_396' title='bbox 1506 2481 1833 2553; x_wconf 88' lang='lat' dir='ltr'><strong>ﬂevit,quod</strong></span> <span class='ocrx_word' id='word_1_397' title='bbox 1916 2482 2145 2552; x_wconf 88' lang='lat' dir='ltr'><strong>vigilare</strong></span> <span class='ocrx_word' id='word_1_398' title='bbox 2177 2486 2236 2536; x_wconf 93' lang='lat' dir='ltr'><strong>et</strong></span> <span class='ocrx_word' id='word_1_399' title='bbox 2257 2499 2419 2538; x_wconf 91' lang='lat' dir='ltr'><strong>orare</strong></span> <span class='ocrx_word' id='word_1_400' title='bbox 2442 2499 2570 2538; x_wconf 91' lang='lat' dir='ltr'><strong>cum</strong></span> <span class='ocrx_word' id='word_1_401' title='bbox 2600 2499 2684 2548; x_wconf 87' lang='lat' dir='ltr'><strong>eo,</strong></span> <span class='ocrx_word' id='word_1_402' title='bbox 2718 2500 2785 2538; x_wconf 88' lang='lat' dir='ltr'><strong>ac</strong></span> <span class='ocrx_word' id='word_1_403' title='bbox 2812 2482 2859 2538; x_wconf 87' lang='lat' dir='ltr'><strong>si</strong></span> <span class='ocrx_word' id='word_1_404' title='bbox 2890 2484 3191 2556; x_wconf 90' lang='lat' dir='ltr'><strong>participes</strong></span> <span class='ocrx_word' id='word_1_405' title='bbox 3224 2486 3365 2540; x_wconf 87' lang='lat' dir='ltr'><strong>tanti</strong></span> <span class='ocrx_word' id='word_1_406' title='bbox 3399 2487 3510 2541; x_wconf 90' lang='lat' dir='ltr'><strong>dis-</strong></span> 
     </span>
    </p>
   </div>
   <div class='ocr_carea' id='block_1_42' title="bbox 223 2568 3507 2646">
    <p class='ocr_par' dir='ltr' id='par_1_42' title="bbox 223 2568 3507 2646">
     <span class='ocr_line' id='line_1_42' title="bbox 223 2568 3507 2646; baseline 0.002 -20"><span class='ocrx_word' id='word_1_407' title='bbox 223 2570 409 2626; x_wconf 87' lang='lat' dir='ltr'><strong>tristis</strong></span> <span class='ocrx_word' id='word_1_408' title='bbox 437 2572 495 2625; x_wconf 89' lang='lat' dir='ltr'><strong>et</strong></span> <span class='ocrx_word' id='word_1_409' title='bbox 536 2573 771 2624; x_wconf 62' lang='lat' dir='ltr'><strong>mlestus</strong></span> <span class='ocrx_word' id='word_1_410' title='bbox 810 2569 937 2630; x_wconf 78' lang='lat' dir='ltr'><strong>fuit,</strong></span> <span class='ocrx_word' id='word_1_411' title='bbox 972 2586 1037 2625; x_wconf 89' lang='lat' dir='ltr'><strong>ac</strong></span> <span class='ocrx_word' id='word_1_412' title='bbox 1067 2568 1264 2625; x_wconf 90' lang='lat' dir='ltr'><strong>doluit.</strong></span> <span class='ocrx_word' id='word_1_413' title='bbox 1307 2569 1467 2625; x_wconf 88' lang='lat' dir='ltr'><strong>Unde</strong></span> <span class='ocrx_word' id='word_1_414' title='bbox 1507 2586 1621 2625; x_wconf 91' lang='lat' dir='ltr'><strong>non</strong></span> <span class='ocrx_word' id='word_1_415' title='bbox 1651 2571 1834 2625; x_wconf 90' lang='lat' dir='ltr'><strong>solum</strong></span> <span class='ocrx_word' id='word_1_416' title='bbox 1915 2570 2184 2626; x_wconf 90' lang='lat' dir='ltr'><strong>criminis.</strong></span> <span class='ocrx_word' id='word_1_417' title='bbox 2213 2571 2380 2626; x_wconf 87' lang='lat' dir='ltr'><strong>Jubet</strong></span> <span class='ocrx_word' id='word_1_418' title='bbox 2407 2576 2598 2627; x_wconf 87' lang='lat' dir='ltr'><strong>tamen</strong></span> <span class='ocrx_word' id='word_1_419' title='bbox 2626 2577 2685 2627; x_wconf 90' lang='lat' dir='ltr'><strong>et</strong></span> <span class='ocrx_word' id='word_1_420' title='bbox 2711 2588 2806 2627; x_wconf 91' lang='lat' dir='ltr'><strong>eos</strong></span> <span class='ocrx_word' id='word_1_421' title='bbox 2831 2588 3061 2628; x_wconf 90' lang='lat' dir='ltr'><strong>manere</strong></span> <span class='ocrx_word' id='word_1_422' title='bbox 3088 2574 3146 2628; x_wconf 91' lang='lat' dir='ltr'><strong>in</strong></span> <span class='ocrx_word' id='word_1_423' title='bbox 3175 2590 3278 2630; x_wconf 90' lang='lat' dir='ltr'><strong>suo</strong></span> <span class='ocrx_word' id='word_1_424' title='bbox 3304 2575 3507 2646; x_wconf 82' lang='lat' dir='ltr'><strong>gradu,</strong></span> 
     </span>
    </p>
   </div>
   <div class='ocr_carea' id='block_1_43' title="bbox 227 2658 3513 2732">
    <p class='ocr_par' dir='ltr' id='par_1_43' title="bbox 227 2658 3513 2732">
     <span class='ocr_line' id='line_1_43' title="bbox 227 2658 3513 2732; baseline 0.001 -17"><span class='ocrx_word' id='word_1_425' title='bbox 227 2659 553 2731; x_wconf 83' lang='lat' dir='ltr'><strong>defendere,</strong></span> <span class='ocrx_word' id='word_1_426' title='bbox 582 2658 700 2713; x_wconf 67' lang='lat' dir='ltr'><strong>haec</strong></span> <span class='ocrx_word' id='word_1_427' title='bbox 717 2658 909 2713; x_wconf 89' lang='lat' dir='ltr'><strong>omnia</strong></span> <span class='ocrx_word' id='word_1_428' title='bbox 936 2675 1037 2731; x_wconf 90' lang='lat' dir='ltr'><strong>pro</strong></span> <span class='ocrx_word' id='word_1_429' title='bbox 1061 2658 1221 2714; x_wconf 89' lang='lat' dir='ltr'><strong>nobis</strong></span> <span class='ocrx_word' id='word_1_430' title='bbox 1247 2675 1361 2714; x_wconf 91' lang='lat' dir='ltr'><strong>non</strong></span> <span class='ocrx_word' id='word_1_431' title='bbox 1386 2659 1585 2730; x_wconf 85' lang='lat' dir='ltr'><strong>egisse,</strong></span> <span class='ocrx_word' id='word_1_432' title='bbox 1610 2675 1722 2714; x_wconf 89' lang='lat' dir='ltr'><strong>non</strong></span> <span class='ocrx_word' id='word_1_433' title='bbox 1744 2659 1836 2715; x_wconf 92' lang='lat' dir='ltr'><strong>de-</strong></span> <span class='ocrx_word' id='word_1_434' title='bbox 1914 2664 1981 2715; x_wconf 94' lang='lat' dir='ltr'><strong>ut</strong></span> <span class='ocrx_word' id='word_1_435' title='bbox 2025 2661 2411 2732; x_wconf 87' lang='lat' dir='ltr'><strong>unusquisque</strong></span> <span class='ocrx_word' id='word_1_436' title='bbox 2456 2660 2515 2715; x_wconf 91' lang='lat' dir='ltr'><strong>in</strong></span> <span class='ocrx_word' id='word_1_437' title='bbox 2561 2661 2682 2715; x_wconf 92' lang='lat' dir='ltr'><strong>loco</strong></span> <span class='ocrx_word' id='word_1_438' title='bbox 2729 2666 2787 2716; x_wconf 91' lang='lat' dir='ltr'><strong>et</strong></span> <span class='ocrx_word' id='word_1_439' title='bbox 2832 2666 2984 2717; x_wconf 88' lang='lat' dir='ltr'><strong>sorte</strong></span> <span class='ocrx_word' id='word_1_440' title='bbox 3034 2662 3340 2718; x_wconf 84' lang='lat' dir='ltr'><strong>vocationis</strong></span> <span class='ocrx_word' id='word_1_441' title='bbox 3397 2680 3513 2719; x_wconf 68' lang='lat' dir='ltr'><strong>suae</strong></span> 
     </span>
    </p>
   </div>
   <div class='ocr_carea' id='block_1_44' title="bbox 225 2746 3509 2822">
    <p class='ocr_par' dir='ltr' id='par_1_44' title="bbox 225 2746 3509 2822">
     <span class='ocr_line' id='line_1_44' title="bbox 225 2746 3509 2822; baseline 0.001 -18"><span class='ocrx_word' id='word_1_442' title='bbox 225 2750 450 2816; x_wconf 87' lang='lat' dir='ltr'><strong>bemus,</strong></span> <span class='ocrx_word' id='word_1_443' title='bbox 486 2748 633 2804; x_wconf 88' lang='lat' dir='ltr'><strong>sicut</strong></span> <span class='ocrx_word' id='word_1_444' title='bbox 659 2746 888 2817; x_wconf 85' lang='lat' dir='ltr'><strong>quidam</strong></span> <span class='ocrx_word' id='word_1_445' title='bbox 916 2748 1189 2813; x_wconf 87' lang='lat' dir='ltr'><strong>fecerunt,</strong></span> <span class='ocrx_word' id='word_1_446' title='bbox 1224 2765 1419 2804; x_wconf 90' lang='lat' dir='ltr'><strong>verum</strong></span> <span class='ocrx_word' id='word_1_447' title='bbox 1450 2748 1621 2803; x_wconf 88' lang='lat' dir='ltr'><strong>etiam</strong></span> <span class='ocrx_word' id='word_1_448' title='bbox 1657 2750 1834 2804; x_wconf 81' lang='lat' dir='ltr'><strong>conti-</strong></span> <span class='ocrx_word' id='word_1_449' title='bbox 1915 2747 2223 2805; x_wconf 89' lang='lat' dir='ltr'><strong>consistere</strong></span> <span class='ocrx_word' id='word_1_450' title='bbox 2250 2749 2448 2813; x_wconf 89' lang='lat' dir='ltr'><strong>discat,</strong></span> <span class='ocrx_word' id='word_1_451' title='bbox 2503 2765 2574 2803; x_wconf 91' lang='lat' dir='ltr'><strong>ne</strong></span> <span class='ocrx_word' id='word_1_452' title='bbox 2603 2748 2805 2803; x_wconf 87' lang='lat' dir='ltr'><strong>altiora</strong></span> <span class='ocrx_word' id='word_1_453' title='bbox 2847 2766 2907 2805; x_wconf 92' lang='lat' dir='ltr'><strong>se</strong></span> <span class='ocrx_word' id='word_1_454' title='bbox 2946 2754 3180 2822; x_wconf 68' lang='lat' dir='ltr'><strong>quaerat.</strong></span> <span class='ocrx_word' id='word_1_455' title='bbox 3229 2751 3509 2816; x_wconf 83' lang='lat' dir='ltr'><strong>Quoniam</strong></span> 
     </span>
    </p>
   </div>
   <div class='ocr_carea' id='block_1_45' title="bbox 227 2836 3513 2913">
    <p class='ocr_par' dir='ltr' id='par_1_45' title="bbox 227 2836 3513 2913">
     <span class='ocr_line' id='line_1_45' title="bbox 227 2836 3513 2913; baseline 0 -19"><span class='ocrx_word' id='word_1_456' title='bbox 227 2839 337 2894; x_wconf 86' lang='lat' dir='ltr'><strong>teri</strong></span> <span class='ocrx_word' id='word_1_457' title='bbox 359 2845 425 2895; x_wconf 88' lang='lat' dir='ltr'><strong>et</strong></span> <span class='ocrx_word' id='word_1_458' title='bbox 446 2839 651 2907; x_wconf 89' lang='lat' dir='ltr'><strong>dicere,</strong></span> <span class='ocrx_word' id='word_1_459' title='bbox 687 2840 835 2913; x_wconf 88' lang='lat' dir='ltr'><strong>quod</strong></span> <span class='ocrx_word' id='word_1_460' title='bbox 866 2856 968 2912; x_wconf 91' lang='lat' dir='ltr'><strong>pro</strong></span> <span class='ocrx_word' id='word_1_461' title='bbox 996 2838 1158 2894; x_wconf 89' lang='lat' dir='ltr'><strong>nobis</strong></span> <span class='ocrx_word' id='word_1_462' title='bbox 1197 2838 1378 2893; x_wconf 89' lang='lat' dir='ltr'><strong>doluit</strong></span> <span class='ocrx_word' id='word_1_463' title='bbox 1396 2843 1453 2893; x_wconf 88' lang='lat' dir='ltr'><strong>et</strong></span> <span class='ocrx_word' id='word_1_464' title='bbox 1471 2838 1833 2893; x_wconf 90' lang='lat' dir='ltr'><strong>contristatus</strong></span> <span class='ocrx_word' id='word_1_465' title='bbox 1915 2852 2109 2891; x_wconf 88' lang='lat' dir='ltr'><strong>eorum</strong></span> <span class='ocrx_word' id='word_1_466' title='bbox 2139 2843 2198 2892; x_wconf 91' lang='lat' dir='ltr'><strong>et</strong></span> <span class='ocrx_word' id='word_1_467' title='bbox 2224 2836 2476 2892; x_wconf 90' lang='lat' dir='ltr'><strong>omnium</strong></span> <span class='ocrx_word' id='word_1_468' title='bbox 2511 2837 2699 2908; x_wconf 89' lang='lat' dir='ltr'><strong>gratia</strong></span> <span class='ocrx_word' id='word_1_469' title='bbox 2734 2837 2866 2893; x_wconf 88' lang='lat' dir='ltr'><strong>licet</strong></span> <span class='ocrx_word' id='word_1_470' title='bbox 2905 2838 2979 2892; x_wconf 90' lang='lat' dir='ltr'><strong>sit</strong></span> <span class='ocrx_word' id='word_1_471' title='bbox 3014 2855 3241 2910; x_wconf 85' lang='lat' dir='ltr'><strong>magna,</strong></span> <span class='ocrx_word' id='word_1_472' title='bbox 3290 2856 3513 2912; x_wconf 88' lang='lat' dir='ltr'><strong>semper</strong></span> 
     </span>
    </p>
   </div>
   <div class='ocr_carea' id='block_1_46' title="bbox 228 2925 3515 3002">
    <p class='ocr_par' dir='ltr' id='par_1_46' title="bbox 228 2925 3515 3002">
     <span class='ocr_line' id='line_1_46' title="bbox 228 2925 3515 3002; baseline 0 -19"><span class='ocrx_word' id='word_1_473' title='bbox 228 2935 332 2995; x_wconf 86' lang='lat' dir='ltr'><strong>est,</strong></span> <span class='ocrx_word' id='word_1_474' title='bbox 368 2928 475 3000; x_wconf 86' lang='lat' dir='ltr'><strong>qui</strong></span> <span class='ocrx_word' id='word_1_475' title='bbox 488 2946 590 3001; x_wconf 87' lang='lat' dir='ltr'><strong>pro</strong></span> <span class='ocrx_word' id='word_1_476' title='bbox 610 2945 671 2985; x_wconf 91' lang='lat' dir='ltr'><strong>se</strong></span> <span class='ocrx_word' id='word_1_477' title='bbox 691 2946 802 2985; x_wconf 91' lang='lat' dir='ltr'><strong>non</strong></span> <span class='ocrx_word' id='word_1_478' title='bbox 832 2928 1029 2983; x_wconf 89' lang='lat' dir='ltr'><strong>habuit</strong></span> <span class='ocrx_word' id='word_1_479' title='bbox 1045 2927 1193 2999; x_wconf 92' lang='lat' dir='ltr'><strong>quod</strong></span> <span class='ocrx_word' id='word_1_480' title='bbox 1223 2927 1459 2990; x_wconf 85' lang='lat' dir='ltr'><strong>doleret,</strong></span> <span class='ocrx_word' id='word_1_481' title='bbox 1482 2944 1665 2999; x_wconf 90' lang='lat' dir='ltr'><strong>neque</strong></span> <span class='ocrx_word' id='word_1_482' title='bbox 1692 2927 1827 2995; x_wconf 88' lang='lat' dir='ltr'><strong>ullo,</strong></span> <span class='ocrx_word' id='word_1_483' title='bbox 1853 2981 1893 3002; x_wconf 60' lang='grc' dir='ltr'>η</span> <span class='ocrx_word' id='word_1_484' title='bbox 1928 2931 1965 2990; x_wconf 82' lang='grc' dir='ltr'><strong>Ι</strong></span> <span class='ocrx_word' id='word_1_485' title='bbox 1995 2930 2031 2988; x_wconf 83' lang='grc' dir='ltr'><strong>Ι</strong></span> <span class='ocrx_word' id='word_1_486' title='bbox 2060 2931 2095 2990; x_wconf 86' lang='grc' dir='ltr'><strong>Ι</strong></span> <span class='ocrx_word' id='word_1_487' title='bbox 2114 2932 2172 2990; x_wconf 65' lang='lat'><strong>:3</strong></span> <span class='ocrx_word' id='word_1_488' title='bbox 2203 2926 2457 2980; x_wconf 89' lang='lat' dir='ltr'><strong>Christus</strong></span> <span class='ocrx_word' id='word_1_489' title='bbox 2494 2925 2753 2980; x_wconf 88' lang='lat' dir='ltr'><strong>omnibus</strong></span> <span class='ocrx_word' id='word_1_490' title='bbox 2785 2931 2871 2981; x_wconf 92' lang='lat' dir='ltr'><strong>est</strong></span> <span class='ocrx_word' id='word_1_491' title='bbox 2896 2928 3096 2998; x_wconf 87' lang='lat' dir='ltr'><strong>major,</strong></span> <span class='ocrx_word' id='word_1_492' title='bbox 3128 2929 3289 2999; x_wconf 91' lang='lat' dir='ltr'><strong>cujus</strong></span> <span class='ocrx_word' id='word_1_493' title='bbox 3317 2929 3515 3002; x_wconf 84' lang='lat' dir='ltr'><strong>singu-</strong></span> 
     </span>
    </p>
   </div>
   <div class='ocr_carea' id='block_1_47' title="bbox 227 3013 3513 3090">
    <p class='ocr_par' dir='ltr' id='par_1_47' title="bbox 227 3013 3513 3090">
     <span class='ocr_line' id='line_1_47' title="bbox 227 3013 3513 3090; baseline -0 -17"><span class='ocrx_word' id='word_1_494' title='bbox 227 3035 294 3073; x_wconf 79' lang='lat' dir='ltr'><strong>ex</strong></span> <span class='ocrx_word' id='word_1_495' title='bbox 312 3034 431 3090; x_wconf 91' lang='lat' dir='ltr'><strong>quo</strong></span> <span class='ocrx_word' id='word_1_496' title='bbox 456 3018 889 3074; x_wconf 88' lang='lat' dir='ltr'><strong>contristaretur</strong></span> <span class='ocrx_word' id='word_1_497' title='bbox 907 3018 1128 3083; x_wconf 70' lang='lat' dir='ltr'><strong>affectu,</strong></span> <span class='ocrx_word' id='word_1_498' title='bbox 1153 3015 1248 3087; x_wconf 89' lang='lat' dir='ltr'><strong>qui</strong></span> <span class='ocrx_word' id='word_1_499' title='bbox 1267 3033 1367 3087; x_wconf 91' lang='lat' dir='ltr'><strong>pro</strong></span> <span class='ocrx_word' id='word_1_500' title='bbox 1387 3016 1647 3071; x_wconf 91' lang='lat' dir='ltr'><strong>omnibus</strong></span> <span class='ocrx_word' id='word_1_501' title='bbox 1662 3016 1831 3071; x_wconf 88' lang='lat' dir='ltr'><strong>etiam</strong></span> <span class='ocrx_word' id='word_1_502' title='bbox 1851 3013 1895 3042; x_wconf 75' lang='grc' dir='ltr'>υ</span> <span class='ocrx_word' id='word_1_503' title='bbox 1915 3013 2129 3079; x_wconf 89' lang='lat' dir='ltr'><strong>laritas,</strong></span> <span class='ocrx_word' id='word_1_504' title='bbox 2161 3014 2293 3086; x_wconf 89' lang='lat' dir='ltr'><strong>quia</strong></span> <span class='ocrx_word' id='word_1_505' title='bbox 2317 3015 2468 3069; x_wconf 87' lang='lat' dir='ltr'><strong>Deus</strong></span> <span class='ocrx_word' id='word_1_506' title='bbox 2499 3024 2602 3081; x_wconf 90' lang='lat' dir='ltr'><strong>est,</strong></span> <span class='ocrx_word' id='word_1_507' title='bbox 2637 3015 2860 3071; x_wconf 82' lang='lat' dir='ltr'><strong>excellit</strong></span> <span class='ocrx_word' id='word_1_508' title='bbox 2882 3017 3192 3072; x_wconf 88' lang='lat' dir='ltr'><strong>universos.</strong></span> <span class='ocrx_word' id='word_1_509' title='bbox 3224 3017 3383 3072; x_wconf 87' lang='lat' dir='ltr'><strong>Unde</strong></span> <span class='ocrx_word' id='word_1_510' title='bbox 3421 3034 3513 3072; x_wconf 46' lang='lat' dir='ltr'><strong>ses</strong></span> 
     </span>
    </p>
   </div>
   <div class='ocr_carea' id='block_1_48' title="bbox 224 3103 3516 3178">
    <p class='ocr_par' dir='ltr' id='par_1_48' title="bbox 224 3103 3516 3178">
     <span class='ocr_line' id='line_1_48' title="bbox 224 3103 3516 3178; baseline 0.001 -18"><span class='ocrx_word' id='word_1_511' title='bbox 224 3107 373 3161; x_wconf 90' lang='lat' dir='ltr'><strong>mori</strong></span> <span class='ocrx_word' id='word_1_512' title='bbox 421 3107 615 3162; x_wconf 87' lang='lat' dir='ltr'><strong>voluit.</strong></span> <span class='ocrx_word' id='word_1_513' title='bbox 674 3108 786 3163; x_wconf 88' lang='lat' dir='ltr'><strong>Cur</strong></span> <span class='ocrx_word' id='word_1_514' title='bbox 831 3124 963 3178; x_wconf 89' lang='lat' dir='ltr'><strong>ergo</strong></span> <span class='ocrx_word' id='word_1_515' title='bbox 1006 3122 1119 3161; x_wconf 91' lang='lat' dir='ltr'><strong>non</strong></span> <span class='ocrx_word' id='word_1_516' title='bbox 1156 3105 1501 3160; x_wconf 83' lang='lat' dir='ltr'><strong>conﬁdenter</strong></span> <span class='ocrx_word' id='word_1_517' title='bbox 1542 3105 1833 3161; x_wconf 87' lang='lat' dir='ltr'><strong>tristitiam</strong></span> <span class='ocrx_word' id='word_1_518' title='bbox 1917 3103 2146 3174; x_wconf 87' lang='lat' dir='ltr'><strong>quitur:</strong></span> <span class='ocrx_word' id='word_1_519' title='bbox 2178 3104 2245 3158; x_wconf 84' lang='lat' dir='ltr'><strong>Et</strong></span> <span class='ocrx_word' id='word_1_520' title='bbox 2282 3120 2601 3173; x_wconf 81' lang='lat' dir='ltr'><strong>progressus</strong></span> <span class='ocrx_word' id='word_1_521' title='bbox 2637 3107 2913 3174; x_wconf 81' lang='lat' dir='ltr'><strong>pusillum</strong></span> <span class='ocrx_word' id='word_1_522' title='bbox 2950 3108 3190 3175; x_wconf 76' lang='lat' dir='ltr'><strong>procidit</strong></span> <span class='ocrx_word' id='word_1_523' title='bbox 3221 3109 3284 3160; x_wconf 87' lang='lat' dir='ltr'><strong>in</strong></span> <span class='ocrx_word' id='word_1_524' title='bbox 3312 3107 3516 3175; x_wconf 77' lang='lat' dir='ltr'><strong>faciem.</strong></span> 
     </span>
    </p>
   </div>
   <div class='ocr_carea' id='block_1_49' title="bbox 226 3192 3508 3267">
    <p class='ocr_par' dir='ltr' id='par_1_49' title="bbox 226 3192 3508 3267">
     <span class='ocr_line' id='line_1_49' title="bbox 226 3192 3508 3267; baseline 0 -17"><span class='ocrx_word' id='word_1_525' title='bbox 226 3197 373 3267; x_wconf 83' lang='lat' dir='ltr'><strong>ejus,</strong></span> <span class='ocrx_word' id='word_1_526' title='bbox 409 3212 511 3251; x_wconf 88' lang='lat' dir='ltr'><strong>seu</strong></span> <span class='ocrx_word' id='word_1_527' title='bbox 543 3196 891 3261; x_wconf 63' lang='lat' dir='ltr'><strong>maestitiam,</strong></span> <span class='ocrx_word' id='word_1_528' title='bbox 920 3202 978 3251; x_wconf 91' lang='lat' dir='ltr'><strong>et</strong></span> <span class='ocrx_word' id='word_1_529' title='bbox 1010 3194 1260 3249; x_wconf 91' lang='lat' dir='ltr'><strong>dolorem</strong></span> <span class='ocrx_word' id='word_1_530' title='bbox 1291 3211 1403 3248; x_wconf 90' lang='lat' dir='ltr'><strong>non</strong></span> <span class='ocrx_word' id='word_1_531' title='bbox 1441 3194 1703 3266; x_wconf 66' lang='lat' dir='ltr'><strong>praedico,</strong></span> <span class='ocrx_word' id='word_1_532' title='bbox 1737 3195 1833 3266; x_wconf 92' lang='lat' dir='ltr'><strong>qui</strong></span> <span class='ocrx_word' id='word_1_533' title='bbox 1914 3207 2095 3257; x_wconf 86' lang='lat' dir='ltr'><strong>suam,</strong></span> <span class='ocrx_word' id='word_1_534' title='bbox 2150 3193 2393 3246; x_wconf 84' lang='lat' dir='ltr'><strong>adorans</strong></span> <span class='ocrx_word' id='word_1_535' title='bbox 2440 3196 2491 3245; x_wconf 83' lang='lat' dir='ltr'><strong>et</strong></span> <span class='ocrx_word' id='word_1_536' title='bbox 2533 3193 2738 3247; x_wconf 82' lang='lat' dir='ltr'><strong>dicens.</strong></span> <span class='ocrx_word' id='word_1_537' title='bbox 2782 3192 2921 3248; x_wconf 86' lang='lat' dir='ltr'><strong>Ecce</strong></span> <span class='ocrx_word' id='word_1_538' title='bbox 2952 3210 3054 3248; x_wconf 90' lang='lat' dir='ltr'><strong>cur</strong></span> <span class='ocrx_word' id='word_1_539' title='bbox 3090 3193 3348 3249; x_wconf 86' lang='lat' dir='ltr'><strong>eduxerit</strong></span> <span class='ocrx_word' id='word_1_540' title='bbox 3393 3211 3508 3261; x_wconf 91' lang='lat' dir='ltr'><strong>eos,</strong></span> 
     </span>
    </p>
   </div>
   <div class='ocr_carea' id='block_1_50' title="bbox 222 3280 3504 3357">
    <p class='ocr_par' dir='ltr' id='par_1_50' title="bbox 222 3280 3504 3357">
     <span class='ocr_line' id='line_1_50' title="bbox 222 3280 3504 3357; baseline 0 -18"><span class='ocrx_word' id='word_1_541' title='bbox 222 3284 511 3357; x_wconf 86' lang='lat' dir='ltr'><strong>lacrymas</strong></span> <span class='ocrx_word' id='word_1_542' title='bbox 536 3286 657 3356; x_wconf 90' lang='lat' dir='ltr'><strong>ejus</strong></span> <span class='ocrx_word' id='word_1_543' title='bbox 677 3291 733 3340; x_wconf 93' lang='lat' dir='ltr'><strong>et</strong></span> <span class='ocrx_word' id='word_1_544' title='bbox 753 3290 994 3339; x_wconf 91' lang='lat' dir='ltr'><strong>mortem</strong></span> <span class='ocrx_word' id='word_1_545' title='bbox 1014 3283 1183 3354; x_wconf 85' lang='lat' dir='ltr'><strong>lego?</strong></span> <span class='ocrx_word' id='word_1_546' title='bbox 1204 3284 1350 3337; x_wconf 89' lang='lat' dir='ltr'><strong>Nam</strong></span> <span class='ocrx_word' id='word_1_547' title='bbox 1378 3282 1632 3354; x_wconf 89' lang='lat' dir='ltr'><strong>quamvis</strong></span> <span class='ocrx_word' id='word_1_548' title='bbox 1649 3283 1833 3355; x_wconf 75' lang='lat' dir='ltr'><strong>lacry-</strong></span> <span class='ocrx_word' id='word_1_549' title='bbox 1917 3280 2179 3341; x_wconf 87' lang='lat' dir='ltr'><strong>ostendit,</strong></span> <span class='ocrx_word' id='word_1_550' title='bbox 2214 3286 2279 3334; x_wconf 92' lang='lat' dir='ltr'><strong>ut</strong></span> <span class='ocrx_word' id='word_1_551' title='bbox 2307 3280 2528 3335; x_wconf 84' lang='lat' dir='ltr'><strong>discant</strong></span> <span class='ocrx_word' id='word_1_552' title='bbox 2555 3297 2668 3335; x_wconf 91' lang='lat' dir='ltr'><strong>non</strong></span> <span class='ocrx_word' id='word_1_553' title='bbox 2694 3281 2763 3336; x_wconf 91' lang='lat' dir='ltr'><strong>de</strong></span> <span class='ocrx_word' id='word_1_554' title='bbox 2803 3299 2864 3336; x_wconf 91' lang='lat' dir='ltr'><strong>se</strong></span> <span class='ocrx_word' id='word_1_555' title='bbox 2894 3281 3115 3336; x_wconf 88' lang='lat' dir='ltr'><strong>incaute</strong></span> <span class='ocrx_word' id='word_1_556' title='bbox 3145 3299 3504 3353; x_wconf 81' lang='lat' dir='ltr'><strong>praesumere,</strong></span> 
     </span>
    </p>
   </div>
   <div class='ocr_carea' id='block_1_51' title="bbox 224 3368 3516 3446">
    <p class='ocr_par' dir='ltr' id='par_1_51' title="bbox 224 3368 3516 3446">
     <span class='ocr_line' id='line_1_51' title="bbox 224 3368 3516 3446; baseline -0 -17"><span class='ocrx_word' id='word_1_557' title='bbox 224 3391 456 3429; x_wconf 86' lang='lat' dir='ltr'><strong>marum</strong></span> <span class='ocrx_word' id='word_1_558' title='bbox 482 3374 728 3429; x_wconf 77' lang='lat' dir='ltr'><strong>ofﬁcium</strong></span> <span class='ocrx_word' id='word_1_559' title='bbox 756 3374 814 3429; x_wconf 91' lang='lat' dir='ltr'><strong>in</strong></span> <span class='ocrx_word' id='word_1_560' title='bbox 834 3389 1067 3446; x_wconf 90' lang='lat' dir='ltr'><strong>corpore</strong></span> <span class='ocrx_word' id='word_1_561' title='bbox 1098 3372 1189 3440; x_wconf 88' lang='lat' dir='ltr'><strong>sit,</strong></span> <span class='ocrx_word' id='word_1_562' title='bbox 1224 3371 1398 3426; x_wconf 89' lang='lat' dir='ltr'><strong>animi</strong></span> <span class='ocrx_word' id='word_1_563' title='bbox 1425 3376 1617 3427; x_wconf 89' lang='lat' dir='ltr'><strong>tamen</strong></span> <span class='ocrx_word' id='word_1_564' title='bbox 1648 3389 1743 3427; x_wconf 90' lang='lat' dir='ltr'><strong>eas</strong></span> <span class='ocrx_word' id='word_1_565' title='bbox 1771 3373 1831 3428; x_wconf 92' lang='lat' dir='ltr'><strong>in</strong></span> <span class='ocrx_word' id='word_1_566' title='bbox 1916 3369 2013 3423; x_wconf 86' lang='lat' dir='ltr'><strong>sed</strong></span> <span class='ocrx_word' id='word_1_567' title='bbox 2040 3368 2244 3439; x_wconf 84' lang='lat' dir='ltr'><strong>vigiliis</strong></span> <span class='ocrx_word' id='word_1_568' title='bbox 2261 3374 2318 3423; x_wconf 91' lang='lat' dir='ltr'><strong>et</strong></span> <span class='ocrx_word' id='word_1_569' title='bbox 2330 3369 2679 3424; x_wconf 83' lang='lat' dir='ltr'><strong>orationibus</strong></span> <span class='ocrx_word' id='word_1_570' title='bbox 2699 3369 3263 3442; x_wconf 87' lang='lat' dir='ltr'><strong>priusimpetrare,ut</strong></span> <span class='ocrx_word' id='word_1_571' title='bbox 3288 3372 3516 3428; x_wconf 87' lang='lat' dir='ltr'><strong>videant</strong></span> 
     </span>
    </p>
   </div>
   <div class='ocr_carea' id='block_1_52' title="bbox 222 3457 3513 3535">
    <p class='ocr_par' dir='ltr' id='par_1_52' title="bbox 222 3457 3513 3535">
     <span class='ocr_line' id='line_1_52' title="bbox 222 3457 3513 3535; baseline -0 -18"><span class='ocrx_word' id='word_1_572' title='bbox 222 3463 546 3519; x_wconf 88' lang='lat' dir='ltr'><strong>ministerio</strong></span> <span class='ocrx_word' id='word_1_573' title='bbox 565 3463 814 3535; x_wconf 88' lang='lat' dir='ltr'><strong>corporis</strong></span> <span class='ocrx_word' id='word_1_574' title='bbox 837 3462 1072 3517; x_wconf 79' lang='lat' dir='ltr'><strong>tundere</strong></span> <span class='ocrx_word' id='word_1_575' title='bbox 1096 3465 1214 3529; x_wconf 90' lang='lat' dir='ltr'><strong>est;</strong></span> <span class='ocrx_word' id='word_1_576' title='bbox 1245 3460 1377 3531; x_wconf 91' lang='lat' dir='ltr'><strong>quia</strong></span> <span class='ocrx_word' id='word_1_577' title='bbox 1406 3460 1566 3532; x_wconf 91' lang='lat' dir='ltr'><strong>quasi</strong></span> <span class='ocrx_word' id='word_1_578' title='bbox 1599 3461 1830 3531; x_wconf 89' lang='lat' dir='ltr'><strong>quidam</strong></span> <span class='ocrx_word' id='word_1_579' title='bbox 1917 3463 1976 3512; x_wconf 87' lang='lat' dir='ltr'><strong>ct</strong></span> <span class='ocrx_word' id='word_1_580' title='bbox 2001 3457 2323 3527; x_wconf 86' lang='lat' dir='ltr'><strong>intelligant</strong></span> <span class='ocrx_word' id='word_1_581' title='bbox 2346 3457 2444 3512; x_wconf 90' lang='lat' dir='ltr'><strong>ubi</strong></span> <span class='ocrx_word' id='word_1_582' title='bbox 2473 3463 2577 3525; x_wconf 89' lang='lat' dir='ltr'><strong>est,</strong></span> <span class='ocrx_word' id='word_1_583' title='bbox 2620 3463 2677 3513; x_wconf 92' lang='lat' dir='ltr'><strong>et</strong></span> <span class='ocrx_word' id='word_1_584' title='bbox 2715 3475 3006 3530; x_wconf 88' lang='lat' dir='ltr'><strong>quousque</strong></span> <span class='ocrx_word' id='word_1_585' title='bbox 3059 3477 3221 3532; x_wconf 91' lang='lat' dir='ltr'><strong>posse</strong></span> <span class='ocrx_word' id='word_1_586' title='bbox 3267 3461 3513 3516; x_wconf 78' lang='lat' dir='ltr'><strong>hominis</strong></span> 
     </span>
    </p>
   </div>
   <div class='ocr_carea' id='block_1_53' title="bbox 224 3546 3511 3622">
    <p class='ocr_par' dir='ltr' id='par_1_53' title="bbox 224 3546 3511 3622">
     <span class='ocr_line' id='line_1_53' title="bbox 224 3546 3511 3622; baseline -0 -15"><span class='ocrx_word' id='word_1_587' title='bbox 224 3553 409 3607; x_wconf 83' lang='lat' dir='ltr'><strong>animi</strong></span> <span class='ocrx_word' id='word_1_588' title='bbox 433 3569 641 3607; x_wconf 68' lang='lat' dir='ltr'><strong>maeror</strong></span> <span class='ocrx_word' id='word_1_589' title='bbox 663 3569 759 3607; x_wconf 81' lang='lat' dir='ltr'><strong>eas</strong></span> <span class='ocrx_word' id='word_1_590' title='bbox 787 3551 922 3607; x_wconf 86' lang='lat' dir='ltr'><strong>foris</strong></span> <span class='ocrx_word' id='word_1_591' title='bbox 941 3548 1419 3606; x_wconf 69' lang='lat' dir='ltr'><strong>exsudatldcirco</strong></span> <span class='ocrx_word' id='word_1_592' title='bbox 1447 3549 1545 3604; x_wconf 89' lang='lat' dir='ltr'><strong>ubi</strong></span> <span class='ocrx_word' id='word_1_593' title='bbox 1569 3550 1833 3621; x_wconf 72' lang='lat' dir='ltr'><strong>lacrymaa</strong></span> <span class='ocrx_word' id='word_1_594' title='bbox 1916 3546 2008 3612; x_wconf 86' lang='lat' dir='ltr'><strong>sit,</strong></span> <span class='ocrx_word' id='word_1_595' title='bbox 2039 3546 2126 3600; x_wconf 89' lang='lat' dir='ltr'><strong>vel</strong></span> <span class='ocrx_word' id='word_1_596' title='bbox 2157 3547 2435 3617; x_wconf 91' lang='lat' dir='ltr'><strong>quomodo</strong></span> <span class='ocrx_word' id='word_1_597' title='bbox 2484 3547 2786 3618; x_wconf 88' lang='lat' dir='ltr'><strong>impetrare</strong></span> <span class='ocrx_word' id='word_1_598' title='bbox 2825 3547 3084 3602; x_wconf 90' lang='lat' dir='ltr'><strong>debeant.</strong></span> <span class='ocrx_word' id='word_1_599' title='bbox 3118 3549 3359 3604; x_wconf 88' lang='lat' dir='ltr'><strong>Videant</strong></span> <span class='ocrx_word' id='word_1_600' title='bbox 3387 3551 3511 3622; x_wconf 80' lang='lat' dir='ltr'><strong>qui-&#39;</strong></span> 
     </span>
    </p>
   </div>
   <div class='ocr_carea' id='block_1_54' title="bbox 226 3634 3512 3715">
    <p class='ocr_par' dir='ltr' id='par_1_54' title="bbox 226 3634 3512 3715">
     <span class='ocr_line' id='line_1_54' title="bbox 226 3634 3512 3715; baseline -0.002 -17"><span class='ocrx_word' id='word_1_601' title='bbox 226 3642 633 3715; x_wconf 64' lang='lat' dir='ltr'><strong>predicantur,</strong></span> <span class='ocrx_word' id='word_1_602' title='bbox 668 3641 827 3696; x_wconf 89' lang='lat' dir='ltr'><strong>dolor</strong></span> <span class='ocrx_word' id='word_1_603' title='bbox 851 3644 909 3695; x_wconf 91' lang='lat' dir='ltr'><strong>et</strong></span> <span class='ocrx_word' id='word_1_604' title='bbox 935 3639 1222 3706; x_wconf 89' lang='lat' dir='ltr'><strong>maestitia,</strong></span> <span class='ocrx_word' id='word_1_605' title='bbox 1252 3638 1420 3693; x_wconf 83' lang='lat' dir='ltr'><strong>fuisse</strong></span> <span class='ocrx_word' id='word_1_606' title='bbox 1438 3637 1687 3704; x_wconf 88' lang='lat' dir='ltr'><strong>omnino,</strong></span> <span class='ocrx_word' id='word_1_607' title='bbox 1719 3653 1833 3693; x_wconf 90' lang='lat' dir='ltr'><strong>non</strong></span> <span class='ocrx_word' id='word_1_608' title='bbox 1917 3634 2043 3690; x_wconf 91' lang='lat' dir='ltr'><strong>dem</strong></span> <span class='ocrx_word' id='word_1_609' title='bbox 2083 3635 2377 3690; x_wconf 86' lang='lat' dir='ltr'><strong>cadentem</strong></span> <span class='ocrx_word' id='word_1_610' title='bbox 2418 3641 2477 3690; x_wconf 89' lang='lat' dir='ltr'><strong>et</strong></span> <span class='ocrx_word' id='word_1_611' title='bbox 2520 3636 2850 3690; x_wconf 85' lang='lat' dir='ltr'><strong>adorantem</strong></span> <span class='ocrx_word' id='word_1_612' title='bbox 2886 3636 2945 3690; x_wconf 91' lang='lat' dir='ltr'><strong>in</strong></span> <span class='ocrx_word' id='word_1_613' title='bbox 2984 3636 3184 3691; x_wconf 87' lang='lat' dir='ltr'><strong>faciem</strong></span> <span class='ocrx_word' id='word_1_614' title='bbox 3229 3654 3407 3704; x_wconf 87' lang='lat' dir='ltr'><strong>suam,</strong></span> <span class='ocrx_word' id='word_1_615' title='bbox 3452 3645 3512 3693; x_wconf 91' lang='lat' dir='ltr'><strong>et</strong></span> 
     </span>
    </p>
   </div>
   <div class='ocr_carea' id='block_1_55' title="bbox 225 3723 3508 3798">
    <p class='ocr_par' dir='ltr' id='par_1_55' title="bbox 225 3723 3508 3798">
     <span class='ocr_line' id='line_1_55' title="bbox 225 3723 3508 3798; baseline -0.002 -11"><span class='ocrx_word' id='word_1_616' title='bbox 225 3730 353 3787; x_wconf 82' lang='lat' dir='ltr'><strong>dico</strong></span> <span class='ocrx_word' id='word_1_617' title='bbox 412 3729 784 3794; x_wconf 85' lang='lat' dir='ltr'><strong>defendenda,</strong></span> <span class='ocrx_word' id='word_1_618' title='bbox 840 3744 1036 3784; x_wconf 88' lang='lat' dir='ltr'><strong>verum</strong></span> <span class='ocrx_word' id='word_1_619' title='bbox 1093 3727 1266 3782; x_wconf 85' lang='lat' dir='ltr'><strong>etiam</strong></span> <span class='ocrx_word' id='word_1_620' title='bbox 1321 3726 1675 3798; x_wconf 69' lang='lat' dir='ltr'><strong>praedicanda</strong></span> <span class='ocrx_word' id='word_1_621' title='bbox 1726 3731 1830 3780; x_wconf 89' lang='lat' dir='ltr'><strong>est.</strong></span> <span class='ocrx_word' id='word_1_622' title='bbox 1916 3723 2151 3779; x_wconf 89' lang='lat' dir='ltr'><strong>audiant</strong></span> <span class='ocrx_word' id='word_1_623' title='bbox 2180 3724 2459 3778; x_wconf 90' lang='lat' dir='ltr'><strong>dicentem</strong></span> <span class='ocrx_word' id='word_1_624' title='bbox 2492 3743 2503 3777; x_wconf 92' lang='lat'>:</span> <span class='ocrx_word' id='word_1_625' title='bbox 2536 3727 2716 3791; x_wconf 85' lang='lat' dir='ltr'><strong>Pater,</strong></span> <span class='ocrx_word' id='word_1_626' title='bbox 2749 3727 2800 3778; x_wconf 87' lang='lat' dir='ltr'><strong>si</strong></span> <span class='ocrx_word' id='word_1_627' title='bbox 2812 3726 3066 3794; x_wconf 77' lang='lat' dir='ltr'><strong>possibile</strong></span> <span class='ocrx_word' id='word_1_628' title='bbox 3093 3729 3186 3791; x_wconf 80' lang='lat' dir='ltr'><strong>est,</strong></span> <span class='ocrx_word' id='word_1_629' title='bbox 3212 3728 3508 3780; x_wconf 74' lang='lat' dir='ltr'><strong>tramenta</strong></span> 
     </span>
    </p>
   </div>
   <div class='ocr_carea' id='block_1_56' title="bbox 225 3812 3507 3891">
    <p class='ocr_par' dir='ltr' id='par_1_56' title="bbox 225 3812 3507 3891">
     <span class='ocr_line' id='line_1_56' title="bbox 225 3812 3507 3891; baseline -0.002 -15"><span class='ocrx_word' id='word_1_630' title='bbox 225 3818 374 3891; x_wconf 85' lang='lat' dir='ltr'><strong>Ergo</strong></span> <span class='ocrx_word' id='word_1_631' title='bbox 432 3818 530 3891; x_wconf 89' lang='lat' dir='ltr'><strong>qui</strong></span> <span class='ocrx_word' id='word_1_632' title='bbox 582 3836 804 3874; x_wconf 89' lang='lat' dir='ltr'><strong>crucem</strong></span> <span class='ocrx_word' id='word_1_633' title='bbox 858 3823 917 3873; x_wconf 88' lang='lat' dir='ltr'><strong>et</strong></span> <span class='ocrx_word' id='word_1_634' title='bbox 968 3822 1209 3873; x_wconf 88' lang='lat' dir='ltr'><strong>mortem</strong></span> <span class='ocrx_word' id='word_1_635' title='bbox 1249 3816 1536 3888; x_wconf 64' lang='lat' dir='ltr'><strong>praedicat,</strong></span> <span class='ocrx_word' id='word_1_636' title='bbox 1592 3820 1631 3880; x_wconf 86' lang='grc'><strong>1</strong></span> <span class='ocrx_word' id='word_1_637' title='bbox 1658 3821 1695 3881; x_wconf 83' lang='grc' dir='ltr'>ι</span> <span class='ocrx_word' id='word_1_638' title='bbox 1722 3819 1833 3881; x_wconf 56' lang='lat' dir='ltr'><strong>[ﬁ</strong></span> <span class='ocrx_word' id='word_1_639' title='bbox 1916 3827 2003 3865; x_wconf 76' lang='lat' dir='ltr'><strong>me</strong></span> <span class='ocrx_word' id='word_1_640' title='bbox 2030 3814 2185 3867; x_wconf 69' lang='lat' dir='ltr'><strong>calix</strong></span> <span class='ocrx_word' id='word_1_641' title='bbox 2213 3815 2327 3866; x_wconf 83' lang='lat' dir='ltr'><strong>iste.</strong></span> <span class='ocrx_word' id='word_1_642' title='bbox 2363 3812 2410 3867; x_wconf 94' lang='grc' dir='ltr'><strong>Ο</strong></span> <span class='ocrx_word' id='word_1_643' title='bbox 2435 3812 2659 3867; x_wconf 69' lang='lat' dir='ltr'><strong>caeleste</strong></span> <span class='ocrx_word' id='word_1_644' title='bbox 2690 3812 3094 3883; x_wconf 86' lang='lat' dir='ltr'><strong>magisterium,</strong></span> <span class='ocrx_word' id='word_1_645' title='bbox 3124 3818 3193 3867; x_wconf 85' lang='lat' dir='ltr'><strong>et</strong></span> <span class='ocrx_word' id='word_1_646' title='bbox 3230 3812 3507 3868; x_wconf 88' lang='lat' dir='ltr'><strong>medicina</strong></span> 
     </span>
    </p>
   </div>
   <div class='ocr_carea' id='block_1_57' title="bbox 223 3900 3505 3974">
    <p class='ocr_par' dir='ltr' id='par_1_57' title="bbox 223 3900 3505 3974">
     <span class='ocr_line' id='line_1_57' title="bbox 223 3900 3505 3974; baseline -0.002 -11"><span class='ocrx_word' id='word_1_647' title='bbox 223 3908 470 3963; x_wconf 82' lang='lat' dir='ltr'><strong>stultum</strong></span> <span class='ocrx_word' id='word_1_648' title='bbox 510 3912 598 3963; x_wconf 87' lang='lat' dir='ltr'><strong>est</strong></span> <span class='ocrx_word' id='word_1_649' title='bbox 627 3912 691 3963; x_wconf 90' lang='lat' dir='ltr'><strong>ut</strong></span> <span class='ocrx_word' id='word_1_650' title='bbox 734 3907 986 3962; x_wconf 90' lang='lat' dir='ltr'><strong>dolorem</strong></span> <span class='ocrx_word' id='word_1_651' title='bbox 1033 3911 1091 3961; x_wconf 89' lang='lat' dir='ltr'><strong>et</strong></span> <span class='ocrx_word' id='word_1_652' title='bbox 1128 3921 1397 3961; x_wconf 88' lang='lat' dir='ltr'><strong>maerores</strong></span> <span class='ocrx_word' id='word_1_653' title='bbox 1447 3909 1633 3974; x_wconf 87' lang='lat' dir='ltr'><strong>neget.</strong></span> <span class='ocrx_word' id='word_1_654' title='bbox 1690 3902 1833 3967; x_wconf 89' lang='lat' dir='ltr'><strong>Quia</strong></span> <span class='ocrx_word' id='word_1_655' title='bbox 1912 3900 2112 3955; x_wconf 88' lang='lat' dir='ltr'><strong>salutis</strong></span> <span class='ocrx_word' id='word_1_656' title='bbox 2142 3901 2154 3954; x_wconf 90' lang='lat'>!</span> <span class='ocrx_word' id='word_1_657' title='bbox 2191 3901 2326 3955; x_wconf 86' lang='lat' dir='ltr'><strong>Ecce</strong></span> <span class='ocrx_word' id='word_1_658' title='bbox 2358 3907 2554 3955; x_wconf 89' lang='lat' dir='ltr'><strong>contra</strong></span> <span class='ocrx_word' id='word_1_659' title='bbox 2578 3907 2750 3956; x_wconf 77' lang='lat' dir='ltr'><strong>tantae</strong></span> <span class='ocrx_word' id='word_1_660' title='bbox 2779 3902 3026 3956; x_wconf 71' lang='lat' dir='ltr'><strong>audaciae</strong></span> <span class='ocrx_word' id='word_1_661' title='bbox 3053 3902 3312 3956; x_wconf 87' lang='lat' dir='ltr'><strong>morbum</strong></span> <span class='ocrx_word' id='word_1_662' title='bbox 3340 3902 3505 3974; x_wconf 89' lang='lat' dir='ltr'><strong>quale</strong></span> 
     </span>
    </p>
   </div>
   <div class='ocr_carea' id='block_1_58' title="bbox 221 3990 3505 4069">
    <p class='ocr_par' dir='ltr' id='par_1_58' title="bbox 221 3990 3505 4069">
     <span class='ocr_line' id='line_1_58' title="bbox 221 3990 3505 4069; baseline -0.001 -17"><span class='ocrx_word' id='word_1_663' title='bbox 221 3995 488 4052; x_wconf 83' lang='lat' dir='ltr'><strong>Christus</strong></span> <span class='ocrx_word' id='word_1_664' title='bbox 545 4012 659 4051; x_wconf 90' lang='lat' dir='ltr'><strong>non</strong></span> <span class='ocrx_word' id='word_1_665' title='bbox 710 3998 953 4069; x_wconf 90' lang='lat' dir='ltr'><strong>speciem</strong></span> <span class='ocrx_word' id='word_1_666' title='bbox 1001 3993 1426 4058; x_wconf 86' lang='lat' dir='ltr'><strong>incarnationis,</strong></span> <span class='ocrx_word' id='word_1_667' title='bbox 1488 3992 1573 4046; x_wconf 91' lang='lat' dir='ltr'><strong>vel</strong></span> <span class='ocrx_word' id='word_1_668' title='bbox 1626 3990 1829 4062; x_wconf 88' lang='lat' dir='ltr'><strong>imagi-</strong></span> <span class='ocrx_word' id='word_1_669' title='bbox 1912 3992 2249 4055; x_wconf 89' lang='lat' dir='ltr'><strong>antidotum,</strong></span> <span class='ocrx_word' id='word_1_670' title='bbox 2271 3996 2337 4045; x_wconf 92' lang='lat' dir='ltr'><strong>ut</strong></span> <span class='ocrx_word' id='word_1_671' title='bbox 2365 3991 2583 4061; x_wconf 88' lang='lat' dir='ltr'><strong>discant</strong></span> <span class='ocrx_word' id='word_1_672' title='bbox 2610 4007 2723 4046; x_wconf 89' lang='lat' dir='ltr'><strong>non</strong></span> <span class='ocrx_word' id='word_1_673' title='bbox 2752 3991 2821 4046; x_wconf 89' lang='lat' dir='ltr'><strong>de</strong></span> <span class='ocrx_word' id='word_1_674' title='bbox 2848 4007 2907 4046; x_wconf 89' lang='lat' dir='ltr'><strong>se</strong></span> <span class='ocrx_word' id='word_1_675' title='bbox 2930 4008 3135 4062; x_wconf 87' lang='lat' dir='ltr'><strong>magna</strong></span> <span class='ocrx_word' id='word_1_676' title='bbox 3162 4008 3379 4063; x_wconf 88' lang='lat' dir='ltr'><strong>sapere,</strong></span> <span class='ocrx_word' id='word_1_677' title='bbox 3405 3995 3505 4049; x_wconf 88' lang='lat' dir='ltr'><strong>sed</strong></span> 
     </span>
    </p>
   </div>
   <div class='ocr_carea' id='block_1_59' title="bbox 220 4079 3505 4158">
    <p class='ocr_par' dir='ltr' id='par_1_59' title="bbox 220 4079 3505 4158">
     <span class='ocr_line' id='line_1_59' title="bbox 220 4079 3505 4158; baseline -0.002 -17"><span class='ocrx_word' id='word_1_678' title='bbox 220 4085 307 4141; x_wconf 87' lang='lat' dir='ltr'><strong>nis</strong></span> <span class='ocrx_word' id='word_1_679' title='bbox 334 4086 609 4158; x_wconf 82' lang='lat' dir='ltr'><strong>suscepit,</strong></span> <span class='ocrx_word' id='word_1_680' title='bbox 636 4086 735 4140; x_wconf 88' lang='lat' dir='ltr'><strong>sed</strong></span> <span class='ocrx_word' id='word_1_681' title='bbox 768 4086 1079 4152; x_wconf 87' lang='lat' dir='ltr'><strong>veritatem,</strong></span> <span class='ocrx_word' id='word_1_682' title='bbox 1112 4099 1224 4137; x_wconf 91' lang='lat' dir='ltr'><strong>non</strong></span> <span class='ocrx_word' id='word_1_683' title='bbox 1250 4087 1315 4137; x_wconf 91' lang='lat' dir='ltr'><strong>ut</strong></span> <span class='ocrx_word' id='word_1_684' title='bbox 1360 4098 1461 4153; x_wconf 91' lang='lat' dir='ltr'><strong>pro</strong></span> <span class='ocrx_word' id='word_1_685' title='bbox 1503 4097 1563 4135; x_wconf 88' lang='lat' dir='ltr'><strong>se</strong></span> <span class='ocrx_word' id='word_1_686' title='bbox 1592 4080 1825 4147; x_wconf 90' lang='lat' dir='ltr'><strong>doleret,</strong></span> <span class='ocrx_word' id='word_1_687' title='bbox 1911 4079 2162 4134; x_wconf 88' lang='lat' dir='ltr'><strong>humana</strong></span> <span class='ocrx_word' id='word_1_688' title='bbox 2190 4079 2490 4147; x_wconf 70' lang='lat' dir='ltr'><strong>aestimare,</strong></span> <span class='ocrx_word' id='word_1_689' title='bbox 2508 4096 2611 4134; x_wconf 90' lang='lat' dir='ltr'><strong>nec</strong></span> <span class='ocrx_word' id='word_1_690' title='bbox 2631 4079 2846 4135; x_wconf 89' lang='lat' dir='ltr'><strong>veloces</strong></span> <span class='ocrx_word' id='word_1_691' title='bbox 2866 4096 2987 4134; x_wconf 90' lang='lat' dir='ltr'><strong>esse</strong></span> <span class='ocrx_word' id='word_1_692' title='bbox 3017 4081 3087 4135; x_wconf 92' lang='lat' dir='ltr'><strong>ad</strong></span> <span class='ocrx_word' id='word_1_693' title='bbox 3106 4080 3505 4152; x_wconf 84' lang='lat' dir='ltr'><strong>promissa,sed</strong></span> 
     </span>
    </p>
   </div>
   <div class='ocr_carea' id='block_1_60' title="bbox 222 4167 3500 4247">
    <p class='ocr_par' dir='ltr' id='par_1_60' title="bbox 222 4167 3500 4247">
     <span class='ocr_line' id='line_1_60' title="bbox 222 4167 3500 4247; baseline -0.002 -17"><span class='ocrx_word' id='word_1_694' title='bbox 222 4176 318 4247; x_wconf 90' lang='lat' dir='ltr'><strong>qui</strong></span> <span class='ocrx_word' id='word_1_695' title='bbox 361 4175 584 4231; x_wconf 84' lang='lat' dir='ltr'><strong>nullam</strong></span> <span class='ocrx_word' id='word_1_696' title='bbox 619 4174 679 4229; x_wconf 88' lang='lat' dir='ltr'><strong>in</strong></span> <span class='ocrx_word' id='word_1_697' title='bbox 719 4191 779 4229; x_wconf 92' lang='lat' dir='ltr'><strong>se</strong></span> <span class='ocrx_word' id='word_1_698' title='bbox 816 4173 1061 4244; x_wconf 89' lang='lat' dir='ltr'><strong>suscepit</strong></span> <span class='ocrx_word' id='word_1_699' title='bbox 1091 4186 1320 4227; x_wconf 88' lang='lat' dir='ltr'><strong>causam</strong></span> <span class='ocrx_word' id='word_1_700' title='bbox 1349 4169 1580 4235; x_wconf 83' lang='lat' dir='ltr'><strong>doloris,</strong></span> <span class='ocrx_word' id='word_1_701' title='bbox 1630 4169 1728 4223; x_wconf 88' lang='lat' dir='ltr'><strong>sed</strong></span> <span class='ocrx_word' id='word_1_702' title='bbox 1766 4174 1830 4224; x_wconf 92' lang='lat' dir='ltr'><strong>ut</strong></span> <span class='ocrx_word' id='word_1_703' title='bbox 1912 4167 2137 4223; x_wconf 89' lang='lat' dir='ltr'><strong>solliciti</strong></span> <span class='ocrx_word' id='word_1_704' title='bbox 2156 4168 2225 4224; x_wconf 88' lang='lat' dir='ltr'><strong>ad</strong></span> <span class='ocrx_word' id='word_1_705' title='bbox 2247 4168 2696 4239; x_wconf 86' lang='lat' dir='ltr'><strong>impetranda.Et</strong></span> <span class='ocrx_word' id='word_1_706' title='bbox 2713 4169 2839 4224; x_wconf 91' lang='lat' dir='ltr'><strong>ideo</strong></span> <span class='ocrx_word' id='word_1_707' title='bbox 2863 4169 3005 4224; x_wconf 83' lang='lat' dir='ltr'><strong>forte</strong></span> <span class='ocrx_word' id='word_1_708' title='bbox 3026 4169 3500 4241; x_wconf 82' lang='lat' dir='ltr'><strong>prudentioribus,</strong></span> 
     </span>
    </p>
   </div>
   <div class='ocr_carea' id='block_1_61' title="bbox 219 4255 3504 4336">
    <p class='ocr_par' dir='ltr' id='par_1_61' title="bbox 219 4255 3504 4336">
     <span class='ocr_line' id='line_1_61' title="bbox 219 4255 3504 4336; baseline -0.002 -16"><span class='ocrx_word' id='word_1_709' title='bbox 219 4281 320 4336; x_wconf 90' lang='lat' dir='ltr'><strong>pro</strong></span> <span class='ocrx_word' id='word_1_710' title='bbox 373 4280 470 4319; x_wconf 88' lang='lat' dir='ltr'><strong>me</strong></span> <span class='ocrx_word' id='word_1_711' title='bbox 514 4268 825 4336; x_wconf 89' lang='lat' dir='ltr'><strong>pateretur,</strong></span> <span class='ocrx_word' id='word_1_712' title='bbox 877 4261 1129 4334; x_wconf 87' lang='lat' dir='ltr'><strong>mihique</strong></span> <span class='ocrx_word' id='word_1_713' title='bbox 1174 4260 1390 4315; x_wconf 89' lang='lat' dir='ltr'><strong>doleret</strong></span> <span class='ocrx_word' id='word_1_714' title='bbox 1430 4263 1488 4313; x_wconf 91' lang='lat' dir='ltr'><strong>et</strong></span> <span class='ocrx_word' id='word_1_715' title='bbox 1534 4273 1645 4313; x_wconf 89' lang='lat' dir='ltr'><strong>non</strong></span> <span class='ocrx_word' id='word_1_716' title='bbox 1695 4256 1823 4312; x_wconf 90' lang='lat' dir='ltr'><strong>sibi.</strong></span> <span class='ocrx_word' id='word_1_717' title='bbox 1911 4256 1997 4311; x_wconf 79' lang='lat' dir='ltr'><strong>vel</strong></span> <span class='ocrx_word' id='word_1_718' title='bbox 2021 4255 2343 4311; x_wconf 86' lang='lat' dir='ltr'><strong>fortioribus</strong></span> <span class='ocrx_word' id='word_1_719' title='bbox 2369 4257 2425 4311; x_wconf 92' lang='lat' dir='ltr'><strong>in</strong></span> <span class='ocrx_word' id='word_1_720' title='bbox 2450 4256 2559 4311; x_wconf 85' lang='lat' dir='ltr'><strong>ﬁde</strong></span> <span class='ocrx_word' id='word_1_721' title='bbox 2585 4257 2692 4311; x_wconf 90' lang='lat' dir='ltr'><strong>ista</strong></span> <span class='ocrx_word' id='word_1_722' title='bbox 2711 4257 3004 4312; x_wconf 80' lang='lat' dir='ltr'><strong>ostendere</strong></span> <span class='ocrx_word' id='word_1_723' title='bbox 3031 4258 3226 4324; x_wconf 91' lang='lat' dir='ltr'><strong>voluit,</strong></span> <span class='ocrx_word' id='word_1_724' title='bbox 3254 4264 3319 4313; x_wconf 92' lang='lat' dir='ltr'><strong>ut</strong></span> <span class='ocrx_word' id='word_1_725' title='bbox 3340 4276 3504 4315; x_wconf 89' lang='lat' dir='ltr'><strong>nemo</strong></span> 
     </span>
    </p>
   </div>
   <div class='ocr_carea' id='block_1_62' title="bbox 221 4336 3498 4420">
    <p class='ocr_par' dir='ltr' id='par_1_62' title="bbox 221 4336 3498 4420">
     <span class='ocr_line' id='line_1_62' title="bbox 221 4336 3498 4420; baseline -0.002 -12"><span class='ocrx_word' id='word_1_726' title='bbox 221 4353 383 4409; x_wconf 89' lang='lat' dir='ltr'><strong>Sicut</strong></span> <span class='ocrx_word' id='word_1_727' title='bbox 419 4357 479 4408; x_wconf 88' lang='lat' dir='ltr'><strong>et</strong></span> <span class='ocrx_word' id='word_1_728' title='bbox 506 4352 646 4408; x_wconf 88' lang='lat' dir='ltr'><strong>mihi</strong></span> <span class='ocrx_word' id='word_1_729' title='bbox 690 4356 946 4406; x_wconf 89' lang='lat' dir='ltr'><strong>mortuus</strong></span> <span class='ocrx_word' id='word_1_730' title='bbox 995 4356 1100 4418; x_wconf 85' lang='lat' dir='ltr'><strong>est,</strong></span> <span class='ocrx_word' id='word_1_731' title='bbox 1149 4354 1206 4404; x_wconf 91' lang='lat' dir='ltr'><strong>et</strong></span> <span class='ocrx_word' id='word_1_732' title='bbox 1252 4365 1353 4420; x_wconf 89' lang='lat' dir='ltr'><strong>pro</strong></span> <span class='ocrx_word' id='word_1_733' title='bbox 1392 4363 1502 4415; x_wconf 90' lang='lat' dir='ltr'><strong>me,</strong></span> <span class='ocrx_word' id='word_1_734' title='bbox 1538 4351 1602 4402; x_wconf 92' lang='lat' dir='ltr'><strong>ut</strong></span> <span class='ocrx_word' id='word_1_735' title='bbox 1630 4364 1721 4402; x_wconf 90' lang='lat' dir='ltr'><strong>me</strong></span> <span class='ocrx_word' id='word_1_736' title='bbox 1753 4336 2233 4401; x_wconf 87' lang='lat' dir='ltr'><strong>deDmortalium</strong></span> <span class='ocrx_word' id='word_1_737' title='bbox 2250 4346 2402 4400; x_wconf 90' lang='lat' dir='ltr'><strong>ultra</strong></span> <span class='ocrx_word' id='word_1_738' title='bbox 2425 4344 2495 4400; x_wconf 91' lang='lat' dir='ltr'><strong>de</strong></span> <span class='ocrx_word' id='word_1_739' title='bbox 2514 4362 2572 4400; x_wconf 92' lang='lat' dir='ltr'><strong>se</strong></span> <span class='ocrx_word' id='word_1_740' title='bbox 2598 4361 2938 4417; x_wconf 84' lang='lat' dir='ltr'><strong>praesumere</strong></span> <span class='ocrx_word' id='word_1_741' title='bbox 2956 4347 3151 4417; x_wconf 89' lang='lat' dir='ltr'><strong>possit.</strong></span> <span class='ocrx_word' id='word_1_742' title='bbox 3193 4348 3385 4402; x_wconf 78' lang='lat' dir='ltr'><strong>Tristis</strong></span> <span class='ocrx_word' id='word_1_743' title='bbox 3406 4356 3498 4416; x_wconf 84' lang='lat' dir='ltr'><strong>est,</strong></span> 
     </span>
    </p>
   </div>
   <div class='ocr_carea' id='block_1_63' title="bbox 223 4437 1827 4513">
    <p class='ocr_par' dir='ltr' id='par_1_63' title="bbox 223 4437 1827 4513">
     <span class='ocr_line' id='line_1_63' title="bbox 223 4437 1827 4513; baseline -0.005 -15"><span class='ocrx_word' id='word_1_744' title='bbox 223 4449 412 4498; x_wconf 85' lang='lat' dir='ltr'><strong>morte</strong></span> <span class='ocrx_word' id='word_1_745' title='bbox 439 4441 512 4497; x_wconf 89' lang='lat' dir='ltr'><strong>ad</strong></span> <span class='ocrx_word' id='word_1_746' title='bbox 538 4441 711 4496; x_wconf 89' lang='lat' dir='ltr'><strong>vitam</strong></span> <span class='ocrx_word' id='word_1_747' title='bbox 739 4444 1045 4513; x_wconf 90' lang='lat' dir='ltr'><strong>repararet.</strong></span> <span class='ocrx_word' id='word_1_748' title='bbox 1069 4439 1138 4494; x_wconf 91' lang='lat' dir='ltr'><strong>Et</strong></span> <span class='ocrx_word' id='word_1_749' title='bbox 1165 4437 1291 4492; x_wconf 90' lang='lat' dir='ltr'><strong>ideo</strong></span> <span class='ocrx_word' id='word_1_750' title='bbox 1321 4437 1469 4492; x_wconf 85' lang='lat' dir='ltr'><strong>Deus</strong></span> <span class='ocrx_word' id='word_1_751' title='bbox 1487 4440 1673 4491; x_wconf 89' lang='lat' dir='ltr'><strong>totum</strong></span> <span class='ocrx_word' id='word_1_752' title='bbox 1701 4452 1827 4491; x_wconf 89' lang='lat' dir='ltr'><strong>sus-</strong></span> 
     </span>
    </p>
   </div>
   <div class='ocr_carea' id='block_1_64' title="bbox 224 4526 1826 4604">
    <p class='ocr_par' dir='ltr' id='par_1_64' title="bbox 224 4526 1826 4604">
     <span class='ocr_line' id='line_1_64' title="bbox 224 4526 1826 4604; baseline -0.004 -16"><span class='ocrx_word' id='word_1_753' title='bbox 224 4532 376 4604; x_wconf 84' lang='lat' dir='ltr'><strong>cepit</strong></span> <span class='ocrx_word' id='word_1_754' title='bbox 397 4531 708 4599; x_wconf 88' lang='lat' dir='ltr'><strong>hominem,</strong></span> <span class='ocrx_word' id='word_1_755' title='bbox 741 4533 807 4586; x_wconf 90' lang='lat' dir='ltr'><strong>ut</strong></span> <span class='ocrx_word' id='word_1_756' title='bbox 834 4529 895 4585; x_wconf 92' lang='lat' dir='ltr'><strong>in</strong></span> <span class='ocrx_word' id='word_1_757' title='bbox 924 4546 989 4584; x_wconf 92' lang='lat' dir='ltr'><strong>eo</strong></span> <span class='ocrx_word' id='word_1_758' title='bbox 1025 4528 1145 4583; x_wconf 75' lang='lat' dir='ltr'><strong>haec</strong></span> <span class='ocrx_word' id='word_1_759' title='bbox 1177 4527 1369 4582; x_wconf 87' lang='lat' dir='ltr'><strong>omnia</strong></span> <span class='ocrx_word' id='word_1_760' title='bbox 1391 4526 1682 4599; x_wconf 87' lang='lat' dir='ltr'><strong>perferret,</strong></span> <span class='ocrx_word' id='word_1_761' title='bbox 1704 4542 1826 4597; x_wconf 84' lang='lat' dir='ltr'><strong>quae</strong></span> 
     </span>
    </p>
   </div>
   <div class='ocr_carea' id='block_1_65' title="bbox 223 4615 1829 4695">
    <p class='ocr_par' dir='ltr' id='par_1_65' title="bbox 223 4615 1829 4695">
     <span class='ocr_line' id='line_1_65' title="bbox 223 4615 1829 4695; baseline -0.004 -19"><span class='ocrx_word' id='word_1_762' title='bbox 223 4621 282 4677; x_wconf 90' lang='lat' dir='ltr'><strong>in</strong></span> <span class='ocrx_word' id='word_1_763' title='bbox 308 4640 374 4678; x_wconf 86' lang='lat' dir='ltr'><strong>se</strong></span> <span class='ocrx_word' id='word_1_764' title='bbox 404 4621 524 4695; x_wconf 87' lang='lat' dir='ltr'><strong>pati</strong></span> <span class='ocrx_word' id='word_1_765' title='bbox 551 4638 664 4676; x_wconf 89' lang='lat' dir='ltr'><strong>non</strong></span> <span class='ocrx_word' id='word_1_766' title='bbox 693 4625 946 4695; x_wconf 85' lang='lat' dir='ltr'><strong>poterat;</strong></span> <span class='ocrx_word' id='word_1_767' title='bbox 980 4619 1114 4691; x_wconf 86' lang='lat' dir='ltr'><strong>quia</strong></span> <span class='ocrx_word' id='word_1_768' title='bbox 1143 4634 1209 4672; x_wconf 86' lang='lat' dir='ltr'><strong>ex</strong></span> <span class='ocrx_word' id='word_1_769' title='bbox 1249 4621 1368 4672; x_wconf 87' lang='lat' dir='ltr'><strong>toto</strong></span> <span class='ocrx_word' id='word_1_770' title='bbox 1406 4615 1740 4671; x_wconf 88' lang='lat' dir='ltr'><strong>immortalis</strong></span> <span class='ocrx_word' id='word_1_771' title='bbox 1772 4621 1829 4670; x_wconf 90' lang='lat' dir='ltr'><strong>et</strong></span> 
     </span>
    </p>
   </div>
   <div class='ocr_carea' id='block_1_66' title="bbox 223 4704 1829 4785">
    <p class='ocr_par' dir='ltr' id='par_1_66' title="bbox 223 4704 1829 4785">
     <span class='ocr_line' id='line_1_66' title="bbox 223 4704 1829 4785; baseline -0.004 -20"><span class='ocrx_word' id='word_1_772' title='bbox 223 4710 593 4785; x_wconf 88' lang='lat' dir='ltr'><strong>impassibilis</strong></span> <span class='ocrx_word' id='word_1_773' title='bbox 617 4715 758 4765; x_wconf 91' lang='lat' dir='ltr'><strong>erat.</strong></span> <span class='ocrx_word' id='word_1_774' title='bbox 782 4709 851 4765; x_wconf 87' lang='lat' dir='ltr'><strong>Et</strong></span> <span class='ocrx_word' id='word_1_775' title='bbox 867 4708 995 4764; x_wconf 90' lang='lat' dir='ltr'><strong>ideo</strong></span> <span class='ocrx_word' id='word_1_776' title='bbox 1012 4724 1125 4763; x_wconf 90' lang='lat' dir='ltr'><strong>non</strong></span> <span class='ocrx_word' id='word_1_777' title='bbox 1145 4705 1323 4781; x_wconf 86' lang='lat' dir='ltr'><strong>tristis</strong></span> <span class='ocrx_word' id='word_1_778' title='bbox 1351 4722 1497 4773; x_wconf 91' lang='lat' dir='ltr'><strong>sum,</strong></span> <span class='ocrx_word' id='word_1_779' title='bbox 1521 4704 1620 4760; x_wconf 90' lang='lat' dir='ltr'><strong>sed</strong></span> <span class='ocrx_word' id='word_1_780' title='bbox 1652 4707 1829 4759; x_wconf 81' lang='lat' dir='ltr'><strong>tristis</strong></span> 
     </span>
    </p>
   </div>
   <div class='ocr_carea' id='block_1_67' title="bbox 224 4794 1830 4872">
    <p class='ocr_par' dir='ltr' id='par_1_67' title="bbox 224 4794 1830 4872">
     <span class='ocr_line' id='line_1_67' title="bbox 224 4794 1830 4872; baseline -0.005 -16"><span class='ocrx_word' id='word_1_781' title='bbox 224 4807 298 4855; x_wconf 78' lang='lat' dir='ltr'><strong>est</strong></span> <span class='ocrx_word' id='word_1_782' title='bbox 326 4805 528 4856; x_wconf 82' lang='lat' dir='ltr'><strong>anima</strong></span> <span class='ocrx_word' id='word_1_783' title='bbox 551 4816 692 4855; x_wconf 85' lang='lat' dir='ltr'><strong>mea.</strong></span> <span class='ocrx_word' id='word_1_784' title='bbox 726 4800 805 4854; x_wconf 86' lang='lat' dir='ltr'><strong>Ac</strong></span> <span class='ocrx_word' id='word_1_785' title='bbox 824 4813 925 4872; x_wconf 90' lang='lat' dir='ltr'><strong>per</strong></span> <span class='ocrx_word' id='word_1_786' title='bbox 948 4798 1075 4859; x_wconf 90' lang='lat' dir='ltr'><strong>hoc,</strong></span> <span class='ocrx_word' id='word_1_787' title='bbox 1096 4796 1277 4851; x_wconf 77' lang='lat' dir='ltr'><strong>fidelis</strong></span> <span class='ocrx_word' id='word_1_788' title='bbox 1306 4795 1548 4862; x_wconf 88' lang='lat' dir='ltr'><strong>auditor,</strong></span> <span class='ocrx_word' id='word_1_789' title='bbox 1576 4794 1830 4849; x_wconf 90' lang='lat' dir='ltr'><strong>discerne</strong></span> 
     </span>
    </p>
   </div>
   <div class='ocr_carea' id='block_1_68' title="bbox 224 4883 1830 4961">
    <p class='ocr_par' dir='ltr' id='par_1_68' title="bbox 224 4883 1830 4961">
     <span class='ocr_line' id='line_1_68' title="bbox 224 4883 1830 4961; baseline -0.004 -17"><span class='ocrx_word' id='word_1_790' title='bbox 224 4890 473 4961; x_wconf 82' lang='lat' dir='ltr'><strong>singula,</strong></span> <span class='ocrx_word' id='word_1_791' title='bbox 499 4894 557 4944; x_wconf 90' lang='lat' dir='ltr'><strong>et</strong></span> <span class='ocrx_word' id='word_1_792' title='bbox 583 4887 835 4958; x_wconf 89' lang='lat' dir='ltr'><strong>intellige</strong></span> <span class='ocrx_word' id='word_1_793' title='bbox 867 4886 1192 4960; x_wconf 86' lang='lat' dir='ltr'><strong>prudenter,</strong></span> <span class='ocrx_word' id='word_1_794' title='bbox 1235 4900 1305 4939; x_wconf 92' lang='lat' dir='ltr'><strong>ne</strong></span> <span class='ocrx_word' id='word_1_795' title='bbox 1332 4884 1391 4938; x_wconf 89' lang='lat' dir='ltr'><strong>in</strong></span> <span class='ocrx_word' id='word_1_796' title='bbox 1421 4883 1608 4955; x_wconf 90' lang='lat' dir='ltr'><strong>aliquo</strong></span> <span class='ocrx_word' id='word_1_797' title='bbox 1640 4883 1830 4938; x_wconf 89' lang='lat' dir='ltr'><strong>divina</strong></span> 
     </span>
    </p>
   </div>
   <div class='ocr_carea' id='block_1_69' title="bbox 224 4973 1825 5041">
    <p class='ocr_par' dir='ltr' id='par_1_69' title="bbox 224 4973 1825 5041">
     <span class='ocr_line' id='line_1_69' title="bbox 224 4973 1825 5041; baseline -0.004 -9"><span class='ocrx_word' id='word_1_798' title='bbox 224 4978 539 5034; x_wconf 88' lang='lat' dir='ltr'><strong>confundas</strong></span> <span class='ocrx_word' id='word_1_799' title='bbox 559 4983 932 5033; x_wconf 84' lang='lat' dir='ltr'><strong>sacramenta.</strong></span> <span class='ocrx_word' id='word_1_800' title='bbox 961 4976 1107 5041; x_wconf 86' lang='lat' dir='ltr'><strong>Quia</strong></span> <span class='ocrx_word' id='word_1_801' title='bbox 1135 4974 1239 5030; x_wconf 89' lang='lat' dir='ltr'><strong>etsi</strong></span> <span class='ocrx_word' id='word_1_802' title='bbox 1266 4990 1413 5029; x_wconf 90' lang='lat' dir='ltr'><strong>unus</strong></span> <span class='ocrx_word' id='word_1_803' title='bbox 1434 4979 1520 5028; x_wconf 90' lang='lat' dir='ltr'><strong>est</strong></span> <span class='ocrx_word' id='word_1_804' title='bbox 1546 4973 1825 5037; x_wconf 85' lang='lat' dir='ltr'><strong>Christus,</strong></span> 
     </span>
    </p>
   </div>
   <div class='ocr_carea' id='block_1_70' title="bbox 222 5062 1830 5138">
    <p class='ocr_par' dir='ltr' id='par_1_70' title="bbox 222 5062 1830 5138">
     <span class='ocr_line' id='line_1_70' title="bbox 222 5062 1830 5138; baseline -0.004 -16"><span class='ocrx_word' id='word_1_805' title='bbox 222 5067 283 5122; x_wconf 90' lang='lat' dir='ltr'><strong>in</strong></span> <span class='ocrx_word' id='word_1_806' title='bbox 313 5084 383 5122; x_wconf 90' lang='lat' dir='ltr'><strong>eo</strong></span> <span class='ocrx_word' id='word_1_807' title='bbox 424 5066 592 5138; x_wconf 78' lang='lat' dir='ltr'><strong>plura</strong></span> <span class='ocrx_word' id='word_1_808' title='bbox 638 5071 773 5121; x_wconf 91' lang='lat' dir='ltr'><strong>sunt</strong></span> <span class='ocrx_word' id='word_1_809' title='bbox 814 5065 1004 5120; x_wconf 88' lang='lat' dir='ltr'><strong>divina</strong></span> <span class='ocrx_word' id='word_1_810' title='bbox 1049 5062 1339 5135; x_wconf 81' lang='lat' dir='ltr'><strong>mysteria.</strong></span> <span class='ocrx_word' id='word_1_811' title='bbox 1403 5062 1538 5116; x_wconf 85' lang='lat' dir='ltr'><strong>Ecce</strong></span> <span class='ocrx_word' id='word_1_812' title='bbox 1583 5077 1830 5133; x_wconf 87' lang='lat' dir='ltr'><strong>regnans</strong></span> 
     </span>
    </p>
   </div>
   <div class='ocr_carea' id='block_1_71' title="bbox 223 5151 1827 5225">
    <p class='ocr_par' dir='ltr' id='par_1_71' title="bbox 223 5151 1827 5225">
     <span class='ocr_line' id='line_1_71' title="bbox 223 5151 1827 5225; baseline -0.004 -15"><span class='ocrx_word' id='word_1_813' title='bbox 223 5156 493 5221; x_wconf 88' lang='lat' dir='ltr'><strong>moritur,</strong></span> <span class='ocrx_word' id='word_1_814' title='bbox 525 5160 583 5209; x_wconf 88' lang='lat' dir='ltr'><strong>et</strong></span> <span class='ocrx_word' id='word_1_815' title='bbox 607 5162 863 5211; x_wconf 87' lang='lat' dir='ltr'><strong>mortuus</strong></span> <span class='ocrx_word' id='word_1_816' title='bbox 887 5158 1087 5225; x_wconf 89' lang='lat' dir='ltr'><strong>regnat</strong></span> <span class='ocrx_word' id='word_1_817' title='bbox 1139 5153 1276 5207; x_wconf 89' lang='lat' dir='ltr'><strong>Ecce</strong></span> <span class='ocrx_word' id='word_1_818' title='bbox 1298 5151 1395 5222; x_wconf 91' lang='lat' dir='ltr'><strong>qui</strong></span> <span class='ocrx_word' id='word_1_819' title='bbox 1422 5156 1552 5205; x_wconf 85' lang='lat' dir='ltr'><strong>ante</strong></span> <span class='ocrx_word' id='word_1_820' title='bbox 1580 5151 1827 5206; x_wconf 88' lang='lat' dir='ltr'><strong>tribunal</strong></span> 
     </span>
    </p>
   </div>
   <div class='ocr_carea' id='block_1_72' title="bbox 217 5240 1828 5317">
    <p class='ocr_par' dir='ltr' id='par_1_72' title="bbox 217 5240 1828 5317">
     <span class='ocr_line' id='line_1_72' title="bbox 217 5240 1828 5317; baseline -0.004 -17"><span class='ocrx_word' id='word_1_821' title='bbox 217 5245 433 5317; x_wconf 79' lang='lat' dir='ltr'><strong>judicia</strong></span> <span class='ocrx_word' id='word_1_822' title='bbox 469 5245 662 5316; x_wconf 89' lang='lat' dir='ltr'><strong>inique</strong></span> <span class='ocrx_word' id='word_1_823' title='bbox 689 5245 1011 5307; x_wconf 85' lang='lat' dir='ltr'><strong>damnatur,</strong></span> <span class='ocrx_word' id='word_1_824' title='bbox 1042 5242 1102 5297; x_wconf 91' lang='lat' dir='ltr'><strong>in</strong></span> <span class='ocrx_word' id='word_1_825' title='bbox 1131 5241 1267 5296; x_wconf 71' lang='lat' dir='ltr'><strong>caelo</strong></span> <span class='ocrx_word' id='word_1_826' title='bbox 1295 5240 1409 5295; x_wconf 85' lang='lat' dir='ltr'><strong>Rex</strong></span> <span class='ocrx_word' id='word_1_827' title='bbox 1451 5246 1508 5295; x_wconf 88' lang='lat' dir='ltr'><strong>et</strong></span> <span class='ocrx_word' id='word_1_828' title='bbox 1552 5240 1828 5311; x_wconf 90' lang='lat' dir='ltr'><strong>gloriosus</strong></span> 
     </span>
    </p>
   </div>
   <div class='ocr_carea' id='block_1_73' title="bbox 224 5329 1825 5404">
    <p class='ocr_par' dir='ltr' id='par_1_73' title="bbox 224 5329 1825 5404">
     <span class='ocr_line' id='line_1_73' title="bbox 224 5329 1825 5404; baseline -0.004 -16"><span class='ocrx_word' id='word_1_829' title='bbox 224 5335 429 5389; x_wconf 86' lang='lat' dir='ltr'><strong>sedere</strong></span> <span class='ocrx_word' id='word_1_830' title='bbox 487 5333 751 5388; x_wconf 88' lang='lat' dir='ltr'><strong>creditur.</strong></span> <span class='ocrx_word' id='word_1_831' title='bbox 809 5333 877 5388; x_wconf 89' lang='lat' dir='ltr'><strong>Et</strong></span> <span class='ocrx_word' id='word_1_832' title='bbox 922 5332 1018 5404; x_wconf 91' lang='lat' dir='ltr'><strong>qui</strong></span> <span class='ocrx_word' id='word_1_833' title='bbox 1070 5331 1304 5403; x_wconf 85' lang='lat' dir='ltr'><strong>patitur,</strong></span> <span class='ocrx_word' id='word_1_834' title='bbox 1346 5329 1404 5384; x_wconf 93' lang='lat' dir='ltr'><strong>in</strong></span> <span class='ocrx_word' id='word_1_835' title='bbox 1453 5335 1825 5396; x_wconf 83' lang='lat' dir='ltr'><strong>sacramento,</strong></span> 
     </span>
    </p>
   </div>
   <div class='ocr_carea' id='block_1_74' title="bbox 225 5417 1829 5495">
    <p class='ocr_par' dir='ltr' id='par_1_74' title="bbox 225 5417 1829 5495">
     <span class='ocr_line' id='line_1_74' title="bbox 225 5417 1829 5495; baseline -0.005 -17"><span class='ocrx_word' id='word_1_836' title='bbox 225 5422 383 5478; x_wconf 80' lang='lat' dir='ltr'><strong>ﬁlius</strong></span> <span class='ocrx_word' id='word_1_837' title='bbox 409 5421 675 5489; x_wconf 89' lang='lat' dir='ltr'><strong>hominis,</strong></span> <span class='ocrx_word' id='word_1_838' title='bbox 707 5422 827 5495; x_wconf 91' lang='lat' dir='ltr'><strong>ipse</strong></span> <span class='ocrx_word' id='word_1_839' title='bbox 853 5427 939 5476; x_wconf 89' lang='lat' dir='ltr'><strong>est</strong></span> <span class='ocrx_word' id='word_1_840' title='bbox 956 5420 1132 5476; x_wconf 87' lang='lat' dir='ltr'><strong>Filius</strong></span> <span class='ocrx_word' id='word_1_841' title='bbox 1164 5419 1282 5477; x_wconf 88' lang='lat' dir='ltr'><strong>Dei.</strong></span> <span class='ocrx_word' id='word_1_842' title='bbox 1307 5419 1401 5490; x_wconf 88' lang='lat' dir='ltr'><strong>qui</strong></span> <span class='ocrx_word' id='word_1_843' title='bbox 1430 5417 1489 5471; x_wconf 92' lang='lat' dir='ltr'><strong>in</strong></span> <span class='ocrx_word' id='word_1_844' title='bbox 1510 5434 1577 5472; x_wconf 87' lang='lat' dir='ltr'><strong>eo</strong></span> <span class='ocrx_word' id='word_1_845' title='bbox 1597 5417 1829 5488; x_wconf 88' lang='lat' dir='ltr'><strong>patitur,</strong></span> 
     </span>
    </p>
   </div>
   <div class='ocr_carea' id='block_1_75' title="bbox 226 5506 1830 5584">
    <p class='ocr_par' dir='ltr' id='par_1_75' title="bbox 226 5506 1830 5584">
     <span class='ocr_line' id='line_1_75' title="bbox 226 5506 1830 5584; baseline -0.002 -17"><span class='ocrx_word' id='word_1_846' title='bbox 226 5516 287 5567; x_wconf 88' lang='lat' dir='ltr'><strong>et</strong></span> <span class='ocrx_word' id='word_1_847' title='bbox 313 5527 438 5568; x_wconf 79' lang='lat' dir='ltr'><strong>non</strong></span> <span class='ocrx_word' id='word_1_848' title='bbox 463 5511 521 5568; x_wconf 89' lang='lat' dir='ltr'><strong>in</strong></span> <span class='ocrx_word' id='word_1_849' title='bbox 549 5526 628 5579; x_wconf 89' lang='lat' dir='ltr'><strong>se,</strong></span> <span class='ocrx_word' id='word_1_850' title='bbox 657 5510 789 5584; x_wconf 86' lang='lat' dir='ltr'><strong>quia</strong></span> <span class='ocrx_word' id='word_1_851' title='bbox 824 5512 975 5567; x_wconf 89' lang='lat' dir='ltr'><strong>Deus</strong></span> <span class='ocrx_word' id='word_1_852' title='bbox 994 5515 1053 5566; x_wconf 90' lang='lat' dir='ltr'><strong>et</strong></span> <span class='ocrx_word' id='word_1_853' title='bbox 1079 5510 1247 5567; x_wconf 89' lang='lat' dir='ltr'><strong>homo</strong></span> <span class='ocrx_word' id='word_1_854' title='bbox 1269 5523 1415 5566; x_wconf 90' lang='lat' dir='ltr'><strong>unus</strong></span> <span class='ocrx_word' id='word_1_855' title='bbox 1445 5511 1531 5565; x_wconf 90' lang='lat' dir='ltr'><strong>est</strong></span> <span class='ocrx_word' id='word_1_856' title='bbox 1553 5506 1830 5563; x_wconf 88' lang='lat' dir='ltr'><strong>Christus.</strong></span> 
     </span>
    </p>
   </div>
   <div class='ocr_carea' id='block_1_76' title="bbox 518 5609 990 5674">
    <p class='ocr_par' dir='ltr' id='par_1_76' title="bbox 518 5609 990 5674">
     <span class='ocr_line' id='line_1_76' title="bbox 518 5609 990 5674; baseline 0.004 -4"><span class='ocrx_word' id='word_1_857' title='bbox 518 5611 780 5672; x_wconf 74' lang='lat' dir='ltr'><strong>PATROL.</strong></span> <span class='ocrx_word' id='word_1_858' title='bbox 811 5609 990 5674; x_wconf 71' lang='lat' dir='ltr'><strong>CXX.</strong></span> 
     </span>
    </p>
   </div>
   <div class='ocr_carea' id='block_1_77' title="bbox 1908 4434 3504 4508">
    <p class='ocr_par' dir='ltr' id='par_1_77' title="bbox 1908 4434 3504 4508">
     <span class='ocr_line' id='line_1_77' title="bbox 1908 4434 3504 4508; baseline 0.003 -20"><span class='ocrx_word' id='word_1_859' title='bbox 1908 4434 2110 4506; x_wconf 87' lang='lat' dir='ltr'><strong>inquit,</strong></span> <span class='ocrx_word' id='word_1_860' title='bbox 2126 4436 2323 4490; x_wconf 85' lang='lat' dir='ltr'><strong>anima</strong></span> <span class='ocrx_word' id='word_1_861' title='bbox 2343 4451 2463 4489; x_wconf 78' lang='lat' dir='ltr'><strong>mea</strong></span> <span class='ocrx_word' id='word_1_862' title='bbox 2482 4451 2652 4504; x_wconf 76' lang='lat' dir='ltr'><strong>usque</strong></span> <span class='ocrx_word' id='word_1_863' title='bbox 2671 4437 2745 4490; x_wconf 82' lang='lat' dir='ltr'><strong>ad</strong></span> <span class='ocrx_word' id='word_1_864' title='bbox 2765 4439 2994 4490; x_wconf 81' lang='lat' dir='ltr'><strong>mortem</strong></span> <span class='ocrx_word' id='word_1_865' title='bbox 3006 4454 3023 4499; x_wconf 88' lang='lat'><strong><em>;</em></strong></span> <span class='ocrx_word' id='word_1_866' title='bbox 3054 4435 3201 4508; x_wconf 91' lang='lat' dir='ltr'><strong>quod</strong></span> <span class='ocrx_word' id='word_1_867' title='bbox 3230 4442 3504 4492; x_wconf 85' lang='lat' dir='ltr'><strong>monstra-</strong></span> 
     </span>
    </p>
   </div>
   <div class='ocr_carea' id='block_1_78' title="bbox 1907 4522 3515 4595">
    <p class='ocr_par' dir='ltr' id='par_1_78' title="bbox 1907 4522 3515 4595">
     <span class='ocr_line' id='line_1_78' title="bbox 1907 4522 3515 4595; baseline 0.002 -17"><span class='ocrx_word' id='word_1_868' title='bbox 1907 4522 2075 4578; x_wconf 86' lang='lat' dir='ltr'><strong>batur</strong></span> <span class='ocrx_word' id='word_1_869' title='bbox 2104 4524 2160 4578; x_wconf 90' lang='lat' dir='ltr'><strong>in</strong></span> <span class='ocrx_word' id='word_1_870' title='bbox 2183 4524 2339 4579; x_wconf 85' lang='lat' dir='ltr'><strong>vultu</strong></span> <span class='ocrx_word' id='word_1_871' title='bbox 2368 4524 2591 4595; x_wconf 89' lang='lat' dir='ltr'><strong>quando</strong></span> <span class='ocrx_word' id='word_1_872' title='bbox 2618 4524 2785 4595; x_wconf 83' lang='lat' dir='ltr'><strong>coepit</strong></span> <span class='ocrx_word' id='word_1_873' title='bbox 2811 4524 3147 4591; x_wconf 86' lang='lat' dir='ltr'><strong>contristari,</strong></span> <span class='ocrx_word' id='word_1_874' title='bbox 3179 4530 3422 4581; x_wconf 89' lang='lat' dir='ltr'><strong>testatur</strong></span> <span class='ocrx_word' id='word_1_875' title='bbox 3446 4526 3515 4581; x_wconf 75' lang='lat' dir='ltr'><strong>in&#39;</strong></span> 
     </span>
    </p>
   </div>
   <div class='ocr_carea' id='block_1_79' title="bbox 1909 4612 3505 4685">
    <p class='ocr_par' dir='ltr' id='par_1_79' title="bbox 1909 4612 3505 4685">
     <span class='ocr_line' id='line_1_79' title="bbox 1909 4612 3505 4685; baseline 0.003 -19"><span class='ocrx_word' id='word_1_876' title='bbox 1909 4628 2042 4668; x_wconf 91' lang='lat' dir='ltr'><strong>voce</strong></span> <span class='ocrx_word' id='word_1_877' title='bbox 2090 4628 2219 4667; x_wconf 89' lang='lat' dir='ltr'><strong>cum</strong></span> <span class='ocrx_word' id='word_1_878' title='bbox 2261 4612 2392 4667; x_wconf 90' lang='lat' dir='ltr'><strong>ait:</strong></span> <span class='ocrx_word' id='word_1_879' title='bbox 2442 4615 2636 4667; x_wconf 78' lang='lat' dir='ltr'><strong>Tristis</strong></span> <span class='ocrx_word' id='word_1_880' title='bbox 2677 4619 2753 4667; x_wconf 84' lang='lat' dir='ltr'><strong>est</strong></span> <span class='ocrx_word' id='word_1_881' title='bbox 2804 4616 3002 4669; x_wconf 87' lang='lat' dir='ltr'><strong>anima</strong></span> <span class='ocrx_word' id='word_1_882' title='bbox 3050 4630 3170 4668; x_wconf 86' lang='lat' dir='ltr'><strong>mea</strong></span> <span class='ocrx_word' id='word_1_883' title='bbox 3220 4631 3390 4685; x_wconf 77' lang='lat' dir='ltr'><strong>usque</strong></span> <span class='ocrx_word' id='word_1_884' title='bbox 3427 4619 3505 4671; x_wconf 83' lang='lat' dir='ltr'><strong>ad</strong></span> 
     </span>
    </p>
   </div>
   <div class='ocr_carea' id='block_1_80' title="bbox 1911 4700 3500 4777">
    <p class='ocr_par' dir='ltr' id='par_1_80' title="bbox 1911 4700 3500 4777">
     <span class='ocr_line' id='line_1_80' title="bbox 1911 4700 3500 4777; baseline 0.003 -21"><span class='ocrx_word' id='word_1_885' title='bbox 1911 4706 2162 4756; x_wconf 76' lang='lat' dir='ltr'><strong>mortem.</strong></span> <span class='ocrx_word' id='word_1_886' title='bbox 2194 4701 2264 4755; x_wconf 90' lang='lat' dir='ltr'><strong>Et</strong></span> <span class='ocrx_word' id='word_1_887' title='bbox 2282 4701 2329 4755; x_wconf 91' lang='lat' dir='ltr'><strong>si</strong></span> <span class='ocrx_word' id='word_1_888' title='bbox 2354 4700 2547 4755; x_wconf 86' lang='lat' dir='ltr'><strong>anima</strong></span> <span class='ocrx_word' id='word_1_889' title='bbox 2574 4701 2695 4771; x_wconf 89' lang='lat' dir='ltr'><strong>ejus</strong></span> <span class='ocrx_word' id='word_1_890' title='bbox 2723 4700 3013 4756; x_wconf 89' lang='lat' dir='ltr'><strong>tristitiam</strong></span> <span class='ocrx_word' id='word_1_891' title='bbox 3042 4704 3270 4774; x_wconf 90' lang='lat' dir='ltr'><strong>recepit,</strong></span> <span class='ocrx_word' id='word_1_892' title='bbox 3306 4704 3500 4777; x_wconf 88' lang='lat' dir='ltr'><strong>utique</strong></span> 
     </span>
    </p>
   </div>
   <div class='ocr_carea' id='block_1_81' title="bbox 1911 4788 3500 4865">
    <p class='ocr_par' dir='ltr' id='par_1_81' title="bbox 1911 4788 3500 4865">
     <span class='ocr_line' id='line_1_81' title="bbox 1911 4788 3500 4865; baseline 0.001 -19"><span class='ocrx_word' id='word_1_893' title='bbox 1911 4795 1971 4846; x_wconf 88' lang='lat' dir='ltr'><strong>et</strong></span> <span class='ocrx_word' id='word_1_894' title='bbox 1995 4806 2124 4845; x_wconf 88' lang='lat' dir='ltr'><strong>caro</strong></span> <span class='ocrx_word' id='word_1_895' title='bbox 2154 4790 2405 4845; x_wconf 88' lang='lat' dir='ltr'><strong>dolorem</strong></span> <span class='ocrx_word' id='word_1_896' title='bbox 2434 4790 2629 4856; x_wconf 89' lang='lat' dir='ltr'><strong>sensit,</strong></span> <span class='ocrx_word' id='word_1_897' title='bbox 2654 4788 2786 4860; x_wconf 90' lang='lat' dir='ltr'><strong>quia</strong></span> <span class='ocrx_word' id='word_1_898' title='bbox 2813 4804 2942 4844; x_wconf 86' lang='lat' dir='ltr'><strong>vere</strong></span> <span class='ocrx_word' id='word_1_899' title='bbox 2972 4791 3201 4846; x_wconf 88' lang='lat' dir='ltr'><strong>vulnera</strong></span> <span class='ocrx_word' id='word_1_900' title='bbox 3231 4800 3289 4848; x_wconf 93' lang='lat' dir='ltr'><strong>et</strong></span> <span class='ocrx_word' id='word_1_901' title='bbox 3307 4793 3500 4865; x_wconf 85' lang='lat' dir='ltr'><strong>plagas</strong></span> 
     </span>
    </p>
   </div>
   <div class='ocr_carea' id='block_1_82' title="bbox 1911 4877 3503 4952">
    <p class='ocr_par' dir='ltr' id='par_1_82' title="bbox 1911 4877 3503 4952">
     <span class='ocr_line' id='line_1_82' title="bbox 1911 4877 3503 4952; baseline 0.002 -19"><span class='ocrx_word' id='word_1_902' title='bbox 1911 4879 2171 4950; x_wconf 87' lang='lat' dir='ltr'><strong>suscepit.</strong></span> <span class='ocrx_word' id='word_1_903' title='bbox 2203 4879 2459 4933; x_wconf 89' lang='lat' dir='ltr'><strong>Primum</strong></span> <span class='ocrx_word' id='word_1_904' title='bbox 2489 4877 2720 4933; x_wconf 87' lang='lat' dir='ltr'><strong>audiant</strong></span> <span class='ocrx_word' id='word_1_905' title='bbox 2738 4878 3166 4950; x_wconf 67' lang='lat' dir='ltr'><strong>Apollinaristae,</strong></span> <span class='ocrx_word' id='word_1_906' title='bbox 3196 4881 3291 4952; x_wconf 88' lang='lat' dir='ltr'><strong>qui</strong></span> <span class='ocrx_word' id='word_1_907' title='bbox 3310 4881 3503 4938; x_wconf 90' lang='lat' dir='ltr'><strong>dicunt</strong></span> 
     </span>
    </p>
   </div>
   <div class='ocr_carea' id='block_1_83' title="bbox 1911 4966 3500 5039">
    <p class='ocr_par' dir='ltr' id='par_1_83' title="bbox 1911 4966 3500 5039">
     <span class='ocr_line' id='line_1_83' title="bbox 1911 4966 3500 5039; baseline 0.001 -16"><span class='ocrx_word' id='word_1_908' title='bbox 1911 4969 2159 5024; x_wconf 89' lang='lat' dir='ltr'><strong>animam</strong></span> <span class='ocrx_word' id='word_1_909' title='bbox 2176 4985 2290 5023; x_wconf 89' lang='lat' dir='ltr'><strong>non</strong></span> <span class='ocrx_word' id='word_1_910' title='bbox 2308 4966 2569 5022; x_wconf 88' lang='lat' dir='ltr'><strong>habuisse</strong></span> <span class='ocrx_word' id='word_1_911' title='bbox 2584 4967 2773 5021; x_wconf 87' lang='lat' dir='ltr'><strong>Jesum</strong></span> <span class='ocrx_word' id='word_1_912' title='bbox 2792 4985 2804 5035; x_wconf 91' lang='lat'><strong>;</strong></span> <span class='ocrx_word' id='word_1_913' title='bbox 2818 4966 3019 5023; x_wconf 89' lang='lat' dir='ltr'><strong>deinde</strong></span> <span class='ocrx_word' id='word_1_914' title='bbox 3035 4970 3218 5024; x_wconf 69' lang='lat' dir='ltr'><strong>caeteri</strong></span> <span class='ocrx_word' id='word_1_915' title='bbox 3236 4971 3500 5039; x_wconf 83' lang='lat' dir='ltr'><strong>haeretici,</strong></span> 
     </span>
    </p>
   </div>
   <div class='ocr_carea' id='block_1_84' title="bbox 1911 5053 3498 5130">
    <p class='ocr_par' dir='ltr' id='par_1_84' title="bbox 1911 5053 3498 5130">
     <span class='ocr_line' id='line_1_84' title="bbox 1911 5053 3498 5130; baseline -0.001 -17"><span class='ocrx_word' id='word_1_916' title='bbox 1911 5058 2007 5130; x_wconf 89' lang='lat' dir='ltr'><strong>qui</strong></span> <span class='ocrx_word' id='word_1_917' title='bbox 2037 5058 2398 5130; x_wconf 87' lang='lat' dir='ltr'><strong>suspicantur</strong></span> <span class='ocrx_word' id='word_1_918' title='bbox 2425 5053 2865 5110; x_wconf 83' lang='lat' dir='ltr'><strong>irrationabilem</strong></span> <span class='ocrx_word' id='word_1_919' title='bbox 2894 5059 3199 5129; x_wconf 89' lang='lat' dir='ltr'><strong>sumpsisse</strong></span> <span class='ocrx_word' id='word_1_920' title='bbox 3228 5060 3498 5123; x_wconf 87' lang='lat' dir='ltr'><strong>animam,</strong></span> 
     </span>
    </p>
   </div>
   <div class='ocr_carea' id='block_1_85' title="bbox 1911 5145 3519 5220">
    <p class='ocr_par' dir='ltr' id='par_1_85' title="bbox 1911 5145 3519 5220">
     <span class='ocr_line' id='line_1_85' title="bbox 1911 5145 3519 5220; baseline 0.001 -18"><span class='ocrx_word' id='word_1_921' title='bbox 1911 5148 2188 5220; x_wconf 91' lang='lat' dir='ltr'><strong>quomodo</strong></span> <span class='ocrx_word' id='word_1_922' title='bbox 2213 5146 2458 5220; x_wconf 88' lang='lat' dir='ltr'><strong>potuerit</strong></span> <span class='ocrx_word' id='word_1_923' title='bbox 2473 5145 2812 5201; x_wconf 76' lang='lat' dir='ltr'><strong>contristari.</strong></span> <span class='ocrx_word' id='word_1_924' title='bbox 2839 5148 2983 5211; x_wconf 87' lang='lat' dir='ltr'><strong>Quia</strong></span> <span class='ocrx_word' id='word_1_925' title='bbox 2998 5148 3249 5219; x_wconf 87' lang='lat' dir='ltr'><strong>quamvis</strong></span> <span class='ocrx_word' id='word_1_926' title='bbox 3269 5154 3325 5203; x_wconf 88' lang='lat' dir='ltr'><strong>et</strong></span> <span class='ocrx_word' id='word_1_927' title='bbox 3340 5147 3519 5203; x_wconf 88' lang='lat' dir='ltr'><strong>bruta</strong></span> 
     </span>
    </p>
   </div>
   <div class='ocr_carea' id='block_1_86' title="bbox 1909 5230 3506 5307">
    <p class='ocr_par' dir='ltr' id='par_1_86' title="bbox 1909 5230 3506 5307">
     <span class='ocr_line' id='line_1_86' title="bbox 1909 5230 3506 5307; baseline 0.003 -17"><span class='ocrx_word' id='word_1_928' title='bbox 1909 5230 2209 5291; x_wconf 78' lang='lat' dir='ltr'><strong>videantur</strong></span> <span class='ocrx_word' id='word_1_929' title='bbox 2235 5235 2560 5290; x_wconf 66' lang='lat' dir='ltr'><strong>mmstitiam</strong></span> <span class='ocrx_word' id='word_1_930' title='bbox 2590 5235 2840 5307; x_wconf 85' lang='lat' dir='ltr'><strong>recipere</strong></span> <span class='ocrx_word' id='word_1_931' title='bbox 2873 5236 3156 5303; x_wconf 89' lang='lat' dir='ltr'><strong>animalia,</strong></span> <span class='ocrx_word' id='word_1_932' title='bbox 3181 5253 3294 5292; x_wconf 91' lang='lat' dir='ltr'><strong>non</strong></span> <span class='ocrx_word' id='word_1_933' title='bbox 3320 5238 3506 5294; x_wconf 87' lang='lat' dir='ltr'><strong>sciunt</strong></span> 
     </span>
    </p>
   </div>
   <div class='ocr_carea' id='block_1_87' title="bbox 1910 5324 3506 5396">
    <p class='ocr_par' dir='ltr' id='par_1_87' title="bbox 1910 5324 3506 5396">
     <span class='ocr_line' id='line_1_87' title="bbox 1910 5324 3506 5396; baseline 0.002 -17"><span class='ocrx_word' id='word_1_934' title='bbox 1910 5330 2101 5379; x_wconf 90' lang='lat' dir='ltr'><strong>tamen</strong></span> <span class='ocrx_word' id='word_1_935' title='bbox 2130 5331 2354 5396; x_wconf 89' lang='lat' dir='ltr'><strong>tempus</strong></span> <span class='ocrx_word' id='word_1_936' title='bbox 2381 5324 2625 5379; x_wconf 66' lang='lat' dir='ltr'><strong>tristitiae</strong></span> <span class='ocrx_word' id='word_1_937' title='bbox 2653 5341 2787 5391; x_wconf 71' lang='lat' dir='ltr'><strong>suae,</strong></span> <span class='ocrx_word' id='word_1_938' title='bbox 2816 5331 2873 5379; x_wconf 91' lang='lat' dir='ltr'><strong>et</strong></span> <span class='ocrx_word' id='word_1_939' title='bbox 2900 5342 3126 5379; x_wconf 85' lang='lat' dir='ltr'><strong>causam</strong></span> <span class='ocrx_word' id='word_1_940' title='bbox 3157 5326 3384 5382; x_wconf 89' lang='lat' dir='ltr'><strong>doloris.</strong></span> <span class='ocrx_word' id='word_1_941' title='bbox 3404 5329 3506 5383; x_wconf 87' lang='lat' dir='ltr'><strong>Hic</strong></span> 
     </span>
    </p>
   </div>
   <div class='ocr_carea' id='block_1_88' title="bbox 1915 5413 3522 5486">
    <p class='ocr_par' dir='ltr' id='par_1_88' title="bbox 1915 5413 3522 5486">
     <span class='ocr_line' id='line_1_88' title="bbox 1915 5413 3522 5486; baseline 0.001 -17"><span class='ocrx_word' id='word_1_942' title='bbox 1915 5420 2105 5469; x_wconf 89' lang='lat' dir='ltr'><strong>autem</strong></span> <span class='ocrx_word' id='word_1_943' title='bbox 2134 5431 2315 5486; x_wconf 86' lang='lat' dir='ltr'><strong>usque</strong></span> <span class='ocrx_word' id='word_1_944' title='bbox 2344 5414 2413 5467; x_wconf 84' lang='lat' dir='ltr'><strong>ad</strong></span> <span class='ocrx_word' id='word_1_945' title='bbox 2442 5414 2588 5485; x_wconf 92' lang='lat' dir='ltr'><strong>quod</strong></span> <span class='ocrx_word' id='word_1_946' title='bbox 2619 5413 2819 5468; x_wconf 84' lang='lat' dir='ltr'><strong>debeat</strong></span> <span class='ocrx_word' id='word_1_947' title='bbox 2859 5416 3199 5479; x_wconf 86' lang='lat' dir='ltr'><strong>contristari,</strong></span> <span class='ocrx_word' id='word_1_948' title='bbox 3244 5424 3522 5482; x_wconf 84' lang='lat' dir='ltr'><strong>testatur,’</strong></span> 
     </span>
    </p>
   </div>
   <div class='ocr_carea' id='block_1_89' title="bbox 1917 5503 3503 5561">
    <p class='ocr_par' dir='ltr' id='par_1_89' title="bbox 1917 5503 3503 5561">
     <span class='ocr_line' id='line_1_89' title="bbox 1917 5503 3503 5561; baseline -0.001 -1"><span class='ocrx_word' id='word_1_949' title='bbox 1917 5510 1974 5560; x_wconf 88' lang='lat' dir='ltr'><strong>et</strong></span> <span class='ocrx_word' id='word_1_950' title='bbox 2002 5520 2230 5560; x_wconf 89' lang='lat' dir='ltr'><strong>causam</strong></span> <span class='ocrx_word' id='word_1_951' title='bbox 2262 5503 2543 5559; x_wconf 57' lang='lat' dir='ltr'><strong>mestitiae</strong></span> <span class='ocrx_word' id='word_1_952' title='bbox 2576 5519 2694 5560; x_wconf 72' lang='lat' dir='ltr'><strong>suae</strong></span> <span class='ocrx_word' id='word_1_953' title='bbox 2732 5503 2924 5559; x_wconf 85' lang='lat' dir='ltr'><strong>multis</strong></span> <span class='ocrx_word' id='word_1_954' title='bbox 2970 5504 3220 5560; x_wconf 84' lang='lat' dir='ltr'><strong>declarat</strong></span> <span class='ocrx_word' id='word_1_955' title='bbox 3267 5505 3503 5561; x_wconf 90' lang='lat' dir='ltr'><strong>indiciis.</strong></span> 
     </span>
    </p>
   </div>
   <div class='ocr_carea' id='block_1_90' title="bbox 3197 5608 3274 5665">
    <p class='ocr_par' dir='ltr' id='par_1_90' title="bbox 3197 5608 3274 5665">
     <span class='ocr_line' id='line_1_90' title="bbox 3197 5608 3274 5665; baseline -0.026 0"><span class='ocrx_word' id='word_1_956' title='bbox 3197 5608 3274 5665; x_wconf 71' lang='lat'><strong>29</strong></span> 
     </span>
    </p>
   </div>
  </div>
