3918 6166
492 265 593 319 907
1249 259 1726 339 S..PASCHASII
1770 257 2127 314 RADBERTI
2169 258 2472 316 ABBATIS
2513 259 3009 316 CORBEIENSIS.
3601 265 3679 326 908

488 392 616 448 Non
645 393 794 448 enim
825 393 925 461 ait,
947 393 1124 449 tristis
1153 399 1240 448 est
1275 390 1466 445 anima
1512 401 1638 440 mea
1677 389 1906 456 propter
1934 383 2316 444 mor-Acalix
2348 385 2474 451 iste,
2506 386 2602 440 sed
2631 403 2667 441 a
2700 404 2802 441 me.
2833 389 3112 453 Quoniam
3135 389 3280 444 aliud
3300 406 3409 444 esse
3434 391 3685 458 videtur,si

489 486 626 548 tem,
665 483 765 538 sed
795 499 964 552 usque
1001 485 1075 537 ad
1110 485 1360 535 mortem.
1392 475 1553 530 Unde
1584 473 1811 544 quidam
1853 472 2089 526 eximius
2171 491 2231 527 se
2267 479 2535 541 transeat,
2567 481 2631 529 ut
2677 476 2796 547 ipse
2834 494 2868 530 a
2905 477 3176 532 molestiis
3204 479 3517 532 transeuntis
3539 481 3687 535 calicis

489 570 702 637 doctor,
734 570 782 625 si
807 571 876 625 de
921 575 1100 624 morte
1138 573 1282 630 erat,
1323 563 1525 636 inquit,
1562 563 1673 617 ista
1714 559 1964 626 tristitia,
1991 560 2086 630 qui
2169 563 2498 634 excipiatur,
2527 570 2584 618 et
2613 564 2769 620 aliud
2801 571 2863 620 ut
2890 582 2922 619 a
2957 582 3018 620 se
3045 571 3292 621 transeat
3318 583 3382 621 ne
3408 567 3488 621 sit.
3515 569 3616 623 Non
3640 573 3690 624 ut

488 659 559 713 ad
588 659 694 714 hoc
721 664 950 714 venerat
977 663 1041 712 ut
1081 661 1319 710 mortem
1347 657 1654 726 pateretur,
1698 666 1800 704 nec
1837 650 2083 714 aliunde,
2167 652 2286 724 ipse
2317 658 2683 724 praetereatur
2725 671 2794 708 ne
2827 656 2984 709 illum
3020 655 3174 709 bibat
3220 655 3273 708 in
3318 672 3468 726 quem
3493 657 3686 713 devenit:

489 745 685 802 debuit
707 747 902 818 utique
930 757 1158 800 causam
1190 743 1260 798 ad
1290 741 1545 797 eamdem
1577 739 1786 794 referre
1823 744 2081 804 mortem,
2168 742 2337 796 etiam
2370 742 2426 796 in
2457 759 2522 797 eo
2561 749 2700 809 erat,
2741 745 2835 798 sed
2863 749 2928 798 ut
2952 761 2988 798 a
3023 761 3102 808 se,
3131 761 3201 798 ne
3238 745 3292 798 in
3323 744 3520 798 Judaeos
3543 747 3686 802 cadat.

488 851 592 906 per
613 851 778 906 quam
801 840 924 888 erat
955 849 1241 906 passurus,
1277 837 1334 885 et
1352 847 1484 894 non,
1519 845 1696 900 usque
1726 828 1797 882 ad
1826 845 1970 892 eam,
1997 828 2083 881 di-
2169 831 2279 884 Seu
2307 829 2489 896 aliter,
2526 836 2590 885 ut
2617 848 2648 885 a
2670 848 2760 886 me
2783 838 3034 887 transeat
3065 833 3122 887 in
3153 850 3264 896 eos,
3288 832 3342 886 id
3369 839 3448 886 est
3466 836 3689 903 quomodo

488 940 614 978 cere
639 941 698 978 se
721 922 957 977 tristari.
982 921 1260 987 Quoniam
1280 919 1433 976 aliud
1455 925 1559 984 est,
1582 918 1786 989 inquit,
1817 933 1993 988 usque
2013 917 2082 971 ad
2165 936 2199 973 a
2227 936 2316 973 me
2348 918 2574 985 bibitur,
2607 921 2686 974 sic
2714 927 2772 975 et
2798 922 2868 975 ab
2897 922 3004 988 his,
3038 939 3164 977 cum
3194 922 3342 976 omni
3386 929 3418 986 I
3443 928 3478 987 ι
3500 930 3594 989 ιε
3615 941 3688 995 spe

489 1011 564 1078 id,
597 1016 653 1065 et
688 1011 839 1065 aliud
865 1009 936 1065 ob
969 1009 1026 1064 id
1060 1016 1325 1064 moestum
1369 1024 1518 1074 esse;
1555 1007 1687 1078 quia
1715 1006 1811 1060 ubi
1856 1011 2086 1077 propter
2166 1007 2338 1061 veniae
2365 1014 2422 1062 et
2450 1024 2577 1061 cum
2605 1009 2760 1063 omni
2789 1010 2995 1064 ﬁducia
3020 1011 3236 1065 salutis.
3259 1009 3502 1080 Alioquin
3527 1011 3689 1082 impos-

488 1104 726 1153 mortem
757 1099 991 1154 tristitia
1019 1105 1121 1166 est,
1165 1098 1278 1152 illic
1310 1098 1434 1169 ipsa
1461 1112 1614 1150 mors
1642 1112 1811 1150 causa
1837 1096 2083 1150 tristitiae
2167 1097 2325 1150 sibile
2345 1104 2470 1152 erat
2485 1113 2598 1152 non
2620 1099 2735 1169 pati
2764 1098 3072 1158 Christum.
3101 1098 3362 1170 Nunquid
3379 1115 3498 1168 ergo
3511 1099 3608 1169 pati
3621 1116 3690 1153 no-

487 1192 619 1242 est:
678 1187 774 1242 ubi
822 1205 950 1242 vero
997 1203 1178 1258 usque
1228 1187 1299 1241 ad
1340 1191 1580 1240 mortem
1635 1189 1738 1250 est,
1803 1183 1878 1238 ibi
1933 1201 2083 1239 mors
2168 1183 2335 1249 lebat,
2369 1187 2464 1257 qui
2506 1187 2672 1257 paulo
2703 1188 2961 1259 superius
3000 1189 3328 1258 sanguinem
3379 1188 3597 1258 corporis
3625 1189 3689 1242 sui

486 1293 597 1331 non
611 1277 732 1347 jam
759 1293 946 1342 causa,
971 1276 1070 1330 sed
1107 1275 1236 1329 ﬁnis
1264 1279 1368 1329 est.
1397 1274 1541 1337 Quia
1570 1273 1716 1344 quod
1749 1273 1806 1326 in
1837 1273 1946 1326 fine
1976 1281 2079 1340 est,
2165 1274 2509 1329 fundendum
2526 1277 2582 1330 in
2596 1277 2982 1331 remissionem
3000 1284 3354 1348 peccatorum
3370 1279 3692 1331 consecrarat?

483 1375 709 1420 causam
735 1364 933 1419 mortis
961 1380 1074 1418 non
1101 1363 1252 1420 facit.
1273 1364 1398 1417 Non
1417 1369 1504 1416 est
1526 1379 1658 1432 ergo
1680 1361 2080 1417 elaborandum
2165 1363 2323 1427 Quod
2344 1364 2391 1417 si
2411 1365 2613 1436 aliquis
2631 1366 2783 1420 ultra
2801 1366 3180 1420 contentiosus
3200 1382 3319 1420 esse
3335 1364 3564 1428 voluerit,
3580 1365 3691 1435 quod

484 1453 626 1508 forte
651 1453 800 1524 quod
828 1469 940 1506 non
968 1451 1231 1515 doluerit,
1254 1451 1402 1522 quod
1435 1467 1547 1505 non
1566 1450 1738 1505 fuerit
1764 1451 1962 1518 tristis,
1982 1469 2082 1506 seu
2165 1453 2424 1519 oraverit,
2445 1470 2516 1508 ne
2533 1461 2770 1509 mortem
2795 1461 3067 1524 gustaret,
3086 1455 3337 1526 quamvis
3353 1453 3582 1524 praescita
3600 1453 3693 1508 fue-

485 1548 738 1608 moestus,
773 1543 857 1595 vel
885 1547 1088 1596 caetera
1125 1541 1470 1612 hujusmodi,
1502 1541 1599 1594 sed
1639 1540 1770 1612 quia
1805 1557 1916 1595 non
1959 1558 2082 1612 pro-
2165 1541 2239 1594 rit
2261 1542 2331 1595 ab
2360 1542 2482 1612 ipso
2503 1546 2555 1596 et
2586 1544 2970 1614 pronuntiata,
2989 1543 3129 1598 sciat
3148 1543 3296 1614 quod
3312 1559 3509 1596 necnos
3527 1542 3574 1595 id
3587 1542 3692 1596 mul-

485 1637 612 1703 pter
636 1636 894 1685 mortem.
915 1630 999 1684 Ad
1021 1630 1124 1683 hoc
1155 1629 1361 1700 quippe
1382 1634 1628 1695 venerat,
1651 1646 1863 1700 suaque
1883 1636 2080 1700 sponte
2164 1638 2282 1684 tum
2305 1647 2577 1702 negamus
2605 1633 2749 1697 Quia
2760 1650 2863 1688 nec
2881 1633 3085 1687 mirum
3102 1633 3148 1687 si
3167 1633 3491 1703 quasihomo
3502 1637 3690 1685 mortem

483 1721 765 1792 suscipere
793 1737 917 1774 eam
945 1724 1176 1792 paratus
1204 1725 1342 1783 erat,
1377 1718 1447 1772 ad
1468 1736 1634 1790 quam
1665 1735 1796 1774 suos
1825 1720 2080 1774 exhortn-
2102 1739 2146 1798 Β
2165 1726 2404 1785 recusat,
2441 1721 2536 1790 qui
2567 1722 2728 1792 quasi
2753 1723 2901 1777 Deus
2923 1721 3262 1775 sententiam
3292 1737 3444 1774 suam
3470 1726 3523 1774 et
3547 1720 3692 1773 volun-

484 1809 651 1864 batur
673 1809 892 1863 obviam
912 1808 1012 1872 ire,
1043 1814 1101 1862 et
1123 1808 1242 1878 ipse
1261 1808 1575 1878 intrepidus
1596 1808 1712 1862 ibat
1736 1827 1748 1874 ;
1773 1808 1917 1862 sicut
1931 1807 2078 1862 enim
2163 1813 2336 1862 tatem
2359 1825 2527 1863 unam
2561 1810 2729 1864 simul
2747 1827 2873 1864 cum
2890 1811 3056 1864 Patre
3079 1815 3282 1864 servat.
3307 1810 3443 1862 Nam
3459 1807 3690 1878 proprium

481 1898 606 1952 alim
634 1898 824 1952 multa;
861 1913 1044 1951 causa:
1083 1896 1152 1950 de
1183 1895 1386 1968 quibus
1418 1898 1537 1966 jam
1567 1896 1702 1961 dixi,
1737 1913 1836 1967 pro
1873 1896 2080 1968 quibus
2162 1901 2246 1950 est
2275 1915 2497 1968 semper
2526 1899 2788 1965 hominis,
2834 1899 2982 1953 nolle
3013 1899 3129 1970 pati
3174 1897 3385 1968 aliquid
3423 1897 3618 1950 doloris.
3643 1896 3691 1950 Et

481 2003 609 2040 vere
650 1993 686 2052 Ι
715 1993 752 2052 1
781 1991 889 2050 ..ι
923 1985 1101 2039 tristis
1129 1991 1184 2039 et
1206 1991 1439 2039 moestus
1463 1990 1602 2040 erat.
1630 1987 1745 2039 Nec
1764 1991 1954 2039 tamen
1986 1985 2080 2039 ab-
2160 1986 2284 2040 ideo
2313 1987 2457 2041 forte
2485 1987 2596 2041 ait:
2634 1989 2829 2041 Tristis
2847 1993 2921 2042 est
2945 1991 3143 2042 anima
3168 2004 3290 2040 mea
3319 2003 3477 2055 usque
3493 1987 3556 2039 ad
3579 2001 3687 2038 mor-

478 2074 673 2130 horret
718 2090 753 2128 a
797 2090 947 2141 vero,
990 2074 1124 2145 quia
1161 2073 1328 2127 homo
1367 2079 1507 2138 erat,
1563 2079 1622 2128 et
1673 2075 1862 2128 omnia
1897 2075 2074 2129 nostri
2159 2075 2570 2145 tem,quoniam
2598 2091 2743 2128 mors
2767 2079 2857 2129 illi
2875 2079 3158 2130 ultranon
3181 2075 3685 2133 dominabiturmmn.

477 2164 728 2236 corporis
756 2163 981 2217 inﬁrma
1009 2167 1348 2234 susceperat,
1369 2162 1417 2217 si
1443 2162 1612 2217 etiam
1643 2162 1902 2216 timorem
1922 2180 2073 2218 mor-
2155 2177 2232 2228 vi,
2265 2159 2336 2231 9).
2374 2163 2490 2217 Etsi
2513 2180 2686 2234 supra
2713 2163 2948 2218 dixerim
2979 2179 3159 2235 usque
3188 2164 3260 2217 ad
3289 2163 3584 2227 terminum,
3609 2176 3685 2214 an-

476 2253 552 2308 tis
578 2252 636 2306 in
671 2268 732 2306 se
773 2251 1088 2318 admiserit;
1126 2268 1236 2306 non
1279 2256 1344 2306 ut
1387 2251 1559 2306 timor
1589 2251 1848 2318 vinceret,
1883 2251 1980 2305 sed
2010 2258 2074 2306 ut
2153 2258 2378 2322 tequam
2406 2268 2554 2305 mors
2568 2251 2855 2323 inciperet,
2879 2258 3066 2323 potest
3080 2258 3275 2307 tamen
3300 2249 3682 2321 intelligietiam,

477 2341 597 2413 ipse
625 2340 956 2395 fortitudine
985 2340 1206 2395 virtutis
1235 2357 1350 2395 suae
1387 2341 1585 2394 mortis
1621 2340 1880 2394 timorem
1923 2341 2070 2412 peri-
2155 2357 2330 2412 usque
2360 2340 2433 2394 ad
2460 2341 2767 2395 terminum
2797 2341 2969 2395 finitae
3009 2341 3228 2408 mortis,
3263 2341 3320 2394 in
3349 2356 3453 2410 quo
3479 2338 3588 2392 finis
3608 2335 3686 2388 fuit

477 2435 678 2496 meret,
711 2429 976 2500 quoniam
1007 2429 1235 2484 aculeus
1269 2429 1468 2484 mortis
1493 2429 1550 2484 in
1591 2446 1656 2483 eo
1689 2446 1800 2483 non
1831 2435 1969 2484 erat.
2004 2429 2073 2484 Et
2154 2430 2277 2500 ejus
2304 2430 2548 2484 tristitiae
2566 2436 2622 2484 et
2652 2429 2879 2496 doloris,
2913 2437 2971 2484 et
2992 2430 3096 2484 hoc
3125 2430 3201 2483 sit
3242 2429 3439 2493 dicere,
3473 2429 3613 2495 Usque
3634 2424 3687 2477 ad

476 2518 602 2574 ideo
631 2519 782 2573 solus
813 2521 961 2572 inter
991 2524 1234 2572 mortuos
1275 2519 1413 2572 liber
1441 2520 1599 2586 (Psal.
1635 2533 1876 2583 Lxxxvu,
1908 2518 1986 2586 6),
2015 2529 2072 2574 et
2152 2518 2470 2580 mortem,id
2488 2525 2573 2572 est
2587 2535 2764 2589 usque
2777 2519 2848 2572 ad
2867 2516 3686 2583 ﬁnitzemortisﬁnemSicitaque

476 2623 655 2679 usque
685 2607 756 2661 ad
780 2613 1020 2662 mortem
1050 2606 1263 2674 tristis;
1289 2607 1423 2678 quia
1444 2624 1595 2662 mors
1625 2609 1746 2678 ejus
1766 2607 2070 2662 destructio
2152 2608 2496 2662 consuetudo
2530 2607 2795 2678 loquendi
2828 2612 2914 2662 est
2949 2623 3291 2679 quamsaepe,
3329 2623 3447 2662 cum
3479 2604 3684 2667 dicimus,

473 2696 673 2752 mortis
701 2702 842 2764 erat,
877 2703 934 2752 et
958 2697 1242 2752 restitutio
1270 2697 1415 2751 vita.
1445 2697 1596 2751 Alias
1618 2702 1828 2761 autem,
1862 2697 1957 2768 qui
1989 2697 2069 2752 di-
2152 2712 2329 2768 usque
2359 2697 2429 2750 ad
2452 2697 2756 2750 terminum
2777 2697 2910 2763 loci;
2941 2697 3023 2750 vel
3045 2697 3273 2767 quando
3291 2697 3531 2760 dicimus,
3551 2706 3687 2762 usque

471 2790 609 2841 cunt
629 2785 775 2857 quod
805 2786 956 2840 nulla
980 2785 1214 2840 tristitia
1241 2785 1436 2840 mortis
1464 2786 1571 2839 nisi
1602 2803 1671 2840 ex
1703 2793 1858 2841 metu
1891 2788 2063 2854 venit,
2151 2784 2223 2838 ad
2251 2785 2498 2848 tertiam,
2533 2786 2617 2840 vel
2658 2792 2892 2852 sextam,
2937 2785 3160 2856 quando
3203 2787 3451 2840 volumus
3478 2778 3684 2850 intelligi,

472 2875 664 2930 dicant
687 2875 836 2945 quod
865 2875 1090 2940 volunt;
1125 2891 1228 2928 nos
1269 2879 1458 2928 autem
1487 2874 1748 2938 dicimus,
1793 2876 1925 2946 quia
1962 2877 2066 2930 etsi
2150 2889 2326 2944 usque
2355 2874 2425 2928 ad
2456 2874 2681 2944 plenam
2713 2874 2888 2938 illam,
2922 2875 3005 2928 vel
3047 2873 3203 2928 illam
3253 2875 3463 2930 horam.
3505 2874 3572 2927 Ex
3604 2887 3687 2942 qua

471 2978 667 3017 omnes
700 2961 1048 3016 infirmitatis
1079 2966 1285 3015 nostra
1313 2961 1633 3016 affectiones
1663 2962 1722 3016 in
1753 2979 1812 3016 se
1853 2962 2066 3028 habuit,
2150 2962 2354 3033 quippe
2400 2962 2680 3017 locutione
2709 2963 2944 3018 solvitur
2972 2969 3029 3017 et
3067 2963 3208 3017 illud
3257 2963 3402 3034 quod
3441 2959 3686 3033 Apostolus

470 3051 628 3104 nulla
657 3065 853 3104 earum
883 3050 989 3104 fuit
1017 3055 1079 3104 ut
1109 3049 1225 3120 pati
1255 3055 1461 3120 posset,
1507 3050 1615 3104 nisi
1643 3067 1756 3120 qua
1783 3052 1978 3112 voluit,
2010 3059 2067 3107 et
2085 3057 2129 3117 C
2147 3051 2248 3119 ait,
2280 3051 2410 3121 quia
2430 3055 2681 3120 regnavit
2711 3068 2861 3106 mors
2899 3053 2966 3105 ab
2995 3053 3172 3107 Adam
3207 3069 3375 3121 usque
3401 3053 3469 3104 ad
3493 3052 3685 3117 Moysen,

469 3138 530 3192 in
559 3143 833 3216 quantum
857 3137 1051 3202 voluit,
1093 3142 1150 3190 et
1176 3135 1234 3190 in
1263 3153 1324 3190 se
1353 3137 1596 3192 admisit.
1630 3139 1698 3193 Et
1735 3156 2066 3210 progressus
2148 3143 2315 3193 etiam
2347 3145 2408 3194 in
2436 3157 2518 3194 eos
2547 3144 2647 3209 qui
2671 3158 2780 3194 non
2805 3147 3165 3209 peccaverunt
3199 3144 3367 3210 (Rom.
3397 3157 3444 3205 v,
3482 3138 3572 3204 14).
3591 3136 3686 3190 Non

468 3223 970 3296 pusillum,cecidit
993 3239 1106 3278 non
1123 3229 1451 3291 retrorsum,
1470 3225 1568 3280 sed
1584 3225 1642 3280 in
1661 3226 1859 3282 faciem
1880 3245 2062 3295 suam,
2149 3230 2294 3300 quod
2317 3231 2564 3286 solutum
2596 3230 2769 3285 fuerit
2796 3247 3029 3300 regnum
3062 3231 3283 3296 mortis,
3317 3229 3457 3300 quod
3487 3233 3562 3282 est
3585 3241 3685 3297 pec-

469 3312 619 3384 quod
647 3317 970 3367 sanctorum
999 3317 1102 3378 est,
1132 3329 1300 3367 orans
1329 3320 1386 3368 et
1413 3313 1604 3369 dicens
1634 3334 1648 3372 :
1687 3321 1853 3370 Pater
1883 3321 1981 3384 mi,
2015 3322 2066 3372 si
2146 3323 2470 3390 catum,per
2489 3321 2738 3390 Moysen,
2756 3326 2855 3373 aut
2875 3336 2974 3391 per
2989 3319 3189 3389 legem,
3224 3319 3324 3373 sed
3345 3319 3471 3389 quia
3491 3317 3686 3387 Moyses,

461 3403 720 3472 possibile
734 3406 827 3466 est,
858 3407 1105 3455 transeat
1129 3405 1278 3456 calin:
1307 3405 1406 3456 iste
1431 3419 1466 3456 a
1487 3421 1589 3458 me.
1615 3405 1899 3469 Quantum
1927 3424 2062 3478 ergo
2144 3407 2230 3461 vel
2260 3407 2364 3473 lex,
2399 3407 2504 3462 fuit
2532 3425 2711 3479 usque
2741 3409 2812 3462 ad
2843 3409 3149 3468 Christum.
3183 3411 3256 3465 Et
3297 3411 3399 3464 hoc
3435 3415 3512 3464 est
3538 3408 3685 3462 dicere

467 3505 801 3562 progressus
820 3489 896 3544 sit
914 3490 1093 3544 Lucas
1113 3490 1380 3557 insinuat,
1413 3497 1470 3546 et
1501 3492 1655 3560 dicit,
1685 3501 1960 3562 quantum
1973 3500 2063 3564 ja-
2145 3513 2320 3566 usque
2349 3497 2421 3550 ad
2450 3497 2697 3568 Moysen,
2719 3498 2867 3568 quod
2889 3505 2992 3564 est,
3011 3499 3188 3553 donec
3208 3501 3424 3571 Moyses
3450 3497 3627 3568 legitur
3645 3498 3687 3547 et

467 3584 587 3635 ctus
617 3584 692 3633 est
717 3581 920 3648 lapidis
955 3581 1099 3648 (Luc.
1148 3593 1281 3646 xxn,
1314 3579 1423 3649 41).
1463 3581 1704 3637 Nolebat
1731 3584 1880 3637 enim
1911 3584 2063 3639 beni-
2144 3586 2371 3640 linitur:
2403 3587 2481 3640 sic
2511 3594 2568 3640 et
2595 3587 2654 3641 in
2683 3595 2922 3643 mortem
2953 3589 3329 3661 Christi,quia
3353 3588 3522 3644 omnis
3543 3583 3687 3657 gemi-

463 3668 771 3740 gnissimus
792 3667 1220 3739 Salvatorlonge
1238 3668 1360 3723 fieri
1375 3669 1446 3722 ab
1460 3669 1663 3739 eis,sed
1685 3678 1746 3726 ut
1761 3671 2058 3740 discerent,
2143 3682 2236 3729 tus
2262 3681 2320 3729 et
2337 3691 2545 3730 mceror
2569 3677 2822 3732 omnium
2849 3677 3124 3746 aboletur,
3151 3686 3210 3733 et
3240 3679 3419 3733 omnis
3449 3673 3685 3745 corruptio

465 3758 528 3813 in
551 3763 852 3829 conspectu
881 3772 1076 3811 eorum
1106 3757 1464 3824 constitutus,
1508 3774 1688 3812 orare.
1732 3761 1847 3814 Nec
1887 3761 2062 3831 igitur
2143 3771 2393 3829 sanatur,
2416 3781 2528 3819 non
2556 3766 3010 3821 inconvenienter
3025 3767 3244 3822 tristem
3274 3786 3333 3822 se
3355 3785 3469 3822 esse
3491 3770 3687 3820 testatur

465 3845 695 3913 mirum,
743 3845 791 3900 si
840 3845 955 3900 ruit
991 3845 1049 3898 in
1093 3845 1290 3900 faciem
1321 3861 1518 3913 suam;
1558 3847 1847 3901 humiliter
1874 3865 2058 3916 orans,
2146 3869 2247 3924 pro
2273 3853 2552 3920 omnibus,
2584 3872 2753 3924 usque
2779 3857 2853 3910 ad
2881 3862 3128 3922 mortem,
3161 3857 3340 3912 donec
3367 3873 3462 3928 per
3490 3860 3684 3909 mortem

466 3935 564 4007 qui
595 3936 775 3990 factus
798 3940 885 3989 est
908 3934 1024 3988 Deo
1047 3933 1201 3988 Patri
1232 3936 1478 3988 obediens
1516 3951 1683 4004 usque
1714 3937 1788 3990 ad
1831 3944 2060 3994 mortem
2147 3942 2268 4011 ejus
2289 3943 2472 3997 omnis
2497 3960 2647 3998 mors
2664 3949 2720 3998 et
2742 3961 2949 3999 maeror
2971 3945 3238 4000 solvatur.
3263 3947 3592 4018 QuaprOpter
3607 3940 3685 3995 sio-

467 4027 689 4097 (Philip.
715 4039 778 4090 n,
811 4021 884 4094 6),
918 4030 977 4078 et
1005 4023 1218 4077 discere
1232 4023 1395 4093 jubet
1414 4023 1562 4094 quod
1588 4027 1744 4078 mitis
1759 4030 1863 4091 est,
1892 4031 1943 4078 et
1962 4025 2061 4078 hu—
2142 4034 2208 4083 ut
2234 4029 2374 4084 duas
2402 4033 2756 4102 operationes
2792 4033 2850 4088 in
2880 4034 3101 4089 Christo
3128 4051 3352 4107 semper
3379 4033 3682 4089 considerare

464 4117 620 4167 milis
657 4115 813 4167 corde
843 4113 1056 4166 (Matth.
1083 4127 1159 4179 XI,
1183 4111 1298 4182 29).
1327 4113 1472 4177 Quid
1500 4119 1690 4168 autem
1720 4131 1887 4170 orans
1911 4114 2060 4170 dicat
2141 4118 2426 4186 debemus,
2453 4137 2554 4192 per
2576 4138 2715 4192 quas
2733 4129 2999 4193 operatur
3017 4140 3165 4179 unus
3193 4125 3452 4196 idemque
3471 4120 3682 4178 Christus

462 4200 522 4255 in
545 4206 738 4271 aperto
766 4205 886 4254 est:
918 4203 997 4254 Mi
1015 4205 1188 4268 pater,
1222 4203 1273 4254 si
1283 4203 1536 4268 possibile
1564 4206 1656 4265 est,
1694 4207 1940 4257 tremeat
1965 4219 2058 4257 ca-
2140 4224 2262 4278 quae
2293 4208 2478 4263 divina
2506 4215 2656 4276 sunt,
2674 4209 2733 4264 in
2753 4210 3104 4267 humanitate
3121 4230 3244 4280 sua,
3261 4219 3318 4268 et
3336 4230 3452 4285 qua
3479 4213 3684 4266 humana

466 4291 550 4343 lia:
577 4291 675 4342 iste
707 4304 743 4342 a
770 4304 872 4341 me.
906 4288 1252 4342 Blandientis
1278 4289 1505 4358 quidem
1535 4291 1754 4358 affectu,
1783 4297 1840 4346 et
1863 4293 2058 4364 depre-
2138 4297 2502 4352 nihilominus
2525 4298 2584 4352 in
2611 4299 3070 4371 divinitate.Agit
3087 4302 3234 4356 enim
3265 4308 3496 4372 utraque
3517 4299 3678 4360 forma,

463 4375 642 4431 cantis
670 4375 933 4447 postulat,
954 4381 1018 4429 ut
1037 4375 1083 4428 si
1099 4375 1361 4446 possibile
1380 4382 1466 4430 est
1484 4383 1736 4433 transeat
1757 4380 1827 4434 ab
1851 4397 2054 4447 eo,non
2073 4376 2120 4434 D
2136 4401 2262 4438 cum
2291 4387 2524 4442 alterius
2550 4387 2943 4443 communione
2972 4389 3121 4459 quod
3149 4391 3436 4462 proprium
3463 4393 3540 4442 est
3562 4383 3677 4440 sibi:

461 4471 685 4521 tantum
713 4465 873 4530 calix,
901 4463 1001 4518 sed
1032 4463 1173 4517 calix
1216 4463 1341 4517 iste.
1375 4465 1443 4518 Et
1471 4465 1576 4518 hoc
1609 4483 1721 4521 non
1747 4470 2054 4524 secundum
2135 4474 2216 4528 sic
2241 4480 2298 4528 et
2326 4475 2466 4530 duas
2489 4476 2803 4531 voluntates
2822 4477 2878 4530 in
2900 4493 2965 4532 eo
2983 4495 3094 4532 non
3123 4478 3421 4551 abnegare,
3443 4493 3583 4549 quas,
3599 4472 3680 4527 sie-

459 4554 830 4609 substantiam
849 4553 1095 4607 divinam
1114 4558 1170 4606 et
1187 4552 1611 4622 impassibilem,
1633 4555 1728 4609 sed
1748 4559 2055 4614 secundum
2135 4568 2200 4617 ut
2227 4562 2434 4634 ubique
2467 4565 2636 4619 simul
2675 4566 2734 4620 in
2764 4565 3005 4633 Christo,
3054 4567 3135 4621 sic
3175 4574 3439 4639 utrasque
3468 4567 3560 4620 hoc
3581 4563 3677 4616 loco

460 4649 722 4696 naturam
740 4640 1109 4696 humanitatis
1128 4640 1410 4695 inﬁrmam
1431 4647 1489 4696 et
1507 4643 2053 4714 passibilem.Postu-
2133 4651 2516 4722 intelligimus.
2529 4653 2668 4708 Vult
2680 4654 2830 4709 enim
2842 4661 2898 4709 et
2911 4661 3053 4724 orat,
3071 4657 3220 4727 quod
3233 4653 3576 4710 humanitatis
3591 4654 3674 4713 est,

458 4731 540 4784 lat
561 4736 752 4784 autem
781 4745 893 4784 non
913 4729 1114 4784 timore
1135 4728 1402 4801 patiendi,
1430 4747 1632 4802 neque,
1661 4749 1774 4788 non
1797 4741 1859 4790 ut
1875 4736 2050 4806 patia-
2131 4755 2259 4794 cum
2289 4741 2404 4794 ait:
2436 4741 2603 4796 Pater
2627 4743 2724 4810 mi,
2753 4744 2996 4798 transfer
3023 4761 3056 4800 a
3076 4762 3166 4799 me
3194 4746 3421 4800 calicem
3448 4745 3615 4805 istum,
3638 4735 3676 4790 si

456 4825 576 4885 tur,
603 4818 700 4890 qui
727 4817 854 4873 ideo
885 4823 1127 4885 venerat,
1151 4823 1209 4872 et
1235 4818 1304 4872 de
1335 4835 1395 4874 se
1422 4819 1676 4876 futurum
1705 4839 1873 4894 quam
1903 4841 2048 4896 saepe
2130 4829 2253 4884 ﬁeri
2281 4834 2485 4900 potest.
2517 4831 2750 4894 Deinde,
2785 4833 2918 4904 quia
2953 4850 3067 4888 non
3095 4840 3298 4905 potest,
3331 4832 3606 4888 revertitur
3627 4826 3672 4879 in

455 4907 575 4980 ipse
586 4907 702 4962 suis
722 4907 1070 4979 praedixerat.
1089 4907 1312 4962 Sciebat
1325 4908 1474 4964 enim
1489 4911 1683 4981 procul
1703 4911 2047 4983 dubio,quod
2129 4917 2414 4972 voluntate
2429 4934 2551 4986 sua,
2575 4936 2744 4990 quam
2764 4921 2934 4976 habet
2955 4938 3081 4976 cum
3101 4923 3286 4988 Patre,
3312 4936 3535 4995 quorum
3551 4931 3672 4972 sem-

455 4997 621 5053 aliter
639 4997 860 5052 evenire
892 5014 1005 5052 non
1033 5003 1269 5070 poterat,
1299 4999 1397 5053 sed
1427 5000 1815 5056 misericordia
1842 5003 2046 5074 prioris
2128 5021 2230 5076 per
2257 5023 2360 5061 sua
2391 5013 2494 5074 est,
2545 5014 2603 5062 et
2646 5009 2884 5065 indivisa
2928 5011 3205 5079 voluntas,
3249 5018 3307 5067 et
3339 5011 3420 5066 ait
3464 5017 3498 5076 Ι
3525 5013 3556 5071 Ι
3578 5005 3674 5070 16

453 5087 669 5158 populi,
694 5103 765 5142 ne
802 5085 876 5141 ab
914 5087 1023 5140 illis
1065 5085 1280 5141 biberet
1315 5087 1542 5142 calicem
1573 5090 1869 5160 passionis,
1912 5097 2042 5148 ante
2125 5095 2271 5165 quod
2294 5096 2599 5151 divinitatis
2629 5101 2836 5166 est,ﬁat
2863 5103 3117 5154 voluntas
3143 5102 3396 5156 tua.Non
3424 5097 3557 5171 quod
3580 5091 3670 5146 alia

449 5176 637 5231 saeculi
669 5174 1150 5243 constitutionem,
1177 5174 1284 5228 sibi
1317 5176 1634 5246 praescitum
1665 5183 1723 5232 et
1750 5179 2040 5249 praedesti-
2124 5182 2294 5237 fuerit
2317 5185 2437 5254 ejus
2457 5186 2714 5241 voluntas
2738 5203 3008 5259 unquam,
3028 5195 3085 5244 et
3103 5189 3212 5243 alia
3233 5190 3428 5253 Patris,
3452 5185 3540 5241 sed
3561 5180 3668 5253 quia

447 5272 658 5320 natum.
695 5265 854 5320 Unde
875 5269 932 5318 et
959 5263 1248 5333 signanter
1272 5264 1370 5330 ait,
1396 5265 1554 5320 Catia;
1587 5269 1704 5321 istc.
1739 5266 1864 5323 Non
1895 5271 2042 5340 quod
2123 5272 2291 5326 homo
2321 5278 2462 5340 erat,
2496 5274 2865 5330 humanitatis
2890 5278 3070 5332 oravit
3097 5279 3383 5342 atl‘ecta,et
3407 5274 3526 5348 quia
3541 5272 3663 5326 Deus

447 5352 676 5408 calicem
706 5353 904 5408 mortis
925 5352 1184 5422 refugiat,
1219 5352 1316 5406 sed
1349 5352 1540 5420 istum,
1569 5355 1665 5426 qui
1695 5373 1730 5410 a
1751 5357 1958 5412 Judaais
1987 5359 2038 5413 ei
2123 5367 2264 5428 erat,
2281 5361 2339 5416 in
2354 5362 2597 5434 idipsum
2610 5365 2756 5420 redit
2777 5365 3032 5421 voluntas
3056 5369 3177 5438 ejus
3202 5383 3310 5439 quo
3339 5378 3542 5435 semper
3557 5357 3660 5413 fuit.

445 5441 861 5508 intendebatur,
889 5457 960 5495 ne
989 5456 1090 5512 per
1119 5456 1233 5506 eos,
1265 5441 1361 5511 qui
1391 5441 1604 5496 nullam
1625 5446 2037 5503 excusationem
2121 5449 2191 5504 Et
2216 5450 2320 5505 hoc
2341 5467 2612 5523 magnum
2641 5461 3055 5511 sacramentum
3084 5443 3142 5512 in
3179 5456 3395 5512 Christo
3421 5453 3486 5508 ad
3513 5448 3659 5505 infor-

445 5530 692 5588 habituri
711 5535 861 5600 sunt,
879 5531 1056 5586 ﬁeret.
1073 5529 1268 5601 Neque
1297 5528 1448 5584 enim
1468 5530 1636 5586 dixit:
1659 5533 1933 5592 Transeat
1945 5553 2036 5593 me
2119 5539 2354 5595 mandos
2364 5540 2765 5614 discipulorum
2780 5544 3020 5615 animos,
3033 5546 3150 5602 utsi
3161 5544 3449 5618 aliquando
3460 5540 3660 5614 quisque
