3918 6166
178 307 286 366 909
920 304 1300 363 EXPOSITIO
1341 305 1420 363 IN
1456 302 1901 363 MATTI'IEUM.
1948 334 2008 346 —
2052 304 2188 361 LIB.
2231 305 2355 375 XII,
2399 306 2555 363 CAP.
2598 308 2792 366 XXVI.
3351 316 3457 373 910

178 434 416 489 voluerit
444 435 593 506 quod
639 435 826 499 homo,
859 449 972 487 non
1001 436 1067 486 ut
1089 447 1194 486 sua
1221 432 1478 487 voluntas
1526 434 1645 500 ﬁat,
1678 430 1772 486 sed
1794 429 1965 495 Aest,
2011 430 2097 484 vel
2143 436 2465 486 sanctorum
2496 433 2776 503 omnium;
2812 452 3052 508 quorum
3094 440 3199 492 etsi
3236 457 3457 514 semper

176 523 299 588 Dei,
333 523 612 579 orandum
642 528 731 577 est
757 537 998 594 semper.
1860 518 2090 589 spiritus
2110 518 2347 586 fervens,
2372 527 2428 575 et
2441 527 2734 594 promptus
2765 529 2868 592 est,
2889 526 3023 596 quia
3042 528 3382 599 concupiscit
3400 537 3459 585 et

246 615 538 683 Postquam
568 628 819 667 reversus
856 613 931 666 ad
956 613 1252 680 discipulos
1281 613 1495 666 invenit
1534 628 1617 665 eos
1645 612 1776 664 dor-
1859 606 2105 662 luctatur
2130 615 2325 664 contra
2352 610 2488 664 vitia
2515 612 2721 680 carnis,
2753 630 2881 668 caro
2913 621 3102 670 tamen
3132 634 3356 690 semper
3372 618 3457 674 in-

174 704 423 768 mientes,
455 707 505 756 et
533 703 678 756 dixit
708 703 898 756 Petro:
932 701 1022 756 Sic
1059 716 1172 755 non
1217 702 1450 769 potuisti
1484 715 1603 753 una
1638 699 1775 752 hora
1859 697 2023 751 ﬁrma
2051 703 2155 764 est,
2186 699 2438 771 quamvis
2465 705 2585 754 tota
2611 700 2864 757 videatur
2890 722 2925 759 a
2952 705 3155 777 spiritu
3187 707 3452 776 edomita,

172 793 414 858 vigilare
438 807 656 845 mecum
673 796 697 844 ν
714 790 828 845 Ista
856 806 959 844 vox
988 787 1331 860 increpantis
1359 788 1444 843 vel
1474 803 1777 859 coarguen-
1857 785 1941 839 vel
1962 802 2235 856 possessa.
2259 789 2469 844 Tamen
2482 795 2547 844 ut
2567 807 2697 845 vera
2724 792 2799 847 sit
2822 796 3105 850 sententia
3125 798 3451 867 Salvatoris,

173 880 269 934 tis.
290 880 361 934 Et
372 879 499 935 ideo
517 878 622 934 soli
641 879 808 933 Petro
822 878 1045 944 dicitur,
1065 894 1165 932 cur
1180 877 1267 932 vel
1286 892 1401 931 una
1424 877 1565 931 hora
1583 892 1775 931 secum
1857 880 2177 931 sanctorum
2195 880 2373 933 virtus
2394 882 2453 933 in
2474 883 2805 947 inﬁrmitate
2815 887 3290 952 perﬁcitur.Unde
3307 905 3455 944 unus

173 983 290 1023 non
310 968 561 1039 potuerit
576 966 828 1038 vigilare,
854 966 987 1037 quia
1014 983 1129 1037 prae
1149 966 1365 1020 caéteris
1384 982 1497 1020 non
1524 982 1584 1020 se
1611 981 1772 1020 scan-
1857 981 2074 1033 eorum,
2098 964 2236 1020 Cum
2282 969 2560 1033 inﬁrmor,
2603 970 2806 1041 inquit,
2841 977 2974 1026 tunc
2999 979 3189 1042 potens
3217 993 3343 1030 sum
3371 979 3457 1046 (ΙῘ

173 1057 554 1111 dalizaturum
586 1055 772 1110 fuerat
811 1054 1102 1126 gloriatus.
1145 1058 1203 1109 et
1242 1054 1645 1125 repromiserat
1690 1071 1769 1117 se,
1858 1054 1977 1108 (Jor.
2010 1069 2107 1121 κη,
2137 1052 2189 1119 9,
2238 1053 2339 1122 IO).
2380 1056 2450 1111 Et
2476 1056 2600 1112 ideo
2633 1059 2765 1128 quia
2801 1060 2881 1114 sic
2920 1067 3242 1117 sanctorum
3271 1064 3449 1120 virtus

174 1151 377 1201 contra
428 1145 654 1200 Domini
683 1160 894 1211 vocem,
930 1160 1042 1199 non
1071 1149 1428 1213 negaturum.
1463 1144 1587 1197 Non
1620 1143 1772 1197 enim
1856 1143 2160 1214 perﬁcitur,
2183 1143 2318 1197 dicit
2344 1161 2357 1196 :
2396 1147 2617 1213 Vigilate
2645 1152 2693 1200 et
2725 1154 2894 1212 orate,
2922 1149 3055 1220 quia
3084 1152 3190 1206 etsi
3221 1153 3451 1225 spiritus

175 1239 523 1308 praeceperat
550 1234 632 1289 eis
653 1234 883 1305 vigilare
900 1250 934 1287 a
948 1250 1144 1288 somno
1167 1232 1434 1303 corporis.
1454 1233 1616 1302 cujus
1636 1238 1775 1286 tem-
1855 1236 2041 1287 vester
2068 1238 2358 1304 promptus
2384 1238 2469 1288 est
2488 1251 2589 1305 pro
2617 1252 2705 1289 me
2737 1237 2914 1291 multa
2932 1239 3049 1309 pati
3068 1245 3125 1293 et
3146 1242 3447 1307 sustinere,

174 1340 284 1396 pus
316 1340 430 1379 non
456 1329 582 1378 erat
624 1322 956 1377 imminente
983 1321 1309 1376 discrimine
1336 1320 1631 1392 passionis,
1677 1321 1775 1375 sed
1857 1337 1985 1375 caro
2015 1325 2206 1375 tamen
2234 1321 2460 1376 inﬁrma
2488 1329 2575 1378 est
2601 1340 2612 1375 :
2645 1324 2921 1380 intendite
2947 1326 3153 1383 idcirco
3189 1331 3448 1401 precibus

175 1427 207 1465 a
232 1427 436 1466 somno
457 1410 807 1465 inﬁdelitatis
822 1415 880 1464 et
894 1426 1093 1481 sopore
1113 1409 1336 1464 mentis.
1358 1410 1523 1464 Forte
1544 1409 1639 1480 qui
1654 1410 1775 1479 jam
1859 1415 1917 1463 et
1934 1426 2120 1481 opere,
2156 1427 2222 1464 ne
2252 1414 2472 1465 intretis
2501 1415 2561 1466 in
2593 1417 2969 1481 tentationem,
3006 1415 3062 1470 id
3089 1423 3174 1471 est
3197 1435 3268 1472 ne
3297 1419 3451 1474 inﬁr-

174 1499 521 1573 operabatur
548 1499 606 1554 in
631 1500 819 1553 animo
838 1498 1010 1563 Petri,
1032 1503 1090 1552 et
1109 1498 1234 1552 ideo
1257 1514 1368 1569 prae
1396 1497 1641 1553 tristitiae
1662 1514 1777 1551 ma-
1858 1499 2025 1553 mitas
2050 1499 2234 1553 carnis
2263 1517 2359 1554 vos
2388 1500 2589 1567 vincat,
2622 1501 2758 1573 quia
2786 1504 3049 1571 deprimit
3082 1512 3303 1561 terrena
3349 1509 3451 1563 ha-

171 1589 475 1661 gnitudine
495 1604 754 1643 somnum
783 1587 1003 1643 vincere
1024 1603 1135 1641 non
1157 1591 1378 1658 poterat
1404 1586 1770 1641 inﬁdelitatis.
1858 1589 2051 1643 bitatio
2079 1591 2342 1657 spiritum
2372 1593 2553 1643 multa
2570 1594 2903 1657 cogitantem
2935 1590 3085 1663 (Sap.
3109 1609 3184 1661 ix,
3220 1594 3325 1667 15).

172 1680 292 1733 Nec
322 1678 464 1734 adeo
492 1677 672 1747 igitur
697 1676 1070 1741 defendimus,
1090 1680 1154 1730 ut
1181 1692 1293 1730 non
1309 1681 1662 1747 premeretur
1691 1691 1834 1754 so-_
1933 1679 2386 1732 Iterumsecundo
2414 1680 2554 1732 abiit
2581 1684 2628 1733 et
2658 1682 2839 1733 oravit
2868 1682 3085 1736 dicens:
3108 1685 3270 1737 Pater
3292 1688 3458 1754 mi,si

172 1782 314 1839 pore
336 1746 609 1837 corporis,
651 1764 747 1836 qui
781 1765 900 1835 jam
933 1781 968 1819 a
1004 1765 1114 1819 ﬁde
1144 1746 1510 1835 elongabatur
1536 1746 1838 1819 maeroreB
1860 1782 1969 1819 non
1984 1772 2151 1835 potest
2167 1767 2256 1821 hic
2270 1769 2416 1820 catis:
2433 1770 2679 1821 transire
2702 1771 2817 1822 nisi
2836 1770 3019 1824 bibam
3042 1774 3227 1839 illum,
3251 1776 3348 1841 ﬁat
3370 1746 3458 1832 uo-

172 1855 406 1912 mentis.
434 1853 648 1919 Quibus
687 1853 893 1908 dicitur
923 1872 934 1907 :
975 1855 1201 1921 Vigilate
1244 1858 1294 1907 et
1330 1859 1499 1919 orate,
1546 1858 1610 1907 ut
1663 1869 1776 1907 non
1861 1857 2049 1908 tuntas
2066 1853 2421 1908 tua.Patrem
2441 1860 2632 1908 autem
2650 1863 2809 1909 vocat
2827 1873 2992 1911 suum
3014 1874 3125 1912 non
3141 1862 3454 1918 secundum

173 1946 407 1999 intretis
433 1946 499 1997 in
528 1945 902 1997 tentationem.
924 1942 1304 2008 Considerate,
1338 1958 1544 2013 quaeso,
1569 1941 1779 1996 Christi
1861 1942 2239 2013 adoptionem.
2263 1942 2359 1996 sed
2381 1943 2685 1997 secundum
2719 1945 3119 2016 proprietatem
3160 1954 3374 2005 naturae
3395 1952 3455 2007 in

174 2032 472 2105 mysteria.
496 2030 758 2096 Quandiu
780 2046 910 2086 cum
942 2031 1053 2085 illis
1071 2030 1251 2085 adfuit
1274 2032 1454 2093 Iesus,
1481 2031 1635 2085 nullo
1654 2046 1781 2101 gra-
1862 2047 1974 2103 qua
1997 2036 2161 2085 natus
2191 2037 2278 2085 est
2302 2032 2371 2086 de
2400 2031 2585 2086 Patre.
2639 2035 2707 2087 Et
2730 2034 2935 2104 repetit
2962 2036 3220 2090 eumdem
3242 2055 3457 2095 sermo-

178 2128 389 2177 vantur
404 2137 603 2176 somno
621 2120 899 2191 discipuli.
919 2120 1317 2191 Progrediente
1353 2136 1487 2191 ergo
1515 2119 1782 2192 pusillum
1865 2137 2013 2186 nem,
2046 2120 2225 2174 sciens
2250 2120 2399 2191 quod
2436 2137 2548 2174 non
2577 2126 2765 2192 posset
2807 2123 3067 2179 transire.
3099 2125 3310 2181 Tamen
3350 2128 3462 2184 ista

178 2227 242 2266 eo
260 2209 339 2266 ab
370 2210 470 2276 eis,
496 2226 600 2265 nec
636 2226 750 2264 una
777 2210 917 2264 hora
940 2213 1248 2281 potuerunt
1270 2208 1521 2279 vigilare,
1543 2209 1638 2263 illo
1660 2206 1783 2261 abs-
1864 2208 2203 2280 possibilitas
2232 2210 2413 2263 Patris
2444 2214 2499 2263 et
2525 2209 2651 2264 Filii
2682 2226 2793 2264 non
2827 2211 2895 2265 de
2924 2211 3257 2284 impotentia
3284 2218 3458 2286 venit,

179 2305 312 2355 ente
339 2319 353 2367 ;
386 2304 617 2371 propter
661 2298 808 2370 quod
852 2314 1074 2369 semper
1118 2298 1414 2363 orandum,
1456 2303 1522 2351 ut
1559 2302 1785 2351 maneat
1867 2299 1998 2369 quia
2020 2297 2213 2353 subest
2231 2298 2311 2352 eis
2336 2315 2501 2353 omne
2522 2315 2703 2370 posse,
2723 2301 3071 2372 unaqueillis
3092 2309 3340 2374 potestas
3356 2313 3462 2374 est,

178 2389 498 2455 nobiscum,
530 2388 1002 2459 quemadmodum
1046 2387 1168 2458 ipse
1209 2391 1294 2441 est
1331 2386 1629 2458 pollicitus.
1660 2385 1783 2440 Duo
1866 2387 2009 2443 sicut
2037 2393 2092 2442 et
2123 2404 2236 2442 una
2260 2388 2766 2443 voluntas.Idcirco
2788 2390 2987 2460 magis,
3004 2391 3466 2461 quiamisericors

182 2478 415 2550 quidem
432 2478 614 2549 jubet,
629 2478 878 2548 vigilare,
905 2482 963 2531 et
992 2493 1181 2540 orare;
1211 2476 1344 2548 quia
1369 2492 1470 2531 nec
1499 2475 1678 2531 oratio
1697 2492 1784 2530 va-
1867 2483 1954 2531 est
1977 2482 2034 2531 et
2053 2478 2241 2548 justus
2263 2477 2429 2530 Pater
2458 2476 2813 2548 omnipotens
2840 2477 2988 2532 Deus
3041 2478 3467 2552 impossibilitas

179 2567 259 2622 let
283 2568 413 2622 sine
439 2567 632 2638 vigilia
662 2566 886 2632 mentis,
918 2582 1020 2620 nec
1049 2581 1207 2620 mens
1244 2570 1395 2619 recte
1424 2564 1654 2634 vigilare
1684 2580 1784 2635 po-
1868 2565 1977 2619 ista
1999 2564 2068 2618 de
2112 2563 2336 2634 justitia
2364 2564 2514 2619 venit
2554 2571 2611 2619 et
2637 2564 2887 2621 bonitate
2919 2568 3040 2622 Dei.
3093 2569 3238 2634 Quia
3274 2572 3354 2626 sic
3383 2577 3471 2627 est

182 2662 294 2711 test
344 2656 473 2710 sine
502 2655 775 2710 instantia
802 2656 1002 2727 precis.
1029 2654 1239 2725 Vigilat
1268 2670 1402 2724 ergo
1424 2653 1519 2724 qui
1549 2652 1784 2707 sollicite
1870 2653 2221 2725 omnipotens
2248 2658 2313 2707 ut
2339 2658 2396 2707 et
2418 2654 2609 2724 justus
2628 2654 2723 2719 sic,
2748 2671 2811 2709 ac
2840 2654 3019 2710 bonus
3041 2662 3098 2711 et
3127 2658 3465 2716 misericors.

184 2745 331 2800 bona
359 2760 537 2816 opera
560 2744 773 2815 jugiter
795 2744 894 2809 ait.
919 2743 1203 2798 etintente
1232 2742 1557 2807 meditatur,
1580 2757 1650 2796 ne
1679 2757 1785 2795 un-
1868 2739 1938 2793 Et
1965 2738 2090 2793 ideo
2120 2746 2393 2810 quantum
2425 2743 2495 2796 acl
2526 2749 2823 2815 utramque
2853 2751 3113 2800 naturam
3162 2755 3463 2820 exspectat,

185 2850 355 2906 quam
384 2834 602 2905 peccati
638 2834 875 2903 caligine
905 2832 1274 2904 opprimatur.
1305 2831 1450 2895 Quia
1474 2830 1568 2901 qui
1597 2831 1677 2884 sic
1712 2830 1789 2883 vi-
1870 2827 2210 2899 impossibile
2232 2836 2372 2893 erat,
2397 2846 2466 2884 ne
2498 2846 2600 2885 nos
2632 2830 2878 2886 bonitate
2907 2850 3029 2890 sua.
3062 2851 3273 2905 suaque
3296 2837 3469 2907 justi-

184 2923 342 2994 gilat,
374 2922 530 2976 illius
548 2922 878 2977 exaudietur
902 2922 1101 2975 oratio.
1131 2920 1342 2975 Idcirco
1382 2925 1448 2974 ut
1471 2918 1788 2974 exaudiaris
1870 2916 1953 2971 tia
1980 2922 2035 2971 et
2058 2916 2443 2972 misericordia
2469 2920 2710 2974 salvaret
2760 2926 2798 2985 ι
2828 2928 2858 2985 Ι
2889 2927 3001 2987 l8
3050 2939 3190 2994 quos
3221 2933 3463 2980 crearat.

190 3010 537 3083 vigilandum
567 3014 655 3065 est
680 3010 868 3081 prius;
901 3009 1105 3064 deinde
1134 3014 1198 3064 ut
1225 3009 1460 3080 vigilare
1490 3007 1632 3062 bene
1656 3024 1788 3079 pos-
1872 3006 2021 3060 Petit
2041 3011 2232 3060 autem
2268 3011 2335 3060 ut
2361 3012 2613 3062 transeat
2649 3008 2939 3079 signanter
2972 3011 3114 3065 calix
3146 3012 3251 3067 iste
3279 3013 3349 3068 ab
3380 3032 3466 3070 eo.

187 3101 282 3159 sis.
313 3115 547 3171 semper
567 3100 862 3154 orandum.
888 3098 1032 3164 Quia
1053 3103 1317 3153 neutrum
1337 3098 1538 3152 horum
1569 3098 1690 3151 sine
1718 3098 1852 3159 al-C
1875 3095 1947 3149 Et
1972 3095 2019 3149 si
2048 3111 2161 3149 non
2193 3095 2339 3149 sicut
2363 3096 2480 3149 vult
2507 3096 2523 3149 i
2529 3113 2646 3167 pse,
2668 3104 2832 3168 rogat
2860 3098 3117 3153 voluntas
3148 3101 3248 3155 ﬁat
3263 3103 3473 3171 Patris;

188 3195 308 3244 tero
326 3189 502 3243 valet.
535 3187 610 3243 Et
627 3188 759 3259 quid
788 3204 950 3243 orare
978 3187 1182 3242 debeas
1210 3187 1330 3258 ipse
1365 3186 1562 3241 salutis
1591 3192 1786 3241 auctor
1876 3189 1939 3239 ut
1966 3200 2093 3238 cum
2122 3183 2327 3238 biberit
2354 3201 2502 3250 eum,
2537 3185 2590 3239 id
2621 3192 2707 3240 est
2725 3203 2851 3241 cum
2874 3190 3184 3257 gustaverit
3210 3198 3468 3261 mortem,

187 3279 371 3336 docet.
400 3277 680 3342 Quoniam
710 3277 822 3331 vita
850 3276 1217 3331 humanitatis
1242 3276 1480 3330 tentatio
1510 3281 1596 3330 est
1622 3292 1793 3347 super
1872 3279 2126 3328 transeat
2149 3273 2220 3327 ab
2248 3290 2315 3329 eo
2346 3280 2405 3327 ct
2444 3273 2514 3328 ab
2544 3276 2820 3330 universis
2869 3293 2971 3347 pro
3020 3278 3223 3348 quibus
3269 3280 3473 3335 biberit

190 3373 428 3433 terram,
462 3365 624 3436 jubet
668 3380 829 3420 orare
867 3381 939 3419 ne
980 3365 1255 3419 intremus
1297 3364 1357 3418 in
1396 3364 1786 3419 tentationem.

188 3457 389 3528 Neque
419 3455 572 3510 enim
601 3454 754 3519 dicit,
778 3452 951 3509 Orate
971 3470 1042 3508 ne
1068 3453 1383 3519 tentemini,
1412 3454 1509 3508 sed
1532 3470 1597 3508 ne
1618 3456 1793 3508 intre-

193 3549 261 3601 tis
288 3550 355 3601 in
393 3547 772 3610 tentationem,
795 3542 852 3597 id
877 3548 964 3597 est
990 3559 1060 3597 ne
1088 3543 1328 3596 tentatio
1353 3559 1449 3596 vos
1470 3542 1673 3609 vincat,
1696 3542 1794 3597 sed

193 3642 256 3690 ut
300 3634 548 3690 victores
576 3649 699 3687 eam
738 3647 1004 3703 superare
1036 3631 1279 3702 possitis.
1313 3630 1426 3702 Ipsi
1476 3631 1628 3685 enim
1666 3636 1794 3685 ten-

193 3723 351 3778 tandi
395 3726 562 3776 erant
588 3719 825 3784 fortiter,
859 3724 915 3773 et
942 3718 1068 3773 ideo
1108 3724 1417 3790 praemonet
1453 3724 1519 3773 ut
1558 3718 1793 3773 victores

194 3827 311 3867 esse
352 3812 664 3866 decertant.
705 3808 865 3864 Unde
910 3808 1210 3878 Apostolus
1244 3825 1256 3860 :
1309 3808 1478 3863 Omne
1520 3809 1794 3876 gaudium

196 3903 528 3961 existimate,
541 3901 747 3967 fratres
758 3899 884 3957 mei.
900 3896 1103 3967 inquit,
1118 3913 1243 3951 cum
1261 3899 1325 3953 in
1339 3899 1514 3950 variis
1536 3900 1792 3950 tentatio-

195 3993 360 4046 nibus
394 3990 711 4044 incideritis
743 3989 877 4054 (Jac.
921 4000 961 4045 ι,
995 3988 1105 4055 1‘2),
1139 3986 1404 4057 quoniam
1434 3985 1673 4040 tentatio
1715 3987 1796 4041 lu-

195 4096 351 4135 crum
385 4085 423 4144 |
449 4084 489 4145 |
515 4084 551 4143 |
573 4083 624 4143 ιε
657 4075 828 4131 habet
853 4075 1066 4145 gaudii.
1095 4075 1341 4144 Spiritus
1371 4076 1589 4144 quidem
1607 4091 1795 4144 prom-

194 4174 316 4237 ptus
341 4172 445 4232 est,
475 4182 605 4220 caro
624 4171 809 4219 autem
838 4168 1090 4232 inﬁrma.
1116 4163 1277 4218 Multi
1300 4163 1446 4232 quod
1478 4163 1547 4217 de
1578 4180 1638 4217 se
1667 4163 1792 4218 Sal-

195 4263 350 4313 vator
371 4258 482 4311 hoc
500 4255 926 4319 dixerit,volunt
945 4259 1197 4309 astruere
1208 4253 1353 4324 quod
1372 4253 1566 4324 utique
1580 4269 1689 4307 non
1712 4252 1794 4306 vi-

198 4345 359 4402 detur
378 4360 750 4415 consequens.
764 4343 861 4397 sed
883 4343 952 4397 ad
965 4359 1060 4397 eos
1073 4348 1226 4396 totus
1240 4341 1331 4395 hic
1343 4357 1529 4396 sermo
1548 4347 1651 4404 est,
1675 4342 1796 4411 qui-

1873 3379 2023 3417 eum.
2053 3362 2197 3427 Quia
2219 3362 2266 3416 si
2286 3380 2397 3417 non
2410 3362 2627 3418 biberet
2646 3381 2795 3431 eum,
2818 3364 3021 3437 abipso
3044 3368 3269 3438 quidem
3290 3374 3469 3425 trans-

1873 3451 2028 3516 isset,
2061 3451 2194 3523 quia
2213 3468 2324 3506 non
2355 3458 2785 3524 tangeret_eum,
2802 3454 2899 3509 sed
2927 3455 2997 3510 ab
3018 3456 3338 3513 hominibus
3358 3476 3472 3515 non

1876 3540 2162 3618 transiret,
2180 3540 2278 3594 sed
2313 3546 2565 3595 maneret
2593 3559 2716 3613 quae
2738 3543 3011 3613 regnabat
3035 3545 3093 3599 in
3122 3545 3203 3599 eis
3228 3563 3380 3601 mors
3402 3548 3471 3603 ab

1876 3629 2055 3683 Adam
2077 3645 2255 3700 usque
2283 3629 2353 3683 ad
2376 3630 2612 3701 \ioysen,
2636 3630 2691 3684 id
2713 3637 2799 3685 est
2827 3648 3004 3703 usque
3021 3634 3092 3687 ad
3119 3636 3285 3689 ﬁnem
3310 3636 3468 3706 legis,

1877 3733 2045 3789 quam
2078 3717 2331 3771 Christus
2368 3733 2480 3771 non
2524 3718 2678 3773 venit
2724 3720 2955 3784 solvere,
2989 3722 3087 3775 sed
3138 3722 3467 3795 adimplere,

1876 3806 2053 3860 donec
2077 3822 2271 3861 omnes
2294 3823 2485 3861 secum
2513 3808 2865 3879 pertraheret
2889 3816 2946 3863 et
2972 3818 3391 3866 consummaret
3411 3814 3473 3868 in

1876 3901 2134 3949 mortem.
2163 3895 2324 3949 Hunc
2347 3911 2480 3965 ergo
2519 3896 2747 3950 calicem
2781 3898 3056 3967 passionis
3086 3905 3143 3953 et
3169 3902 3364 3955 mortis
3383 3919 3472 3957 vo-

1878 3983 2030 4038 lebat
2057 4001 2116 4039 se
2143 3984 2383 4038 transire
2403 3990 2460 4038 et
2488 4001 2521 4038 a
2545 3984 2690 4046 suis;
2723 3985 2803 4039 sic
2831 3985 2973 4041 forte
2996 3993 3057 4041 ut
3086 4005 3196 4043 non
3215 3996 3473 4059 gustaret

1877 4073 2139 4145 poculum
2160 4079 2332 4129 tantae
2344 4074 2756 4141 amaritudinis,
2773 4074 2821 4128 si
2836 4080 3025 4130 tamen
3046 4077 3309 4149 possibile
3323 4086 3473 4135 esset

1879 4162 2025 4234 quod
2070 4162 2298 4216 omnino
2328 4179 2439 4217 non
2471 4169 2611 4229 erat,
2663 4164 2795 4235 quia
2818 4165 3038 4234 justum
3087 4184 3198 4221 non
3227 4176 3366 4224 erat.
3403 4170 3473 4225 Et

1875 4249 2001 4303 ideo
2038 4255 2100 4303 ut
2120 4250 2302 4303 omnis
2323 4250 2378 4303 in
2393 4266 2458 4303 eo
2472 4251 2694 4321 justitia
2709 4253 3075 4323 compleatur,
3096 4256 3195 4311 ﬁat
3216 4258 3471 4314 voluntas

1875 4339 2079 4393 Patris.
2113 4338 2389 4402 Quoniam
2422 4356 2487 4393 eo
2532 4340 2652 4394 sola
2680 4341 2967 4411 possibilia
3004 4351 3138 4399 sunt
3166 4363 3287 4417 quae
3312 4349 3472 4417 justa

194 4433 665 4506 busloquebatur.
683 4431 942 4502 Alioquin
954 4431 1231 4502 quomodo
1242 4429 1629 4501 nuncspiritus
1641 4431 1797 4484 Chri-
1814 4415 1863 4473 D
1880 4432 2015 4480 sunt
2040 4426 2305 4496 quoniam
2334 4427 2453 4497 ipse
2477 4428 2629 4481 solus
2657 4427 2857 4495 bonus,
2881 4435 2937 4484 ct
2956 4432 3145 4501 justus
3165 4415 3227 4487 ac
3246 4415 3469 4506 potens.

198 4523 369 4578 stivel
399 4522 593 4576 anima
620 4524 883 4592 prompta
902 4536 1022 4575 esse
1050 4518 1272 4585 dicitur,
1291 4536 1413 4590 qua:
1440 4520 1606 4591 paulo
1634 4536 1795 4591 supe-

199 4612 314 4666 rius
341 4609 531 4666 tristis
569 4625 748 4681 usque
799 4609 871 4663 ad
916 4614 1157 4664 mortem
1209 4608 1641 4680 proclamatur?
1682 4608 1792 4663 Sed

200 4698 339 4755 forte
356 4698 546 4754 adhuc
564 4698 624 4752 in
651 4698 740 4753 his
752 4697 1008 4769 tangitur
1034 4698 1256 4763 Petrus,
1289 4698 1451 4769 quasi
1472 4697 1692 4752 dicatur
1719 4698 1790 4763 ei,

200 4805 232 4842 ο
258 4789 451 4853 Petre,
485 4786 619 4858 quid
646 4791 733 4841 est
761 4786 909 4858 quod
939 4786 1169 4858 spiritus
1196 4792 1329 4842 tuus
1352 4792 1470 4841 tam
1501 4791 1794 4858 promptus

201 4876 306 4931 fuit
339 4876 418 4931 ad
463 4875 906 4948 promittendum
956 4875 1101 4930 mori
1127 4892 1229 4948 pro
1260 4892 1370 4940 me,
1404 4880 1462 4930 et
1486 4891 1637 4930 nunc
1667 4891 1797 4929 caro

199 4968 297 5019 tua
320 4968 446 5019 tam
478 4963 707 5018 inﬁrma
729 4961 1000 5034 probatur
1026 4968 1092 5017 ut
1118 4979 1221 5017 nec
1244 4979 1359 5018 una
1387 4962 1525 5017 hora
1548 4963 1798 5034 potueris

200 5052 470 5123 vigilare?
490 5052 650 5116 Quod
676 5051 724 5106 si
761 5051 831 5106 de
856 5051 1110 5106 omnium
1135 5051 1337 5123 spiritu
1369 5052 1453 5106 vel
1482 5067 1650 5105 carne
1671 5051 1798 5107 Sal-

200 5146 360 5195 vator
376 5142 492 5196 ista
518 5140 786 5210 loquitur,
819 5140 1289 5194 considerandum
1332 5139 1378 5195 si
1404 5144 1695 5211 congruat,
1725 5156 1798 5194 an

203 5228 560 5283 solummodo
580 5228 650 5282 de
664 5227 866 5299 spiritu
881 5234 1222 5282 sanctorum.
1242 5228 1384 5292 Quia
1398 5228 1528 5281 licet
1546 5243 1635 5281 om
1643 5228 1798 5282 nium

201 5332 330 5371 caro
355 5316 584 5371 inﬁma
612 5317 704 5381 sit,
730 5316 914 5371 nescio
926 5316 973 5370 si
992 5316 1221 5388 spiritus
1244 5317 1495 5371 omnium
1508 5322 1799 5388 promptus

202 5420 321 5458 esse
350 5403 534 5475 possit
557 5423 571 5472 ;
604 5404 737 5476 quia
765 5404 1074 5459 inﬁdelium
1099 5421 1322 5475 semper
1343 5406 1574 5476 spiritus
1613 5404 1800 5475 segnis

204 5498 288 5547 est
308 5493 384 5547 ad
410 5493 638 5557 bonum,
670 5494 840 5548 etiam
860 5498 918 5547 et
944 5509 1137 5547 eorum
1157 5494 1251 5564 qui
1272 5495 1445 5566 tepidi
1469 5493 1795 5565 probantur.

208 5581 275 5639 Et
298 5582 439 5639 ideo
473 5580 619 5637 forte
646 5582 717 5638 de
752 5581 954 5657 spiritu
989 5583 1370 5655 apostolorum
1414 5582 1800 5656 accipiendum

1877 4516 1943 4569 Et
1972 4518 2117 4569 venit
2136 4517 2359 4582 iterum,
2378 4522 2426 4570 et
2441 4519 2657 4571 invenit
2672 4534 2755 4570 eos
2772 4520 3123 4589 dormientes,
3137 4530 3298 4578 erant
3316 4531 3468 4582 enim

1875 4605 2022 4657 oculi
2041 4620 2229 4657 eorum
2245 4608 2484 4671 gravati.
2501 4605 2752 4659 Necdum
2766 4606 2913 4660 enim
2929 4624 3231 4677 gravamen
3253 4613 3322 4667 ab
3342 4632 3472 4672 ocu-

1876 4691 1945 4746 lis
1960 4708 2166 4748 sorum
2196 4696 2322 4745 erat
2351 4692 2621 4759 ablatum,
2642 4711 2752 4765 quo
2781 4697 3202 4767 premebantur,
3222 4704 3469 4762 caecitate

1875 4781 2341 4836 cordis.Necdum
2366 4786 2489 4835 erat
2507 4781 2737 4852 spiritus
2755 4790 2981 4841 sanctus
2998 4787 3181 4855 datus,
3217 4793 3350 4862 quia
3374 4795 3467 4850 Je-

1878 4886 1974 4925 sus
2009 4871 2247 4925 necdum
2276 4870 2641 4940 gloriﬁcatus.
2677 4872 2745 4926 Et
2775 4872 2902 4928 ideo
2925 4876 3046 4945 jam
3086 4877 3264 4935 vicina
3295 4899 3469 4954 nega-

1877 4960 2031 5015 tione
2060 4959 2660 5031 praegravati,vigilare
2678 4977 2787 5015 non
2812 4968 3088 5033 poterant,
3125 4968 3299 5024 nimia
3328 4989 3468 5027 mce-

1879 5049 2034 5104 stitia
2068 5049 2250 5104 cordis
2278 5049 2720 5121 oppressi.Unde
2750 5068 2862 5106 non
2892 5070 2986 5108 eos
3012 5059 3387 5127 reprehendit,
3407 5066 3472 5117 ut

1879 5138 2035 5209 prius
2059 5157 2071 5204 ;
2101 5139 2199 5192 sed
2219 5138 2425 5192 vadens
2448 5138 2653 5193 iterum
2673 5141 2842 5195 tertia
2873 5142 2987 5197 vice
3014 5152 3153 5200 orat.
3180 5148 3322 5203 Nam
3353 5150 3487 5221 pri-'

1880 5244 2033 5281 mum
2055 5243 2309 5281 reversus
2337 5244 2431 5281 eos
2451 5227 2731 5299 objurgat.
2764 5233 3025 5296 secundo,
3052 5237 3273 5305 quando
3291 5240 3470 5311 magis

1880 5316 2203 5386 increpandi
2233 5316 2582 5383 videbantur,
2612 5319 2756 5385 silet,
2774 5336 2874 5374 nec
2895 5338 2990 5375 eos
3013 5332 3233 5379 amovet
3262 5344 3297 5381 a
3324 5346 3473 5384 som-

1881 5421 1954 5459 no
1986 5421 1998 5455 :
2030 5404 2215 5469 tertio,
2243 5406 2362 5475 jam
2395 5406 2681 5477 quiescere
2716 5409 2896 5479 jubet.
2930 5409 3056 5466 Non
3094 5420 3231 5485 puto
3259 5416 3470 5491 absque

1880 5494 2098 5549 ratione
2128 5492 2336 5557 fecisse,
2378 5495 2473 5566 qui
2504 5512 2563 5550 se
2590 5495 2735 5551 viam
2765 5514 2885 5552 esse
2914 5504 3173 5569 testatur,
3206 5508 3472 5577 quoniam

1882 5583 2071 5639 omnia
2090 5582 2213 5657 ejus
2233 5597 2424 5658 Opera,
2447 5591 2547 5643 aut
2566 5586 2834 5662 mysteria
2850 5592 2982 5644 sunt
3002 5606 3190 5663 rerum
3212 5596 3470 5670 prieﬁgu-
