3918 6166
474 279 571 342 911
1022 296 1027 301 ο
1236 268 1294 320 S.
1334 258 1710 317 PASCHASII
1751 255 2111 312 RADBERTI
2154 255 2458 313 ABBATIS
2497 256 2991 325 CORBEIENSIS.
3571 263 3647 324 9η

471 411 745 480 ratarum,
767 404 868 455 aut
893 394 1148 467 exempla
1161 390 1449 445 virtutum.
1466 383 1690 480 Quodsi
1707 381 1897 480 omnia
1919 382 2131 480 quae-A
2148 380 2387 449 Surgite,
2422 398 2648 436 eamus:
2680 398 2790 437 ecce
2817 385 3276 452 appropinquavit
3293 386 3381 452 qui
3406 402 3477 439 me
3501 389 3654 453 mw,

471 474 896 566 cunquegessit,
920 485 1096 541 multo
1118 478 1295 549 magis
1311 475 1513 538 haec,in
1525 472 1726 566 quibus
1745 469 2065 566 triumphus
2146 470 2290 523 Nam
2330 469 2549 524 videtur
2574 471 2872 525 Matthaaus
2900 470 3009 524 sibi
3053 487 3173 525 esse
3202 472 3517 538 contrarius;
3541 481 3657 531 certe

472 555 665 656 gloriae
694 555 809 634 Deo
840 574 994 630 Patri
1022 569 1275 656 precibus
1294 561 1736 656 commendatur.
1772 560 1948 656 Nemo
1968 555 2064 629 qui
2144 564 2245 656 aut
2264 558 2382 629 ipse
2397 558 2651 613 Salvator
2669 558 2775 612 sibi
2792 559 3076 613 contraria
3101 567 3136 626 |
3162 566 3198 625 |
3215 559 3660 633 zojuberequasi

474 646 725 741 ambigat
749 665 895 737 quod
933 659 1121 716 omnia
1166 655 1392 709 inﬁrma
1418 649 1596 704 nostri
1638 646 1886 719 corporis
1928 651 2064 700 tunc
2143 646 2356 718 aliquid
2387 648 2540 719 prius
2559 647 2858 719 improvise
2885 648 2961 703 sit
2985 649 3219 713 locutus,
3252 648 3483 703 nesciens
3498 650 3656 706 Iudam

472 762 534 816 in
556 777 614 815 se
635 753 909 819 exhibuit;
930 764 1094 804 nemo
1116 744 1211 816 qui
1230 742 1454 812 ignoret
1472 737 1621 811 quod
1635 736 1785 791 cruci
1808 734 2071 790 universa
2144 753 2272 792 cum
2287 735 2468 791 turbis
2495 737 2994 808 appropinquasse,
3012 744 3069 791 et
3087 737 3211 792 ideo
3229 737 3420 792 dixisse
3441 753 3451 788 :
3473 741 3661 794 Dorium

474 848 679 905 delicta
706 848 899 899 nostra
927 854 1027 910 pro
1046 832 1246 907 quibus
1266 827 1662 885 inﬁrmabatur
1688 831 1745 880 et
1769 824 1966 888 doluit,
1992 823 2069 878 af-
2140 829 2260 895 iam
2292 831 2341 881 et
2372 829 2702 895 requiescite.
2739 826 2849 881 Sed
2876 843 3005 881 cum
3034 825 3218 881 subito
3245 826 3567 897 comperisset
3595 845 3665 884 eos

472 938 619 1002 ﬁxit;
649 935 879 1002 insuper
898 932 955 982 et
984 921 1262 997 quomodo
1284 918 1444 974 nobis
1470 924 1544 971 snt
1572 921 1629 971 et
1658 915 1717 968 in
1740 913 1942 985 quibus
1973 913 2066 967 de-
2141 915 2261 985 jam
2281 915 2339 969 in
2359 914 2611 986 proximo
2634 931 2774 981 esse,
2795 930 2859 969 ac
2879 914 2928 969 si
2949 913 3135 969 subito
3154 920 3444 985 permotus,
3464 914 3668 971 immutat

470 1023 799 1082 certandum
812 1011 1241 1079 ostendit.Quod
1254 1009 1723 1064 adversusaereas
1738 1008 2062 1075 potestates,
2147 1004 2507 1071 sententiam,
2537 1008 2595 1057 et
2621 1003 2757 1057 dicit
2793 1003 3058 1059 continuo
3086 1025 3098 1059 :
3130 1005 3365 1071 Surgite,
3396 1019 3570 1057 eamus.
3589 1004 3668 1063 Sed

471 1119 529 1170 et
541 1112 811 1184 legiones,
829 1105 975 1161 bello
996 1098 1273 1176 passionis
1300 1110 1723 1184 congressurus,
1742 1092 1910 1184 prius
1936 1107 2064 1146 ora-
2146 1093 2295 1148 absit
2330 1109 2365 1147 a
2391 1091 2651 1147 cordibus
2698 1092 2971 1156 ﬁdelium,
3007 1097 3072 1146 ut
3098 1093 3249 1147 ullus
3276 1092 3380 1147 hoc
3413 1092 3474 1146 de
3498 1092 3669 1147 Christo

469 1179 860 1264 tionedevicit,
882 1200 948 1250 ut
962 1191 1156 1247 omnia
1178 1186 1338 1242 nobis
1364 1182 1718 1239 adversantia
1738 1182 1795 1235 in
1823 1181 1919 1234 illo
1951 1195 2064 1235 uno
2147 1182 2356 1237 sentire
2384 1182 2536 1247 velit,
2564 1181 2725 1254 quasi
2756 1181 2971 1252 aliquid
2999 1181 3343 1252 ignoraverit
3368 1180 3501 1252 quod
3524 1179 3667 1244 ﬁebat,

468 1291 805 1356 moriantur;
819 1284 968 1357 unde
982 1280 1120 1336 abiit
1133 1278 1286 1332 solus
1302 1280 1360 1330 et
1369 1279 1511 1338 orat,
1527 1271 1791 1345 quoniam
1803 1270 1954 1326 solus
1966 1286 2066 1340 pro
2148 1272 2246 1343 qui
2273 1270 2481 1343 ubique
2501 1287 2616 1326 sem
2626 1287 2724 1342 per
2747 1276 2834 1326 est
2858 1275 3032 1325 totus.
3055 1271 3417 1341 Nequaquam
3438 1269 3584 1339 igitur
3597 1270 3672 1325 hoc

470 1379 729 1438 omnibus
742 1388 1012 1448 passurus
1027 1374 1166 1425 erat.
1185 1366 1325 1422 Orat
1332 1380 1464 1435 ergo
1476 1360 1649 1417 semel
1661 1366 1718 1415 et
1731 1359 1974 1414 secundo
1985 1364 2067 1413 at-
2147 1360 2419 1415 catholica
2445 1360 2643 1432 recipit
2660 1360 2801 1415 ﬁdes
2814 1404 2826 1416 .
2839 1359 3052 1414 Idcirco
3075 1358 3324 1430 quidam,
3339 1359 3478 1412 velut
3488 1357 3674 1428 quadam

470 1487 579 1544 que
593 1446 763 1523 tertio
777 1479 891 1519 non
906 1460 1114 1531 absque
1126 1451 1671 1544 mysterio.Pri_mum
1685 1449 2064 1544 utdiscamus,
2148 1449 2413 1504 commoti
2425 1449 2832 1504 sententiarum
2845 1447 3422 1520 repugnantia,conati
3432 1446 3674 1519 sunt.un

452 1572 761 1628 nunquam
771 1566 990 1607 cessare
1005 1547 1074 1601 ab
1088 1544 1364 1609 oratione,
1377 1539 1620 1595 maxime
1634 1538 1692 1592 in
1707 1538 1797 1593 die
1810 1535 2069 1592 certami-
2148 1538 2303 1611 prius
2331 1539 2542 1594 dictum
2564 1545 2667 1603 est,
2695 1540 2931 1593 dormite
2939 1541 3066 1607 jam
3080 1542 3130 1592 et
3160 1539 3484 1605 requiescite,
3500 1536 3568 1590 ita
3588 1551 3677 1606 pro-

469 1622 651 1716 nis,et
667 1646 726 1701 in
744 1650 999 1711 tempore
1017 1631 1416 1690 tribulationis.
1436 1630 1602 1685 Forte
1619 1628 1752 1700 quia
1763 1627 1962 1682 Petrus
1981 1632 2110 1716 ter_
2148 1627 2429 1684 nuntiare.
2461 1632 2732 1698 tanquam
2773 1624 3161 1697 exprobrantis
3209 1625 3285 1680 sit
3324 1640 3418 1679 vox
3444 1630 3496 1679 et
3532 1622 3676 1693 objur.

466 1711 775 1809 negaturus
786 1735 1044 1795 erat,non
1056 1724 1340 1780 hominem
1364 1728 1402 1786 ι
1431 1727 1467 1786 ι
1493 1728 1527 1786 Ι
1541 1724 1930 1785 9tantum,ut
1940 1716 2060 1789 qui-
2075 1712 2121 1772 B
2141 1717 2349 1786 gantis,
2375 1715 2557 1787 magis
2582 1732 2754 1788 quam
2777 1714 3156 1786 impetrantis.
3183 1713 3390 1768 Deinde
3409 1718 3469 1767 ut
3484 1711 3677 1767 absolute

468 1801 600 1906 dum
615 1818 931 1884 dicunt,sed
942 1816 1120 1871 Deum
1132 1805 2063 1881 etintegrumChristum.Quinimo
2146 1805 2452 1876 accipiatur
2474 1822 2573 1859 vox
2591 1804 2702 1858 ista
2719 1804 2841 1859 sine
2870 1804 2985 1858 ulla
3016 1802 3414 1857 contrarietate
3435 1801 3677 1872 impetum-

465 1899 555 1968 ter
582 1916 746 1984 rogat
776 1909 837 1964 in
865 1905 1120 1962 oratione
1149 1900 1469 1965 Dominum,
1495 1898 1627 1969 quia
1664 1896 1847 1952 tribus
1868 1894 2064 1950 diebus

465 1982 690 2056 futurus
709 2002 833 2054 erat
850 1996 909 2050 in
929 1993 1095 2049 corde
1107 1997 1291 2055 terra,
1314 2004 1416 2060 pro
1434 1985 1617 2042 salute
1646 1985 1820 2041 totius
1842 1982 2058 2047 mundi,

464 2081 530 2144 ut
555 2088 710 2161 prius
743 2083 1102 2141 exaudiretur
1125 2095 1296 2151 quam
1320 2076 1391 2130 ad
1423 2075 1642 2130 inferna
1677 2073 2058 2128 descenderet.

465 2178 611 2234 Hinc
645 2177 812 2241 forte,
843 2179 901 2228 et
936 2170 1146 2226 Paulus
1194 2174 1283 2222 ter
1334 2165 1636 2221 Dominum
1664 2167 1846 2233 rogat,
1888 2161 2065 2215 donec

464 2280 798 2338 responsum
832 2266 936 2329 est,
985 2258 1134 2331 quod
1171 2259 1350 2310 virtus
1398 2255 1731 2321 inﬁrmitate
1773 2252 2065 2320 perﬁcitur

468 2356 547 2426 (II
570 2356 788 2417 Gonni,
821 2348 896 2416 9).
929 2350 1094 2403 Patet
1132 2344 1308 2416 igitur
1335 2358 1552 2407 sensus,
1595 2340 1743 2412 quod
1779 2355 1893 2393 non
1945 2338 2065 2393 sine

466 2443 659 2515 magni
688 2439 941 2514 mysterii
959 2453 1127 2493 causa
1146 2434 1250 2490 sub
1273 2433 1377 2487 hoc
1389 2446 1625 2486 numero
1646 2428 1917 2484 Dominus
1941 2443 2061 2481 ora-

466 2514 628 2598 verit,
653 2532 748 2606 qui
774 2536 873 2585 aut
901 2527 1230 2593 continuare
1249 2539 1442 2596 preces
1470 2537 1600 2577 suas
1622 2523 1860 2592 poterat,
1886 2520 1985 2570 aut
2004 2514 2064 2568 in

465 2622 641 2679 semel
656 2599 990 2693 impetrare;
1014 2616 1113 2670 sed
1133 2614 1300 2670 tertio
1330 2616 1454 2667 orat
1475 2615 1537 2665 ut
1566 2625 1669 2664 nos
1697 2608 1913 2663 doceat.
1948 2605 2063 2659 Nos
2146 2612 2212 2662 ut
2226 2607 2331 2662 hoc
2349 2608 2511 2662 ﬁeret
2530 2605 2679 2678 quod
2705 2605 3136 2676 praemiserat,et
3153 2607 3293 2658 tunc
3315 2608 3437 2675 post
3454 2599 3683 2674 paululum

464 2718 654 2768 autem
695 2687 797 2783 pro
826 2707 1005 2763 tribus
1033 2720 1280 2769 oramus,
1314 2707 1379 2757 ut
1407 2700 1476 2754 de
1505 2696 1804 2772 praeteritis
1833 2702 1890 2750 et
1919 2710 2065 2783 praef
2148 2696 2351 2751 dixisse
2373 2714 2384 2749 :
2404 2697 2530 2751 Ecce
2542 2697 3008 2764 appropinquavit
3026 2694 3190 2748 hora.
3214 2694 3283 2747 Et
3312 2692 3432 2746 ideo
3451 2687 3686 2745 cumdicat

466 2775 721 2858 sentibus
737 2797 940 2870 eripiat
954 2794 1137 2860 malis,
1156 2792 1328 2848 etiam
1344 2796 1403 2845 et
1416 2790 1485 2844 de
1501 2786 1705 2842 tuturis
1746 2786 1814 2840 Et
1827 2800 1940 2838 non
1959 2782 2067 2836 nisi
2150 2791 2276 2857 post
2290 2785 2388 2839 illa
2407 2784 2608 2855 prioris
2637 2782 2772 2837 dicti
2790 2781 2973 2850 verba,
2998 2783 3229 2850 sufﬁcit,
3246 2786 3310 2836 ut
3329 2780 3605 2850 intelligere
3618 2775 3687 2829 de-

467 2891 540 2946 ad
567 2862 1202 2948 sanctam-Trinitatem,
1234 2880 1333 2951 qui
1382 2879 1531 2933 Deus
1577 2881 1664 2930 est
1714 2889 1881 2937 unus,
1914 2876 2067 2926 recte
2149 2873 2347 2929 bemus
2386 2872 2536 2945 quod
2586 2873 2666 2927 sic
2709 2871 2920 2926 dictum
2948 2877 3051 2935 est,
3093 2870 3259 2940 quasi
3286 2870 3502 2936 diceret,
3530 2862 3688 2922 sufﬁcit

469 2996 717 3043 oramus,
752 2975 848 3048 qui
877 2990 942 3029 ac
970 2972 1016 3027 εί
1040 2970 1209 3026 δεηίο
1229 2968 1301 3023 ad
1330 2983 1432 3022 n08
1453 2964 1807 3028 revertimur.
1842 2960 1975 3032 quia
2005 2960 2066 3014 in
2151 2964 2300 3035 quod
2331 2978 2508 3035 usque
2537 2977 2685 3017 nunc
2715 2959 2972 3016 dormitis
2996 2960 3086 3015 vel
3114 2959 3478 3031 requievistis.
3506 2953 3635 3021 Quod
3653 2951 3688 3006 si

468 3084 638 3124 carne
677 3071 735 3120 et
764 3045 973 3127 anima,
1008 3076 1074 3115 ac
1121 3056 1345 3130 spiritu,
1382 3054 1619 3108 vivimus
1649 3057 1707 3107 et
1750 3066 1967 3108 sumus.
2002 3049 2129 3129 Inc
2151 3053 2211 3108 in
2225 3052 2487 3108 Matthteo
2502 3051 2618 3105 haec
2630 3048 3101 3122 particulaposita
3115 3054 3289 3115 esset,
3303 3045 3688 3102 nullavideretur

471 3155 673 3228 quibus
698 3151 918 3225 quoties
935 3165 1064 3205 cum
1087 3128 1407 3218 gravamur,
1431 3158 1655 3213 semper
1672 3138 2068 3195 revertendum
2102 3128 2129 3129 ⁷7
2152 3141 2513 3212 ambiguitas.
2537 3155 2708 3211 quam
2730 3139 2854 3210 ipsa
2876 3137 3117 3192 brevitas
3139 3136 3417 3192 dictorum
3439 3128 3686 3206 generavit.

471 3226 559 3301 est
586 3242 657 3298 ad
680 3243 878 3305 Deum,
901 3244 965 3293 ut
989 3235 1326 3309 quandoque
1351 3248 1453 3305 per
1479 3232 1660 3286 Deum
1677 3235 1735 3284 et
1755 3229 1813 3282 in
1831 3229 1946 3282 Deo
1980 3243 2070 3282 re-
2156 3231 2282 3285 Ecce
2300 3233 2448 3285 venit
2478 3230 2633 3296 hora,
2658 3231 2888 3295 surgite,
2915 3242 3124 3280 eamus.
3149 3226 3454 3296 Postquam
3472 3237 3584 3292 ergo
3601 3226 3688 3273 ter-

473 3334 845 3405 quiescamus.
863 3326 972 3383 Sed
989 3332 1047 3380 et
1067 3324 1340 3379 Dominus
1360 3322 1419 3375 in
1439 3320 1544 3374 hoc
1564 3320 1716 3373 trino
1738 3316 2073 3372 visitationis
2154 3320 2233 3374 tio
2263 3319 2461 3385 oravit,
2494 3323 2559 3372 ut
2586 3317 2733 3371 sicut
2752 3318 2815 3370 in
2835 3332 2925 3369 ore
2947 3317 3191 3370 duorum
3219 3316 3307 3373 vel
3329 3317 3495 3367 trium
3521 3310 3691 3365 testium

473 3394 590 3478 sua:
606 3420 958 3476 sacramento
977 3414 1187 3470 trinam
1204 3413 1601 3485 prremonstrat
1622 3412 1911 3478 gestorum
1939 3421 2076 3476 prie-
2156 3412 2261 3463 stat
2306 3423 2464 3461 omne
2495 3407 2723 3460 verbum
2762 3403 2956 3478 (Matth
3008 3417 3161 3469 xvm,
3215 3403 3336 3474 l6);
3376 3402 3453 3456 ita
3476 3406 3529 3455 et
3556 3399 3605 3452 in
3626 3394 3692 3450 his

474 3510 889 3583 figurationem-
932 3502 1078 3569 Qllid
1105 3518 1237 3573 ergo
1267 3499 1436 3554 tertio
1472 3514 1567 3553 808
1616 3496 1857 3551 τενίεθΐθ
1887 3494 2070 3559 Vellet.
2155 3496 2336 3552 tribus
2348 3492 2850 3567 supplicationibus
2866 3492 3049 3548 omnis
3064 3492 3250 3547 oratio
3266 3497 3453 3547 nostra
3468 3499 3694 3543 commen-

472 3575 584 3656 nisii
612 3595 839 3669 aliquod
864 3590 1131 3663 magnum
1155 3590 1213 3643 in
1242 3605 1308 3642 e0
1335 3583 1757 3659 praeﬁgurata?
1778 3583 1923 3637 Nam
1958 3581 2075 3653 pri-
2157 3587 2341 3651 datur,
2362 3584 2494 3657 quia
2520 3584 2579 3638 in
2610 3583 2695 3637 his
2718 3582 2976 3654 precibus
2992 3581 3182 3636 omnia
3203 3580 3412 3636 donata
3428 3583 3547 3634 sunt
3567 3575 3694 3645 eipro

473 3705 652 3755 mum,
674 3662 741 3742 ut
763 3683 895 3748 dixi,
920 3662 991 3737 ad
1014 3696 1109 3736 eos
1128 3693 1404 3742 reversus,
1422 3674 1684 3746 objurgat
1706 3678 1763 3726 et
1787 3672 2071 3742 increpat;
2158 3674 2338 3738 nobis,
2367 3690 2492 3744 quae
2508 3671 2779 3744 poposcit,
2793 3671 2865 3726 Et,
2880 3671 3135 3740 ideojam
3154 3686 3386 3725 securus
3405 3667 3471 3722 de
3488 3662 3695 3737 passione

477 3750 721 3837 secundo
760 3779 942 3836 tacet;
972 3769 1143 3825 tertio
1187 3782 1338 3831 vero,
1374 3767 1627 3830 dormite,
1668 3761 1873 3832 inquit,
1913 3765 1965 3814 et
1997 3776 2078 3814 re-
2157 3781 2279 3827 sua,
2321 3762 2506 3834 pergit
2533 3760 2752 3816 obviam
2781 3758 3236 3831 persecutoribus
3269 3758 3384 3813 suis
3416 3750 3692 3825 intrepidus.

479 3861 1109 3940 quiescite.Futurorum
1126 3871 1258 3927 ergo
1280 3851 1504 3909 habitus
1520 3850 1579 3906 in
1595 3866 1660 3905 eo
1678 3852 2077 3921 praemonstra-
2163 3852 2327 3907 Vadit
2355 3850 2507 3906 enim
2535 3850 2825 3905 ultroneus
2842 3848 2915 3902 ad
2932 3847 3363 3914 immolandum,
3393 3851 3447 3900 et
3472 3857 3570 3898 non
3594 3836 3696 3893 invi-

477 3938 592 4024 tur,
625 3953 819 4028 quales
846 3949 953 4023 ipsi
971 3946 1341 4003 futurierant.
1356 3943 1503 3998 Nam
1532 3955 1661 3995 mox
1676 3943 1810 4028 post
1832 3952 2084 3992 resurre-
2162 3947 2274 3996 tus.
2300 3941 2367 3995 Et
2395 3940 2521 3995 ideo
2559 3940 2639 3994 ait
2668 3956 2683 3994 :
2724 3939 2967 4006 Surgite,
3000 3953 3210 3992 eamus.
3237 3938 3365 4008 Ipsa
3400 3940 3479 3989 est
3501 3939 3696 3998 namque

478 4014 744 4108 stionem,
777 4014 1058 4112 dispersos
1086 4051 1201 4100 eos,
1234 4049 1300 4087 ac
1330 4032 1571 4102 fugatos,
1600 4026 1919 4083 difﬁdentes
1942 4041 2081 4097 quo-
2164 4030 2322 4096 hora,
2344 4028 2414 4082 de
2433 4044 2548 4100 qua
2572 4042 2744 4099 supra
2761 4027 2882 4096 jam
2912 4024 3045 4093 dixi,
3079 4041 3113 4080 a
3142 4025 3344 4081 saeculo
3371 4028 3497 4079 nota
3523 4020 3634 4081 Deo,
3652 4014 3696 4068 in

496 4149 595 4204 que
626 4137 681 4185 et
706 4106 977 4200 trepidos,
1001 4120 1364 4195 reprehendit
1388 4126 1446 4174 et
1472 4119 1736 4189 objurgat.
1763 4135 1777 4183 ;
1811 4113 2077 4182 secundo,
2168 4118 2382 4192 Spiritu
2412 4122 2604 4173 sancto
2634 4132 2803 4187 quam
2818 4130 2965 4186 saepe
2983 4114 3366 4186 pronuntiata.
3386 4114 3493 4169 Ista
3508 4113 3582 4164 est
3597 4106 3703 4160 hora

485 4195 657 4275 misso
676 4195 889 4288 Spiritu
916 4218 1131 4277 sancto,
1165 4210 1348 4265 adhuc
1374 4213 1635 4279 gravatos
1654 4204 1867 4261 invenit
1890 4219 2086 4258 somno
2170 4225 2293 4280 quae
2322 4207 2575 4262 nondum
2603 4210 2745 4272 erat,
2776 4204 3000 4275 quando
3022 4204 3192 4258 matri
3219 4202 3567 4276 loquebatur:
3589 4195 3704 4251 Non-

485 4308 649 4382 legis,
680 4305 839 4375 cujus
894 4301 1135 4372 caligine
1174 4297 1318 4353 oculi
1366 4312 1561 4351 eorum
1587 4295 1987 4366 gravabantur,
2016 4299 2307 4382 nendum
2350 4298 2499 4351 venit
2528 4296 2666 4349 hora
2696 4309 2819 4348 mea
2849 4294 3026 4364 (Joan.
3059 4307 3122 4359 ιι,
3155 4294 3225 4360 4).
3258 4294 3328 4349 Et
3352 4306 3507 4356 nunc,
3534 4290 3589 4343 ut
3609 4295 3705 4337 eam

488 4397 809 4454 libertatem
837 4390 1035 4464 gratim
1048 4394 1105 4443 et
1122 4386 1436 4442 claritatem
1453 4383 1742 4453 Evangelii
1765 4382 1949 4438 videre
1964 4397 2088 4454 pos-
2107 4382 2153 4400 ν
2172 4400 2534 4457 recognoscas
2565 4383 2701 4439 dicit
2729 4398 2742 4434 :
2770 4383 2898 4437 Ecce
2926 4384 3077 4437 venit
3105 4382 3263 4449 hora,
3297 4383 3513 4449 surgite,
3538 4385 3703 4432 eamut,

488 4492 633 4544 sent.
678 4485 794 4541 Nec
818 4487 1011 4536 tamen
1037 4477 1177 4532 dure
1208 4490 1304 4529 eos
1333 4473 1586 4543 increpat
1614 4471 1929 4526 visitatione
1958 4486 2082 4537 sua,
2169 4491 2241 4530 ne
2274 4474 2579 4546 imparatos
2609 4488 2712 4527 nos
2752 4471 3019 4526 inveniat.
3060 4470 3196 4536 Quae
3224 4470 3481 4526 nimirum
3506 4479 3594 4520 vox
3619 4471 3706 4514 non

489 4576 668 4632 donec
688 4572 797 4645 ipsi
825 4567 1301 4642 expergiscantur,
1330 4578 1402 4618 ne
1427 4561 1592 4632 longe
1617 4560 1715 4615 diu
1736 4560 1875 4630 legis
1894 4576 2089 4615 amore
2170 4563 2391 4619 timoris
2419 4568 2523 4627 est,
2556 4577 2679 4633 qua;
2704 4565 2823 4615 tam
2855 4559 3112 4614 ultronea
3149 4557 3429 4630 discipulis
3454 4547 3706 4622 alloquitur

492 4632 1034 4733 detentiquasiiidei
1054 4670 1251 4710 somno
1272 4650 1453 4726 pressi
1472 4651 1764 4722 laetargum
1778 4649 2088 4721 patiantur.
2174 4659 2239 4709 ut
2256 4657 2510 4723 surgant,
2535 4667 2600 4706 ac
2619 4649 2667 4704 si
2693 4647 2984 4703 fortissimi
3003 4646 3320 4703 bellatores,
3348 4642 3566 4699 Videbat
3586 4632 3704 4693 enim

2185 4748 2225 4808 ι
2249 4749 2289 4807 ι
2303 4748 2363 4806 π
2376 4746 2418 4806 ι
2438 4740 2498 4794 in
2511 4738 2714 4811 spiritu
2730 4735 2844 4807 (ubi
2854 4737 2941 4792 vel
2951 4735 3086 4805 ubi),
3101 4737 3130 4791 J
3136 4736 3304 4790 udam
3312 4726 3706 4806 proditionissue

2176 4829 2455 4885 insaniam
2477 4827 2865 4892 meditantem,
2894 4822 3118 4880 videbat
3138 4841 3268 4880 eum
3286 4819 3702 4895 appmpinquare;

2178 4936 2293 4975 non
2316 4920 2446 4986 ﬁde,
2481 4932 2594 4972 non
2619 4915 2911 4972 charitatis
2930 4930 3145 4981 amore,
3164 4914 3260 4986 qui
3280 4931 3340 4970 se
3363 4904 3708 4979 elongavem“

2179 5010 2381 5075 salute,
2398 5007 2638 5081 peccatis
2654 5003 3008 5076 exigentibus
3022 5003 3158 5059 suis.
3175 4992 3622 5075 Appmpinquavit
3634 5000 3709 5042 au-

2146 1895 2237 1958 tis,
2260 1893 2504 1963 Surgite,
2536 1910 2747 1948 eamus.
2781 1892 2943 1957 Quod
2973 1892 3022 1947 si
3047 1892 3152 1947 hoc
3181 1908 3407 1947 necesse
3432 1896 3574 1955 esset,
3592 1906 3676 1943 me-

2145 1984 2255 2039 lius
2271 1990 2462 2039 tamen
2471 1982 2551 2037 sic
2569 1982 2820 2053 accipere
2842 1986 3150 2053 oporteret,
3184 1995 3354 2052 quam
3369 1979 3529 2034 autin
3547 1978 3673 2034 Evan-

2144 2072 2424 2143 gelistam,
2448 2077 2549 2126 aut
2573 2072 2633 2125 in
2654 2072 3000 2126 Salvatorem
3021 2070 3199 2124 ullam
3215 2069 3418 2124 inferre
3441 2067 3675 2138 repreheno

2146 2162 2383 2217 sionem.
2412 2162 2575 2215 Nunc
2598 2165 2788 2215 autem
2808 2160 2943 2231 quia
2961 2159 3183 2214 Marcus
3210 2157 3556 2227 Evangelista,
3583 2170 3674 2209 cum

2147 2251 2403 2306 dixisset:
2422 2252 2667 2305 Dormite
2674 2253 2801 2318 jam
2810 2254 2858 2303 et
2879 2250 3218 2318 requiescite,
3235 2246 3479 2318 subjecit,
3499 2245 3672 2311 sufﬁcit,

2147 2340 2349 2395 deinde
2370 2340 2583 2406 intulit,
2602 2341 2751 2394 venit
2780 2340 2938 2407 hora,
2963 2342 3022 2392 et
3044 2341 3250 2391 caetera
3265 2352 3386 2407 qua
3407 2338 3673 2405 sequuntur.

2146 2429 2254 2484 Ubi
2281 2429 2449 2484 datur
2484 2427 2742 2498 intelligi,
2776 2426 2926 2500 quod
2960 2431 3263 2497 postquam
3287 2424 3458 2480 dixit:
3490 2423 3679 2476 Dormito

2135 2522 2262 2588 jam
2289 2524 2338 2572 et
2370 2520 2703 2587 requiescite,
2734 2514 3147 2588 aliquantulum
3178 2515 3397 2569 siluisse
3419 2510 3680 2573 Dominum,

492 4751 681 4808 Tertio
708 4765 837 4804 vero
852 4748 975 4818 jam
993 4742 1308 4816 impetratis
1338 4739 1643 4797 omnibusa
1674 4738 1860 4806 Patre,
1885 4739 1943 4793 in
1968 4738 2092 4793 luce

440 4896 451 4898 ,
495 4836 768 4897 claritatis
788 4853 902 4891 suae
928 4850 1151 4890 securos
1181 4848 1277 4888 eos
1305 4830 1653 4904 requiescere
1671 4827 1853 4899 jubet,
1882 4832 1941 4882 et
1966 4828 2094 4881 hor-

495 4935 652 4985 tatur
679 4944 774 4982 eos
799 4940 994 4980 somno
1021 4922 1174 4995 pacis
1200 4920 1467 4987 dormire,
1495 4935 1565 4973 ne
1595 4917 1832 4973 ulterius
1855 4918 1977 4987 jam
2005 4916 2098 4970 ul-

496 5018 616 5075 lum
636 5016 923 5090 patiantur
936 5010 1286 5068 infidelitatis
1305 5009 1623 5064 discrimen.
1651 5005 1800 5072 Quia
1826 5005 2097 5076 impetra-

499 5117 623 5168 tum
637 5082 749 5165 ’θεῖ
773 5105 1031 5179 precibus
1058 5102 1384 5172 Salvatoris,
1415 5117 1486 5157 ne
1513 5117 1549 5155 a
1570 5100 1679 5155 ﬁde
1710 5098 1858 5154 ullus
1900 5114 2097 5155 eorum
2179 5105 2294 5155 tem
2326 5104 2391 5152 ut
2416 5096 2668 5152 traderet
2694 5110 2863 5166 quem
2889 5094 3010 5164 jam
3038 5092 3377 5148 vendiderat.
3406 5082 3708 5173 Fecititaqlle

501 5201 739 5255 deﬁcere
764 5163 969 5269 posset,
1006 5192 1156 5248 unde
1184 5192 1265 5246 ait
1291 5208 1306 5244 ε
1365 5163 1381 5172 1
2179 5190 2208 5244 ,Ι
2214 5188 2353 5244 udas
2380 5186 2528 5258 quod
2553 5163 2746 5240 omnes
2771 5163 2988 5237 faciunt
3014 5187 3464 5252 transgressores,
3481 5169 3566 5244 qui
3586 5163 3707 5239 [πίω

580 5260 819 5342 Dormiie
838 5260 964 5354 jani
1008 5287 1057 5336 et
1102 5283 1436 5349 requiescite,
1486 5294 1596 5333 ecce
1631 5278 2098 5347 appropinquavit
2182 5278 2430 5349 produnt
2477 5276 2689 5339 Jesum,
2750 5276 2947 5343 postea
2996 5270 3248 5334 tradunt,
3305 5267 3432 5341 quia
3474 5260 3704 5354 ρωθαιυξη

504 5376 727 5442 hora,et
741 5339 892 5443 ﬁlius
912 5373 1154 5426 hominis
1167 5339 1498 5422 tradetur-in
1510 5339 1715 5422 manus
1728 5339 2096 5437 peccatorum.
2182 5339 2309 5421 cum
2336 5339 2779 5421 consummatum
2806 5361 3002 5428 fuerit,
3042 5363 3265 5429 generat
3300 5339 3519 5411 mortem
3549 5339 3702 5417 (Jacob-

506 5464 617 5522 Sed
637 5481 702 5520 ex
730 5464 837 5518 hoc
862 5461 1102 5516 difﬁcilis
1131 5459 1313 5516 oritur
1336 5455 1588 5529 quaestio,
1619 5456 1751 5526 quia
1777 5471 1904 5512 cum
1925 5454 2099 5510 dixis-
2180 5462 2222 5513 ι,
2258 5445 2367 5516 15).

507 5558 594 5610 set
622 5571 634 5609 :
670 5552 914 5609 Dormite
929 5553 1056 5621 jam
1083 5554 1130 5604 et
1158 5509 1798 5617 requiegcite,icontinuo
1818 5509 2090 5616 adjecit:
2210 5509 2218 5513 Π
2250 5509 2446 5594 Adhuc
2468 5550 2525 5591 eo
2555 5535 2821 5603 loquente,
2853 5544 2965 5585 ecce
3000 5529 3174 5585 Iudae
3213 5540 3355 5584 unus
3390 5536 3450 5578 ea
3473 5509 3708 5574 duodecim
