3918 6166
227 277 294 336 91
307 280 341 338 3

934 277 1313 340 EXPOSITIO
1351 283 1431 341 IN
1467 279 1916 343 MA’I‘THEUM.
1953 319 2018 329 —
2058 287 2194 343 LIB.
2236 289 2358 356 ΧΠ,
2403 277 2561 347 CAP.
2601 293 2798 349 XXVI.

3399 286 3503 352 914

224 409 398 461 venit.
417 413 468 462 et
504 424 632 462 cum
651 425 710 463 eo
732 410 898 463 turba
919 412 1100 463 multa
1123 426 1248 464 cum
1265 410 1472 477 gladiis
1483 415 1531 463 et
1560 411 1823 478 fustibus,
1842 409 1968 470 Ain
1988 415 2179 466 monte
2193 414 2627 486 transﬁguratus
2654 418 2879 489 legitur.
2903 420 3083 485 Quam
3109 438 3245 476 sane
3266 421 3504 476 formam

226 512 294 550 ac
322 495 569 567 reliqua.
609 497 820 561 Quaerit
855 497 999 552 forte
1047 498 1248 568 aliquis
1293 514 1394 552 cur
1429 503 1548 552 tam
1595 498 1831 552 multam

225 585 494 640 miserint
521 585 746 640 turbam
775 603 901 640 cum
929 587 1131 656 gladiis
1159 593 1216 642 et
1243 587 1503 650 fustibus,
1522 592 1580 641 et
1605 586 1831 640 univer-

224 690 352 729 sam
373 674 661 729 cohortem
678 675 922 730 militum
939 677 1409 748 comprehendere
1420 677 1447 730 J
1453 692 1631 738 esum,
1655 675 1832 729 homi-

223 779 360 817 nem
381 763 861 835 simplicissimum
883 771 1052 836 atque
1083 766 1373 831 inermem,
1405 765 1500 835 qui
1525 764 1695 818 nullis
1720 764 1827 818 hu-

224 852 414 907 manis
443 852 778 908 fulciebatur
799 854 1092 925 praesidiis.
1107 856 1232 909 Non
1255 860 1439 926 potest
1462 854 1581 908 ﬁeri
1609 859 1672 908 ut
1698 859 1827 908 tan-

219 945 345 996 tam
372 941 493 996 sine
531 958 702 997 causa
729 943 1099 997 conduxerint
1139 943 1378 1014 plebem.
1406 943 1572 997 Forte
1600 947 1829 1014 propter

221 1031 651 1086 multitudinem
673 1032 768 1102 qui
782 1033 896 1099 iam
915 1033 1272 1086 crediderant
1290 1032 1349 1086 in
1369 1048 1497 1086 eum
1513 1048 1578 1085 ex
1597 1031 1822 1103 populo,

220 1119 492 1175 timentes
521 1136 592 1174 ne
630 1137 836 1192 magna
862 1121 1165 1175 multitudo
1201 1121 1548 1175 credentium
1585 1137 1714 1174 eum
1755 1121 1826 1174 de

221 1210 490 1264 manibus
521 1226 714 1264 eorum
741 1210 1082 1281 praeriperet.
1108 1211 1219 1264 Sed
1249 1227 1351 1280 ego
1382 1210 1618 1263 alteram
1640 1209 1826 1264 existi-

221 1315 318 1354 mo
339 1315 567 1353 causam
590 1300 967 1354 multitudinis
982 1305 1177 1353 contra
1188 1301 1216 1353 J
1221 1315 1378 1352 esum
1393 1299 1624 1353 venisse.
1637 1300 1820 1365 Forte,

221 1388 358 1459 quia
389 1387 666 1460 putabant
697 1389 924 1459 quidam
964 1405 1159 1442 eorum
1203 1391 1266 1441 in
1311 1389 1596 1442 Beelzebub
1637 1391 1826 1457 ejicere

219 1479 500 1532 dzmonia
516 1480 666 1546 (Luc.
692 1493 766 1543 x1,
797 1478 902 1546 15),
928 1478 1086 1550 quasi
1099 1495 1162 1532 ex
1181 1477 1513 1548 quibusdam
1539 1477 1824 1531 maleﬁciis

218 1568 474 1637 effugere
514 1583 694 1638 posse,
729 1573 794 1621 ut
839 1572 1068 1638 possent
1113 1583 1242 1620 eum
1291 1567 1563 1620 violenter
1591 1571 1819 1634 tenere;

1912 499 1992 553 sic
2022 500 2262 555 vicissim
2287 505 2641 575 temperabat
2666 513 2730 562 ut
2756 509 3058 581 unicuique
3082 516 3398 581 appareret,
3426 527 3508 564 se-

1913 589 2158 643 cundum
2188 592 2337 661 quod
2366 593 2552 647 fuerat
2581 595 2805 665 dignus,
2837 604 2894 652 et
2928 598 3046 670 ipse
3089 598 3349 669 expedire
3385 613 3509 669 pro-

1912 675 2097 752 babat.
2149 679 2302 733 Alias
2350 687 2558 748 autem,
2610 685 2745 754 quid
2787 685 2910 753 fuit,
2962 687 3110 758 quod
3159 688 3401 740 Joannes
3429 685 3510 740 ait

1916 766 2030 834 (cap
2105 781 2256 834 xvnl,
2309 767 2384 840 4),
2431 788 2556 826 cum
2601 773 2848 837 dixisset,
2907 775 3072 840 Quem
3119 778 3413 844 quaeritis?
3453 779 3510 829 et

1909 855 1990 908 illi
2034 857 2472 928 respondissent,
2519 863 2704 916 Jesum
2749 864 3109 918 Nazarenum
3160 864 3312 934 (quid
3341 869 3507 935 putas

1910 945 2090 1016 qualis
2121 951 2441 1019 quantaque
2488 949 2664 1004 virtus
2713 969 2779 1006 ex
2825 969 2891 1006 eo
2933 953 3187 1024 emicuit)
3234 953 3329 1023 qui
3378 969 3507 1007 cum

1909 1034 2155 1098 dixisset,
2186 1053 2278 1103 ego
2305 1054 2448 1101 sum,
2473 1055 2666 1094 omnes
2696 1040 2956 1096 abierunt
2984 1048 3039 1096 et
3066 1042 3388 1096 ceciderunt
3416 1059 3507 1096 re-

1908 1129 2175 1179 trorsum.
2200 1125 2345 1189 Quid
2377 1128 2550 1196 ergo?
2581 1129 2691 1182 Iste
2715 1133 2899 1184 terror
2927 1131 2985 1184 in
3012 1147 3144 1185 voce
3175 1130 3323 1185 fuit?
3352 1147 3425 1184 an
3445 1130 3505 1184 in

1907 1214 2101 1268 vultu?
2121 1230 2190 1268 an
2222 1215 2281 1268 in
2302 1216 2575 1286 utroque?
2594 1217 2804 1272 Tamen
2825 1219 2958 1290 quid
2982 1219 3168 1283 fuerit,
3187 1225 3242 1273 et
3266 1219 3504 1274 ubicun-

1909 1319 2034 1374 que,
2061 1304 2119 1357 in
2146 1320 2278 1357 voce
2307 1321 2378 1358 an
2407 1305 2466 1359 in
2496 1307 2672 1370 vultu,
2703 1324 2803 1361 seu
2834 1307 3291 1380 qualitercunque
3313 1309 3500 1375 fuerit,

1906 1392 2263 1447 manifestum
2295 1399 2381 1447 est
2410 1395 2545 1464 quia
2571 1395 2759 1449 divina
2787 1395 2965 1451 virtus
2994 1397 3052 1451 in
3083 1414 3147 1451 eo
3177 1398 3283 1451 fuit
3307 1416 3319 1463 ;
3362 1397 3507 1452 sicut

1906 1486 1963 1535 et
1989 1482 2046 1534 in
2072 1482 2282 1552 templo
2311 1483 2536 1552 quando
2565 1500 2761 1538 omnes
2791 1485 2974 1554 ejecit.
3018 1483 3261 1538 Decebat
3290 1492 3500 1550 tamen,

1906 1575 1971 1624 ut
1997 1571 2185 1625 osculo
2214 1571 2552 1638 traderetur,
2587 1573 2683 1642 qui
2717 1589 2847 1626 suos
2876 1573 3108 1643 diligere
3136 1573 3298 1643 jubet
3325 1573 3508 1626 inimi-

215 1656 485 1710 nonnulli
502 1672 630 1710 vero
653 1673 848 1711 eorum
874 1657 1172 1711 audierant
1195 1656 1341 1726 quod
1364 1656 1683 1727 aliquando,
1701 1673 1826 1710 cum
1846 1723 1886 1733 ﬁ
1910 1677 2021 1725 cos,
2048 1660 2129 1714 ita
2152 1665 2216 1714 ut
2236 1661 2506 1731 proditori
2523 1678 2644 1724 suo,
2670 1660 2728 1715 in
2751 1661 2871 1733 ipso
2897 1661 3216 1716 traditionis
3239 1678 3351 1716 suae
3376 1662 3509 1715 arti-

209 1746 337 1816 jam
371 1745 805 1816 praecipitandus
836 1752 985 1799 esset
1001 1747 1069 1800 de
1088 1723 1386 1816 supercilio
1409 1723 1634 1810 montis,
1654 1752 1711 1800 et
1737 1747 1826 1800 fu-
1846 1723 2052 1815 Bculo,
2107 1723 2258 1819 pacis
2303 1751 2551 1804 osculum
2602 1723 2715 1804 non
2772 1723 3020 1820 negaret.
3085 1751 3204 1815 Quo
3260 1750 3507 1822 profecto

211 1839 388 1904 gerat
413 1851 617 1889 manus
637 1835 953 1889 tenentium
984 1852 1062 1899 se,
1095 1834 1370 1905 putabant
1398 1851 1511 1888 non
1538 1835 1670 1905 fuga
1691 1835 1825 1888 sim-

213 1923 375 1996 plici,
400 1939 603 1978 manus
617 1923 928 1978 tenentium
941 1941 999 1978 se
1020 1924 1278 1987 evasisse,
1307 1924 1400 1978 sed
1416 1924 1553 1978 talia
1572 1924 1825 1994 quaedam

215 2020 383 2068 extra
411 2018 677 2068 naturam
706 2013 1010 2067 humanam
1058 2013 1326 2084 potuisse.
1375 2014 1552 2066 Multa
1599 2013 1825 2083 quidem

215 2102 414 2173 opinio
463 2103 534 2156 de
582 2118 646 2156 eo
675 2108 796 2156 erat
825 2103 883 2156 in
913 2103 1137 2173 populo.
1169 2102 1328 2157 Unde
1369 2107 1427 2156 et
1473 2103 1692 2156 Marcus
1747 2102 1828 2156 ait

213 2192 432 2245 dixisse
459 2190 666 2246 .ludam
699 2211 712 2246 :
748 2193 1133 2260 Quemcunque
1171 2195 1448 2246 osculatus
1494 2193 1670 2258 fuero,
1716 2195 1827 2260 ipse

212 2287 311 2346 est,
351 2286 528 2336 tenete
561 2297 685 2334 eum
717 2283 910 2345 (Marc.
943 2295 1054 2348 xiv,
1080 2281 1191 2348 44),
1233 2286 1290 2334 et
1319 2280 1618 2350 diligenter
1647 2280 1825 2334 abdu-

213 2371 350 2424 cite.
399 2370 644 2440 Maligne
687 2370 910 2440 quidem
960 2374 1018 2423 et
1049 2369 1332 2435 insidiose,
1363 2386 1488 2424 cum
1524 2371 1702 2424 multa
1731 2387 1822 2423 ca—

213 2458 444 2514 lumnia
470 2460 576 2514 hoc
595 2459 816 2513 videtur
839 2458 1060 2524 dixisse,
1082 2465 1350 2529 tanquam
1371 2459 1416 2513 si
1433 2458 1676 2513 diceret:
1703 2459 1823 2513 Nisi

213 2548 528 2618 diligenter
555 2548 1092 2619 comprehendentes
1109 2564 1174 2601 ac
1192 2553 1449 2602 tenentes
1478 2547 1822 2602 abduxeritis

1909 1837 2160 1908 exemplo
2188 1838 2456 1892 docemur
2482 1839 2792 1892 evidentius
2821 1839 3076 1892 inimicos
3121 1838 3374 1909 diligere,
3404 1856 3508 1911 pa-

1909 1926 2099 1996 cisque
2127 1927 2317 1980 oscula
2343 1943 2457 1982 non
2482 1944 2706 1997 negare,
2732 1944 2912 1998 neque
2942 1928 3068 1981 ﬁcte
3086 1928 3225 1981 tales
3247 1927 3502 1997 diligere.

1908 2017 2034 2070 Non
2059 2016 2209 2070 enim
2240 2022 2512 2086 quantum
2542 2033 2606 2069 ex
2638 2016 2758 2087 ipso
2784 2017 2904 2081 fuit,
2929 2021 3028 2071 aut
3056 2017 3182 2070 ﬁcte
3212 2033 3340 2070 eum
3369 2016 3506 2070 ami-

1909 2122 2037 2159 cum
2061 2111 2236 2170 vocat,
2269 2111 2368 2159 aut
2397 2105 2456 2159 in
2483 2106 2611 2159 dolo
2641 2105 2712 2171 ei,
2744 2106 2831 2158 vel
2866 2104 3224 2159 simulatione
3253 2105 3507 2160 osculum

1909 2193 2163 2264 porrigit.
2204 2193 2365 2247 Unde
2407 2198 2464 2247 et
2501 2194 2663 2264 juxta
2704 2193 2914 2248 Lucam
2957 2194 3077 2248 ait:
3109 2195 3273 2250 Juda.
3325 2197 3505 2248 osculo

1907 2285 2091 2350 ﬁlium
2123 2284 2365 2336 hominis
2393 2284 2569 2336 tradis
2596 2284 2739 2346 (Luc.
2772 2298 2886 2349 xxn,
2907 2283 3003 2352 4)?
3032 2283 3208 2337 Multa
3228 2281 3506 2354 siquidem

1906 2371 2344 2441 interrogatione
2360 2376 2417 2424 et
2445 2371 2646 2424 affectu
2675 2370 2751 2441 pii
2776 2370 2983 2425 amoris
3005 2371 3064 2425 in
3091 2388 3157 2425 eo
3183 2375 3502 2442 exaggerat,

1907 2460 2182 2531 culpando
2203 2461 2290 2514 vel
2307 2460 2670 2531 increpando.
2697 2460 2868 2516 Multa
2896 2460 3108 2514 doloris
3130 2465 3186 2514 et
3215 2453 3423 2515 amaris
3446 2459 3505 2515 in

1905 2565 1970 2601 eo
1988 2548 2268 2619 proponit,
2301 2549 2451 2602 unde
2480 2541 2585 2602 etsi
2609 2548 3008 2619 interrogative
3037 2565 3164 2603 cum
3186 2549 3336 2602 omni
3368 2565 3504 2619 gra-

213 2654 376 2705 eum,
408 2643 466 2691 et
492 2637 888 2699 custodieritis,
921 2637 1040 2707 ipse
1061 2653 1188 2690 cum
1211 2636 1466 2698 voluerit,
1482 2636 1823 2708 quibuslibet
1903 2637 2074 2690 vitate
2091 2637 2387 2708 legendum
2415 2644 2449 2701 |
2479 2644 2513 2702 Ι
2532 2642 2656 2703 23
2671 2641 2775 2702 est,
2800 2653 2864 2690 ac
2879 2637 2926 2691 si
2947 2637 3265 2708 plangentis
3277 2638 3498 2706 affectu;

211 2724 458 2791 artibus,
489 2724 739 2796 qualibet
763 2725 987 2789 virtute,
1013 2725 1292 2795 etfugieta
1319 2725 1494 2779 vobis.
1528 2724 1628 2778 His
1650 2725 1825 2795 igitur
1902 2727 2144 2780 maxime
2166 2726 2296 2797 quia
2317 2726 2493 2780 ﬁlium
2511 2725 2758 2781 hominis
2785 2743 2845 2780 se
2876 2731 3063 2794 vocat;
3097 2743 3162 2780 ac
3189 2727 3237 2780 si
3266 2725 3497 2795 diceret,

211 2821 274 2869 et
318 2814 644 2885 hujusmodi
694 2813 1009 2876 calumniis,
1041 2815 1349 2868 secundum
1398 2814 1818 2885 persuasionem
1904 2816 2045 2870 Cum
2064 2831 2245 2868 essem
2287 2814 2460 2869 Filius
2488 2815 2609 2880 Dei,
2643 2821 2874 2886 propter
2899 2820 2954 2869 te
2983 2815 3163 2870 factus
3193 2832 3319 2870 sum
3349 2816 3498 2870 filius

209 2903 397 2968 Judae,
424 2903 585 2973 quasi
601 2919 712 2956 non
733 2902 792 2957 in
814 2919 916 2957 sua
937 2903 1319 2963 divinitate,et
1338 2903 1557 2974 paterni
1576 2902 1820 2956 nominis
1902 2903 2165 2958 hominis.
2195 2903 2240 2958 Ο
2273 2903 2381 2974 pie,
2413 2921 2445 2958 o
2465 2903 2845 2958 infelicissime
2871 2904 2882 2951 ι
2910 2904 3044 2975 quid
3073 2908 3176 2969 est,
3212 2905 3359 2976 quod
3377 2905 3499 2960 Sal-

209 2991 524 3057 consortio,
547 2991 654 3046 ista
675 2997 886 3062 ageret,
920 2993 1003 3047 vel
1034 2993 1142 3046 alia
1172 2993 1506 3063 quamplura
1532 3009 1654 3062 qua:
1681 2993 1822 3046 fece-
1901 3000 2148 3048 vatorcm
2167 2993 2513 3064 tuum,quod
2528 2993 2981 3065 Redemptorem,
2998 2993 3146 3064 quod
3168 2994 3500 3064 Magistrum

210 3088 328 3138 rat.
370 3083 474 3136 Vel
517 3086 811 3135 armantur
840 3081 1200 3136 multitudine
1229 3081 1494 3147 militum,
1527 3086 1822 3135 armantur
1837 3082 1880 3141 C
1904 3087 1960 3137 et
1982 3083 2282 3137 Dominum
2301 3089 2420 3137 tam
2440 3082 2704 3137 vilissime
2724 3083 2937 3137 tradis?
2956 3085 3073 3136 Hoc
3094 3083 3300 3155 quippe
3321 3083 3499 3138 tradis

207 3172 425 3244 gladiis
442 3175 502 3225 et
513 3171 769 3236 fustibus,
784 3177 1078 3225 armantur
1097 3171 1223 3225 dolo
1239 3177 1296 3225 et
1319 3171 1512 3225 fraude
1532 3171 1590 3225 in
1609 3172 1815 3237 osculo,

208 3279 288 3317 ne
309 3261 428 3316 ullo
454 3265 615 3331 pacto
636 3259 861 3314 virtutis
883 3261 1060 3330 possit
1073 3260 1325 3314 evadere.
1345 3261 1504 3314 Unde
1524 3261 1779 3331 sequitur
1803 3279 1816 3314 :

210 3352 325 3418 Qui
350 3355 543 3403 autem
571 3351 804 3402 tradidit
834 3352 909 3403 eis
937 3352 1160 3415 signum
1189 3351 1372 3402 dicens
1397 3368 1412 3402 :
1437 3351 1820 3417 Quemcunque

209 3441 499 3494 osculatus
519 3439 676 3505 fuero
703 3440 813 3505 ipse
841 3443 934 3500 est,
971 3443 1137 3490 tenete
1159 3454 1302 3491 eum.
1334 3439 1379 3492 Ο
1418 3437 1590 3500 fraus,
1625 3454 1656 3490 ο
1680 3436 1817 3490 insi-

207 3528 344 3594 diae,
380 3544 415 3580 o
443 3527 558 3580 doli
590 3525 892 3580 calliditas!
923 3527 1016 3596 qui
1047 3543 1147 3597 per
1174 3526 1422 3596 singulas
1459 3525 1728 3588 civitates,
1762 3531 1819 3579 et

207 3618 384 3680 vicos,
425 3621 480 3668 et
509 3631 823 3685 synagogas
855 3615 1252 3684 praedicaverat
1293 3621 1330 3680 Ι
1359 3621 1535 3680 [22
1551 3616 1667 3685 jam
1698 3615 1812 3680 diu,

209 3706 293 3760 ita
323 3710 392 3759 ut
421 3705 574 3758 fama
603 3704 723 3773 ejus
755 3703 931 3757 exiret
960 3704 1019 3756 in
1049 3720 1271 3757 omnem
1303 3703 1610 3774 regionem,
1640 3703 1817 3757 virtu-

209 3801 418 3865 tesque
445 3793 650 3847 multas
678 3793 735 3846 in
782 3793 985 3863 populo
1016 3792 1241 3856 fecerat,
1275 3793 1333 3845 in
1359 3793 1570 3863 templo
1599 3809 1819 3864 quoque

212 3898 389 3952 quam
437 3896 586 3950 saepe
631 3896 820 3934 coram
865 3878 1126 3933 omnibus
1166 3880 1450 3940 docuerat,
1480 3881 1628 3934 unde
1659 3885 1714 3934 et
1760 3879 1819 3933 in

206 3970 416 4025 Iudaea
445 3968 826 4022 habitantibus
846 3969 1150 4022 secundum
1177 3969 1375 4022 faciem
1401 3985 1542 4038 pene
1557 3968 1818 4023 omnibus

207 4059 549 4114 manifestus
571 4063 709 4122 erat,
736 4058 869 4129 quid
891 4058 1142 4128 estquod
1165 4063 1279 4112 tam
1306 4059 1604 4129 diligenter
1622 4058 1720 4112 dat
1739 4059 1818 4113 eis

208 4148 443 4225 signum
465 4147 491 4199 Τ
541 4148 608 4202 Et
650 4164 759 4201 non
791 4147 1162 4218 quodcunque
1192 4147 1435 4217 signum,
1469 4148 1564 4202 sed
1596 4148 1816 4218 signum

210 4237 390 4310 pacis,
423 4237 646 4306 signum
675 4236 982 4291 concordiae
1023 4242 1080 4290 et
1106 4237 1416 4301 charitatis,
1445 4236 1648 4307 quibus
1675 4237 1810 4308 ipse,

212 4328 350 4398 quia
369 4333 541 4380 notus
571 4331 710 4389 erat,
745 4327 837 4396 qui
867 4332 1154 4388 venerant,
1179 4326 1298 4380 sine
1317 4327 1477 4396 signo
1495 4327 1638 4380 forte
1663 4334 1815 4398 pote-

1903 3169 2051 3240 quod
2071 3174 2300 3240 propter
2325 3173 2382 3223 te
2404 3168 2624 3239 suscepi
2649 3186 2660 3233 ;
2694 3173 2752 3222 et
2767 3185 2876 3222 non
2897 3168 3379 3239 qualitercunque,
3402 3169 3501 3224 sed

1904 3259 2092 3312 osculo
2118 3274 2208 3311 me
2235 3258 2436 3323 tradis,
2475 3258 2620 3329 quod
2652 3263 2737 3312 est
2765 3258 2989 3328 signum
3011 3259 3236 3321 amoris,
3273 3264 3330 3312 et
3359 3257 3502 3312 indi-

1904 3347 2051 3401 cium
2085 3363 2226 3402 verae
2254 3347 2589 3402 dilectionis.
2620 3346 2828 3416 Pignus
2849 3347 3014 3401 offers
3044 3363 3185 3402 verae
3212 3346 3382 3422 pacis,
3400 3348 3498 3402 sed

1899 3436 2100 3490 vulnus
2130 3435 2316 3506 inﬁgis
2343 3442 2398 3489 et
2422 3451 2695 3489 venenum
2723 3435 3016 3506 serpentis.
3047 3437 3177 3490 Haec
3198 3436 3403 3498 omnia.
3434 3442 3500 3492 ut

1899 3525 2034 3591 dixi,
2065 3531 2122 3578 et
2146 3524 2257 3578 alia
2286 3541 2455 3595 quam
2492 3525 2670 3594 plura,
2716 3540 2816 3594 per
2842 3525 3341 3595 interrogationem
3373 3543 3499 3597 pro-

1900 3613 2214 3668 nuntianda
2246 3617 2394 3672 sunt,
2431 3613 2590 3684 quasi
2618 3613 2860 3666 amantis
2900 3620 2956 3667 et
3003 3614 3242 3668 dolentis
3268 3615 3491 3669 affectu.

1903 3703 2178 3766 Quoniam
2219 3702 2296 3755 ita
2325 3701 2534 3755 dictum
2578 3700 2812 3767 videtur,
2847 3707 2911 3756 ut
2948 3708 3004 3755 et
3027 3702 3304 3772 correptio
3334 3708 3496 3757 sonet

1901 3791 1956 3845 in
1991 3808 2138 3857 voce,
2171 3796 2227 3845 et
2254 3791 2483 3844 allectus
2512 3790 2722 3844 amoris
2751 3807 2815 3844 ac
2845 3791 3100 3845 maeroris
3144 3791 3495 3862 intelligatur

1901 3880 1959 3934 in
1985 3886 2190 3934 mente.
2225 3881 2368 3934 Nam
2398 3885 2456 3934 et
2495 3895 2666 3950 supra
2712 3896 2858 3933 unus
2896 3897 2961 3933 ex
3001 3881 3292 3934 duodecim
3322 3880 3494 3935 fuisse

1899 3975 2388 4034 commemoratur,
2422 3973 2488 4022 ut
2515 3969 2754 4039 amplius
2784 3969 3023 4023 inculcet
3049 3970 3270 4040 culpam
3302 3969 3493 4041 prodi-

1899 4060 2056 4124 toris,
2090 4067 2146 4112 et
2176 4058 2468 4130 prophetia
2495 4058 2550 4111 in
2582 4075 2646 4111 eo
2670 4059 2947 4128 completa
2973 4058 3295 4130 diligentius
3313 4058 3494 4112 decla-

1901 4154 2060 4203 retur
2107 4165 2229 4219 quae
2266 4147 2400 4202 dicit
2445 4163 2510 4201 ex
2550 4163 2790 4218 persona
2836 4146 3056 4201 Domini
3091 4166 3101 4200 :
3137 4149 3305 4203 Homo
3337 4150 3492 4218 pacis

1900 4254 2045 4300 mea,
2070 4239 2169 4305 qui
2197 4235 2384 4290 edebat
2409 4252 2579 4304 panes
2609 4252 2768 4298 meos,
2789 4238 3080 4304 ampliavit
3103 4237 3393 4290 adversum
3408 4252 3492 4290 me

1897 4328 2398 4395 supplantationem
2430 4326 2591 4392 (Psal.
2625 4339 2712 4390 XL,
2747 4320 2848 4394 10).

211 4422 344 4470 rant
357 4415 834 4485 comprehendere
851 4431 1000 4469 eum.
1028 4414 1170 4468 Nam
1193 4415 1324 4484 quia
1344 4415 1670 4470 manifestus
1693 4421 1817 4470 erat
1835 4404 1882 4462 D
1972 4416 2081 4482 Qui
2093 4415 2377 4481 confestim
2397 4414 2650 4467 accedens
2668 4415 2742 4467 ad
2753 4415 2938 4468 Jesum
2953 4415 3095 4467 dixit
3115 4440 3130 4469 .-
3157 4416 3280 4480 Ave,
3305 4417 3489 4482 Rabbi,

212 4506 313 4570 eis,
352 4504 603 4558 ostendit
631 4505 750 4575 ipse
779 4505 969 4558 dicens
993 4523 1003 4558 :
1037 4507 1204 4572 Quasi
1231 4508 1305 4559 ad
1331 4508 1602 4560 latronem
1632 4509 1818 4562 existis

212 4612 341 4648 cum
369 4594 580 4661 gladiis
599 4600 648 4647 et
677 4596 915 4660 fustibus
943 4595 1390 4662 comprehendere
1419 4611 1520 4657 me,
1545 4611 1670 4649 cum
1683 4613 1816 4663 quo-

215 4685 350 4737 tidie
393 4685 455 4736 in
507 4685 704 4751 templo
750 4684 1022 4736 vobiscum
1071 4685 1336 4748 sedebam,
1381 4685 1590 4747 docens,
1625 4688 1672 4737 et
1704 4701 1814 4738 non

215 4774 478 4826 tenuistis
526 4787 630 4824 me.
677 4771 950 4825 Similiter
995 4777 1054 4825 et
1095 4773 1336 4825 Joannes
1366 4772 1537 4826 refert
1563 4773 1765 4826 dixisse
1799 4791 1810 4826 :

211 4862 325 4927 Ego
350 4863 546 4928 palam
573 4862 783 4913 locutus
804 4877 929 4913 sum
960 4862 1090 4913 huic
1110 4863 1338 4928 mundo,
1375 4878 1466 4929 ego
1494 4879 1702 4930 semper
1729 4864 1819 4915 do-

211 4952 309 5003 cui
338 4952 404 5002 in
427 4963 708 5015 synagoga
731 4953 778 5001 et
805 4950 863 5001 in
901 4952 1115 5016 templo,
1146 4951 1242 5001 ubi
1257 4951 1436 5003 Judaei
1457 4957 1821 5006 convenerant

213 5040 404 5104 (Joan.
437 5051 590 5101 xvm,
623 5035 709 5104 20)
766 5037 833 5091 Et
861 5037 984 5091 ideo
1015 5037 1147 5108 quia
1175 5042 1292 5091 tam
1343 5038 1672 5093 manifestus
1701 5045 1824 5095 erat

216 5127 506 5191 omnibus,
526 5125 741 5180 nonabs
755 5143 815 5180 re
826 5126 1284 5181 arbitrorfactum
1302 5129 1450 5198 quod
1472 5129 1642 5182 osculi
1661 5129 1821 5199 signo

216 5216 490 5270 traditur.
505 5216 664 5270 Unde
679 5216 1038 5270 veravidetur
1059 5217 1155 5270 illa
1175 5215 1422 5282 traditio,
1439 5218 1507 5270 de
1521 5235 1632 5288 qua
1652 5235 1824 5288 supra

211 5305 340 5375 jam
362 5302 596 5357 memini
622 5320 711 5357 me
729 5303 950 5368 dixisse,
977 5304 1109 5374 quia
1141 5309 1265 5357 erat
1284 5303 1342 5357 in
1366 5303 1502 5358 facie
1532 5306 1558 5358 J
1565 5321 1665 5358 esu
1689 5321 1821 5359 non-

217 5407 516 5462 nunquam
537 5391 790 5461 quaedam
812 5391 1120 5446 divinitatis
1145 5393 1268 5462 ejus
1292 5392 1631 5463 conspersio,
1657 5393 1736 5446 ita
1763 5399 1827 5447 ut

219 5480 353 5534 duae
364 5479 562 5534 formae
576 5480 632 5534 in
655 5496 720 5534 eo
741 5480 979 5535 vicissim
999 5487 1357 5552 apparerent.
1377 5497 1491 5535 una
1515 5483 1822 5537 secundum

219 5583 400 5642 quam
428 5584 624 5625 omnes
642 5585 772 5626 eum
800 5569 1079 5639 videbant,
1111 5571 1289 5626 altera
1319 5571 1626 5628 secundum
1658 5589 1825 5645 quam

1900 4509 1947 4558 et
1991 4507 2263 4557 osculatus
2310 4509 2384 4557 est
2412 4519 2556 4556 eum.
2608 4502 2756 4556 Proh
2793 4502 2987 4555 dolor!
3037 4502 3218 4557 adhuc
3241 4519 3301 4557 se
3325 4505 3492 4576 lupus

1899 4593 2081 4648 celare
2097 4593 2233 4659 vult,
2258 4598 2314 4646 et
2333 4593 2458 4646 ideo
2479 4608 2608 4646 eum
2626 4591 2868 4662 primum
2887 4591 3114 4656 salutat,
3145 4592 3304 4664 quasi
3325 4593 3490 4665 pudi-

1899 4682 2030 4736 citia
2049 4698 2291 4753 pressus.
2318 4683 2431 4736 Nec
2449 4686 2637 4734 tamen
2668 4696 2796 4734 eum
2827 4680 3126 4735 Dominum
3151 4687 3326 4747 vocat,
3351 4682 3496 4740 sicut

1898 4772 2072 4825 necin
2095 4788 2276 4838 cmna;
2303 4771 2397 4841 qui
2421 4787 2532 4824 non
2557 4786 2687 4823 eum
2715 4769 3010 4824 sinceriter
3033 4775 3260 4826 secutus
3288 4773 3488 4839 fuerat,

1901 4877 2068 4931 quem
2089 4877 2190 4914 nec
2204 4862 2383 4915 Deum
2412 4858 2692 4924 credebat,
2721 4875 2824 4912 nec
2851 4858 3024 4914 alium
3045 4877 3175 4915 eum
3203 4862 3494 4917 existima-

1904 4949 2000 5004 bat
2055 4966 2221 5021 quam
2274 4965 2450 5004 unum
2502 4965 2568 5002 ex
2616 4947 2822 5003 Scribis
2863 4954 2921 5002 et
2970 4949 3284 5006 Pharismis.
3334 4951 3494 5006 Unde

1904 5040 2094 5102 etiam,
2129 5039 2276 5110 quod
2320 5037 2558 5109 nequius
2597 5044 2697 5101 est,
2733 5037 2962 5109 magicis
3001 5039 3216 5093 artibus
3262 5038 3496 5111 putabat

1905 5145 1970 5181 eu
1980 5145 2032 5181 m
2045 5144 2231 5196 agere,
2260 5133 2317 5181 et
2327 5127 2451 5181 ideo
2462 5132 2577 5180 tam
2591 5127 2717 5182 ﬁcte
2747 5127 2804 5181 in
2816 5127 3091 5191 omnibus,
3112 5134 3278 5198 atque
3296 5127 3496 5182 callide

1905 5217 2064 5270 illum
2119 5233 2182 5269 ac
2237 5215 2284 5269 si
2336 5215 2667 5281 vilissimum
2717 5215 3094 5286 pertractabat
3133 5216 3492 5288 mancipium.

1907 5306 2009 5361 Cui
2039 5305 2314 5360 Dominus
2337 5324 2348 5359 ε
2373 5307 2574 5370 Amice,
2598 5306 2670 5358 ad
2685 5307 2820 5374 quid
2839 5309 3038 5360 venisti
3053 5312 3075 5358 ?
3089 5305 3345 5360 Amicum
3368 5324 3498 5362 eum

1908 5400 2087 5460 vocat,
2109 5394 2252 5450 forte
2281 5411 2380 5466 per
2407 5393 2777 5465 antiphrasin,
2811 5395 2971 5465 quasi
2999 5394 3238 5450 amicum
3271 5395 3498 5452 nomine

1909 5489 1965 5538 et
1991 5500 2104 5539 non
2135 5484 2376 5539 amicum
2405 5500 2504 5555 per
2532 5483 2933 5555 Operationem.
2971 5484 3178 5538 Verum
3222 5492 3498 5556 quantum

1908 5591 1974 5630 ex
2003 5573 2203 5648 seipso,
2240 5573 2290 5629 ei
2315 5572 2527 5630 amicus
2563 5578 2686 5628 erat
2725 5572 2998 5642 Christus,
3032 5589 3201 5645 quem
3234 5572 3498 5644 diligebat
