3918 6166
421 261 527 321 915
1170 265 1228 322 S.
1268 265 1648 324 PASCHASII
1686 268 2047 327 RADBERTI
2083 267 2391 329 ABBATIS
2427 265 2927 327 CORBEIENSIS.
3546 273 3630 331 916

422 387 594 443 etiam
633 389 945 446 inimicum.
971 391 1261 456 Quomodo
1292 406 1425 460 ergo
1458 403 1570 443 non
1599 391 1749 442 recte
1787 392 2084 452 vocaturA
2101 389 2271 444 etiam
2320 388 2542 454 altiora,
2591 387 2760 442 simul
2807 402 3002 442 omnes
3042 387 3245 456 collati,
3271 393 3633 450 commendant.

419 478 653 543 amicus,
681 481 883 535 saltem
912 498 976 535 ex
994 482 1225 551 antiquo
1246 479 1473 534 nomine
1495 482 1551 531 et
1564 493 1857 543 consensu,
1879 479 2016 534 dum
2098 478 2351 550 Denique
2381 478 2528 549 quod
2556 478 2736 532 Lucas
2781 476 2861 533 ait
2893 495 2908 533 :
2972 478 3207 532 Videntes
3258 483 3352 549 qui
3396 484 3527 536 circa
3566 488 3638 554 ip-

418 567 644 623 dicatur
668 568 725 623 in
754 570 968 640 psalmo
1000 590 1012 623 :
1053 572 1129 624 Tu
1152 585 1274 622 vero
1303 569 1594 622 unanimis
1640 569 1756 621 dus:
1788 584 1937 622 meus
1968 573 2017 622 et
2098 584 2223 623 sum
2260 574 2301 633 ι
2328 572 2505 634 ιπε
2525 572 2687 620 erant
2711 568 2855 635 quod
2869 568 3133 634 futurum
3153 573 3293 629 erat,
3317 571 3606 626 ἀίειν-απισί
3624 594 3636 627 :

422 663 584 712 notus
596 674 765 724 meus,
783 662 880 728 qui
888 661 1060 711 simul
1080 673 1287 711 mecum
1307 658 1487 710 dulces
1509 658 1755 725 cupiebas
1767 657 1929 722 cibos,
1950 660 2015 712 in
2102 659 2349 720 Domine,
2372 657 2422 709 si
2435 657 2778 725 percutimus
2798 657 2860 708 in
2875 657 3061 722 gladio
3083 662 3106 708 ν
3120 656 3267 722 (Luc.
3298 670 3425 724 xxn,
3452 657 3639 728 49,51.)

422 747 1100 801 domoDeiambulavimus
1113 762 1238 800 eum
1250 744 1924 813 consensu(Psat.LIv,14,i
1939 746 2011 815 5).
2097 746 2371 816 Majorem
2398 742 2559 799 nobis
2585 743 2950 814 quaestionem
2992 749 3246 814 generat,
3279 746 3500 802 maxime
3523 751 3643 820 quod

424 835 572 905 Ergo
590 835 932 889 unanimitas
944 840 1001 888 et
1013 850 1316 888 consensus
1329 850 1474 888 unus
1493 833 1617 900 fuit,
1632 849 1743 888 non
1764 834 2016 889 immeri-
2098 834 2394 889 audierant
2431 833 2783 904 respondisse
2812 832 3135 900 Dominum,
3165 834 3343 890 Sinite
3367 852 3519 906 usque
3541 840 3641 894 huc.

422 927 501 989 to,
522 922 1168 993 etsiexpriorivocabulo
1180 923 1393 977 amicus
1412 923 1744 994 appellatur,
1767 940 1880 978 non
1892 925 2017 978 ﬁcte
2098 923 2205 978 Ubi
2234 939 2479 995 praesens
2522 921 2883 992 Evangelium
2915 928 3113 976 narrat
3160 922 3363 978 dixisse
3391 925 3645 983 Dominum

423 1011 671 1081 quidem,
703 1012 799 1064 sed
827 1028 892 1065 ex
921 1013 1157 1066 veritate
1184 1012 1401 1083 antiqui
1425 1012 1687 1067 nominis.
1713 1013 1840 1067 Non
1867 1013 2015 1067 enim
2098 1013 2266 1067 Petro
2291 1030 2302 1065 :
2329 1013 2584 1067 Converte
2611 1012 2865 1079 gladium
2896 1017 3057 1065 tuum
3088 1014 3148 1066 in
3178 1015 3357 1067 locum
3375 1030 3542 1081 suum,
3562 1022 3645 1072 etc.

422 1099 688 1154 simulare
732 1117 835 1155 nos
862 1101 1041 1165 docet,
1074 1101 1169 1156 sed
1200 1101 1616 1173 simplicitatem
1651 1118 1812 1156 suam
1856 1102 2017 1157 nobis

422 1187 689 1254 insinuat,
717 1206 788 1243 ne
805 1189 946 1244 forte
977 1190 1321 1261 proditorem
1342 1206 1507 1244 suum
1538 1190 1793 1261 refugere
1810 1192 2018 1246 videre-

419 1281 535 1344 tur,
569 1277 665 1347 qui
697 1277 856 1331 nobis
887 1278 1057 1333 etiam
1100 1278 1355 1333 inimicos
1392 1278 1623 1349 diligere
1648 1279 1829 1351 jubet.
1858 1281 2017 1335 Unde

423 1365 471 1419 si
505 1366 734 1420 vulnera
754 1367 926 1431 Petri,
954 1385 989 1419 a
1008 1366 1209 1438 quibus
1228 1367 1467 1422 Domino
1486 1367 1808 1441 increpatur
1834 1370 2016 1424 consi-
2099 1366 2193 1433 rit,
2212 1371 2270 1420 et
2286 1364 2562 1438 placuerit
2583 1365 2820 1420 Domino
2838 1382 3017 1437 usque
3046 1366 3174 1432 huc,
3203 1366 3309 1422 hoc
3335 1367 3531 1423 factum
3552 1375 3650 1424 tan-

423 1454 607 1521 deras,
640 1461 696 1509 et
725 1456 977 1510 osculum
1006 1455 1456 1528 Judse,probabis
1477 1457 1609 1527 quia
1637 1458 1870 1513 meliora
1887 1465 2021 1514 sunt
2098 1461 2221 1510 tum
2247 1472 2316 1509 ne
2339 1453 2581 1525 amplius
2605 1454 2784 1508 ﬁeret.
2819 1454 2926 1508 Sed
2952 1455 3114 1525 juxta
3137 1455 3292 1510 hunc
3314 1456 3488 1512 locum
3513 1474 3647 1529 quem

422 1544 657 1597 vulnera
700 1551 730 1607 Ι
758 1550 798 1608 1
815 1550 936 1610 24
969 1544 1277 1615 diligentis,
1315 1562 1483 1616 quam
1526 1547 1718 1600 oscula
1757 1547 2015 1602 odientis.
2100 1549 2427 1611 tractamus,
2441 1543 2519 1597 sic
2535 1542 2747 1597 dictum
2772 1548 2857 1597 est
2884 1560 2916 1596 a
2939 1544 3200 1610 Domino,
3228 1550 3294 1599 ut
3319 1545 3651 1616 intelligamus

424 1631 553 1686 Non
569 1631 716 1685 enim
738 1648 913 1686 unum
937 1638 1059 1688 erat
1075 1634 1326 1688 osculum
1345 1634 1521 1700 Iudae,
1545 1640 1602 1689 et
1629 1636 1879 1690 osculum
1898 1638 2022 1707 ejus
2102 1632 2154 1687 ei
2176 1632 2360 1704 potius
2376 1636 2557 1686 totum
2580 1630 2929 1702 displicuisse
2940 1632 3089 1702 quod
3118 1632 3323 1687 Petrus
3343 1649 3440 1688 suo
3458 1638 3652 1689 ususest

424 1736 548 1792 quee
575 1719 707 1774 dicit
730 1720 789 1774 in
820 1722 1063 1776 Canticis
1087 1741 1098 1776 :
1148 1723 1433 1777 Oseuletur
1471 1741 1555 1778 me
1579 1728 1759 1779 osculo
1790 1728 1903 1779 oris
1931 1729 2023 1780 sui
2038 1750 2082 1808 B
2101 1721 2309 1792 gladio.
2343 1720 2413 1774 Et
2435 1720 2580 1774 mira
2599 1719 2700 1773 Dei
2720 1719 3031 1791 dispositio.
3065 1720 3125 1775 Si
3155 1720 3385 1776 nolebat
3400 1738 3488 1777 eos
3501 1723 3652 1793 gladio

423 1808 615 1879 (Cant.
649 1808 779 1879 1,1).
798 1809 913 1863 Nec
941 1814 1132 1864 tamen
1152 1809 1586 1881 benignissimus
1613 1813 1884 1868 Dominus
1896 1831 2021 1885 pro-
2101 1809 2288 1875 ferire,
2320 1826 2421 1863 cur
2448 1813 2791 1880 praeceperat
2828 1813 2891 1862 ut
2940 1809 3212 1864 venderet
3239 1811 3468 1883 quisque
3495 1828 3652 1867 eorum

425 1895 665 1951 ditorem
692 1912 855 1951 suum
883 1915 918 1951 a
941 1915 1001 1952 se
1033 1900 1270 1971 repellit,
1292 1900 1381 1954 cui
1412 1901 1620 1956 amoris
1644 1902 1891 1956 ofﬁcium
1906 1919 2016 1957 non
2101 1899 2351 1954 tunicam
2382 1914 2562 1965 suam,
2594 1902 2651 1951 et
2680 1902 2894 1952 emeret
2918 1897 3192 1967 gladium,
3227 1916 3329 1954 seu
3356 1907 3541 1955 caetera
3560 1917 3654 1972 qua

426 1986 667 2056 negavit,
703 1991 759 2039 et
786 1986 1127 2058 increpantis
1170 2005 1301 2043 voce
1327 1989 1461 2044 dicit
1498 2008 1510 2043 :
1544 1990 1751 2053 Amice,
1784 1993 1856 2045 ad
1883 1993 2020 2059 quid
2103 1989 2172 2043 de
2199 1987 2386 2058 gladio
2417 1986 2511 2041 ubi
2546 1987 2632 2041 vel
2679 1985 2775 2040 ubi
2817 1987 3126 2042 dicuntur?
3158 1989 3299 2053 Quae
3326 1989 3501 2044 omnia
3531 1988 3655 2044 nobis

2098 1102 2187 1157 Sic
2216 1101 2420 1172 quippe
2444 1101 2622 1155 Lucas
2649 1099 2719 1153 de
2748 1099 3188 1170 interrogatione
3204 1101 3649 1173 discipulorum.et

2097 1190 2322 1245 Domini
2362 1189 2741 1260 responsione,
2787 1205 2900 1259 qua
2941 1189 3067 1243 ait:
3115 1190 3297 1246 Sinite
3343 1208 3501 1260 usque
3545 1194 3644 1261 huc,

2100 1283 2295 1332 narrat
2314 1277 2472 1349 quasi
2488 1282 2615 1348 post
2634 1277 2786 1331 illam
2812 1277 3233 1348 percussionem
3252 1278 3334 1335 ita
3350 1280 3542 1337 dictum
3558 1282 3649 1336 fue-

425 2077 627 2129 venisti
649 2080 672 2128 ?
697 2075 777 2129 Ac
805 2076 852 2129 si
886 2076 1096 2131 diceret
1128 2096 1140 2131 :
1172 2078 1259 2132 Ad
1290 2078 1437 2149 quod
1470 2079 1689 2144 venisti,
1741 2096 1842 2133 cur
1867 2079 2018 2134 aliud

423 2179 594 2234 agere
618 2168 673 2218 te
702 2164 992 2219 ostendis?
1036 2165 1300 2223 Osculum
1349 2167 1577 2238 quidem
1624 2168 1885 2238 porrigis,
1924 2168 2022 2222 sed

427 2252 650 2323 signum
667 2258 753 2306 est
766 2253 1098 2307 traditionis.
1126 2255 1263 2309 Rem
1281 2256 1449 2309 aliam
1472 2256 1591 2327 agis
1607 2273 1732 2310 cum
1757 2273 1846 2310 me
1868 2273 2024 2311 oscu-

427 2341 580 2404 laris,
615 2346 671 2395 et
698 2341 1026 2412 sanguinem
1054 2343 1408 2398 innocentem
1432 2345 1881 2416 persecutoribus
1905 2351 2023 2399 tra-

429 2429 533 2484 dis.
558 2430 716 2485 Unde
746 2431 830 2485 fac
858 2432 926 2485 ad
961 2432 1108 2502 quod
1133 2433 1349 2498 venisti,
1396 2439 1453 2488 et
1493 2435 1694 2506 perfice
1720 2440 1920 2505 cepta,
1954 2451 2026 2488 ne

430 2518 746 2573 immoreris
775 2520 919 2575 circa
950 2522 1156 2587 oscula,
1182 2522 1445 2593 quoniam
1464 2525 1715 2578 osculum
1734 2529 1894 2578 tuum
1914 2539 2028 2578 non

428 2607 651 2679 signum
684 2614 770 2663 est
792 2610 963 2680 pacis,
982 2627 1164 2682 neque
1192 2611 1450 2667 amicitiae
1480 2613 1656 2667 virtus
1679 2631 1691 2665 :
1716 2613 1920 2668 idcirco
1940 2612 2027 2668 fac

430 2698 501 2752 ad
531 2698 679 2770 quod
728 2699 946 2768 venisti,
994 2701 1127 2772 quia
1174 2718 1285 2756 non
1328 2701 1499 2756 habes
1538 2720 1735 2775 pacem
1782 2720 2020 2771 mecum,

429 2803 599 2859 quam
620 2804 731 2843 non
753 2789 976 2844 amasti.
1009 2791 1125 2843 Hoc
1142 2791 1347 2863 quippe
1366 2792 1593 2846 nomine
1616 2808 1784 2863 quam
1802 2808 1947 2863 saepe
1968 2791 2025 2844 in

431 2877 735 2950 Scripturis
752 2880 989 2949 legimus
1008 2880 1274 2950 reprobos
1294 2880 1626 2953 increpatos,
1652 2885 1716 2934 ut
1739 2887 1826 2934 est
1846 2880 1984 2935 illud
2009 2897 2021 2933 :

429 2968 634 3033 Amice,
684 2970 950 3035 quomodo
999 2970 1106 3022 huc
1134 2972 1384 3032 intrasti,
1438 2986 1547 3024 non
1588 2971 1790 3023 habens
1832 2975 2026 3023 vestem

2103 2077 2331 2149 pariunt
2348 2075 2682 2147 qua-stiones
2702 2094 2715 2142 ;
2739 2081 2797 2130 et
2820 2076 2941 2130 sine
2963 2076 3132 2131 dubio
3150 2079 3373 2148 majora
3392 2078 3657 2149 intelligen-

2101 2167 2252 2223 tibus
2261 2171 2537 2238 generant
2553 2166 3076 2223 sacramentaJllud
3088 2173 3281 2223 autem
3290 2209 3304 2236 ,
3305 2170 3655 2239 juxtaLucam,

2106 2257 2254 2328 quod
2283 2256 2653 2326 interrogant,
2686 2258 2931 2320 Domine,
2965 2260 3016 2311 si
3030 2260 3378 2325 permetimus
3398 2262 3457 2312 in
3479 2260 3659 2326 gladio?

2107 2345 2269 2400 Prius
2299 2345 2528 2401 omnino
2557 2345 2984 2416 intelligendum
3014 2349 3120 2411 est,
3152 2362 3330 2417 quam
3357 2346 3542 2400 Petrus
3564 2343 3659 2415 gla-

2107 2434 2262 2489 dium
2295 2434 2580 2501 eximeret,
2614 2440 2672 2490 et
2721 2433 2846 2488 ideo
2889 2433 3191 2489 Dominum
3226 2435 3308 2490 sic
3335 2433 3658 2507 respondisse,

2108 2523 2291 2579 Sinite
2310 2539 2477 2591 usque
2498 2523 2621 2581 huc.
2646 2522 3004 2577 manifestum
3029 2529 3132 2577 est.
3149 2524 3235 2578 Ac
3248 2524 3299 2578 si
3327 2523 3545 2578 diceret:
3564 2522 3660 2576 Non

2108 2628 2204 2666 vos
2234 2616 2456 2666 moveat
2485 2611 2633 2682 quod
2659 2611 2913 2666 futurum
2943 2616 3048 2677 est,
3066 2612 3165 2667 sed
3198 2613 3497 2684 permittite
3520 2626 3662 2681 usque

2108 2701 2179 2755 ad
2200 2717 2290 2755 me
2310 2700 2663 2765 accedere,ut
2679 2717 2767 2754 me
2778 2701 3353 2772 comprehendant,ut
3370 2701 3664 2772 impleantur

2111 2806 2232 2860 qua
2260 2789 2330 2843 de
2359 2806 2447 2843 me
2490 2789 2700 2861 scripta
2728 2795 2879 2856 sunt,
2913 2796 3021 2845 etc.
3051 2790 3159 2845 Sed
3186 2791 3340 2846 inter
3368 2807 3539 2845 moras
3564 2804 3663 2842 ver-

2109 2878 2308 2932 borum
2337 2878 2977 2949 interrogantium,dum
3006 2879 3409 2951 colloquuntur
3433 2878 3499 2933 ad
3518 2876 3666 2933 Domi-

2110 2983 2266 3031 num,
2291 2972 2349 3021 et
2377 2966 2525 3022 illius
2551 2968 2886 3023 dulcissimae
2906 2968 3291 3039 responsionis
3308 2967 3486 3032 verba,
3504 2967 3665 3021 Petrus

433 3058 740 3123 nuptialem
772 3057 988 3125 (Matth.
1021 3073 1109 3122 xx,
1160 3055 1240 3125 l3)
1267 3057 1287 3109 ἲ
1326 3062 1383 3111 et
1422 3057 1559 3111 illud
1606 3071 1617 3104 :
1654 3056 1857 3123 Amice,
1915 3068 2090 3129 nona
2113 3073 2269 3111 more
2297 3073 2398 3112 suo
2428 3074 2494 3111 ex
2535 3056 2749 3112 fervore
2778 3056 2907 3111 ﬁdei
2935 3063 2993 3112 et
3018 3056 3333 3122 charitatis,
3365 3072 3522 3129 quam
3546 3069 3665 3109 sem-

433 3144 578 3210 facio
624 3144 727 3195 tibi
770 3146 1049 3212 injuriam
1103 3146 1317 3208 (Matth.
1350 3160 1478 3211 χχιι,
1514 3145 1636 3214 12);
1683 3162 1805 3216 quae
1842 3148 2029 3202 omnia
2112 3162 2214 3218 per
2240 3145 2483 3200 habebat
2510 3146 2569 3200 in
2598 3146 2921 3211 Dominum,
2955 3162 3023 3201 ex
3061 3146 3335 3202 aviditate
3376 3140 3668 3201 delensionis

433 3230 613 3300 magis
670 3231 1012 3302 increpantis
1059 3238 1192 3287 sunt
1236 3250 1405 3306 quam
1458 3234 1839 3306 approbantis.
1879 3237 2033 3292 Tunc
2113 3235 2191 3306 pii
2218 3234 2494 3306 magistri,
2528 3240 2586 3289 et
2612 3234 2813 3305 majori
2847 3251 2946 3306 pro
2976 3235 3220 3290 Domino
3236 3235 3669 3297 commotione,ac

434 3321 967 3385 accedentes,manus
990 3324 1296 3390 injecerunt
1317 3327 1594 3389 inlesum;
1611 3323 1740 3395 quia
1758 3324 2033 3381 timebant
2114 3325 2161 3378 si
2179 3324 2364 3390 homo,
2381 3323 2514 3395 quia
2530 3323 2769 3377 necdum
2790 3323 2861 3377 ad
2880 3324 3109 3394 plenum
3139 3324 3669 3381 sciebatsacramenta

434 3423 508 3462 ne
535 3407 679 3462 forte
709 3407 777 3463 de
807 3409 1064 3464 manibus
1094 3427 1287 3466 eorum
1333 3411 1632 3468 laberetur.
1680 3412 1833 3468 Licet
1870 3415 2032 3485 juxta
2114 3413 2234 3479 Dei,
2269 3413 2543 3484 impulsus
2575 3412 2644 3466 ad
2677 3412 2995 3479 vindictam,
3047 3429 3253 3483 parum
3302 3412 3532 3469 attendit
3563 3407 3673 3480 quid

433 3495 707 3551 Joannem
738 3497 902 3553 verbo
927 3500 1186 3571 perculsi,
1218 3501 1272 3554 in
1305 3507 1516 3556 terram
1542 3507 1849 3557 retrorsum
1887 3503 2031 3556 ceci-
2113 3503 2300 3557 caeteri
2320 3501 2586 3565 dicerent,
2617 3501 2703 3555 vel
2732 3500 2863 3572 quid
2881 3507 3132 3571 agerent,
3152 3501 3333 3556 etiam
3355 3501 3436 3555 vel
3452 3498 3570 3572 quid
3587 3497 3673 3552 Do-

435 3584 685 3654 dissent;
719 3591 909 3641 tamen
945 3588 1078 3659 quia
1108 3590 1178 3643 ad
1208 3590 1313 3644 hoc
1345 3595 1633 3657 venerant,
1659 3590 1777 3661 ipso
1797 3591 2031 3662 permit—
2115 3591 2301 3646 minus
2322 3590 2706 3661 responderet.
2726 3590 2879 3644 Inter
2896 3590 3001 3644 has
3018 3590 3194 3661 igitur
3211 3600 3397 3646 mbras
3415 3589 3670 3649 dictorum,

433 3678 611 3741 tente,
638 3680 907 3731 tenerunt
948 3694 1097 3746 eum,
1139 3683 1196 3732 et
1245 3679 1488 3733 vinctum
1532 3679 1916 3750 perduxerunt
1961 3679 2032 3734 ad
2112 3684 2607 3749 pereussitserrum
2620 3682 2895 3748 principis
2915 3681 3284 3734 sacerdotum.
3308 3680 3415 3735 Sed
3441 3676 3506 3732 ab
3524 3677 3673 3732 Evan-

437 3764 667 3819 domum
698 3766 963 3839 principis
992 3768 1366 3822 sacerdotum.
1398 3767 1630 3822 Interim
1659 3784 1789 3822 vero
1821 3786 1832 3820 :
2115 3767 2332 3837 gelistis
2362 3784 2476 3822 non
2505 3774 2812 3840 potuerunt
2833 3769 3001 3823 simul
3021 3768 3149 3832 dici,
3181 3786 3309 3840 quia
3338 3768 3497 3823 simul
3517 3766 3566 3820 in
3582 3778 3673 3818 uno

509 3855 639 3909 Ecce
670 3872 815 3909 unus
845 3873 910 3911 ea:
946 3857 1033 3910 his
1059 3859 1159 3926 qui
1198 3861 1360 3911 erant
1396 3874 1521 3910 cum
1567 3860 1715 3922 Jesu,
1742 3858 2035 3912 extendens
2114 3861 2371 3928 tempore
2399 3856 2548 3911 facta
2570 3873 2671 3912 seu
2700 3856 2850 3911 dicta
2876 3862 3027 3912 sunt.
3059 3856 3274 3912 Probat
3301 3862 3481 3912 autem
3506 3850 3676 3908 hocita

439 3960 677 3999 manum
702 3949 899 4000 exemit
917 3948 1173 4014 gladium
1201 3952 1451 4012 suum,et
1475 3949 1788 4015 percutiens
1815 3962 2035 4000 servum
2119 3963 2260 4012 esse,
2288 3947 2453 4016 juxta
2480 3947 2709 4013 Lucam,
2758 3946 3049 4018 responsio
3081 3946 3412 4007 Salvatoris.
3450 3960 3551 4016 qua
3587 3955 3675 3997 non

433 4035 712 4102 principis
723 4036 1084 4101 sacerdotum,
1103 4036 1746 4103 amputavitaurieutam
1761 4038 1897 4103 ejus.
1923 4035 2038 4089 Saa-
2121 4035 2265 4090 facto
2296 4034 2578 4102 Petri,sed
2601 4034 3031 4105 interrogationi
3055 4035 3456 4107 discipulorum
3482 4044 3673 4101 respon-

442 4136 513 4190 pe
543 4137 764 4183 moneo,
785 4128 842 4176 et
871 4140 1097 4178 monere
1125 4128 1345 4194 oportet
1374 4125 1638 4178 lectorem
1665 4124 1844 4178 sancti
1860 4124 2039 4178 Evan-
2121 4124 2267 4178 disse
2297 4122 2583 4195 probatur.
2634 4124 2885 4179 Necdum
2924 4123 3116 4194 itaque
3161 4124 3365 4180 Petrus
3391 4118 3674 4195 patientiam

440 4209 643 4280 geli,ut
655 4227 719 4262 ex
730 4211 1025 4266 collatione
1036 4213 1502 4283 evangelistarum
1513 4213 2041 4268 discatdill‘erentias
2123 4212 2500 4283 evangelicum
2523 4212 2628 4266 sibi
2656 4229 2690 4266 a
2717 4212 2956 4268 Domino
2995 4212 3261 4267 traditam
3291 4210 3569 4273 retinebat,
3596 4219 3678 4260 nec

445 4297 738 4351 dictorum.
770 4299 1045 4363 Quoniam
1062 4317 1227 4354 nemo
1248 4306 1333 4354 est
1354 4300 1450 4371 qui
1471 4301 1542 4354 ad
1571 4301 1845 4372 liquidum
1865 4318 2043 4356 unum
2125 4317 2317 4373 pacem
2349 4317 2518 4372 quam
2544 4302 2624 4356 eis
2653 4300 2904 4367 dederat,
2936 4301 3032 4355 sed
3063 4303 3373 4357 secundum
3400 4300 3531 4370 legis
3551 4292 3678 4351 iusti.

447 4403 662 4454 eorum,
696 4393 759 4441 ut
786 4393 1024 4459 oportet,
1059 4388 1372 4458 intelligere
1399 4394 1585 4458 queat,
1620 4390 1726 4444 nisi
1752 4408 1948 4445 omnes
1977 4409 2043 4446 eo
2062 4390 2401 4484 Dtationem
2431 4390 2614 4444 adhuc
2643 4390 2831 4444 ulcisci
2861 4406 2920 4444 se
2950 4390 3019 4444 de
3035 4389 3278 4446 inimicis
3302 4387 3678 4462 cogitabat,nec

447 4482 821 4551 persequatur
850 4477 1070 4549 spiritu,
1097 4493 1206 4548 quo
1226 4476 1333 4547 ipsi
1343 4476 1491 4531 inter
1516 4495 1576 4532 se
1605 4483 1705 4532 aut
1734 4480 2042 4546 variantur,
2062 4473 2104 4484 ”
2126 4480 2196 4534 ad
2218 4479 2365 4551 quod
2395 4479 2666 4534 Dominus
2684 4479 2901 4551 gladios
2925 4496 3113 4534 emere
3134 4483 3447 4546 monuerat,
3469 4473 3677 4549 profecto

452 4573 553 4622 aut
564 4568 707 4622 alius
722 4583 915 4622 eorum
935 4566 1144 4637 aliquid
1158 4566 1302 4637 plus,
1321 4565 1463 4620 alius
1483 4583 1612 4621 vero
1625 4567 1836 4639 aliquid
1861 4569 2045 4624 minus
2126 4567 2413 4622 didicerat.
2447 4575 2482 4633 ι
2508 4575 2544 4634 ι
2562 4574 2690 4634 πθ
2709 4568 2814 4633 Qui
2840 4584 2953 4623 non
2977 4568 3101 4623 ideo
3119 4570 3370 4639 jusserat
3384 4574 3444 4622 ut
3463 4564 3675 4623 ferirent»

451 4657 688 4731 dixerit;
722 4662 820 4711 aut
851 4662 1002 4710 certe
1030 4656 1139 4709 alio
1169 4655 1225 4709 in
1254 4655 1394 4713 loco.
1446 4673 1569 4728 quae
1597 4657 1745 4711 dicta
1774 4658 1859 4712 vel
1886 4664 2045 4729 gesta
2127 4658 2223 4712 sed
2254 4675 2325 4712 ne
2353 4658 2616 4728 imparati
2639 4657 3026 4713 invenirentur
3052 4657 3215 4724 forte,
3248 4659 3341 4713 vel
3366 4656 3490 4728 quia
3515 4653 3575 4707 de
3589 4647 3677 4704 alio

451 4751 601 4812 sunt,
637 4745 1098 4818 qualitercunque
1126 4750 1294 4817 prout
1321 4746 1586 4816 oportuit,
1618 4746 1960 4802 interseruit.
1985 4749 2050 4802 In

452 4851 563 4908 quo
594 4851 761 4905 opere
791 4835 895 4889 etsi
927 4852 1165 4905 magnus
1208 4840 1294 4888 est
1338 4834 1514 4901 labor,
1548 4835 1741 4906 utique
1771 4837 2049 4907 proﬁcuus

454 4929 539 4981 est
570 4923 803 4990 fructus,
837 4928 893 4978 et
944 4925 1188 4996 locuples
1244 4924 1634 4994 intelligentia,
1682 4929 1743 4979 ut
1782 4930 1920 4995 puta
1947 4925 2052 4979 hoc

454 5014 596 5078 loco,
625 5012 750 5084 quis
776 5012 849 5066 sit
872 5012 975 5066 iste
1006 5030 1152 5067 unus
1182 5031 1245 5067 ex
1275 5013 1363 5067 his
1392 5013 1486 5084 qui
1532 5018 1696 5068 erant
1730 5029 1857 5067 cum
1895 5013 2047 5079 Jesu,

454 5101 549 5174 qui
580 5101 831 5156 extendit
860 5118 1110 5167 manum,
1139 5108 1196 5156 et
1221 5102 1427 5156 exemit
1445 5102 1695 5172 gladium
1722 5117 1919 5168 suum;
1949 5101 2051 5155 uti-

455 5208 564 5261 que
592 5190 899 5246 secundum
939 5189 1211 5244 Joannem
1242 5191 1441 5244 Petrus
1470 5191 1640 5244 fuisse
1678 5194 1961 5254 narratur,
1996 5194 2054 5243 et

458 5296 625 5350 quem
684 5279 1022 5351 percusserit
1075 5278 1221 5333 idem
1280 5279 1530 5333 Malchus
1582 5284 1828 5334 vocatur.
1889 5279 2051 5334 Auri-

455 5368 640 5423 culam
699 5386 825 5423 vero
879 5386 1046 5440 quam
1096 5367 1348 5433 abscidit,
1394 5368 1698 5423 secundum
1737 5369 1946 5423 Lucam
1995 5373 2052 5422 et

458 5458 752 5524 Joannem,
805 5458 1091 5513 dexteram
1139 5456 1309 5511 fuisse
1357 5462 1726 5514 memoratur.
1777 5458 1905 5513 Huic
1927 5475 2050 5512 om-

460 5550 555 5607 nia
583 5556 637 5606 et
680 5568 905 5606 sensum
950 5555 1175 5621 augent,
1225 5555 1282 5603 ct
1322 5548 1589 5623 mysteria
1637 5548 1691 5603 in
1733 5549 1852 5622 ipso
1883 5550 2046 5617 facto,

2131 4746 2368 4802 dicebat.
2390 4747 2550 4801 Unde
2578 4763 2706 4802 cum
2726 4746 3023 4802 dixissent:
3060 4749 3305 4813 Domine,
3329 4748 3433 4801 duo
3447 4746 3563 4798 sunt
3578 4741 3677 4807 gla-

2131 4838 2215 4889 dii
2239 4837 2345 4902 hic,
2379 4836 2519 4891 dixit
2550 4855 2563 4889 :
2593 4837 2740 4891 Satis
2764 4842 2839 4891 est
2859 4855 2876 4900 ;
2910 4836 3043 4906 quia
3069 4836 3357 4907 discipulis
3385 4829 3574 4889 Christi
3597 4837 3678 4879 nec

2133 4925 2257 4996 plus
2287 4931 2421 4980 sunt
2448 4926 2751 4979 necessarii
2782 4941 2949 4996 quam
2979 4926 3110 4985 duo.
3147 4942 3250 4980 nec
3286 4924 3465 4979 minus
3509 4916 3678 4973 habere

2133 5014 2410 5084 congruit,
2444 5030 2616 5069 unum
2644 5015 2702 5068 in
2740 5014 2926 5081 verbo,
2974 5031 3084 5085 quo
3133 5015 3366 5068 feriatur
3396 5010 3605 5083 quisque
3628 5005 3679 5055 ut

2135 5103 2473 5168 viviﬁcetur;
2516 5103 2776 5169 alterum,
2809 5120 2920 5174 quo
2948 5103 3250 5158 ulciscatur
3276 5117 3436 5156 omne
3457 5096 3611 5153 scelus
3634 5093 3678 5144 et

2134 5191 2531 5256 inobedientia,
2565 5197 2623 5246 et
2649 5192 2696 5247 si
2722 5208 2834 5247 non
2863 5208 2923 5246 se
2961 5191 3281 5257 correxerit,
3314 5188 3405 5261 qui
3441 5176 3675 5256 ejusmodi

2135 5287 2237 5348 est,
2270 5281 2623 5352 praecidatur,
2680 5286 2738 5336 et
2774 5286 3058 5336 resecetur
3085 5297 3120 5335 a
3146 5296 3389 5351 corpore.
3428 5276 3560 5344 Ergo
3583 5281 3675 5323 non

2135 5371 2316 5425 solum
2349 5387 2471 5441 quae
2522 5370 2954 5441 benignissimus
3000 5371 3252 5435 Salvator
3282 5368 3410 5439 egit,
3444 5363 3519 5418 vel
3542 5356 3672 5417 dixit,

2134 5461 2297 5532 plena
2325 5465 2459 5515 sunt
2475 5459 2776 5531 mysteriis,
2794 5477 2986 5515 verum
3015 5460 3187 5515 etiam
3218 5464 3272 5513 et
3298 5472 3416 5529 quae
3434 5445 3673 5508 Petrusin

2134 5549 2238 5603 hac
2257 5548 2679 5621 perturbatione
2699 5566 2821 5617 sua,
2845 5548 3179 5605 obumbrata
3197 5551 3322 5603 sunt
3331 5532 3670 5598 sacramentis.
