3918 6166
234 291 344 350 917

943 289 1318 348 EXPOSITIO
1359 293 1436 349 IN
1476 294 1927 352 MATTHJEUM.
1972 325 2037 338 —
2078 295 2214 352 LIB.
2257 296 2380 362 XII,
2425 296 2582 352 CAP.
2625 297 2820 354 XXVI.

3402 302 3507 362 918

226 417 388 474 Unde
400 433 515 472 non
528 416 917 488 qualecunque
928 415 1131 470 inﬂixit
1144 415 1364 482 vulnus,
1373 433 1473 472 nec
1494 418 1828 492 cuicunque,
1848 422 1898 480 Α
1917 424 1976 473 et
1994 419 2229 474 redeant
2242 419 2312 474 ad
2324 420 2515 486 vitam,
2530 425 2631 475 aut
2639 437 2725 486 eo,
2741 421 2874 494 quia
2887 423 3090 496 corrigi
3105 442 3166 480 se
3183 427 3505 495 noluerunt,

226 504 326 559 sed
347 521 510 558 servo
529 503 797 576 principis
811 503 1162 556 sacerdotum
1179 511 1496 573 amputavit
1508 509 1832 561 auriculam

227 595 533 648 dexteram.
559 592 706 657 Quia
733 592 840 664 ipsi
869 591 1148 663 principes
1172 594 1524 648 sacerdotum
1540 596 1660 665 jam
1686 595 1830 650 servi

226 687 393 738 erant
418 682 653 754 peccati,
677 698 913 753 quorum
939 681 1119 736 omnis
1136 683 1362 738 auditus
1387 701 1500 739 non
1516 685 1576 738 in
1595 685 1826 753 dextris,

227 773 326 827 sed
357 772 419 827 in
441 771 684 826 sinistris
704 776 825 825 erat
843 771 1009 841 legis;
1033 777 1091 826 et
1116 772 1243 826 ideo
1257 773 1387 844 jure
1415 779 1742 845 amputatur
1757 773 1828 828 ab

229 861 331 931 eis,
351 860 626 933 quidquid
655 860 1011 915 dexterarum
1040 867 1179 927 erat,
1195 878 1266 916 ne
1285 862 1433 917 ultra
1452 863 1830 932 gloriarentur

226 951 318 1006 bis
349 966 474 1022 qua:
500 950 610 1021 ipsi
638 950 784 1004 male
812 949 1190 1021 perdiderant.
1217 951 1376 1006 Unde
1406 958 1462 1006 et
1491 952 1612 1023 ipse
1637 969 1830 1008 servus

224 1044 379 1094 recte
408 1044 638 1093 vocatur
666 1038 931 1096 Malchus.
965 1039 1216 1094 Malchus
1245 1056 1490 1111 namque
1531 1057 1630 1095 rex
1657 1041 1826 1096 inter-

225 1133 505 1200 pretatur,
522 1127 655 1198 quia
669 1128 906 1199 populus
925 1128 1245 1184 Iudaeorum
1263 1130 1516 1201 quamvis
1536 1146 1571 1184 a
1590 1131 1826 1186 Domino

223 1217 284 1272 in
312 1233 556 1288 regnum
585 1216 659 1271 sit
701 1217 930 1280 electus,
961 1218 1068 1288 ipsi
1113 1235 1172 1272 se
1215 1235 1404 1273 servos
1431 1219 1820 1286 exhibuerunt,

223 1306 407 1377 culpis
431 1304 800 1375 exigentibus,
833 1305 1221 1377 sempiternos.
1255 1307 1323 1361 Et
1349 1306 1474 1360 ideo
1509 1308 1829 1378 praeciditur

224 1395 300 1451 ab
324 1395 407 1450 eis
428 1395 654 1450 auditus
674 1396 886 1461 dexter,
914 1411 1042 1448 cum
1065 1396 1323 1450 aufertur
1340 1397 1712 1468 intelligentia
1738 1398 1825 1452 di-

223 1485 338 1540 vini
369 1485 544 1540 verbi.
595 1485 739 1538 Hinc
783 1484 1056 1556 propheta
1082 1483 1163 1538 ait
1203 1503 1214 1537 :
1255 1486 1472 1539 Excaca
1518 1502 1611 1540 cor
1639 1490 1828 1556 populi

226 1577 400 1644 huius
421 1580 470 1629 et
488 1591 652 1628 aures
672 1590 862 1628 eorum
882 1589 1145 1642 aggrava,
1171 1591 1235 1627 ne
1257 1576 1493 1629 videntes
1513 1577 1752 1639 videant,
1775 1582 1823 1630 et

222 1666 514 1719 audientes
543 1665 880 1731 intelligant,
914 1668 976 1715 ut
1014 1668 1411 1716 convertantur
1447 1669 1495 1717 et
1524 1680 1712 1718 sanem
1742 1681 1824 1718 eos

1912 513 1976 562 ut
1994 514 2166 563 ruant
2192 525 2256 563 ex
2285 509 2472 564 divino
2505 509 2714 579 judicio
2745 516 2804 566 et
2832 513 3206 582 precidantur
3233 532 3269 569 a
3297 517 3508 573 Christi

1910 613 2159 668 corpore.
2191 597 2351 662 Quod
2380 598 2427 652 si
2449 598 2529 652 ita
2559 605 2662 663 est,
2702 600 2798 670 qui
2826 601 3014 670 gladio
3061 608 3296 658 utuntur
3323 607 3508 676 quoli-

1910 684 2006 740 bet
2017 691 2198 757 pacto,
2211 688 2330 757 jam
2343 686 2584 756 judicati
2601 693 2750 750 sunt,
2765 688 2898 759 quia
2912 706 2977 744 ex
2993 707 3061 745 eo
3076 696 3300 747 utentes
3317 693 3504 764 gladio

1911 773 2242 829 interibunt.
2285 775 2394 830 Sed
2424 791 2535 830 non
2559 776 2837 842 omnibus,
2871 784 2936 832 ut
2956 778 3088 846 dixi,
3118 780 3306 850 gladio
3343 788 3507 837 uten-

1911 863 2080 928 tibus,
2105 880 2256 918 mors
2276 864 2420 918 solet
2440 881 2559 918 esse
2578 881 2679 936 per
2695 865 2966 936 gladium.
2993 867 3136 922 Nam
3156 870 3346 940 plures
3359 871 3506 926 alius

1910 952 2167 1008 accidens
2218 969 2378 1008 casus
2430 953 2727 1019 consumit,
2777 954 2873 1026 qui
2923 956 3130 1026 gladio,
3165 963 3269 1012 aut
3306 959 3506 1028 judicii

1909 1059 2097 1109 causa,
2129 1047 2228 1097 aut
2258 1041 2468 1096 militiae
2487 1041 2667 1096 ofﬁcio
2683 1048 2938 1098 utuntur.
2955 1045 3167 1100 Tamen
3188 1062 3284 1101 eos
3309 1064 3504 1102 omnes

1910 1132 2006 1204 qui
2035 1132 2330 1186 adversum
2351 1130 2651 1185 Dominum
2679 1132 2881 1202 gladiis
2905 1135 3131 1202 armati,
3159 1140 3217 1189 et
3240 1135 3498 1202 fustibus,

1907 1225 2316 1293 processerant,
2347 1219 2473 1274 ideo
2502 1220 2668 1274 Petro
2694 1221 2944 1291 gladium
2968 1238 3132 1277 suum
3157 1224 3215 1278 in
3244 1225 3502 1296 vaginam

1907 1326 2068 1364 suam
2098 1309 2398 1364 recondere
2445 1309 2693 1374 mandat,
2737 1310 2870 1381 quia
2911 1327 3006 1364 eos
3035 1327 3230 1367 omnes
3260 1330 3373 1369 non
3402 1315 3506 1370 hu-

1908 1414 2095 1460 mano,
2128 1398 2222 1452 sed
2246 1397 2434 1468 gladio
2464 1398 2578 1452 oris
2599 1403 2993 1469 perempturus
3021 1406 3162 1455 erat.
3187 1401 3332 1466 Quia
3352 1410 3502 1459 recte

1908 1487 1979 1541 ad
2004 1503 2200 1541 necem
2230 1503 2423 1542 eorum
2451 1486 2673 1557 gladius
2694 1486 2851 1541 Petri
2877 1495 3170 1560 exemptus
3197 1495 3300 1556 est,
3320 1497 3384 1546 ut
3404 1509 3503 1563 pe-

1905 1576 2138 1631 rimeret
2165 1592 2260 1631 eos
2302 1575 2490 1646 gladio
2518 1575 2690 1640 verbi,
2720 1576 2817 1647 qui
2845 1591 2948 1631 suo
2979 1577 3284 1633 utebantur
3308 1580 3379 1633 ad
3417 1580 3504 1634 fa-

1905 1664 2079 1719 cinus.
2110 1666 2227 1720 Nec
2253 1669 2444 1719 tamen
2473 1664 2592 1736 ipse
2617 1665 2823 1720 Petrus
2861 1665 3049 1736 gladio
3089 1666 3185 1721 illo
3217 1683 3326 1738 quo
3365 1684 3502 1724 usus

219 1754 359 1824 (Isa.
384 1767 459 1816 v1,
482 1749 722 1820 10).Nec
737 1750 1019 1805 immerito
1036 1751 1239 1805 Petrus
1267 1751 1507 1806 abscidit
1537 1753 1658 1822 ejus
1678 1753 1825 1808 auri—
1839 1776 1886 1836 B
1905 1758 1990 1808 est
2014 1757 2339 1825 peremptus
2368 1753 2594 1823 legitur,
2625 1753 2734 1808 nisi
2764 1753 2897 1825 quia
2915 1755 3056 1810 forte
3076 1757 3349 1827 majorem
3375 1774 3502 1813 sus-

222 1843 430 1907 culam,
455 1841 588 1913 quia
616 1841 829 1912 accepit
844 1841 1024 1894 claves
1041 1841 1202 1910 regni
1219 1841 1508 1896 cmlorum.
1531 1842 1630 1896 llle
1649 1843 1824 1912 igitur

216 1934 349 2004 jure
401 1931 740 1985 condemnat
769 1929 862 2001 qui
909 1936 966 1983 et
1002 1929 1254 1995 absolvit,
1288 1931 1420 2000 quia
1460 1935 1759 2002 utramque
1787 1947 1822 1985 a

219 2021 464 2077 Domino
487 2018 702 2090 accepit
723 2022 1079 2090 potestatem.
1116 2017 1224 2071 Sed
1247 2018 1399 2072 solus
1429 2024 1515 2073 est
1546 2017 1821 2074 Dominus

223 2111 318 2182 qui
332 2109 567 2181 praecisa
585 2115 749 2162 sanat
768 2125 781 2174 ;
807 2107 957 2162 solus
978 2106 1072 2178 qui
1088 2122 1154 2160 ex
1173 2106 1378 2161 Iudaeis
1392 2108 1820 2179 quamplurimis

221 2201 480 2256 auditum
513 2198 715 2252 reddit.
748 2197 1012 2269 Alioquin
1057 2183 1167 2250 nisi
1196 2195 1374 2250 bonus
1404 2197 1676 2252 Dominus
1721 2199 1820 2253 ali-

217 2289 424 2362 quibus
443 2287 701 2342 auditum
724 2286 1062 2350 refunderet,
1091 2285 1195 2356 ipsi
1225 2285 1420 2356 utique
1441 2287 1623 2342 adhuc
1651 2288 1817 2343 hodie

212 2379 370 2434 surdi
393 2377 818 2432 remansissent.
852 2375 1130 2440 Quoniam
1162 2391 1324 2428 nemo
1353 2391 1548 2430 eorum
1583 2376 1814 2431 verbum

209 2468 505 2540 sapientiae
535 2467 804 2530 audisset,
835 2465 968 2536 quia
996 2480 1191 2518 omnes
1218 2464 1363 2518 servi
1393 2470 1571 2530 erant,
1606 2467 1815 2521 venditi

209 2557 315 2612 sub
362 2561 614 2629 peccato.
662 2556 802 2610 Nam
844 2555 939 2625 qui
980 2559 1191 2624 peccat,
1238 2570 1424 2608 servus
1481 2559 1555 2607 est
1607 2559 1815 2624 peccati

207 2649 398 2718 (Joan.
429 2663 538 2709 ιιι,
569 2643 682 2713 34).
714 2643 788 2698 Et
810 2643 918 2698 nisi
941 2648 1128 2697 essent
1153 2659 1232 2696 sel
1245 2642 1296 2696 vi
1317 2642 1413 2713 qui
1435 2658 1674 2714 regnare
1712 2645 1811 2699 de-

211 2735 458 2792 buerant
508 2734 760 2790 auricula
785 2749 980 2788 eorum
997 2748 1285 2803 nunquam
1309 2748 1342 2785 a
1366 2733 1532 2787 Petro
1561 2739 1815 2805 amputa-

209 2831 390 2881 retur.
408 2824 510 2879 Cui
533 2823 674 2877 dixit
691 2821 960 2876 Dominus
986 2839 996 2873 :
1017 2821 1273 2876 Converte
1291 2823 1547 2888 gladium
1569 2827 1730 2876 tuum
1750 2826 1814 2878 in

208 2919 393 2970 locum
422 2929 612 2967 suum.
650 2913 844 2968 Omnes
870 2913 1022 2965 enim
1058 2913 1156 2980 qui
1196 2914 1506 2978 acceperint
1535 2914 1808 2981 gladium,

205 3001 773 3073 gladioperibunt.De
789 3016 900 3071 quo
911 3015 1046 3053 sane
1061 2999 1305 3070 capitulo
1325 2999 1486 3054 multi
1499 2997 1806 3071 disputant,

1903 1843 2051 1914 cepit
2070 1858 2313 1914 pmnam.
2329 1842 2461 1896 Ideo
2484 1843 2588 1896 hoc
2613 1859 2793 1912 genus
2807 1843 3103 1899 locutionis
3116 1845 3196 1899 sic
3217 1846 3498 1918 accipien-

1902 1933 2035 1987 dum
2054 1936 2155 1998 est,
2174 1931 2452 2002 quomodo
2467 1930 2721 1985 membra
2740 1936 2950 1994 nostra,
2963 1933 3131 2003 juxta
3141 1935 3494 2005 Apostolum,

1903 2035 2199 2074 monemur
2224 2035 2295 2073 ne
2325 2017 2688 2074 exhibeamus
2707 2035 2868 2074 arma
2882 2021 3114 2091 peccati.
3136 2022 3283 2086 Quia
3306 2024 3496 2093 quale-

1900 2125 2120 2180 cunque
2149 2107 2460 2162 membrum
2490 2107 2583 2174 sit,
2610 2107 2669 2162 in
2701 2125 2811 2180 quo
2840 2109 3210 2180 peccavimus,
3235 2112 3325 2165 vel
3355 2129 3496 2183 qua-

1900 2199 2194 2270 liscunque
2223 2196 2462 2252 carnalis
2483 2197 2952 2269 concupiscentia,
2985 2199 3207 2269 gladius
3231 2201 3380 2270 jure,
3410 2202 3498 2257 vel

1898 2305 2061 2342 arma
2086 2287 2318 2359 peccati,
2351 2293 2598 2344 vocatur.
2630 2287 2752 2351 Quo
2791 2287 2888 2358 qui
2922 2303 3057 2342 usus
3085 2288 3257 2343 fuerit
3281 2289 3492 2359 gladio,

1898 2377 2032 2448 quia
2054 2377 2243 2447 gladio
2272 2377 2484 2448 peccati
2514 2375 2787 2448 percussit
2819 2383 2859 2443 ι
2884 2381 3062 2443 ινδ
3091 2391 3169 2443 se,
3194 2382 3294 2432 aut
3319 2377 3496 2434 alium

1895 2465 1954 2519 in
1984 2471 2242 2532 mortem,
2267 2464 2454 2535 gladio
2480 2463 2690 2536 peccati
2718 2463 2941 2534 peribit,
2967 2463 3026 2518 id
3046 2469 3132 2519 est
3149 2464 3211 2519 in
3238 2481 3341 2520 suo
3370 2483 3495 2538 pec-

1896 2559 2020 2609 cato
2043 2556 2194 2625 juste
2224 2552 2708 2618 condemnabitur,
2734 2553 3104 2625 quodcunque
3123 2555 3488 2610 commiserit.

1901 2642 2047 2706 Quia
2071 2643 2216 2698 sicut
2243 2643 2430 2698 nullus
2449 2641 2852 2714 penetrabilior
2875 2641 3098 2713 gladius
3125 2649 3214 2698 est
3235 2643 3307 2698 ad
3338 2660 3491 2700 mor-

1895 2738 2030 2798 tem,
2064 2748 2234 2804 quam
2263 2736 2571 2803 peccatum,
2614 2730 2696 2785 ita
2749 2731 2937 2786 nullus
2977 2731 3380 2803 penetrabilior
3407 2739 3494 2789 est

1893 2820 2114 2893 gladius
2141 2820 2213 2875 ad
2239 2819 2435 2886 vitam,
2466 2835 2637 2892 quam
2663 2820 2841 2874 virtus
2877 2819 3031 2874 verbi
3077 2820 3201 2876 Dei.
3242 2821 3490 2894 Uterque

1895 2910 2070 2982 igitur
2087 2909 2309 2980 gladius
2337 2908 2567 2980 perimit
2590 2907 2894 2974 hominem,
2914 2913 3015 2964 aut
3024 2909 3096 2964 ad
3116 2916 3375 2978 mortem,
3390 2916 3491 2967 aut

1892 3000 1964 3054 ad
1994 3000 2185 3054 vitam.
2209 2999 2280 3054 Et
2299 2997 2421 3053 ideo
2450 2997 2758 3064 indefinite,
2785 2997 3101 3071 quicunque
3118 2999 3369 3070 gladium
3391 3017 3490 3055 ac-

203 3091 370 3165 quasi
403 3107 600 3144 omnes
622 3089 860 3161 perituri
886 3089 1001 3143 sint
1029 3087 1125 3159 qui
1146 3088 1250 3142 hoc
1276 3093 1514 3143 utuntur
1530 3090 1719 3160 gladio
1749 3091 1807 3145 in
1825 3093 1867 3154 C.
1889 3089 2118 3161 ceperit,
2141 3089 2228 3143 vel
2254 3105 2391 3144 usus
2415 3087 2602 3152 fuerit,
2637 3105 2739 3144 seu
2767 3089 2980 3160 peccati
3007 3089 3078 3143 ad
3109 3095 3368 3156 mortem,
3385 3108 3487 3146 seu

199 3181 423 3236 bellicis
441 3179 627 3244 rebus,
661 3185 720 3232 et
744 3179 801 3232 in
827 3177 1062 3249 publicis
1093 3177 1359 3247 negotiis.
1383 3178 1462 3232 De
1483 3195 1592 3249 quo
1619 3180 1806 3250 gladio

196 3270 340 3325 dicit
361 3269 664 3341 Apostolus
685 3287 696 3321 :
719 3271 842 3324 Non
861 3271 1012 3323 enim
1033 3271 1152 3322 sine
1179 3284 1346 3321 causa
1361 3268 1532 3338 judex
1549 3270 1804 3336 gladium

186 3364 383 3429 portat
402 3377 421 3425 ;
447 3361 706 3413 minister
723 3361 873 3412 enim
896 3359 992 3412 Dei
1010 3362 1084 3411 est
1113 3359 1286 3428 (Rom.
1312 3371 1428 3419 xm,
1453 3355 1525 3423 4),
1549 3357 1608 3410 in
1634 3356 1798 3420 bono,

191 3449 264 3504 ad
295 3448 606 3502 vindictam
656 3447 1076 3501 maletactorum
1103 3465 1114 3512 ;
1149 3446 1296 3518 quod
1328 3446 1374 3499 si
1406 3446 1550 3500 male
1582 3446 1797 3511 feceris,

194 3537 356 3591 time.
387 3537 534 3591 Nam
568 3535 619 3588 si
641 3535 757 3589 haec
785 3542 818 3599 |
848 3541 885 3600 Ι
900 3539 1019 3600 πα
1037 3534 1317 3588 sententia
1331 3533 1400 3587 ad
1424 3533 1671 3588 litteram
1687 3551 1804 3588 om-

192 3624 362 3680 nibus
380 3629 534 3679 esset
551 3625 840 3688 servanda,
862 3623 1047 3677 nescio
1065 3622 1112 3676 si
1133 3622 1190 3676 in
1214 3622 1455 3676 Ecclesia
1470 3622 1619 3677 inter
1631 3623 1801 3678 laicos

193 3714 326 3769 talis
355 3714 705 3768 consuetudo
726 3729 846 3768 esse
866 3712 1112 3777 deberet,
1135 3718 1199 3766 ut
1226 3711 1282 3765 in
1311 3711 1500 3782 gladio
1530 3718 1802 3783 quantum

194 3809 419 3876 spectat
445 3804 518 3856 ad
550 3819 716 3857 usum
748 3801 999 3856 omnium
1031 3817 1224 3855 eorum
1258 3800 1582 3855 militarent.
1609 3802 1802 3857 Salva-

1882 3178 2116 3250 justitia:
2145 3179 2215 3232 ad
2245 3177 2438 3242 vitam,
2462 3177 2652 3248 gladio
2683 3175 2923 3249 peribit;
2960 3183 3061 3232 aut
3085 3177 3236 3232 verbi
3266 3179 3386 3245 Dei,
3420 3185 3487 3234 ut

1886 3269 1944 3324 in
1975 3270 2176 3324 melius
2207 3275 2358 3324 totus
2380 3269 2496 3324 Deo
2525 3274 2803 3340 resurgat,
2828 3275 2928 3324 aut
2954 3270 3142 3340 gladio
3166 3271 3397 3342 peccati,
3421 3276 3488 3327 ut

1885 3359 2129 3413 intereat
2156 3359 2214 3412 in
2243 3359 2424 3430 pejus,
2457 3363 2515 3412 et
2541 3358 2614 3412 ad
2642 3364 2883 3413 mortem
2915 3365 3064 3414 ruat.

1954 3450 2042 3501 An
2061 3452 2245 3516 putas,
2267 3447 2470 3518 inquit,
2496 3449 2630 3516 quia
2661 3463 2774 3500 non
2790 3463 3012 3516 possum
3041 3464 3238 3517 rogare
3260 3452 3484 3505 Patrem

1886 3553 2089 3602 meum,
2105 3542 2154 3589 et
2171 3537 2435 3589 exhibebit
2456 3537 2600 3589 mihi
2614 3539 2744 3604 plus
2754 3552 2923 3605 quam
2941 3539 3226 3592 duodecim
3248 3540 3483 3606 legiones

1885 3629 2211 3693 angelorum
2229 3632 2252 3678 ?
2279 3625 2382 3679 Cui
2411 3624 2675 3679 continuo
2721 3624 2928 3694 ingerit
2955 3626 3319 3696 quaestionem
3346 3645 3478 3698 pro-

1885 3713 2106 3786 phetiae,
2135 3719 2194 3768 et
2219 3713 2468 3768 insinuat
2495 3729 2606 3784 quo
2645 3713 2810 3768 aliter
2848 3730 2958 3768 non
3005 3720 3191 3784 potest
3233 3716 3474 3782 evenire,

1883 3804 2075 3860 nisiut
2103 3803 2429 3874 praedictum
2457 3807 2598 3868 erat,
2623 3818 2688 3856 ac
2715 3801 2852 3856 dicit
2885 3819 2897 3854 :
2931 3802 3204 3868 Quomodo
3227 3819 3353 3871 ergo
3374 3806 3479 3858 im-

195 3897 287 3946 tor
314 3898 510 3946 tamen
541 3891 825 3946 neminem
856 3891 1102 3960 excepit;
1127 3890 1222 3944 sed
1249 3907 1453 3954 onmes,
1477 3890 1679 3960 inquit,
1702 3895 1802 3960 qui
1876 3896 2180 3964 plebuntur
2206 3893 2528 3962 Scriptura,
2548 3894 2683 3961 quia
2710 3894 2789 3945 sic
2805 3896 3010 3960 oportet
3029 3893 3154 3958 ﬁeri
3171 3897 3195 3944 Ρ
3215 3892 3295 3945 Ac
3323 3891 3372 3946 si
3395 3891 3477 3946 di-

193 3984 510 4050 acceperint
536 3981 810 4048 gladium,
842 3981 1027 4047 gladio
1052 3981 1337 4047 peribunt.
1354 3979 1468 4032 Nec
1487 3979 1625 4033 dicit
1651 3980 1799 4050 quod

191 4071 388 4142 gladio
418 4070 602 4141 perire
623 4068 885 4130 debeant,
911 4069 994 4121 vel
1012 4067 1082 4122 ad
1105 4068 1252 4138 quod
1275 4069 1591 4139 acceperint
1615 4069 1798 4140 ipsum

189 4160 468 4230 gladium,
502 4159 548 4212 si
577 4158 719 4212 forte
762 4157 832 4212 ad
864 4156 1223 4211 homicidium
1273 4157 1358 4210 vel
1395 4157 1466 4211 ad
1496 4157 1794 4212 vindictam

191 4248 646 4313 malefactorum,
680 4247 779 4301 sed
808 4247 879 4300 ad
906 4262 1296 4318 quamcunque
1323 4262 1549 4301 causam
1579 4247 1796 4302 indiffe-

191 4343 390 4392 renter
413 4337 513 4402 ait,
529 4337 714 4391 omnis
728 4335 824 4408 qui
845 4335 1121 4406 acceperit
1133 4334 1406 4405 gladium.
1433 4329 1541 4390 Sed
1555 4352 1656 4391 nec
1683 4354 1794 4408 quo

1881 3993 2034 4038 ceret
2052 3983 2218 4037 Petro
2252 3999 2263 4034 :
2296 3981 2442 4046 Quid
2469 3985 2572 4046 est,
2605 3979 2754 4050 quod
2781 3985 2845 4034 tu
2874 3978 3010 4034 mihi
3036 3979 3307 4035 auxilium
3329 3996 3474 4052 pre-

1880 4079 2030 4127 stare
2084 4071 2334 4136 festinas,
2369 4076 2427 4124 et
2480 4069 2539 4123 in
2584 4068 2771 4138 gladio
2819 4074 2917 4123 tuo
2955 4068 3202 4123 humano
3254 4069 3475 4125 vincere

1879 4161 2146 4216 aestimas?
2155 4161 2240 4215 An
2252 4164 2418 4232 putas
2431 4157 2563 4230 quia
2577 4173 2689 4212 non
2701 4173 2926 4229 possum
2941 4162 3168 4229 propter
3179 4157 3472 4214 duodecim

1877 4251 2175 4322 apostolos,
2207 4249 2374 4304 etiam
2405 4248 2530 4320 plus
2559 4263 2729 4319 quam
2757 4246 3050 4301 duodecim
3075 4247 3322 4318 legiones
3361 4247 3472 4303 im-

1877 4346 2099 4412 petrare
2129 4357 2164 4393 a
2191 4339 2357 4393 Patre
2386 4353 2510 4392 meo
2539 4335 2913 4408 angelorum?
2952 4336 3077 4390 Non
3116 4353 3250 4407 ergo
3287 4342 3474 4393 vestro

189 4427 382 4496 gladio
414 4425 649 4498 perituri
677 4425 810 4491 sint,
846 4425 929 4480 vel
961 4423 1256 4496 quomodo,
1292 4425 1428 4479 satis
1457 4424 1643 4479 edicit.
1680 4425 1795 4480 Hoc
1817 4453 1864 4511 D
1882 4429 2104 4500 indigeo
2133 4427 2357 4493 auxilio,
2393 4442 2575 4498 neque
2595 4427 2844 4481 humano
2871 4425 3088 4496 gladio;
3110 4425 3236 4480 ideo
3265 4443 3473 4499 repone

190 4520 388 4571 tamen
412 4531 513 4586 pro
540 4520 690 4568 certo
711 4514 937 4579 scimus,
962 4513 1093 4584 quia
1118 4529 1313 4568 omnes
1335 4513 1430 4584 qui
1442 4514 1598 4584 justo
1618 4520 1797 4569 utun-

192 4609 286 4660 tur
323 4604 540 4676 gladio.
571 4619 686 4658 non
729 4620 796 4658 eo
827 4619 1049 4675 semper
1090 4608 1347 4674 pereunt,
1384 4603 1625 4658 maxime
1667 4621 1794 4659 cum

192 4693 317 4748 ideo
347 4699 606 4758 utantur,
647 4708 712 4747 eo
741 4709 812 4747 ne
840 4698 1093 4764 pereant.
1123 4693 1318 4764 Neque
1348 4693 1469 4747 fieri
1499 4698 1701 4764 potest,
1735 4700 1799 4748 ut

189 4783 284 4853 qui
297 4798 454 4836 nunc
481 4781 654 4836 istum
672 4787 898 4852 portant
906 4781 1157 4852 gladium
1174 4781 1256 4835 vel
1288 4781 1347 4835 in
1363 4781 1552 4851 gladio
1569 4782 1792 4849 feriunt,

187 4877 251 4926 ut
278 4872 382 4926 illo
411 4871 604 4926 divino
653 4887 867 4938 omnes,
897 4870 1109 4941 absque
1141 4870 1256 4924 ulla
1299 4871 1694 4926 retractatione
1724 4872 1798 4926 fe-

185 4961 418 5015 riantur
471 4960 530 5014 in
559 4959 831 5014 ultionem
875 4960 1105 5031 peccati.
1140 4959 1392 5014 Profecto
1423 4976 1549 5014 cum
1581 4966 1637 5014 et
1675 4961 1797 5032 ipsa

184 5050 484 5122 rumphaaa
513 5065 637 5120 quae
675 5049 912 5103 vertitur
940 5055 1071 5104 ante
1123 5049 1467 5120 paradisum,
1517 5051 1792 5106 versatilis

183 5155 308 5194 esse
356 5138 586 5202 dicitur,
617 5143 676 5192 et
701 5138 923 5208 gladius
953 5137 1049 5210 qui
1079 5138 1413 5210 procedebat
1440 5139 1509 5193 de
1539 5156 1635 5194 ore
1669 5141 1790 5206 Dei,

184 5230 241 5283 in
263 5227 611 5300 Apocalypsi
634 5228 884 5294 Joannis,
910 5233 1144 5296 utraque
1157 5233 1317 5296 parte
1337 5229 1726 5298 acutus{.4poe.
1752 5243 1791 5294 I,

179 5316 298 5387 16).
335 5316 696 5387 Quapropter
716 5321 773 5370 et
791 5332 917 5370 cum
946 5316 1217 5371 dixissent
1243 5317 1500 5387 apostoli,
1532 5325 1596 5370 ut
1624 5333 1796 5388 supra

176 5407 300 5476 jam
333 5405 476 5470 dixi,
507 5407 653 5460 Sunt
678 5407 787 5459 duo
811 5407 991 5473 gladii
1017 5407 1122 5472 hic,
1150 5405 1230 5460 ait
1245 5407 1518 5472 Salvator,
1545 5409 1751 5474 sufﬁcit
1776 5425 1787 5460 :

182 5495 396 5550 idcirco
426 5510 538 5566 quo
567 5494 756 5565 gladio
803 5495 1037 5566 perituri
1087 5495 1200 5550 sint
1237 5495 1554 5566 quicunque
1607 5495 1794 5566 gladio

182 5589 459 5653 utuntur,
483 5590 698 5639 certum
721 5589 824 5652 est,
849 5585 906 5640 id
925 5589 1030 5653 est,
1047 5591 1146 5640 aut
1157 5591 1316 5652 eo,ut
1334 5591 1570 5655 surgant
1585 5601 1619 5639 a
1632 5585 1796 5657 culpa

1877 4517 2127 4590 gladium
2148 4523 2310 4572 tuum
2336 4517 2395 4571 in
2422 4517 2607 4570 locum
2636 4531 2820 4570 suum.
2845 4514 2988 4579 Quia
3023 4514 3243 4570 etiamsi
3267 4515 3474 4570 duode-

1880 4607 1986 4662 cim
2006 4606 2185 4662 tribus
2207 4606 2378 4662 Israel
2407 4605 2545 4659 mihi
2568 4605 2774 4659 vellent
2800 4603 2945 4658 ferre
2975 4603 3264 4670 auxilium,
3284 4603 3474 4676 plures

1879 4696 2084 4750 habere
2127 4695 2430 4767 potuissem
2478 4693 2726 4763 legiones
2763 4692 2999 4763 angelici
3047 4692 3346 4757 exercitus,
3379 4694 3473 4766 qui

1879 4784 2110 4851 ferrent,
2143 4785 2189 4838 si
2219 4783 2434 4849 vellem,
2453 4781 2814 4852 adjutorium,
2843 4782 2900 4836 in
2909 4781 3100 4853 gladio
3121 4798 3223 4837 suo
3245 4782 3475 4840 inexsu-

1881 4873 2132 4946 perabili.
2149 4874 2225 4928 Ex
2237 4871 2438 4943 quibus
2457 4871 2704 4942 profecto
2721 4870 2901 4925 verbis
2919 4876 3094 4942 patet,
3127 4871 3276 4943 quod
3295 4872 3476 4928 instar

1877 4965 2136 5018 humanm
2165 4962 2396 5024 militiae,
2412 4961 2589 5015 multo
2618 4959 2893 5032 copiosior
2922 4959 2997 5014 sit
3021 4959 3114 5015 ille
3142 4962 3472 5033 angelorum

1876 5053 2168 5119 exercitus,
2202 5058 2259 5106 et
2286 5049 2700 5105 numerosiores
2735 5048 2848 5103 sint
2886 5065 3081 5104 eorum
3111 5050 3378 5119 legiones,
3401 5045 3471 5106 ‘in

1878 5141 2188 5196 ministerio
2217 5141 2496 5211 deputatae
2523 5137 2754 5193 humani
2787 5137 2998 5192 auxilii.
3027 5139 3188 5194 Unde
3230 5145 3288 5193 et
3321 5140 3471 5212 apud

1877 5231 2104 5295 Lucam,
2131 5229 2190 5282 in
2219 5235 2347 5282 ortu
2377 5227 2699 5293 Salvatoris,
2722 5226 3023 5282 multitudo
3051 5227 3292 5282 caelestis
3319 5244 3474 5283 exer-

1877 5319 2020 5372 citus
2048 5318 2373 5372 decantasse
2410 5332 2475 5370 ac
2523 5315 2780 5370 laudasse
2831 5316 3010 5370 Deum
3055 5315 3277 5370 dicitur.
3319 5318 3471 5382 Quos

1875 5407 2084 5480 positos
2115 5407 2172 5461 in
2190 5406 2510 5460 defensione
2527 5411 2871 5471 sanctorum,
2887 5411 3114 5476 propter
3133 5422 3228 5460 eos
3248 5407 3344 5478 qui
3361 5409 3470 5463 hae-

1876 5496 2174 5550 reditatem
2211 5500 2345 5549 sunt
2373 5495 2673 5566 accepturi,
2708 5495 2916 5549 Paulus
2947 5495 3232 5566 apostolus
3279 5502 3466 5568 prote-

1877 5590 2079 5641 statur.
2106 5584 2214 5640 Sed
2245 5589 2302 5640 et
2321 5584 2490 5640 Jacob
2514 5583 2730 5639 obviam
2763 5582 2959 5638 habuit
2989 5582 3093 5638 sibi
3112 5583 3284 5640 divini
3311 5601 3468 5639 excr-
