3918 6166
457 261 560 320 919

1218 261 1276 318 S.
1317 259 1695 317 PASCHASII
1733 259 2095 316 RADBERTI
2131 257 2436 316 ABBATIS
2471 257 2964 318 CORBEIENSIS.

3566 267 3647 328 920

457 387 606 444 citus
648 385 1090 451 multitudinem,
1123 387 1218 458 qui
1266 387 1579 442 relevarent
1605 403 1733 441 eum
1769 403 1804 440 a
1843 384 2324 447 timoreAnebris
2359 385 2835 457 comprehendere
2859 404 2950 443 me
2977 387 3222 456 venistis,
3252 405 3314 448 eo
3339 391 3472 461 quod
3491 392 3648 450 lumen

457 476 727 542 fraterno,
779 482 836 531 et
887 477 1251 532 custodirent.
1286 477 1443 530 Unde
1481 484 1537 530 et
1585 476 1792 544 locum,
1823 493 1933 547 quo
1963 478 2049 532 usi

460 571 597 622 sunt
632 565 739 637 ipsi
769 566 982 620 vocavit
1028 566 1294 629 Manaim,
1327 564 1384 618 id
1411 570 1498 618 est
1538 569 1722 619 castra
1765 566 1884 620 Dei.
1917 567 2051 622 Hiec

461 655 666 710 idcirco
691 655 946 719 dixerim,
968 659 1032 708 ut
1059 654 1235 707 discat
1265 653 1444 707 fidelis
1469 654 1656 708 anima
1681 655 1961 710 conﬁdere
1984 673 2048 710 ex

461 745 646 798 divino
672 744 884 798 auxilio
927 748 983 796 et
1009 742 1266 812 praesidio
1295 743 1642 812 angelorum,
1672 744 1853 814 magis
1879 761 2049 815 quam

462 833 724 887 humanis
768 830 992 885 viribus.
1040 831 1317 895 Quoniam
1367 831 1686 903 ubicunque
1739 839 1872 888 sunt
1923 851 2051 888 vere

460 922 639 975 Deum
661 920 940 984 timentes,
969 919 1047 973 ibi
1075 925 1132 973 et
1159 919 1308 974 circa
1336 937 1431 975 eos
1454 922 1583 992 jure
1609 923 1936 992 angelorum
1964 941 2052 978 ca-

457 1015 577 1062 stra
589 1009 911 1072 creduntur;
930 1008 998 1061 de
1010 1007 1214 1077 quibus
1225 1010 1400 1063 David
1412 1010 1471 1064 in
1482 1011 1717 1066 Psalmis
1733 1029 1744 1062 :
1763 1015 1842 1067 Im
1853 1015 2047 1074 mittet.

456 1097 657 1168 inquit,
681 1101 900 1164 angelos
917 1099 1142 1152 Domini
1162 1102 1223 1152 in
1239 1102 1480 1153 circuitu
1504 1103 1821 1155 timentium
1840 1119 1984 1166 cum,
2001 1107 2049 1156 et

456 1188 912 1256 eripieteos(Psal.
929 1201 1128 1248 χχχιιι,
1143 1185 1195 1255 8)
1207 1188 1352 1258 .Ipse
1366 1203 1609 1258 namque
1625 1195 1710 1242 est
1722 1195 1916 1257 magni
1929 1207 2053 1243 con-

455 1278 576 1329 silii
601 1279 848 1342 angelus,
880 1281 916 1340 1
944 1282 980 1341 ι
999 1281 1126 1340 πθ
1141 1276 1236 1346 qui
1253 1292 1400 1340 suos,
1415 1276 1484 1330 ad
1501 1277 1857 1343 se,t.imentes
1879 1279 2052 1334 mittit

453 1365 702 1435 legiones
714 1369 769 1418 et
783 1365 1202 1435 exercitus,ipse
1221 1365 1384 1435 quiet
1399 1382 1546 1420 nunc
1565 1368 1861 1437 proﬁtetur
1874 1386 1933 1423 se
1948 1369 2052 1423 im-

453 1459 677 1524 petrare
703 1469 864 1524 posse
891 1470 923 1506 a
940 1454 1105 1508 Patre
1126 1455 1251 1524 plus
1263 1470 1431 1524 quam
1457 1455 1750 1510 duodecim
1781 1459 2045 1528 legiones.

2132 492 2324 531 verum
2347 474 2686 546 perdidistis.
2730 478 2837 532 Hoc
2857 483 3043 532 autem
3071 483 3240 533 totum
3279 481 3471 546 factum
3495 487 3576 545 est,
3605 490 3650 537 ut

2130 567 2575 632 adimplercntur
2596 565 2895 633 Scriptura:
2911 568 3327 636 prophetarum.
3352 569 3554 624 Multum
3578 587 3655 626 au-

2130 659 2248 708 tem
2269 659 2372 719 est,
2398 652 2545 723 quod
2575 653 2634 707 in
2663 654 2768 708 hoc
2795 672 2907 710 uno
2936 655 3142 711 factum
3159 663 3280 724 est;
3311 663 3365 712 et
3377 657 3490 712 ideo
3511 659 3617 714 dicit
3641 679 3650 713 :

2135 745 2195 797 Ut
2221 746 2630 811 complerentur
2653 741 2961 812 Scriptura?
2979 748 3386 816 prophetarum.
3409 747 3519 801 Non
3539 748 3656 803 enim

2131 831 2299 886 unius
2319 831 2603 902 prophetae
2631 831 2690 886 in
2715 832 2819 887 hoc
2842 837 3063 889 tantum
3097 833 3378 906 Scriptura
3402 836 3660 906 completur

2134 921 2272 984 loco,
2304 936 2495 975 verum
2531 936 2671 990 pene
2695 922 2946 976 omnium
2977 923 3494 995 prophetarum,qui
3509 926 3567 979 de
3581 925 3661 980 hoc

2132 1009 2300 1065 rebus
2327 1014 2384 1064 et
2412 1009 2594 1064 verbis
2632 1011 2957 1078 multifarie,
2997 1013 3303 1083 multisque
3334 1013 3497 1067 modis
3527 1013 3661 1069 locuti

2133 1103 2282 1152 sunt.
2314 1097 2473 1152 Unde
2511 1099 2697 1153 nescio
2726 1099 2772 1152 si
2818 1100 2966 1154 ullus
2995 1101 3202 1172 eligere
3233 1107 3415 1172 queat,
3441 1103 3518 1156 vel
3541 1103 3662 1157 colli-

2131 1203 2284 1255 gere,
2327 1187 2513 1257 qualia
2558 1193 2835 1258 quantave
2891 1189 3004 1243 sint
3048 1190 3273 1260 eloquia
3301 1191 3663 1261 prophetarum,

2134 1292 2255 1346 quae
2286 1275 2341 1330 in
2365 1276 2470 1330 hoc
2495 1276 2614 1330 loco
2641 1277 2919 1348 completa
2945 1284 3099 1332 sunt.
3126 1280 3198 1333 Et
3229 1285 3293 1334 ut
3323 1295 3488 1350 pauca
3509 1280 3571 1334 de
3598 1280 3666 1334 in-

2133 1364 2381 1420 numeris
2410 1366 2592 1420 dicam
2626 1384 2638 1419 :
2673 1368 2825 1422 Sicut
2845 1371 2958 1421 ovis
2984 1370 3059 1422 ad
3086 1371 3402 1422 occisionem
3421 1370 3590 1424 ductus
3611 1375 3666 1422 est

2134 1456 2259 1522 (lsa.
2308 1469 2425 1518 LIII,
2459 1457 2530 1519 7),
2562 1461 2619 1508 et
2647 1456 2863 1527 reliqua
2896 1473 3020 1527 quin
3047 1456 3123 1510 ibi
3162 1457 3423 1528 praedicta
3461 1463 3593 1514 sunt.
3619 1457 3669 1511 Et

456 1543 810 1612 Quapropter
833 1541 1068 1596 audiant
1095 1543 1192 1612 qui
1217 1543 1411 1598 dicunt
1434 1561 1564 1598 eum
1585 1545 1840 1601 timuisse
1869 1547 1927 1602 in
1957 1565 2049 1602 ar-
2131 1542 2284 1608 alibi,
2317 1543 2386 1597 ab
2407 1543 2612 1615 iniquis
2641 1546 2848 1616 populi,
2877 1562 2976 1600 seu
3007 1546 3078 1600 ab
3105 1546 3296 1618 impiis
3327 1546 3512 1600 ductus
3528 1551 3598 1600 est
3616 1545 3668 1599 ad

453 1631 626 1685 ticulo
656 1630 930 1701 passionis
957 1647 1090 1685 suae.
1136 1632 1273 1686 Ecce
1297 1633 1417 1702 jam
1455 1633 1604 1689 inter
1634 1653 1832 1690 manus
1860 1654 2050 1708 perse-
2134 1638 2393 1687 mortem.
2439 1635 2622 1704 Atque
2671 1634 2809 1688 illud
2854 1649 2864 1682 ε
2899 1636 3392 1690 Circumdedcrunt
3440 1651 3515 1688 me
3550 1651 3670 1689 nam

457 1719 750 1789 quentium
779 1735 862 1788 se,
890 1718 1040 1772 inter
1064 1719 1280 1789 gladios
1321 1725 1378 1775 et
1426 1721 1618 1788 fustes,
1654 1725 1804 1779 inter
1832 1726 2050 1780 univer-
2073 1725 2326 1804 Bmulti,
2355 1725 2650 1776 com-ilium
2705 1726 3149 1790 malignantium
3194 1726 3394 1778 obsedit
3440 1740 3517 1777 me
3541 1726 3668 1789 (Ptol.

455 1825 576 1866 sam
607 1809 893 1863 cohortem
923 1825 984 1862 se
1010 1809 1188 1862 Deum
1215 1808 1440 1862 Patrem
1469 1810 1676 1866 habere
1704 1819 1964 1879 testatur,
1998 1823 2054 1871 et
2137 1829 2242 1877 XVI,
2281 1809 2385 1882 l7),
2427 1827 2525 1865 seu
2571 1811 2790 1882 reliqua
2838 1813 3028 1866 omnia
3075 1830 3200 1884 qum
3248 1813 3305 1867 in
3348 1829 3412 1868 eo
3462 1813 3672 1882 leguntur

455 1898 758 1969 angelicas,
785 1897 832 1952 si
869 1898 1053 1954 vellet.
1087 1897 1334 1968 legiones
1378 1897 1682 1970 impetrare
1721 1921 1903 1974 posse.
1937 1905 2054 1960 Nec
2134 1901 2370 1972 psalmo.
2403 1902 2480 1955 Ac
2501 1917 2602 1970 per
2630 1900 2735 1954 hoc
2758 1901 2908 1972 (quia
2948 1903 3181 1973 longum
3204 1909 3308 1966 est,
3336 1919 3477 1956 nunc
3504 1918 3561 1956 ea
3585 1901 3673 1954 sin-

454 1993 646 2041 tamen
669 1987 777 2041 ista
806 1987 932 2042 ideo
953 1987 1103 2053 dicit,
1141 1987 1303 2057 quasi
1322 1986 1398 2041 sit
1419 1987 1539 2058 ipse
1557 1989 1789 2047 interior
1816 1995 2050 2063 angelis,
2133 1991 2267 2060 gula
2305 1990 2722 2060 Scripturarum
2754 1991 3026 2061 replicare
3074 1991 3414 2059 testimonia)
3451 1989 3675 2060 intelligat

453 2085 518 2133 ut
547 2080 797 2150 indigeat
819 2097 1014 2136 eorum
1053 2079 1334 2152 adjutorio
1365 2096 1380 2147 ;
1412 2081 1542 2136 licet
1563 2085 1726 2154 juxta
1749 2087 1959 2142 Lucam
1993 2089 2052 2144 in

453 2171 657 2242 agonia
688 2171 902 2242 positus
955 2173 1302 2228 confortatus
1354 2173 1575 2241 legatur
1619 2176 1688 2230 ab
1737 2178 1957 2247 angelo.
1993 2178 2052 2232 Si

454 2260 602 2313 enim
619 2262 782 2330 juxta
795 2261 1072 2327 Eliszeum,
1092 2271 1156 2320 ut
1173 2266 1317 2322 liber
1348 2269 1521 2323 refert
1550 2268 1894 2336 Regnorum,
1913 2266 2052 2320 mul-

455 2354 546 2402 tus
575 2349 877 2404 admodum
896 2351 949 2405 ei
969 2353 1151 2408 astitit
1169 2356 1443 2411 exercitus
1474 2357 1528 2410 in
1555 2355 1845 2419 auxilium,
1872 2356 2049 2410 multo

455 2437 775 2493 credibilius
830 2446 917 2494 est
961 2458 1073 2496 non
1112 2443 1353 2500 defuisse
1407 2445 1546 2500 inibi
1582 2451 1737 2511 tunc,
1797 2429 2050 2516 quamvis

455 2542 568 2581 non
587 2525 796 2582 fuerint
821 2529 1077 2587 exhibitas
1107 2534 1374 2604 angelica:
1402 2535 1669 2606 legiones.
1703 2533 1813 2588 Sed
1843 2533 2040 2588 Domi-

455 2631 579 2672 nus.
616 2621 676 2670 ut
695 2617 995 2688 Scriptum
1023 2623 1456 2693 complerentur,
1472 2624 1550 2678 sic
1574 2623 1834 2678 universa
1860 2623 2050 2694 dispo-

455 2706 587 2768 suit,
628 2714 692 2761 ut
738 2715 1151 2766 monstraretur
1203 2713 1335 2784 quia
1389 2715 1529 2768 Deus
1557 2719 1676 2768 erat
1724 2717 1786 2767 in
1815 2714 2047 2779 Christo,

454 2798 732 2852 mundum
754 2803 1116 2856 reconcilians
1135 2805 1242 2856 sibi
1259 2805 1335 2868 (ll
1365 2804 1485 2857 Cor.
1512 2821 1561 2866 ν,
1598 2802 1710 2870 19),
1733 2803 1853 2872 ipso
1883 2803 2050 2857 homo

455 2891 762 2956 pateretur,
795 2888 928 2958 quia
957 2889 1035 2942 sic
1081 2890 1375 2960 oportebat
1403 2891 1544 2952 ﬁeri,
1575 2896 1632 2944 et
1674 2907 1738 2944 ex
1771 2891 1917 2944 tacto
1949 2891 2053 2946 hoc

457 2991 680 3046 semper
710 2976 876 3030 altior
905 2983 1321 3033 monstraretur
1351 2979 1688 3042 intellectus,
1716 2985 1780 3033 ut
1809 2985 1946 3051 puta
1985 2997 2050 3034 ex

2137 2078 2383 2149 prudens
2434 2080 2612 2134 lector
2641 2078 2711 2133 ab
2743 2095 2806 2133 eo
2844 2079 2965 2134 loco
3015 2079 3110 2134 ubi
3166 2080 3252 2135 ait
3281 2096 3294 2134 :
3344 2080 3521 2137 Adhuc
3543 2097 3590 2133 eo
3621 2082 3676 2132 lo-

2135 2173 2348 2236 quente,
2381 2185 2490 2223 ecce
2509 2170 2702 2232 Judas,
2727 2175 2784 2223 et
2809 2175 3010 2224 caetera
3047 2185 3171 2240 quae
3199 2174 3522 2241 sequuntur.
3539 2183 3673 2239 usque

2133 2256 2203 2311 ad
2234 2257 2402 2311 ﬁnem
2444 2255 2718 2328 passionis
2763 2274 2908 2321 suae;
2955 2258 3146 2313 omnia
3177 2275 3305 2330 quae
3353 2259 3408 2313 in
3455 2275 3514 2313 eo
3554 2262 3676 2327 gesta

2132 2352 2283 2410 sunt,
2301 2346 2424 2400 ideo
2446 2351 2580 2400 sunt
2595 2353 2757 2416 gesta
2776 2353 2840 2401 ut
2857 2347 3156 2420 Scriptum
3181 2349 3677 2420 complerenturpro-

2132 2435 2448 2505 phetarum.
2490 2438 2640 2490 Tunc
2677 2439 2848 2490 simul
2878 2454 3084 2502 onmes,
3118 2442 3313 2493 relicto
3343 2455 3417 2503 eo,
3439 2439 3674 2505 fugerunt.

2131 2523 2397 2595 Discipuli
2423 2524 2648 2588 scilicet,
2684 2525 2778 2595 qui
2806 2541 2979 2597 supra
3015 2542 3077 2580 se
3107 2543 3210 2598 pro
3244 2543 3310 2582 eo
3340 2526 3476 2580 mori
3512 2524 3678 2596 gloria-

2132 2611 2356 2676 bantur,
2400 2621 2457 2668 et
2495 2615 2897 2685 promittebant
2921 2632 2982 2670 se
3018 2632 3314 2687 nunquam
3343 2633 3464 2672 eum
3494 2629 3676 2685 negare.

2133 2702 2383 2766 Quorum
2435 2703 2617 2773 figura
2653 2704 2926 2775 dispersio
2961 2705 3151 2775 gregis
3208 2711 3313 2770 est,
3374 2711 3430 2759 et
3478 2701 3680 2758 veritatis

2133 2791 2476 2862 adimpletio,
2509 2798 2572 2847 ut
2600 2793 2718 2864 ipse
2747 2794 2817 2847 de
2846 2810 2907 2848 se
2936 2810 3037 2864 per
3055 2795 3390 2866 prophetam
3420 2794 3520 2849 ait:
3543 2793 3680 2860 Super

2131 2897 2314 2935 omnes
2334 2883 2590 2936 inimicos
2611 2899 2770 2949 meos,
2783 2885 2960 2949 factus
2981 2900 3108 2938 sum
3137 2886 3490 2953 opprobrium
3517 2882 3679 2936 vicinis

2133 2973 2266 3023 meis
2295 2972 2467 3034 valde,
2491 2976 2538 3024 et
2569 2974 2738 3025 timor
2766 2975 2910 3026 notis
2942 2975 3092 3027 meis.
3123 2973 3234 3040 Qui
3258 2974 3504 3027 videbant
3532 2971 3681 3037 inc/o-

457 3064 750 3120 duodecim
770 3065 1099 3134 legionibus.
1121 3068 1262 3121 Nam
1286 3085 1400 3122 una
1429 3069 1592 3139 legio,
1623 3070 1784 3139 juxta
1813 3075 2045 3137 veteres,

2136 3075 2225 3114 ras
2252 3061 2518 3127 fugerunt
2558 3077 2594 3114 a
2637 3077 2736 3116 me.
2781 3062 3062 3116 Oblivioni
3107 3064 3278 3116 datus
3315 3079 3436 3116 sum
3464 3067 3684 3128 tanquam

458 3167 551 3206 sex
582 3151 756 3206 millia
793 3169 912 3207 esse
943 3152 1208 3209 dicuntur
1235 3155 1549 3210 hominum.
1586 3157 1764 3220 Quem
1791 3173 1924 3212 sane
1953 3174 2050 3212 nu-

457 3254 677 3294 merum
717 3239 763 3292 si
791 3239 847 3293 in
882 3256 1161 3296 summam
1192 3243 1436 3306 duxeris,
1469 3245 1826 3316 septuaginta
1859 3252 1916 3300 et
1943 3247 2053 3302 duo

458 3329 637 3384 millia
665 3329 994 3400 angelorum
1013 3336 1162 3397 sunt,
1179 3338 1237 3387 et
1258 3349 1369 3387 non
1394 3332 1603 3404 absque
1622 3351 1826 3406 magno
1853 3341 2056 3407 myste-

459 3419 563 3473 rio.
586 3419 728 3472 Nam
762 3421 1119 3490 septuaginta
1141 3428 1198 3476 et
1223 3423 1346 3477 dua:
1375 3422 1578 3493 linguai
1617 3424 1908 3479 hominum
1931 3442 2051 3480 esse

460 3507 767 3562 creduntur
798 3507 857 3562 in
888 3509 1114 3565 mundo.
1149 3511 1359 3565 Idcirco
1399 3528 1433 3565 a
1459 3511 1735 3582 sapientia
1765 3513 1882 3579 Dei,
1919 3514 2054 3568 satis

461 3596 742 3667 sapienter
762 3597 852 3650 hic
875 3613 1145 3654 numerus
1172 3601 1609 3671 comprehensus
1647 3608 1766 3665 est;
1796 3607 1860 3656 ut
1889 3602 2056 3656 intel-

460 3685 663 3757 ligeres
691 3685 737 3740 si
758 3692 915 3742 totus
944 3689 1184 3744 mundus
1221 3695 1418 3744 contra
1437 3708 1567 3746 eum
1597 3690 1856 3758 venisset,
1893 3691 2052 3757 nihil,

460 3776 564 3830 nisi
596 3775 717 3846 ipse
739 3776 922 3841 vellet,
956 3783 1152 3833 contra
1179 3796 1307 3834 eum
1338 3786 1543 3850 posset,
1577 3780 1674 3851 qui
1711 3787 1907 3835 contra
1935 3782 2054 3836 sin-

459 3865 622 3936 gulas
651 3866 884 3920 humani
911 3868 1135 3936 generis
1161 3869 1418 3924 nationes
1463 3870 1758 3941 plusquam
1805 3870 2056 3941 singulas

461 3954 687 4010 mittere
715 3972 1087 4026 supernorum
1116 3957 1316 4013 civium
1347 3958 1622 4030 potuisset
1646 3958 1912 4029 legiones.
1946 3960 2055 4014 Sed

463 4044 634 4114 elegit
689 4049 752 4098 ut
801 4045 1215 4116 complerentur
1259 4048 1319 4102 in
1367 4064 1432 4103 eo
1480 4047 1798 4118 Scripturae,
1845 4049 1940 4119 qui
1978 4048 2057 4102 sic

464 4131 757 4202 oportebat
777 4149 904 4188 eum
943 4136 1079 4204 pati,
1109 4152 1174 4189 ac
1194 4153 1508 4206 resurgere,
1539 4143 1596 4192 et
1622 4137 1833 4192 intrare
1855 4137 1912 4191 in
1932 4137 2055 4207 glo-

465 4235 608 4273 riam
636 4236 815 4273 suam.

537 4301 604 4353 In
634 4302 739 4353 illa
768 4301 902 4354 hora
929 4303 1234 4357 dixitlesus
1257 4306 1463 4357 turbis:
1492 4307 1777 4374 Tanquam.
1797 4309 1871 4360 ad
1892 4311 2060 4361 latro-

2073 4349 2123 4408 D

2137 3154 2391 3203 mortuus
2410 3165 2445 3203 a
2472 3152 2649 3203 corde.
2671 3150 2741 3206 At
2774 3153 2865 3205 illi
2893 3155 3130 3205 tenentes
3155 3153 3347 3205 Jesum
3368 3147 3687 3206 duxeruntad

2135 3239 2400 3306 Caipham
2427 3242 2735 3308 principem
2755 3241 3121 3305 sacerdotum,
3146 3242 3248 3295 ubi
3273 3241 3467 3297 Scriba
3494 3245 3537 3293 et
3554 3239 3690 3292 senio-

2136 3341 2220 3380 res
2249 3329 2766 3383 convenerant.Non
2788 3329 2977 3400 itaque
3001 3329 3072 3384 ad
3088 3329 3322 3386 domum
3338 3329 3544 3401 Caiphe
3569 3326 3691 3398 prius

2136 3416 2306 3480 venit,
2338 3416 2433 3470 sed
2462 3417 2766 3472 secundum
2805 3419 3099 3482 Joannem,
3131 3421 3208 3473 ad
3237 3423 3454 3474 Annam
3477 3419 3689 3486 primum

2137 3503 2338 3558 ductus
2362 3510 2466 3566 est,
2489 3520 2747 3560 socerum
2773 3505 3015 3577 Caiphae,
3049 3507 3143 3578 qui
3168 3514 3302 3561 erat
3328 3513 3384 3562 et
3413 3507 3520 3577 ipse
3545 3501 3689 3574 ponti-

2135 3592 2240 3658 fex,
2273 3593 2330 3648 in
2356 3596 2516 3665 cujus
2541 3595 2708 3650 domo
2731 3612 2908 3666 usque
2932 3612 3098 3650 mane
3127 3598 3339 3652 multas
3363 3593 3576 3668 pertulit
3591 3606 3691 3645 con-

2134 3683 2414 3746 tumelias,
2450 3684 2673 3755 quando
2696 3690 2753 3739 et
2783 3684 2982 3740 Petrus
3008 3687 3157 3740 inter
3180 3687 3409 3741 easdem
3436 3699 3606 3738 moras
3621 3695 3691 3734 us-

2139 3789 2247 3844 que
2278 3772 2442 3827 tertio
2470 3774 2715 3843 negavit.
2756 3775 2862 3828 Sed
2887 3775 3021 3845 quia
3048 3776 3117 3830 de
3147 3775 3237 3830 his
3269 3792 3391 3847 quae
3417 3779 3563 3844 gesta
3586 3773 3690 3824 sunt

2139 3860 2195 3915 in
2220 3861 2386 3916 domo
2406 3861 2600 3932 ipsius.
2628 3870 2687 3916 et
2715 3880 2838 3934 quae
2868 3864 2925 3918 in
2949 3863 3116 3918 domo
3135 3863 3379 3935 Caiphae,
3394 3864 3602 3931 longum
3625 3862 3692 3911 est

2139 3949 2413 4006 disserere
2443 3968 2506 4005 ac
2537 3951 2817 4006 difﬁcilius
2844 3951 3211 4022 distinguere,
3247 3953 3380 4024 quia
3410 3951 3511 4023 ipsi
3538 3949 3689 4004 Evan-

2137 4039 2352 4109 gelistae
2407 4040 2554 4095 inter
2596 4057 2654 4095 se
2704 4041 3001 4096 dissentire
3030 4040 3308 4096 videntur.
3343 4039 3578 4112 quamvis
3603 4051 3690 4090 uno

2141 4129 2444 4199 loquantur
2461 4129 2680 4200 spiritu,
2696 4130 2832 4184 dum
2860 4129 3006 4184 alius
3036 4129 3281 4184 intendit
3304 4131 3536 4202 primum
3559 4140 3692 4194 nega-

2138 4217 2348 4272 tionem
2396 4218 2547 4272 Petri
2591 4235 2888 4290 exponere,
2931 4224 3056 4274 tum
3101 4220 3330 4274 demum
3378 4219 3476 4273 has
3508 4211 3692 4272 Domini

2143 4307 2510 4362 contumelias
2556 4315 2588 4371 |
2617 4314 2731 4373 l3
2751 4314 2782 4369 I
2823 4309 3126 4366 adnotare:
3159 4309 3305 4363 alius
3333 4325 3459 4363 vero
3482 4307 3585 4360 hinc
3621 4302 3692 4356 in-

469 4405 593 4442 nem
638 4391 822 4442 existis
849 4405 975 4441 cum
1021 4393 1226 4457 gladiis
1255 4397 1303 4444 et
1330 4393 1569 4459 fustibus
1612 4391 2122 4462 comprehendere"
2143 4401 2438 4451 terserere.
2455 4396 2524 4450 Et
2542 4396 2686 4450 alius
2705 4397 2860 4468 prius
2876 4397 3470 4452 Dominicontumelias
3481 4406 3691 4449 narrare.

466 4495 568 4544 me,
616 4494 740 4532 cum
774 4479 1016 4547 quotidie
1044 4481 1196 4547 apud
1232 4495 1320 4534 vos
1346 4481 1611 4546 sedebam,
1658 4483 1849 4537 docens
1878 4501 1966 4538 vos
1999 4489 2061 4540 in

472 4571 687 4636 templo,
723 4572 771 4620 et
801 4583 913 4620 non
932 4584 1016 4620 me
1044 4571 1316 4622 tenuistis.
1348 4569 1428 4623 Ac
1455 4568 1500 4623 si
1531 4569 1743 4624 diceret
1772 4590 1782 4624 :
1816 4573 2062 4628 Stultum

471 4661 556 4709 est
583 4673 709 4710 eum
735 4672 984 4726 quaerere
1011 4673 1140 4710 cum
1161 4657 1364 4727 gladiis
1394 4664 1451 4712 et
1475 4658 1732 4726 fustibus,
1767 4662 1861 4732 qui
1890 4661 2064 4717 ultro-

468 4761 606 4799 neus
635 4762 696 4799 se
723 4746 922 4799 vestris
959 4745 1194 4800 tradidit
1220 4746 1513 4815 manibus;
1548 4754 1605 4802 et
1640 4749 1815 4804 nimia
1846 4752 2063 4808 caecitas

468 4839 571 4898 est,
597 4834 885 4904 multaque
911 4835 1136 4889 vesania
1162 4836 1362 4898 cordis,
1388 4836 1446 4890 in
1476 4842 1636 4893 nocte
1658 4855 1907 4908 quaerere
1934 4857 2063 4895 cum

466 4921 680 4977 facibus
709 4929 765 4977 et
779 4923 1069 4991 lanternis,
1095 4941 1159 4979 ac
1179 4925 1225 4979 si
1245 4926 1518 4980 latronem
1544 4927 1598 4980 in
1623 4927 1868 4983 tenebris
1888 4931 2062 4984 laten-

471 5019 676 5077 tem,ac
692 5012 737 5066 si
762 5029 797 5066 a
816 5013 1014 5066 vestris
1030 5015 1343 5085 aspectibus
1371 5015 1765 5084 declinantem,
1791 5018 1883 5088 qui
1913 5036 2062 5073 sem-

478 5120 570 5174 per
592 5103 872 5157 vobiscum
905 5119 1079 5158 eram.
1095 5104 1238 5168 Quid
1267 5121 1401 5175 ergo
1423 5121 1648 5161 necesse
1672 5106 1774 5160 fuit
1793 5125 1892 5178 per
1915 5109 2061 5164 hunc

476 5192 808 5263 proditorem
841 5208 1090 5263 quaerere
1111 5210 1219 5257 me,
1251 5200 1308 5248 et
1334 5211 1399 5248 ac
1427 5194 1473 5248 si
1501 5195 1806 5266 fugientem
1828 5197 2057 5252 investi-

467 5298 621 5352 gare,
656 5282 751 5352 qui
782 5283 1029 5354 quotidie
1058 5283 1337 5337 vobiscum
1386 5284 1666 5350 sedebam,
1709 5293 1764 5339 et
1792 5287 2057 5341 docebam

469 5387 662 5425 omnes
683 5372 906 5441 palam?
960 5378 994 5438 Ι
1022 5378 1057 5436 ι
1075 5377 1201 5437 30
1230 5372 1373 5435 Quid
1423 5378 1508 5426 est
1538 5375 1684 5443 quod
1713 5375 1919 5445 agitis?
1949 5377 2057 5430 nisi

469 5459 600 5530 quia
629 5475 722 5513 vos
751 5460 1150 5516 demonstratis
1177 5477 1298 5514 esse
1344 5461 1402 5514 in
1431 5461 1693 5517 tenebris.
1727 5464 1870 5528 Quia
1900 5470 2057 5534 pote-

468 5553 583 5603 stas
614 5553 795 5604 vestra
823 5555 1070 5622 potestas
1099 5556 1187 5606 est
1212 5549 1605 5620 tenebrarum;
1639 5557 1695 5606 et
1724 5552 1849 5608 ideo
1894 5553 1951 5608 in
1981 5560 2059 5608 te-

2146 4483 2347 4538 deinde
2378 4483 2529 4537 Petri
2552 4484 2942 4539 tentationem.
2971 4484 3180 4539 Omnes
3208 4489 3398 4538 tamen
3428 4496 3570 4536 more
3591 4492 3690 4537 suo.

2145 4572 2368 4643 singula
2418 4573 2534 4628 suis
2585 4573 2643 4626 in
2672 4571 2807 4627 locis
2834 4573 2916 4627 ita
2944 4572 3158 4641 dicunt,
3191 4579 3256 4628 ut
3298 4573 3497 4627 veritas
3521 4574 3625 4624 tota
3645 4565 3692 4618 in

2147 4662 2354 4717 Christi
2373 4667 2630 4717 contexta
2656 4668 2920 4717 cernatur
2947 4669 3118 4729 veste,
3152 4669 3206 4718 et
3237 4663 3471 4717 varietas
3497 4658 3623 4714 miro
3637 4654 3693 4709 si-

2146 4752 2371 4822 quidem
2416 4751 2582 4806 modo
2619 4768 2886 4806 exornare
2917 4751 3211 4822 probetur;
3239 4758 3296 4807 et
3323 4751 3369 4806 si
3419 4749 3545 4822 quid
3574 4759 3693 4801 unus

2147 4857 2340 4894 eorum
2364 4841 2816 4911 praetermisitmb
2835 4841 2944 4895 alio
2959 4858 3026 4896 ex
3041 4842 3260 4912 integro
3281 4840 3546 4896 fulciatur.
3561 4833 3690 4891 Unde

2146 4935 2203 4983 et
2227 4930 2523 4984 Matthiaus
2556 4946 2726 5000 quam
2771 4937 2932 4985 caute
2963 4931 3226 5001 loquatur
3269 4925 3690 4984 considerandum

2144 5025 2246 5072 est.
2284 5019 2410 5072 Non
2447 5020 2595 5072 enim
2643 5019 2790 5073 sicut
2817 5020 3079 5082 Joannes,
3114 5021 3185 5074 ad
3215 5035 3380 5090 quem
3424 5017 3493 5070 sit
3525 5015 3692 5068 ductus

2143 5108 2409 5178 primum,
2442 5108 2731 5178 expressit,
2759 5108 2853 5162 sed
2886 5108 3141 5163 absolute
3167 5108 3246 5162 ait
3277 5127 3287 5161 :
3328 5107 3467 5172 Quia
3492 5104 3690 5158 tenentes

2137 5199 2321 5249 Jesmn
2353 5199 2632 5250 (luxerunt
2652 5199 2725 5250 ad
2745 5198 3007 5265 Caipham
3031 5201 3340 5266 principem
3367 5194 3688 5249 sacerdotum.

2143 5288 2256 5340 Nec
2283 5287 2417 5341 dicit
2441 5286 2703 5357 primum,
2734 5303 2836 5340 nec
2864 5287 3088 5356 quando
3112 5286 3228 5351 ,sed
3259 5285 3389 5356 quia
3415 5283 3596 5336 ductus
3622 5281 3691 5330 est

2143 5376 2211 5429 ad
2241 5393 2388 5431 eum.
2412 5375 2571 5440 Quod
2591 5377 2836 5429 Joannes
2857 5375 3180 5444 diligentius
3198 5372 3576 5428 commendans
3591 5365 3685 5419 ait:

2139 5466 2336 5520 Cohors
2373 5482 2499 5534 ergo
2527 5471 2574 5520 et
2601 5467 2880 5531 tribunus,
2905 5470 2955 5518 et
2983 5463 3546 5518 ministriludzorum
3566 5469 3688 5511 com-

2137 5557 2544 5625 prehenderunt
2571 5558 2777 5622 Iesum,
2817 5559 2866 5610 et
2896 5556 3208 5624 ligaverunt
3236 5567 3379 5618 eum,
3404 5556 3452 5604 et
3475 5547 3686 5602 additae-
