3918 6166
201 287 308 346 921

924 292 1303 351 EX-POSITIO
1341 293 1422 350 IN
1457 291 1904 350 MA'I'I‘HIEUM.
1945 323 2010 335 —
2051 293 2187 350 LIB.
2227 295 2350 362 XII,
2394 295 2551 351 CAP.
2592 297 2787 354 XXVI.

3377 298 3485 357 922

199 419 342 468 runt
356 430 483 469 eum
511 416 828 474 adAnnam
844 420 1286 488 primum(Joan.
1305 433 1465 486 xvm,
1487 416 1598 486 1‘2).
1630 419 1694 473 In
1709 435 1800 472 cu-
1817 421 2004 480 Astus
2039 425 2142 483 est,
2180 420 2274 490 qui
2300 421 2434 474 dicit
2461 439 2472 473 :
2498 423 2607 490 Ego
2638 438 2762 476 sum
2793 423 2844 476 A
2869 428 2919 476 et
2956 422 3026 489 Ω,
3055 425 3402 492 principium
3432 428 3482 476 et

191 501 287 569 jus
314 502 509 574 itaque
527 505 694 562 domo
712 508 871 563 illata
897 516 1030 564 sunt
1057 509 1108 563 ei
1133 510 1312 564 multa
1336 507 1804 562 contumeliarum

193 607 430 661 genera,
455 610 633 665 usque
670 612 856 664 mane,
881 604 1106 669 peracta
1119 599 1239 669 jam
1268 598 1364 652 illa
1393 597 1691 667 negatione
1702 598 1803 650 Pe-

195 680 289 734 tri.
323 681 502 747 Tunc,
527 683 672 738 sicut
699 685 920 756 plenius
942 689 1454 753 Joannestestatur,
1474 686 1648 740 mittit
1671 701 1801 739 eum

191 769 390 824 Annas
412 771 660 828 vinctum
690 776 760 828 ad
798 776 1066 848 Caipham
1097 778 1438 848 pontiﬁcem,
1474 776 1622 847 quod
1651 792 1800 829 nunc

193 859 502 916 Matthaeus
527 863 608 918 ait
641 866 1018 935 praetermisso
1048 868 1229 933 Anna,
1255 868 1324 921 ad
1351 883 1518 938 quem
1555 865 1800 936 primum

195 952 286 1003 est
311 949 608 1018 adductus,
639 958 696 1008 et
719 955 916 1010 multis
936 955 1142 1010 ibidem
1171 956 1490 1026 injuriatus.
1534 955 1800 1019 Quamvis

193 1042 253 1091 et
291 1037 365 1092 de
401 1039 490 1093 his
534 1057 780 1112 praesens
809 1045 1153 1115 evangelista
1189 1045 1462 1100 nonnulla
1488 1044 1568 1098 sic
1607 1048 1802 1098 narrat

192 1127 644 1197 recapitulando,
675 1131 818 1186 sicut
847 1138 903 1187 et
931 1133 1001 1188 de
1031 1135 1216 1200 Petro,
1255 1139 1319 1188 ut
1345 1135 1404 1188 in
1431 1150 1546 1188 una
1573 1132 1799 1186 eadem-

194 1231 306 1285 que
327 1215 518 1282 domo,
549 1219 658 1273 nisi
685 1221 1009 1292 diligentius
1041 1223 1688 1289 consideres,videantur
1717 1222 1802 1276 fa-

194 1309 307 1359 cta.
340 1305 457 1360 Nec
477 1307 650 1377 igitur
680 1311 921 1365 multum
953 1312 1206 1376 interest,
1237 1313 1286 1367 si
1313 1329 1426 1367 una
1459 1312 1678 1366 dicatur
1700 1312 1800 1366 do-

193 1409 325 1448 mus
345 1411 560 1460 eorum,
581 1414 839 1470 unusque
860 1400 1084 1472 Caiphae
1104 1402 1471 1472 principatus,
1491 1401 1625 1472 quia
1651 1401 1804 1471 prior

193 1488 321 1536 erat
340 1483 402 1538 in
433 1487 766 1554 sacerdotio,
789 1489 857 1543 ad
889 1507 1056 1561 quem
1081 1491 1352 1562 quidquid
1377 1492 1568 1544 Annas
1597 1490 1804 1544 fecerat

197 1568 540 1638 pertinebat.
581 1572 832 1636 Quorum
863 1591 977 1628 una
1010 1582 1134 1630 erat
1160 1575 1418 1640 intentio,
1452 1592 1566 1630 una
1603 1575 1802 1629 volun-

193 1660 302 1722 tas,
338 1673 567 1730 unaque
595 1660 882 1732 iniquitas,
923 1669 981 1717 et
1026 1681 1173 1719 unus
1203 1665 1431 1719 malitiae
1472 1681 1798 1718 consensus.

1885 507 2020 577 ﬁnis
2057 496 2236 578 (Apoc.
2277 509 2411 576 1,8).

1955 600 2212 667 Princeps
2242 605 2427 654 autem
2457 602 2820 668 sacerdotum,
2839 605 2888 654 et
2917 617 3076 655 omne
3099 603 3417 666 concilium,
3434 606 3484 655 et

1879 689 2116 740 seniores
2125 692 2318 756 populi
2325 691 2652 756 ,quazrebant
2669 692 2877 756 falsum
2896 694 3271 744 testimonium
3291 695 3482 745 contra

1878 777 2062 828 Jesum
2093 782 2152 829 ut
2181 793 2305 830 eum.
2343 781 2512 831 morti
2546 780 2844 845 traderent,
2882 785 2931 832 et
2984 796 3095 834 non
3127 784 3480 845 invenerunt,

1883 879 2010 917 cum
2031 869 2200 919 multi
2223 868 2356 933 falsi
2376 872 2523 920 testes
2543 872 2901 922 accessissent.
2925 869 3068 933 Quid
3090 870 3262 939 igitur
3281 869 3486 923 nonin-

1883 955 2194 1008 venerunt?
2221 955 2485 1026 Nunquid
2507 973 2618 1010 non
2644 957 2975 1012 invenerunt
3003 958 3204 1012 falsum
3225 959 3481 1012 testimo-

1882 1041 2037 1096 nium
2070 1049 2266 1097 contra
2291 1045 2613 1109 Dominum,
2663 1048 2808 1116 quod
2855 1047 3210 1117 quaerebant?
3250 1047 3409 1111 Quod
3438 1048 3484 1101 si

1883 1131 2086 1186 falsum
2115 1149 2226 1186 non
2251 1133 2601 1200 invenerunt,
2636 1134 2781 1188 absit
2807 1135 2875 1190 ab
2904 1137 3018 1189 ullo
3040 1136 3382 1200 mortalium,
3419 1140 3485 1189 ut

1882 1221 2074 1275 credat
2101 1222 2250 1292 quod
2280 1239 2472 1276 verum
2501 1230 2695 1277 contra
2724 1241 2851 1278 eum
2894 1225 3226 1291 invenerint,
3260 1230 3325 1279 ut
3351 1240 3483 1278 eum

1879 1308 2006 1377 jure
2051 1310 2219 1362 morti
2265 1311 2571 1364 traderent.
2605 1311 2760 1364 Alias
2812 1315 2999 1365 autem
3045 1311 3322 1381 quomodo
3361 1311 3485 1365 falsi

1885 1404 2056 1453 testes
2087 1405 2274 1454 essent
2287 1401 2333 1453 si
2361 1417 2552 1454 verum
2591 1400 2877 1454 dicerent?
2906 1399 2979 1453 Et
3009 1400 3139 1470 quia
3170 1399 3295 1452 falsi
3315 1403 3486 1452 testes

1885 1493 2048 1540 erant
2102 1489 2197 1558 qui
2251 1495 2625 1553 accesserunt,
2674 1490 2952 1560 quomodo
2999 1505 3112 1542 non
3154 1490 3488 1542 invenerunt

1885 1576 2086 1631 falsum
2117 1577 2500 1632 testimonium
2544 1579 2691 1649 quod
2731 1579 3094 1650 quaerebant?
3149 1579 3490 1632 Invenerunt

1886 1666 2080 1736 utique
2109 1667 2310 1722 falsum
2342 1669 2488 1739 quod
2519 1667 2862 1739 quaerebant,
2883 1675 2940 1722 et
2965 1685 3073 1722 non
3097 1683 3289 1721 verum
3316 1685 3327 1732 ;
3357 1664 3490 1735 quia

190 1744 310 1804 Nm
338 1746 516 1817 igitur
529 1750 734 1804 mirum
763 1752 810 1805 si
839 1752 1017 1824 iniqui
1041 1754 1330 1824 pontiﬁces
1349 1754 1542 1824 iniqua
1570 1752 1803 1808 consilia
1822 1737 1870 1798 Β
1887 1756 2049 1810 Jesus
2078 1757 2344 1812 innocens
2367 1765 2506 1822 erat,
2530 1764 2587 1812 et
2611 1758 2717 1829 ipsi
2745 1757 2934 1812 miseri
2963 1774 3028 1810 ac
3047 1757 3173 1810 caeci
3196 1756 3509 1809 veritatem-

189 1842 421 1906 gerunt,
476 1837 666 1909 inique
687 1840 945 1910 judicant
983 1848 1038 1896 et
1064 1843 1289 1913 iniquos
1336 1845 1407 1897 ad
1447 1844 1800 1914 iniquitatem

191 1921 412 1993 fovent;
445 1927 542 1997 qui
588 1944 699 1982 non
729 1946 795 1983 ex
832 1931 1199 1998 successione,
1231 1939 1296 1988 ut
1338 1933 1426 1986 lex
1448 1932 1612 2003 jubet
1634 1949 1669 1986 a
1696 1934 1802 1986 Do-

192 2013 351 2073 mino
380 2016 760 2087 promulgata,
800 2021 1176 2075 sacerdotium
1204 2021 1545 2086 obtinuerat,
1577 2022 1694 2086 sed,
1738 2028 1803 2076 ut

189 2101 474 2174 Josephus
501 2105 690 2172 refert,
715 2107 882 2162 unius
911 2109 1045 2164 anni
1069 2116 1292 2164 tantum
1314 2111 1700 2182 pontificatum
1731 2111 1800 2165 ab

192 2190 423 2246 Herode
441 2194 621 2264 pretio
654 2197 800 2250 male
829 2199 1162 2253 redemerat.
1189 2200 1351 2255 Tales
1378 2201 1554 2270 igitur
1575 2218 1801 2272 semper

192 2279 438 2338 timendi
471 2289 605 2338 sunt
632 2287 970 2353 sacerdotes,
1005 2288 1324 2359 quicunque
1370 2289 1572 2360 pretio,
1605 2295 1662 2344 et
1687 2307 1800 2344 non

191 2384 256 2421 ex
277 2370 475 2440 gratia
505 2373 748 2443 Spiritus
779 2376 976 2435 sancti.
1018 2378 1258 2432 honores
1285 2385 1572 2432 sectantur
1616 2379 1801 2433 Eccle-

190 2457 444 2527 siarum;
477 2477 606 2516 cum
621 2463 824 2534 quibus
839 2482 1062 2537 semper
1080 2466 1283 2526 falsum
1312 2474 1652 2538 aggregatur
1679 2484 1805 2522 con-

191 2546 410 2615 cilium,
441 2549 568 2605 falsi
590 2556 760 2608 testes
786 2561 1137 2626 queruntur,
1173 2573 1300 2611 cum
1332 2556 1535 2627 quibus
1566 2573 1677 2610 non
1711 2573 1804 2610 ve-

192 2635 350 2703 ritas,
372 2654 488 2693 non
510 2641 728 2711 religio,
757 2643 857 2698 sed
892 2643 1086 2715 iniqua
1115 2662 1338 2717 semper
1368 2646 1426 2698 in
1452 2645 1636 2700 causis
1661 2662 1802 2716 prae-

189 2729 375 2782 fertur
403 2730 729 2785 auctoritas.

257 2818 461 2871 Petrus
499 2824 686 2874 autem
725 2824 1052 2891 sequebatur
1094 2839 1220 2877 eum
1249 2841 1284 2877 a
1314 2825 1489 2890 longe,
1539 2841 1706 2893 usque
1737 2827 1799 2877 in

1885 1864 1997 1902 non
2013 1848 2352 1918 quaerebant,
2374 1848 2469 1901 sed
2485 1847 2791 1901 deliberato
2807 1847 2994 1900 animo
3017 1862 3232 1911 omnes,
3251 1861 3487 1916 quomo-

1883 1935 1955 1988 do
1973 1943 2006 2000 |
2034 1943 2071 2002 ι
2089 1943 2212 2001 33
2227 1954 2357 1990 eum
2390 1937 2510 1990 neci
2542 1937 2848 1990 traderent.
2888 1935 3045 1989 Unde
3070 1935 3214 1988 sicut
3235 1935 3487 1988 nonnulli

1883 2024 2100 2078 codices
2132 2023 2360 2090 habent,
2394 2029 2456 2077 ut
2509 2023 2639 2089 dixi,
2675 2040 2788 2077 non
2815 2023 3150 2076 invenerunt
3178 2022 3409 2084 exitum,
3429 2020 3484 2073 id

1883 2121 1970 2168 est
1999 2113 2276 2184 quomodo
2296 2113 2380 2167 vel
2406 2113 2589 2182 ipsum
2618 2112 2818 2165 falsum
2842 2111 3226 2165 testimonium
3256 2110 3487 2164 colloca-

1882 2207 2026 2267 rent,
2063 2201 2149 2254 vel
2194 2200 2471 2271 quomodo
2500 2201 2628 2253 ficte
2664 2199 2742 2252 sic
2783 2199 3119 2269 proferrent,
3148 2203 3211 2252 ut
3240 2198 3324 2251 vel
3349 2196 3488 2250 veri-

1885 2291 2065 2345 simile
2098 2290 2303 2344 habere
2333 2289 2632 2343 videretur.
2678 2289 2746 2342 Et
2795 2289 2896 2344 hoc
2935 2293 3022 2342 est
3063 2287 3210 2358 quod
3254 2302 3487 2356 evange-

1885 2381 2013 2434 lista
2045 2380 2180 2434 dicit
2215 2398 2227 2432 ε
2283 2380 2408 2433 Νοη
2453 2381 2806 2442 invenerunt,
2839 2377 2970 2448 quia
3007 2377 3111 2430 hoc
3141 2376 3483 2447 quaerebant.

1885 2471 2011 2524 Non
2049 2469 2181 2540 quia
2223 2469 2424 2522 falsum
2472 2467 2824 2532 invenerunt,
2852 2467 2949 2521 sed
2980 2468 3058 2520 sic
3089 2466 3487 2521 adumbratum

1885 2558 2134 2612 invenire
2166 2573 2274 2611 non
2303 2562 2629 2628 potuerunt,
2655 2562 2719 2610 ut
2746 2555 2962 2610 falsitas
2983 2555 3151 2609 etiam
3175 2556 3354 2609 Pilato
3376 2571 3488 2607 non

1885 2647 2187 2702 videretur.
2236 2647 2304 2700 Et
2359 2646 2484 2700 ideo
2509 2647 2710 2700 sciebat
2758 2646 2974 2698 Pilatus
3011 2644 3322 2706 manifeste,
3355 2646 3489 2712 quia

1879 2752 1979 2804 per
2010 2737 2286 2790 invidiam
2315 2752 2440 2789 eum
2459 2737 2835 2788 tradidissent.
2857 2735 3001 2788 Nam
3023 2734 3200 2786 etalia
3220 2733 3497 2802 interpre-

1884 2826 2023 2880 tatio
2051 2826 2303 2880 codicum
2345 2825 2424 2878 sic
2454 2825 2640 2891 habet,
2682 2841 2809 2879 cum
2841 2825 3003 2878 multi
3041 2823 3164 2877 falsi
3193 2829 3364 2876 testes
3395 2839 3490 2876 ac-

190 2907 417 2959 atrium
452 2911 731 2977 principis
768 2913 1130 2965 sacerdotum.
1186 2912 1250 2965 Et
1290 2915 1568 2979 ingressus
1624 2916 1799 2980 intro,
1882 2915 2195 2977 cessissent,
2231 2931 2345 2968 non
2372 2915 2706 2968 invenerunt
2724 2913 2782 2967 in
2810 2929 2875 2967 eo
2906 2913 3234 2984 quidquam.
3276 2912 3353 2966 Ex
3379 2928 3488 2982 quo

191 2994 412 3048 sedebat
453 3011 580 3049 cum
616 3000 896 3052 ministris
937 3005 998 3053 ut
1053 3001 1257 3054 videret
1309 3003 1475 3067 ﬁnem
1522 3005 1622 3054 rei.
1671 3003 1802 3055 Haec
1883 3009 2039 3074 patet
2073 3004 2203 3074 quia
2245 3004 2553 3058 secundum
2583 3003 2789 3058 Isaiam
2821 3002 3171 3073 prophetam,
3215 3015 3279 3054 eo
3307 2999 3365 3054 in
3396 3015 3491 3071 po-

193 3082 412 3146 omnia,
453 3090 520 3138 ut
558 3085 690 3150 dixi,
739 3087 808 3141 de
855 3088 1040 3154 Petro,
1082 3093 1139 3143 et
1186 3089 1430 3160 plurima
1475 3107 1596 3160 quae
1643 3094 2013 3164 gestanulo
2070 3111 2104 3146 a
2151 3094 2345 3164 planta
2406 3093 2564 3164 pedis
2619 3108 2796 3162 usque
2851 3091 2920 3144 ad
2969 3090 3232 3144 verticem
3292 3089 3491 3160 capitis

194 3179 333 3226 sunt
381 3178 626 3240 11³2
664 3175 724 3230 in
769 3178 960 3232 Jesum
1007 3179 1480 3233 contumeliarum
1529 3181 1802 3251 supplicia

193 3264 348 3334 apud
405 3265 646 3331 Annam,
708 3267 1034 3339 priusquam
1091 3270 1164 3323 ad
1231 3270 1501 3342 Caipham
1565 3273 1798 3338 veniret,

191 3351 346 3406 facta
371 3355 951 3426 recteintelliguntur.
969 3359 1170 3413 Petrus
1192 3364 1380 3414 tamen
1405 3377 1517 3431 prie
1543 3361 1802 3416 omnibus

194 3441 383 3496 adhuc
421 3459 489 3496 ex
536 3444 737 3500 ardore
784 3446 914 3500 ﬁdei
952 3449 1228 3519 sequitur,
1256 3450 1508 3520 quamvis
1539 3467 1584 3503 a.
1615 3451 1797 3520 longe.

195 3530 343 3594 Quia
371 3532 558 3602 prima
581 3533 921 3600 confusione,
950 3537 1070 3607 jam
1103 3538 1306 3592 timore
1328 3555 1610 3609 pervasus,
1644 3539 1803 3609 sequi

194 3635 230 3673 a
257 3621 518 3691 proximo
557 3638 669 3676 non
708 3624 970 3691 audebat,
1014 3625 1160 3680 sicut
1187 3627 1398 3681 dictum
1429 3634 1516 3682 est
1547 3645 1558 3680 :
1606 3629 1675 3682 Et
1705 3631 1805 3698 qui

183 3712 361 3778 juxta
387 3727 470 3764 me
498 3717 680 3770 erant.
709 3714 772 3768 de
791 3717 946 3781 longe
975 3721 1241 3770 steterunt
1271 3718 1437 3780 (Psal.
1471 3732 1640 3783 XXVII,
1679 3717 1792 3785 t3).

195 3797 554 3869 Sequebatur
580 3807 767 3856 autem
797 3803 882 3858 vel
912 3820 1104 3859 amore
1135 3805 1410 3876 discipuli,
1440 3807 1525 3860 vel
1554 3807 1804 3861 humana

193 3887 542 3953 curiositate,
577 3890 719 3945 scire
750 3892 938 3946 volens
971 3893 1104 3964 quid
1131 3894 1410 3950 accideret
1438 3895 1509 3960 ei,
1541 3897 1627 3949 vel
1666 3897 1801 3966 quid

187 3975 476 4045 judicaret
502 3978 573 4032 de
591 3995 656 4033 eo
686 3982 950 4050 pontifex,
968 3988 1236 4038 utrumne
1256 4001 1386 4038 eum
1413 3985 1579 4039 morti
1609 3986 1798 4040 trade-

194 4070 302 4130 ret,
335 4081 412 4119 an
440 4067 678 4137 ﬂagellis
712 4085 920 4124 caesum
950 4071 1280 4127 dimitteret.
1315 4074 1431 4128 Nec
1459 4074 1595 4128 satis
1625 4075 1801 4144 igitur

193 4153 618 4219 recordabatur,
651 4174 822 4228 quam
851 4175 996 4230 saepe
1016 4160 1272 4216 audierat
1297 4179 1332 4215 a
1360 4162 1618 4227 Domino,
1650 4164 1800 4234 quod

194 4244 590 4314 ﬂagellandus,
633 4253 692 4302 et
736 4248 1148 4319 crucifigendus
1189 4256 1352 4305 esset.
1398 4252 1799 4307 Verumtamen

194 4334 383 4389 adhuc
411 4335 563 4390 Petri
591 4337 774 4408 major
815 4339 1131 4393 constantia
1157 4349 1484 4394 caeterorum
1517 4342 1799 4411 apostolo-

1883 3183 2040 3236 nulla
2067 3189 2189 3236 erat
2215 3183 2447 3244 sanitas,
2491 3182 2589 3236 sed
2633 3198 2748 3235 una
2796 3180 3062 3250 iniquitas
3111 3179 3167 3232 in
3207 3178 3487 3245 omnibus,

1883 3288 2107 3341 unaque
2136 3271 2392 3326 intentio.
2422 3272 2539 3325 Nec
2569 3276 2761 3325 tamen
2813 3286 3010 3323 eorum
3059 3268 3334 3322 calliditas
3370 3273 3492 3322 tam

1884 3368 2071 3416 astuta
2100 3361 2388 3432 probatur,
2424 3367 2488 3415 ut
2512 3361 2598 3414 vel
2625 3361 2746 3431 ipsa
2775 3359 2988 3413 falsitas
3017 3358 3229 3429 aliquid
3261 3357 3375 3411 veri
3406 3358 3490 3410 vi-

1885 3451 2114 3505 deretur
2154 3450 2360 3504 habere
2405 3450 2606 3503 simile.
2639 3451 2784 3503 Nam
2828 3449 2975 3518 apud
3024 3447 3246 3518 iniquos
3271 3447 3489 3517 judices

1883 3539 2026 3594 falsa
2064 3539 2387 3594 testimonia
2405 3545 2540 3592 tunc
2579 3539 2758 3592 locum
2796 3537 3005 3590 habere
3031 3537 3228 3601 solent,
3266 3537 3490 3606 quando

1885 3629 2075 3683 dolose
2107 3645 2233 3682 cum
2263 3619 2452 3682 colore.
2475 3627 2662 3697 aliquo
2694 3626 3054 3696 proferuntur
3082 3625 3349 3678 veritatis.
3380 3625 3489 3679 Sed

1884 3717 2252 3772 mundissima
2290 3715 2498 3771 Christi
2517 3715 2862 3770 conversatio
2888 3715 2991 3767 hoc
3024 3713 3232 3776 habuit,
3277 3720 3335 3766 et
3353 3713 3488 3765 irre-

1884 3807 2272 3880 prehensibilis
2301 3805 2430 3870 vita,
2465 3821 2530 3859 eo
2581 3805 2728 3875 quod
2758 3804 2919 3858 dolus
2955 3819 3067 3855 non
3093 3807 3178 3856 est
3230 3802 3488 3856 inventus

1884 3897 1942 3952 in
1971 3913 2057 3951 eo.
2105 3897 2350 3966 Ideoque
2379 3894 2510 3948 fecit
2538 3911 2608 3948 ne
2637 3894 2810 3948 ullam
2853 3891 3170 3946 invenirent
3217 3890 3484 3945 adversus

1885 4003 2012 4042 eum
2043 3986 2407 4049 occasionem,
2443 4000 2553 4055 qua
2582 3983 2798 4054 possint
2825 3999 2927 4036 sua
2947 3979 3242 4050 suffragari
3263 3980 3491 4034 menda-

1883 4076 1986 4130 cia.
2020 4076 2189 4130 Miser
2214 4074 2471 4145 populus,
2525 4074 2686 4142 cujus
2723 4072 3000 4143 principes
3031 4069 3208 4140 iniqui
3253 4074 3402 4132 sunt,
3433 4074 3490 4124 et

1888 4181 2126 4236 quorum
2173 4164 2422 4218 seniores
2469 4161 2734 4234 perversi,
2765 4161 2897 4232 quia
2941 4160 3102 4214 multi
3150 4157 3275 4212 falsi
3315 4163 3488 4214 testes

1883 4254 1940 4308 in
1971 4270 2165 4308 eorum
2193 4268 2479 4323 nunquam
2513 4252 2719 4305 desunt
2746 4249 3009 4304 conciliis.
3046 4250 3189 4303 Nam
3231 4248 3489 4319 princeps

1883 4344 1979 4415 qui
2013 4343 2252 4396 libenter
2281 4342 2438 4396 audit
2469 4341 2778 4404 mendacia,
2813 4355 3008 4393 omnes
3055 4339 3342 4392 ministros
3381 4338 3488 4391 ha-

195 4441 323 4478 rum
371 4441 498 4478 esse
528 4425 768 4494 videtur,
813 4427 947 4482 dum
988 4428 1069 4482 illi
1115 4428 1357 4499 fugiunt,
1390 4430 1514 4495 iste,
1547 4431 1800 4500 quamvis
1819 4425 2036 4487 Dbebit
2065 4432 2286 4502 impios,
2329 4437 2539 4502 quanto
2585 4430 2763 4500 magis
2793 4434 2849 4483 et
2877 4429 2924 4482 si
2961 4427 3245 4498 quaesierit
3282 4443 3400 4494 eos,
3425 4431 3492 4480 ut

195 4514 622 4584 procul,saltem
653 4515 874 4587 alonge
901 4517 1156 4588 sequitur
1185 4519 1554 4573 Salvatorem.
1593 4521 1710 4574 Nec
1735 4537 1800 4574 ex

195 4607 314 4658 toto
342 4601 418 4656 ab
447 4602 543 4657 illo
573 4603 860 4671 recedens,
895 4622 999 4660 nec
1021 4622 1146 4661 cum
1177 4607 1273 4660 illo
1303 4625 1369 4661 ex
1393 4613 1511 4662 toto
1536 4609 1606 4662 de
1630 4625 1801 4680 prope

194 4708 459 4764 sequens.
484 4693 745 4748 Pervenit
766 4700 956 4749 tamen
983 4695 1054 4750 ad
1081 4696 1287 4750 atrium
1316 4697 1582 4768 principis
1615 4713 1801 4752 sacer-

195 4781 416 4847 dotum,
440 4798 543 4836 nec
570 4781 816 4854 Caiphae.
843 4784 942 4838 sed
986 4787 1182 4849 Annae,
1215 4785 1310 4840 ubi
1345 4793 1654 4854 negaturus
1683 4793 1807 4842 erat

193 4871 522 4926 Dominum.
539 4871 665 4927 Non
689 4877 910 4943 poterat
939 4874 1088 4928 enim
1115 4891 1227 4928 non
1247 4875 1468 4930 evenire
1499 4877 1644 4946 quod
1668 4893 1804 4947 pra:-

194 4959 412 5015 dictum
439 4959 628 5015 fuerat
653 4977 688 5014 a
717 4961 974 5016 Domino.
995 4964 1064 5017 Et
1101 4966 1381 5030 ingressus
1406 4967 1557 5018 intra
1595 4968 1806 5020 sedebat

196 5066 325 5104 cum
365 5052 675 5104 ministris.
690 5051 816 5105 Non
839 5055 905 5104 ut
929 5051 1296 5117 ministraret,
1311 5053 1406 5106 sed
1423 5055 1626 5108 videret
1645 5058 1812 5122 ﬁnem

203 5143 310 5198 rei.
340 5155 514 5209 quem
549 5154 660 5193 non
690 5144 913 5210 poterat
938 5140 1126 5195 videre
1158 5141 1218 5195 in
1247 5141 1392 5195 atrio
1411 5142 1699 5214 principis,
1718 5161 1814 5200 ne-

193 5245 306 5301 que
328 5227 429 5284 ubi
459 5227 711 5282 seniores
745 5229 898 5283 illius
919 5230 1110 5301 papuli
1142 5231 1465 5301 congregati
1489 5238 1671 5286 erant.
1696 5234 1810 5289 Ne-

193 5318 310 5374 scio
344 5319 542 5389 itaque
588 5317 636 5372 si
665 5318 807 5372 forte
835 5318 960 5389 quis
989 5319 1492 5389 impraesentiarum
1530 5326 1700 5392 queat
1730 5322 1808 5375 vi-

1884 4523 2021 4577 istos
2056 4521 2250 4576 fecisse
2267 4519 2582 4575 cernimus?
2611 4519 2754 4573 Hinc
2779 4523 2864 4572 est
2889 4517 3037 4587 quod
3063 4516 3302 4571 dicitur:
3325 4514 3490 4585 Stup-

1880 4628 1953 4680 pa
1985 4615 2199 4665 collecta
2225 4625 2502 4677 synagoga
2531 4610 2876 4677 peccantium
2903 4607 3086 4673 (Eccti.
3120 4622 3229 4670 xxx,
3258 4603 3489 4674 ’lO).Sed

1886 4701 2008 4754 laus
2036 4700 2139 4752 viri
2163 4699 2302 4768 justi
2345 4714 2470 4752 cum
2507 4696 2716 4751 talibus
2756 4696 3022 4749 innocens
3060 4694 3486 4749 condemnatur.

1885 4791 2128 4854 Interea,
2178 4793 2236 4842 et
2282 4788 2340 4841 in
2389 4787 2494 4840 hoc
2520 4787 2642 4840 loco
2667 4785 2816 4856 quod
2844 4784 3009 4838 multi
3039 4783 3162 4838 falsi
3199 4789 3372 4838 testes
3402 4801 3492 4838 ve-

1887 4878 2070 4942 niunt,
2097 4877 2253 4931 favor
2272 4882 2354 4930 est
2385 4875 2628 4946 Caiphae,
2654 4880 2711 4928 et
2730 4873 3044 4945 principum
3061 4873 3378 4939 concitatio,
3405 4888 3492 4926 sa-

1888 4969 2178 5022 cerdotum
2205 4983 2427 5038 quoque
2448 4974 2506 5019 et
2535 4963 2854 5019 Scribarum
2883 4962 3225 5027 convocatio,
3249 4979 3352 5016 nec
3377 4977 3490 5016 non

1895 5063 1952 5112 et
1979 5059 2262 5112 seniorum
2293 5063 2462 5126 atque
2487 5053 2668 5108 omnis
2707 5052 2923 5107 concilii
2951 5052 3308 5123 conspiratio,
3341 5056 3405 5105 ut
3431 5051 3490 5103 in

1894 5146 2155 5201 omnibus
2181 5147 2362 5214 major
2379 5145 2500 5198 laus
2535 5143 2740 5197 Christi
2769 5159 2834 5196 ac
2856 5142 2971 5196 vita
2995 5147 3052 5196 et
3073 5140 3326 5195 doctrina
3355 5139 3494 5194 irre-

1894 5235 2284 5307 prehensibilis
2313 5233 2662 5304 praedicetur.
2693 5232 2800 5296 Qui
2830 5231 3111 5286 sicomnia
3131 5229 3490 5300 irreprehen-

1893 5324 2128 5378 sibiliter
2148 5323 2279 5377 fecit
2301 5327 2358 5377 et
2376 5322 2580 5387 docuit,
2605 5327 2666 5376 ut
2687 5321 2744 5376 in
2761 5338 2826 5375 eo
2857 5320 2993 5375 nihil
3027 5318 3344 5374 invenirent
3358 5318 3490 5373 mali

191 5410 330 5464 dere
356 5409 568 5464 exitum
605 5408 759 5472 Jesu,
791 5408 939 5478 quod
968 5410 1222 5463 nonnulli
1250 5409 1466 5464 codices
1495 5410 1721 5477 habent,
1747 5412 1804 5466 in
1898 5414 2095 5478 simile,
2133 5413 2294 5468 multi
2328 5413 2644 5477 mendaces,
2677 5411 2884 5472 callidi,
2916 5408 3152 5465 etastuti
3186 5409 3485 5481 principes.

193 5516 307 5572 quo
337 5504 426 5553 est
445 5497 575 5554 ﬁnis
603 5497 1119 5570 consummationis.
1139 5499 1284 5564 Quia
1310 5500 1416 5554 hoc
1443 5499 1632 5555 videre
1652 5506 1804 5572 pote-
1885 5504 2044 5560 Unde
2068 5503 2355 5574 sequitur:
2388 5503 2689 5557 Novissime
2718 5505 2986 5555 venerunt
3017 5501 3126 5553 duo
3157 5501 3293 5568 falsi
3316 5504 3485 5561 testes,

192 5589 289 5656 rit,
331 5586 550 5644 videbit
597 5587 838 5644 Verbum
873 5587 975 5644 Dei
1004 5593 1062 5644 et
1087 5589 1450 5662 Sapientiam,
1491 5605 1614 5662 quae
1643 5590 1801 5646 Chri-
1882 5596 1930 5644 et
1960 5590 2226 5644 dixerunt
2255 5604 2270 5639 :
2301 5589 2402 5643 Hic
2438 5589 2583 5642 dicit
2618 5602 2634 5638 :
2665 5588 2890 5641 Possum
2914 5587 3193 5640 destruere
3223 5586 3487 5652 templum
