3918 6166
442 275 552 339 .923

1210 276 1264 333 s.
1308 273 1685 331 pascnxsn
1723 268 2084 328 exossam
2121 248 2423 324 assius
2460 265 2956 325 consmsnsxs.

3561 270 3646 332 924

443 403 562 469 Dei,
586 407 773 473 etpost
804 403 1061 457 triduum
1086 403 1415 469 readiﬁcare
1442 400 1605 454 illud.
1633 399 2035 452 Verumtamen
2052 396 2106 457 Α
2123 410 2345 467 Excutit
2389 427 2524 482 ergo
2580 409 2902 483 pontiﬁcem
2947 425 3212 465 vesanum
3239 411 3306 466 de
3346 412 3470 468 εοιίο
3489 414 3648 485 iudici;

447 496 505 546 et
522 491 630 562 ipsi
657 492 804 545 inter
823 508 883 546 se
910 492 1021 545 duo
1042 490 1373 544 dissidentes
1402 493 1584 553 erant,
1619 487 1763 542 sicut
1774 485 2037 542 “ostendit

449 582 684 648 Marcus,
697 580 779 636 ita
796 582 1011 636 dicens:
1047 581 1110 634 Et
1129 581 1236 633 alii
1258 582 1540 645 surgentes
1566 585 1600 643 |
1626 583 1665 642 ι
1682 582 1803 642 ξειι
1825 578 2036 644 falsum

446 671 697 725 dicebant
727 671 1103 723 testimonium
1131 669 1392 721 adversus
1417 682 1561 732 eum,
1594 668 1827 720 dicentes
1856 682 1871 716 :
1900 666 2037 733 Quo-

447 762 607 815 niam
625 776 719 814 nos
742 759 1063 813 audivimus
1091 759 1361 811 dicentem
1386 757 1536 810 hunc
1557 772 1573 807 :
1605 756 1714 824 Ego
1740 756 2035 809 dissolvam

442 849 539 903 hoc
588 851 847 917 templum
892 847 1301 913 manu/actum,
1354 850 1402 899 et
1446 850 1564 914 post
1606 826 1860 899 triduum
1889 845 2037 899 illud

442 938 790 1000 resuscitabo,
807 951 918 989 non
953 936 1209 989 manibus
1228 935 1462 1003 factum.
1481 935 1547 989 Et
1574 950 1686 989 non
1714 938 1832 988 erat
1852 950 2036 988 conve-

446 1027 606 1079 niens
637 1026 1013 1078 testimonium
1042 1024 1278 1079 illorum
1306 1023 1499 1087 (Marc.
1523 1038 1633 1089 XIV,
1660 1021 1745 1090 58,
1760 1023 1856 1091 59)
1890 1023 2035 1093 Ergo

444 1111 570 1167 ideo
583 1128 695 1166 non
712 1118 834 1167 erat
854 1112 1345 1184 conveniens,quia
1365 1112 1530 1167 aliter
1544 1112 1764 1168 dicebat
1781 1112 1874 1167 ille
1894 1112 2036 1167 forte

443 1202 603 1273 cujus
629 1202 799 1258 verba
826 1203 1047 1257 Marcus
1100 1202 1359 1272 retexuit,
1404 1208 1461 1257 et
1513 1202 1677 1257 aliter
1726 1202 1833 1257 iste
1879 1203 2039 1273 cujus

440 1291 759 1348 Mattheus.
806 1293 928 1347 Uno
976 1299 1167 1346 tamen
1208 1292 1410 1363 spiritu
1451 1292 1676 1364 utrique
1721 1291 2037 1355 mendaces,

440 1386 499 1435 et
524 1381 690 1436 ambo
715 1381 842 1436 ideo
871 1381 997 1435 falsi
1026 1386 1216 1436 testes.
1233 1380 1357 1436 Sive
1385 1398 1519 1452 ergo
1548 1381 1634 1435 bis
1654 1381 1760 1435 hoc
1777 1380 2036 1446 dixerint,

2115 500 2274 555 furor
2295 499 2560 554 immanis
2584 504 2641 554 et
2660 499 2856 553 levitas
2893 498 3114 554 mentis.
3142 500 3284 564 Quia
3311 507 3498 572 quanto
3520 502 3648 559 beni-

2114 587 2417 658 gnissimus
2438 589 2465 643 ,Ι
2471 604 2600 642 esus
2626 587 2753 659 plus
2772 585 2994 641 tacebat
3011 586 3336 659 intrepidus,
3348 594 3489 643 tanto
3506 592 3650 661 magis

2117 677 2212 731 ille
2239 677 2486 731 amentia
2506 682 2825 748 superatus,
2848 691 2979 730 eum
3004 675 3076 729 ad
3105 676 3526 748 respondendum
3549 696 3653 750 pro-

2115 772 2275 820 vocat
2303 765 2556 838 qualibet
2581 764 2871 820 occasione
2900 764 3196 831 sermonis,
3248 765 3294 819 si
3348 765 3477 819 forte
3507 766 3653 822 locum

2117 853 2367 910 inveniat
2393 854 2711 910 accusandi.
2748 853 2857 908 Sed
2876 852 3208 907 mitissimus
3245 854 3482 910 Salvator
3499 854 3656 911 nihilo-

2117 942 2304 997 minus
2355 948 2521 1011 tacet,
2577 942 2711 1014 quia
2758 941 2969 996 sciebat
3021 943 3184 1013 quasi
3238 942 3402 1007 Deus,
3438 941 3656 1014 quidquid

2116 1032 2513 1103 respondisset,
2572 1031 2722 1102 quod
2770 1035 2955 1085 totum
3002 1035 3357 1102 retorqueret
3397 1031 3463 1086 ad
3494 1030 3657 1085 calum-

2118 1121 2292 1176 niam.
2325 1121 2449 1185 Quo
2473 1120 2696 1175 silentio
2727 1119 2969 1191 amplius
3010 1125 3318 1191 permotus,
3349 1120 3425 1174 ait
3448 1120 3550 1174 illi:
3580 1122 3659 1175 Ad-

2109 1211 2247 1278 juro
2276 1214 2323 1263 te
2344 1225 2448 1278 per
2474 1211 2653 1264 Deum
2672 1210 2880 1274 vivum,
2905 1213 2969 1261 ut
2993 1209 3143 1262 dicas
3164 1210 3317 1263 nobis
3340 1211 3390 1263 si
3404 1214 3459 1262 tu
3476 1225 3521 1262 es
3543 1208 3663 1264 Chri-

2118 1302 2235 1353 stus
2263 1299 2438 1352 Filius
2469 1300 2581 1353 Dei.
2600 1297 2844 1369 Adjurat
2869 1313 3024 1367 ergo,
3056 1297 3220 1368 quasi
3253 1313 3320 1351 ex
3346 1297 3476 1367 lege,
3513 1302 3566 1351 ut
3594 1296 3664 1350 ad

2116 1387 2346 1459 juratur
2373 1386 2577 1442 mulier
2614 1386 2713 1442 illa
2735 1402 2859 1458 qua:
2887 1386 3174 1458 zelotopiae
3201 1390 3422 1440 tenetur
3453 1384 3660 1451 obnoxia,

443 1486 566 1541 quae
592 1469 686 1525 isti
712 1470 822 1524 duo
846 1475 1079 1525 narrant
1105 1470 1491 1541 evangelista;
1518 1471 1632 1525 sive
1663 1487 1810 1525 unus
1827 1471 1950 1537 hoc,
1983 1475 2041 1524 et
2119 1476 2217 1531 sed
2267 1492 2379 1530 non
2405 1493 2470 1531 eo
2501 1475 2690 1530 animo
2737 1481 2802 1530 ut
2829 1475 3041 1543 credat,
3076 1474 3211 1546 quia
3251 1480 3309 1529 et
3342 1490 3461 1530 cum
3498 1474 3665 1529 audivit

440 1559 586 1614 alter
632 1559 802 1626 istud,
835 1559 1027 1615 ambos
1055 1564 1249 1614 tamen
1294 1559 1341 1614 si
1371 1560 1598 1631 respicis
1643 1577 1768 1632 quae
1796 1560 2040 1615 Joannes
2120 1566 2500 1629 conﬁtentem,
2559 1564 2706 1619 ferre
2772 1580 2886 1619 non
2949 1564 3154 1636 potuit.
3196 1564 3441 1635 quinimo
3491 1562 3588 1634 egit
3618 1567 3665 1616 ut

440 1647 521 1702 ait
548 1647 750 1703 dixisse
780 1649 1080 1704 Dominum
1111 1649 1180 1704 de
1236 1650 1342 1703 hoc
1386 1650 1615 1721 templo.
1656 1649 1824 1704 falsos
1870 1648 2041 1704 fuisse
2121 1654 2493 1708 condemnare
2530 1653 2724 1725 possit.
2768 1653 2847 1707 Eo
2886 1652 3095 1724 quippe
3146 1652 3453 1724 interrogat
3485 1652 3662 1716 allectu,

440 1740 613 1793 testes
640 1737 940 1809 probabis;
974 1739 1121 1810 quod
1147 1744 1384 1810 uterque
1405 1738 1655 1794 declarat
1681 1738 2038 1810 evangelista,
2068 1755 2234 1815 Bquo
2264 1748 2321 1797 et
2363 1741 2637 1797 diabolus.
2681 1742 2750 1797 Et
2784 1741 2911 1796 ideo
2948 1757 3062 1796 non
3094 1740 3223 1796 sine
3260 1739 3578 1795 dubitatione
3605 1739 3666 1793 in-

441 1843 571 1881 cum
604 1843 699 1882 eos
740 1826 908 1882 falsos
949 1829 1120 1884 tuisse
1148 1830 1476 1900 proclamat.
1508 1829 1653 1883 Nam
1684 1830 1928 1883 Joannes
1960 1829 2041 1883 ait

443 1917 635 1971 Jesum
665 1916 867 1971 dixisse
893 1936 904 1970 :
930 1918 1130 1973 Solvite
1159 1922 1421 1986 templum
1446 1919 1559 1983 hoc,
1594 1924 1642 1972 et
1663 1936 1755 1986 ego
1784 1925 1901 1986 post
1931 1921 2037 1972 tri-

441 2006 618 2060 duum
647 2008 973 2060 resuscitabo
1003 2009 1165 2061 illud.
1198 2006 1304 2062 Ubi
1333 2006 1551 2062 addidit
1578 2008 1696 2079 ipse
1744 2008 1989 2062 Joannes
2020 2029 2034 2062 :

441 2093 551 2148 Hoc
571 2098 779 2160 autem,
830 2093 1031 2165 inquit,
1081 2097 1291 2150 dicebat
1327 2097 1390 2150 de
1420 2099 1619 2165 templo
1651 2100 1893 2165 corporis
1948 2097 2040 2149 sui

444 2183 622 2250 (Joan.
666 2197 724 2249 Il,
772 2181 876 2248 19).
909 2183 1263 2256 Quapropter
1289 2185 1412 2239 vide
1455 2186 1758 2240 versutiam
1799 2185 2038 2239 duorum

442 2269 711 2327 falsorum
738 2272 988 2336 testium,
1014 2274 1109 2344 qui
1137 2273 1278 2327 falsa
1304 2274 1667 2344 persuasione
1685 2291 1791 2328 sua
1816 2280 2040 2329 utentes

443 2359 627 2429 ﬁgunt
655 2358 760 2413 sibi
789 2358 859 2413 ab
905 2360 1095 2431 aliquo
1126 2360 1292 2415 verbo
1317 2362 1525 2416 Christi
1559 2362 1760 2416 falsum
1788 2361 2037 2417 testimo-

443 2446 619 2504 nium.
653 2447 780 2502 Non
810 2448 959 2503 enim
986 2449 1125 2504 dixit
1149 2450 1420 2515 Salvator,
1442 2450 1557 2521 Ego
1570 2450 1870 2505 dissolvam
1896 2456 2037 2505 tem~

444 2536 599 2607 plum
629 2536 731 2590 hoc
763 2537 1162 2606 manufactum,
1196 2556 1377 2610 neque
1422 2540 1570 2611 quod
1616 2546 1743 2611 post
1784 2540 2036 2595 triduum

442 2625 598 2680 aliud
628 2626 994 2693 remditicabo,
1029 2627 1173 2683 sicut
1201 2628 1260 2683 in
1290 2629 1476 2685 Marco
1502 2634 1590 2685 est
1622 2648 1632 2683 :
1676 2646 1857 2700 neque
1897 2627 2038 2684 dixit

437 2714 601 2785 juxta
629 2716 956 2772 Matthmum
987 2719 1244 2773 :Possum
1281 2720 1559 2773 destruere
1602 2722 1867 2787 templum
1908 2719 2034 2781 Dei;

440 2820 623 2876 neque
651 2805 720 2859 de
748 2807 959 2877 templo
989 2806 1085 2860 illo
1114 2807 1350 2878 lapideo,
1384 2807 1481 2862 sed
1505 2813 1567 2861 ut
1593 2808 1836 2861 Joannes
1862 2806 1944 2861 ait
1969 2805 2040 2861 de

446 2898 642 2964 templo
671 2899 913 2964 corporis
942 2899 1065 2959 sui;
1095 2896 1243 2967 quod
1275 2896 1357 2950 illi
1384 2896 1749 2950 immutantes
1784 2902 1848 2950 ut
1875 2912 2042 2965 auge-

441 2989 572 3038 rent
598 2984 832 3047 crimen,
861 2990 920 3038 et
946 2985 1287 3055 impossibile
1308 2990 1704 3050 monstrarent,
1740 3003 1865 3057 quae
1897 2986 2042 3040 dice-

2118 1837 2389 1902 terrogat,
2453 1831 2599 1886 sicut
2646 1836 2705 1885 et
2752 1831 2939 1902 ipsum
3001 1830 3200 1884 fecisse
3256 1835 3403 1884 retro
3455 1827 3661 1898 legimus.

2119 1921 2236 1975 Nec
2273 1920 2577 1987 immerito,
2620 1919 2751 1992 quia
2788 1936 2854 1973 ex
2891 1925 3052 1991 patre
3090 1917 3314 1973 diabolo
3350 1923 3482 1983 erat,
3507 1916 3665 1971 idcirco

2118 2010 2200 2063 sic
2235 2010 2473 2079 quaerit:
2519 2008 2583 2064 Si
2643 2014 2703 2063 tu
2750 2025 2802 2062 es
2869 2009 3123 2064 Christus
3188 2008 3364 2061 Filius
3415 2008 3518 2070 Dei,
3566 2020 3668 2076 quo-

2120 2099 2287 2153 modo
2319 2104 2376 2152 et
2397 2098 2544 2169 ipse;
2586 2098 2695 2153 nisi
2716 2096 2849 2168 quia
2877 2095 3005 2167 plus
3033 2095 3251 2168 aliquid
3272 2094 3424 2149 addit
3447 2092 3669 2165 deceptio-

2121 2187 2210 2241 nis
2244 2187 2625 2254 exorcizando,
2678 2203 2807 2241 cum
2864 2184 3004 2239 dicit
3046 2187 3156 2239 Per
3201 2187 3379 2240 Deum
3414 2186 3593 2248 uiuum,
3622 2186 3669 2237 ut

2120 2282 2450 2347 extorqueat
2496 2276 2903 2331 confessionem
2950 2274 3226 2329 veritatis.
3260 2272 3518 2339 Quoniam
3541 2270 3667 2343 quid-

2117 2366 2252 2437 quid
2281 2365 2339 2420 in
2361 2366 2484 2435 lege
2496 2365 2707 2420 dictum
2723 2369 2847 2419 erat
2860 2363 2930 2419 de
2947 2362 3173 2418 Christo
3197 2368 3256 2417 et
3281 2360 3564 2435 prophetis,
3581 2374 3666 2414 non

2116 2454 2489 2526 recipiebatur
2513 2454 2584 2508 ab
2613 2454 2724 2509 eis:
2756 2458 2815 2508 et
2836 2452 2884 2507 si
2913 2451 3142 2519 diceret,
3171 2452 3322 2523 quod
3345 2455 3474 2517 erat,
3511 2454 3566 2504 ut
3590 2464 3668 2520 pu.

2117 2540 2360 2596 niretur.
2382 2542 2511 2596 Alia
2540 2547 2628 2596 est
2645 2556 2892 2611 namque
2914 2538 3194 2594 confessio
3214 2538 3368 2594 Petri
3393 2552 3495 2609 qua
3517 2534 3626 2591 dicit
3654 2551 3665 2587 :

2124 2630 2202 2685 Tu
2232 2647 2284 2685 es
2331 2632 2580 2687 Christus
2621 2633 2796 2685 Filius
2835 2630 2935 2684 Dei
2972 2631 3087 2683 vivi
3128 2628 3348 2693 (Matth.
3377 2643 3480 2691 xvi,
3506 2624 3596 2695 16),
3627 2628 3671 2677 et

2122 2719 2234 2774 alia
2259 2719 2423 2776 istius
2454 2719 2663 2775 summi
2691 2716 2987 2791 pontiﬁcis.
3023 2716 3131 2782 Qui
3165 2716 3275 2772 etsi
3317 2718 3529 2771 noverat
3551 2711 3672 2767 Chri-

2121 2814 2274 2863 stum
2304 2809 2506 2865 Filium
2537 2808 2637 2862 Dei
2666 2807 2792 2874 vivi,
2823 2807 3077 2862 futurum
3117 2805 3347 2877 ignorat
3373 2802 3668 2877 mysterium,

2122 2902 2179 2952 et
2196 2897 2536 2967 dedignatur
2564 2912 2694 2951 eum
2727 2912 2850 2950 esse
2881 2895 3081 2949 Deum.
3114 2894 3230 2958 Qui
3266 2910 3377 2948 non
3406 2893 3671 2953 conﬁtetur.

2121 2986 2219 3040 sed
2241 2986 2640 3057 interrogando
2667 3003 2679 3038 :
2711 2986 2776 3041 Si
2795 2991 2855 3039 tu
2870 3001 2941 3051 es,
2966 2982 3218 3054 abnegat
3233 2981 3491 3055 quidquid
3507 2980 3558 3034 in
3570 2979 3666 3048 lege

441 3071 580 3126 bant
607 3077 957 3127 retorserunt
980 3073 1047 3126 ad
1080 3074 1418 3128 calumniam
1448 3075 1588 3144 ejus,
1608 3079 1673 3129 ut
1695 3091 1824 3128 eum
1843 3092 1909 3129 ex
1937 3091 2039 3129 suo
2056 3076 2100 3136 C
2122 3079 2180 3130 et
2205 3074 2493 3147 prephetis
2514 3071 3026 3145 audivit,quidquid
3041 3071 3098 3126 in
3126 3071 3413 3127 miraculis
3439 3075 3490 3124 et
3514 3068 3565 3122 in
3576 3083 3673 3139 ope-

442 3158 855 3213 mendaciorem
887 3159 1149 3214 facerent.
1191 3162 1266 3215 At
1293 3177 1422 3215 vero
1450 3163 1612 3216 Jesus
1651 3178 1762 3216 non
1798 3163 2033 3231 dixerat,

2117 3162 2273 3218 ribus
2299 3162 2496 3218 didicit
2517 3162 2761 3217 deitatis.
2789 3161 2860 3216 Et
2890 3160 3018 3216 ideo
3049 3167 3330 3232 quantum
3358 3161 3543 3215 Petrus
3566 3156 3672 3209 bea-

443 3246 577 3318 quia
595 3264 699 3318 ego
723 3264 953 3318 possum
984 3248 1195 3303 solvere
1224 3250 1497 3321 templum
1520 3251 1641 3315 Dei,
1659 3252 1777 3317 sed,
1807 3250 2032 3311 Solvite.
2118 3257 2459 3319 tus,tantum
2476 3251 2581 3306 iste
2599 3249 3140 3322 Caiphasiufelicior
3156 3266 3280 3322 prae
3300 3247 3502 3304 cunctis
3542 3243 3668 3301 Unde

442 3336 591 3408 quod
607 3337 879 3408 templum
901 3338 1149 3408 corporis
1169 3339 1327 3410 quasi
1347 3339 1523 3410 digito
1545 3340 1829 3411 tangebat;
1858 3357 2039 3412 neque
2120 3341 2254 3413 quia
2304 3357 2416 3396 non
2454 3346 2577 3395 erat
2625 3339 2829 3410 dignus
2876 3338 3132 3393 doctrina
3171 3337 3401 3404 Christi,
3438 3351 3538 3391 non
3570 3347 3670 3388 eum

437 3424 738 3497 imperavit
763 3431 829 3481 ut
865 3426 1128 3494 facerent,
1161 3429 1259 3483 sed
1299 3429 1658 3500 permittebat
1699 3429 2036 3486 solutionem
2122 3432 2285 3486 docet
2306 3430 2682 3494 nec-instruit,
2717 3429 2816 3484 sed
2846 3434 3074 3500 accepto
3108 3428 3279 3483 verbo
3298 3444 3363 3482 ex
3388 3443 3478 3482 ore
3494 3426 3598 3496 ejus
3626 3421 3671 3475 in

441 3516 689 3586 corporis
718 3516 804 3570 sui
829 3517 899 3571 ad
919 3518 1266 3592 propositum
1296 3524 1354 3573 et
1384 3519 1455 3574 ad
1483 3519 1829 3591 impietatem
1855 3521 2037 3576 cordis
2117 3520 2573 3592 redargutionem
2592 3518 2768 3591 ipsius
2793 3518 3085 3583 convertit,
3127 3524 3160 3582 Ι
3192 3523 3373 3584 [33
3399 3516 3474 3570 ita
3487 3514 3666 3568 dicens:

442 3620 655 3670 eorum,
690 3611 757 3660 ut
775 3590 1025 3661 tacerent
1048 3624 1170 3679 quae
1202 3608 1425 3675 vellent,
1472 3609 1539 3663 ad
1568 3590 1893 3680 hujusmodi
1923 3610 2039 3682 apti
2128 3610 2204 3663 Tu
2235 3590 2451 3663 misisti.
2476 3609 2551 3664 Ut
2569 3590 2673 3662 nec
2694 3606 2952 3661 videatur
2964 3622 3039 3661 “se
3067 3621 3280 3676 negare
3301 3603 3442 3676 quod
3459 3607 3567 3657 erat
3589 3596 3666 3653 Dei

439 3710 600 3766 opus,
632 3701 696 3751 ut
723 3712 919 3751 eorum
939 3696 1219 3768 piaculum
1250 3697 1395 3769 quod
1418 3698 1539 3769 jam
1564 3698 1623 3752 in
1653 3704 1841 3754 mente
1870 3699 2042 3754 medi-

436 3784 724 3853 tabantur,
757 3788 919 3841 ﬁeret
944 3786 1196 3841 omnium
1236 3787 1387 3841 salus
1435 3787 1803 3844 credentium.
1855 3788 2039 3852 Quare

435 3871 610 3944 igitur
627 3874 731 3929 hos
757 3875 898 3930 duos
926 3875 1280 3948 evangelista:
1307 3875 1604 3946 specialius
1630 3876 2036 3946 designassent,

438 3977 564 4017 cum
585 3964 748 4019 multi
771 3965 1135 4020 accessissent
1162 3966 1287 4019 falsi
1316 3970 1508 4033 testes,
1542 3983 1633 4020 res
1649 3965 1709 4020 in
1741 3965 2038 4019 manifesto

437 4056 541 4106 est.
576 4052 722 4116 Quia
748 4054 806 4107 hi
835 4054 946 4110 duo
975 4060 1197 4110 tantum
1227 4055 1437 4126 aliquid
1488 4054 1787 4110 verisimile
1833 4053 2040 4108 habue-

2120 3697 2313 3764 Filius,
2343 3714 2415 3753 ne
2443 3698 2780 3752 mentiretur
2803 3715 2817 3764 ;
2846 3712 2949 3751 nec
2972 3696 3093 3750 vult
3117 3694 3373 3751 conﬁteri
3403 3709 3459 3748 se
3482 3706 3602 3755 esse,
3623 3686 3668 3740 in

2120 3803 2398 3852 sermone,
2421 3804 2492 3842 ne
2519 3786 3021 3858 caperetur.Datur
3046 3800 3182 3856 ergo
3195 3784 3249 3840 ei
3266 3782 3459 3839 similis
3477 3791 3667 3850 respon-

2120 3874 2203 3929 sio
2232 3882 2292 3929 ut
2325 3874 2524 3940 Pilato,
2550 3874 2685 3946 quia
2719 3873 2801 3928 sic
2824 3873 3058 3944 dignum
3088 3877 3234 3940 erat,
3262 3878 3327 3928 ut
3350 3870 3476 3944 quia
3494 3864 3666 3922 similes

2120 3969 2284 4017 erant
2308 3963 2367 4017 in
2390 3962 2556 4026 facto,
2584 3963 2795 4017 similes
2821 3964 3025 4017 tierent
3041 3962 3101 4017 in
3121 3978 3289 4034 pcena
3307 3953 3661 4017 damnationis;

2119 4051 2229 4106 nisi
2243 4052 2377 4123 quia
2389 4052 2675 4107 scelestior
2692 4052 2798 4107 iste
2824 4051 3010 4107 fuerat
3030 4051 3087 4105 in
3107 4047 3518 4106 condemnando
3529 4054 3663 4116 quam

438 4145 594 4206 runt,
625 4142 776 4211 quod
801 4142 928 4213 ipsi,
950 4149 1014 4198 ut
1036 4144 1170 4209 dixi,
1190 4145 1432 4199 multum
1460 4143 1920 4215 quierebantScd
1936 4160 2038 4198 nec
2115 4140 2211 4196 ille
2243 4142 2302 4196 in
2330 4140 2685 4197 absolvendo.
2729 4142 3110 4195 Verumtamen
3136 4141 3260 4195 dico
3282 4141 3424 4195 vobis
3453 4156 3469 4191 :
3494 4130 3663 4191 Amodo

436 4226 687 4298 ipsorum
712 4229 1037 4285 testimonia
1060 4232 1212 4286 inter
1228 4248 1289 4286 se
1315 4232 1701 4288 convenientia
1728 4237 1908 4294 erunt,
1940 4248 2036 4286 ne-
2115 4233 2365 4286 videbitis
2375 4232 2580 4286 Filium
2600 4231 2843 4285 hominis
2854 4231 3169 4284 sedentema
3188 4231 3397 4284 dextris
3409 4220 3662 4285 uirtutis,st

440 4328 550 4387 que
591 4332 738 4382 vera,
772 4319 1026 4387 quamvis
1053 4319 1257 4374 inscios
1282 4336 1348 4374 ex
1375 4336 1477 4375 suo
1506 4322 1795 4377 mendacio
1840 4320 2033 4377 fallere
2113 4323 2419 4374 venientem
2445 4322 2509 4373 in
2530 4320 2767 4373 nubibus
2785 4320 2921 4372 cali.
2944 4312 3512 4387 Verumtamen,un
3535 4306 3661 4371 dicit,

437 4410 684 4476 possem-
2049 4395 2099 4455 D
2118 4409 2189 4465 ad
2213 4425 2281 4464 ea
2311 4425 2434 4481 qua:
2467 4424 2639 4480 supra
2662 4408 2880 4463 dixerat
2920 4407 3304 4475 connectitur;
3334 4422 3396 4461 ac
3423 4403 3469 4458 si
3499 4400 3660 4455 dicat:

508 4495 575 4549 Et
596 4512 828 4564 surgens
843 4501 1100 4567 princeps
1122 4501 1468 4553 sacerdotum
1496 4502 1577 4553 ait
1600 4502 1689 4554 illi
1722 4517 1738 4552 :
1769 4502 1927 4556 Nihil
1956 4518 2038 4557 νε·-
2120 4500 2524 4553 Verumtamen
2550 4497 2682 4552 licet
2706 4497 3092 4570 responderim
3122 4513 3137 4551 :
3165 4498 3251 4553 Tu
3279 4492 3476 4558 dixisti,
3498 4484 3662 4545 amodo

437 4586 661 4653 spondes
690 4588 763 4640 ad
789 4604 856 4641 ea
883 4604 1001 4655 qua:
1025 4589 1121 4641 isti
1146 4590 1435 4643 adversum
1469 4594 1515 4643 te
1533 4592 1934 4657 testiﬁcantur?
1957 4594 2040 4646 .le-
2122 4588 2377 4643 videbitis
2402 4604 2525 4660 qua;
2545 4603 2726 4658 usque
2754 4602 2905 4642 nunc
2930 4587 3266 4659 prophetata
3292 4588 3422 4639 sunt
3444 4574 3663 4652 cperibus

438 4688 532 4727 sus
553 4678 741 4727 autem
762 4677 1185 4748 tacebat.Surgit
1226 4685 1260 4743 Ι
1287 4684 1467 4744 [3,5
1495 4695 1627 4750 ergo
1658 4679 1717 4733 in
1740 4679 1823 4734 ira
1854 4680 2034 4751 ponti-
2120 4676 2407 4749 compleri.
2443 4677 2512 4731 Et
2534 4676 2668 4747 quia
2685 4683 2750 4731 tu
2775 4676 3006 4747 ignarus
3033 4691 3093 4730 es
3120 4675 3261 4746 legis
3286 4674 3344 4727 in
3371 4685 3476 4744 qua
3491 4663 3661 4751 gloris-

438 4761 545 4827 t‘ex,
579 4761 784 4818 furoris
812 4765 900 4820 sui
948 4756 1169 4822 insania
1208 4772 1514 4838 permotus.
1565 4769 1759 4838 Surgit
1804 4769 1936 4839 quia
1976 4769 2035 4823 in

436 4849 534 4905 illo
557 4852 713 4906 nulla
731 4860 855 4909 erat
874 4856 1166 4922 modestia,
1190 4858 1347 4912 nulla
1371 4857 1618 4929 gravitas
1639 4858 2036 4923 morum,nulla

437 4940 688 5013 probitas
715 4942 1113 5016 disciplinaeEt
1130 4947 1312 5018 surgit
1338 4947 1579 5001 maxime
1607 4947 1665 5001 in
1690 4946 1777 5000 ira
1806 4948 1915 5001 huc
1939 4963 2034 5000 ac-

440 5047 658 5098 census,
701 5033 835 5104 quia
860 5033 918 5087 in
966 5034 1188 5090 Christo
1231 5036 1447 5091 nullum
1494 5035 1710 5091 invenit
1756 5035 2036 5090 calumnia

439 5120 700 5177 falsitatis
729 5122 934 5190 locum,
966 5128 1031 5178 ut
1059 5125 1363 5179 amentiam
1386 5130 1728 5180 monstraret
1748 5141 1863 5180 sum
1884 5140 2036 5180 men-

439 5210 533 5265 tis.
558 5211 722 5267 Iesus
736 5218 924 5267 autem
947 5212 1185 5278 tacebat,
1209 5213 1504 5285 indignum
1527 5230 1656 5269 eum
1680 5230 1783 5268 sua
1805 5230 2036 5285 respon-

440 5298 599 5354 sione
644 5301 969 5368 decernens,
996 5302 1159 5372 juxta
1208 5302 1347 5357 illud
1400 5303 1788 5374 prapheticum
1821 5320 1832 5355 :
1888 5306 2034 5358 Dum

440 5392 753 5445 consisteret
782 5394 1074 5446 adversum
1102 5408 1185 5445 me
1200 5397 1468 5462 peccator,
1487 5394 1757 5457 obmutui,
1787 5397 1835 5447 et
1854 5393 2036 5446 humi-

442 5481 614 5535 liatus
634 5495 759 5533 sum
791 5483 981 5546 nimis,
1014 5490 1062 5535 et
1090 5483 1230 5536 silui
1252 5496 1287 5534 a
1312 5482 1465 5535 bonis
1491 5483 1660 5547 (Psal.
1700 5495 1931 5547 xxxvm,
1959 5481 2032 5552 3).

439 5568 585 5635 Quia
612 5567 814 5643 quibus
840 5569 1166 5643 loqueretur
1210 5570 1399 5627 nullus
1427 5585 1622 5627 eorum
1660 5576 1784 5626 erat
1812 5571 2035 5642 dignus.

2116 4768 2213 4834 ris,
2241 4782 2344 4821 nec
2371 4766 2493 4836 ejus
2519 4770 2999 4829 sacramenta,nec
3026 4764 3419 4836 prophetarum
3444 4749 3663 4811 vaticinia

2099 4832 2426 4927 'cognoscis,
2467 4871 2649 4926 neque
2687 4854 2837 4925 quod
2877 4852 2998 4926 ipse
3027 4832 3150 4907 ‘sim
3202 4850 3448 4908 Christus
3491 4860 3550 4900 ex
3574 4838 3660 4935 ﬁt}?

2117 4945 2358 5016 quaeris;
2393 4943 2555 5015 quasi
2579 4944 2667 4998 lex
2695 4949 2753 4998 et
2778 4944 3063 5015 propheta:
3091 4942 3162 4997 de
3187 4958 3277 4997 me
3311 4935 3470 4995 locuti
3495 4927 3659 4988 occulti

2115 5034 2344 5089 fuerint.
2389 5033 2653 5098 Quamvis
2688 5032 2959 5087 dixerim:
2998 5033 3085 5087 Tu
3131 5029 3338 5097 dixisti,
3372 5022 3552 5082 amodo
3583 5029 3659 5070 vos

2117 5122 2225 5195 ipsi
2251 5124 2312 5177 in
2356 5132 2551 5194 aperto
2576 5120 2829 5177 videbitis
2867 5138 2935 5177 ea
2961 5121 3155 5176 omnia
3181 5136 3302 5193 qua:
3340 5114 3532 5186 scripta
3552 5107 3660 5202 ειιιξί

2102 5212 2188 5286 de
2220 5212 2360 5266 Filio
2386 5211 2630 5267 hominis
2657 5210 2945 5283 compleri,
2981 5216 3039 5265 et
3064 5211 3189 5265 luce
3215 5206 3410 5264 clarius
3437 5208 3653 5257 reseran-

2118 5302 2227 5357 Sed
2252 5301 2383 5374 quia
2407 5301 2679 5373 scriptum
2699 5306 2786 5355 est
2811 5298 2961 5372 apud
2989 5299 3309 5354 Mattheum
3348 5299 3403 5350 et
3426 5291 3653 5347 Marcum.

2116 5407 2155 5445 a
2181 5391 2389 5445 dextris
2416 5391 2664 5455 virtutis,
2695 5394 2751 5444 et
2772 5404 2885 5443 non
2913 5386 3169 5443 additum
3187 5387 3299 5451 Dei,
3320 5379 3459 5455 quod
3485 5377 3655 5433 Lucam

2118 5480 2316 5535 fecisse
2342 5480 2600 5551 legimus,
2631 5494 2744 5534 non
2781 5482 2938 5550 puto,
2970 5482 3034 5533 ut
3060 5476 3286 5551 quidam
3311 5471 3507 5530 volunt,
3533 5455 3654 5556 quad

2121 5569 2335 5642 aliquid
2375 5569 2530 5629 aliud
2563 5568 2695 5626 novi
2740 5567 2940 5624 afferat
2992 5562 3328 5640 questionis.
3376 5557 3476 5616 Sed
3506 5561 3653 5619 ωαειε
