3918 6166
205 292 322 356 925

945 305 1325 367 EXPOSITIO
1364 311 1443 367 IN
1480 311 1923 369 MA’I‘I‘HEUM.
1959 340 2026 355 -
2054 311 2192 369 LIB.
2237 312 2361 380 XII,
2398 312 2556 370 CAP.
2589 315 2785 373 XXVI.

3390 321 3494 384 926

202 423 572 492 querendum
603 427 737 498 quid
756 429 833 485 sit
858 429 1043 503 ipsum
1064 433 1213 505 quod
1233 434 1346 489 ait:
1372 436 1577 491 Amodo
1604 438 2051 498 videbi-Ascidit
2101 439 2424 491 vestimenta
2470 454 2591 504 sua,
2625 441 2809 495 dicens
2842 460 2854 495 :
2890 444 3307 514 Btasphemavit.
3348 450 3494 516 Quid

202 511 253 563 is
278 512 554 567 sedentem
582 517 793 572 Filium
822 520 1075 577 hominis
1101 539 1136 576 a
1163 525 1374 579 dextris
1392 528 1635 581 virtutis.
1658 527 1802 591 Quia

1884 527 2063 580 adhuc
2086 543 2298 594 egemus
2316 528 2536 581 testibus
2549 535 2573 581 ?
2591 529 2719 599 Ipsa
2738 546 2982 603 namque
3002 534 3186 589 rabies
3200 537 3486 604 seufuror,

198 614 401 695 omnes
424 608 541 657 tres
561 607 915 695 evangelista;
934 609 1203 695 similiter.
1219 612 1503 695 scribunt:
1554 617 1804 695 Videbitis
1886 630 2009 685 quae
2031 631 2202 685 supra
2232 631 2360 669 eum
2390 616 2459 670 de
2489 616 2627 670 solio
2649 620 2982 675 sacerdotali
3008 629 3346 690 excusserat,
3366 624 3491 695 ipsa

194 670 511 737 sedentem;
543 679 601 729 et
630 670 734 748 qui
759 679 875 734 sint
903 681 999 752 qui
1024 682 1130 737 hoc
1156 683 1328 739 visuri
1356 690 1505 751 sunt,
1535 687 1620 741 vel
1656 687 1706 740 si
1734 704 1800 742 ex

194 774 263 813 eo
292 762 567 833 tempore,
603 782 714 836 quo
744 766 861 822 haec
879 769 1027 824 dicta
1056 779 1206 838 sunt,
1240 789 1372 828 eum
1397 774 1685 830 sedentem
1712 776 1799 831 vi-

191 846 435 917 debunt,
460 852 546 906 vel
565 853 634 908 ad
662 871 803 925 quos
827 856 997 913 dicit?
1021 860 1168 916 Nam
1199 861 1257 916 in
1286 879 1352 917 eo
1381 865 1529 935 quod
1550 865 1665 919 ait:
1701 866 1796 921 Se-

188 937 434 1005 dentem,
470 943 761 1011 regnantis
786 944 969 1000 forma
1023 948 1416 1007 introducitur.
1449 953 1530 1006 Ac
1575 953 1622 1007 si
1651 955 1802 1011 dicat

187 1041 370 1098 supra
399 1029 665 1085 virtutem
686 1032 1004 1104 fundatum,
1027 1038 1113 1092 vel
1141 1038 1578 1108 constabilitum,
1597 1043 1667 1098 de
1688 1061 1798 1115 quo

186 1113 411 1170 dictum
435 1117 653 1175 fuerat:
691 1123 798 1189 Qui
818 1127 961 1179 sedes
982 1143 1146 1196 super
1176 1129 1455 1185 Cherubin
1477 1113 1721 1201 appare;
1742 1140 1799 1189 et

186 1204 329 1259 alibi
359 1223 372 1259 :
411 1208 527 1262 Vidi
553 1210 726 1265 Deum
750 1214 1015 1268 sedentem
1042 1232 1208 1285 super
1233 1221 1436 1273 solium
1458 1223 1726 1277 excelsum
1745 1229 1796 1278 et

182 1295 972 1373 elevatum,etcaetera,quaein
985 1306 1415 1376 quamplurimis
1440 1308 1509 1363 de
1528 1310 1797 1381 eolegun-

181 1386 284 1438 tur
298 1384 457 1438 locis.
485 1386 619 1451 Quae
632 1390 854 1460 singula
872 1392 1274 1449 solertissimus
1289 1396 1656 1468 investigator
1668 1417 1794 1456 con-

182 1471 338 1527 ferre
364 1476 573 1545 poterit
597 1494 722 1532 cum
754 1482 1017 1550 praesenti
1044 1482 1184 1549 loco,
1217 1490 1275 1539 et
1298 1485 1634 1557 investigare
1659 1490 1792 1561 quid

182 1561 263 1617 sit
291 1563 445 1633 quod
473 1566 678 1621 amodo
707 1567 875 1635 dicat,
908 1571 977 1626 de
1024 1576 1141 1626 tam
1193 1573 1391 1629 humili
1423 1578 1792 1634 aestimatione

180 1650 243 1704 in
272 1667 392 1722 qua
431 1659 567 1708 tunc
595 1655 909 1712 habebatur
938 1660 1211 1727 Christus,
1250 1669 1381 1719 ante
1416 1681 1582 1721 onme
1606 1669 1791 1723 conci-

1883 702 2192 773 eademque
2221 707 2286 758 ut
2330 704 2612 759 scinderet
2638 706 2973 763 vestimenta
3002 727 3107 764 sua
3133 712 3331 783 coegit.
3356 713 3491 778 Quae

1881 791 2151 846 nimirum
2176 793 2475 847 conscissio
2495 794 2754 861 vestium,
2770 802 2835 851 ut
2859 798 2939 851 ita
2962 797 3160 867 fatear,
3194 802 3490 872 prophetia

1878 879 1984 934 fuit
2011 881 2097 934 vel
2147 880 2389 951 signum.
2421 888 2484 936 ut
2532 884 2853 939 ostenderet
2902 903 2961 940 se
3001 904 3160 943 reum
3188 890 3484 946 conscissis

1881 970 2149 1035 vestibus,
2194 977 2252 1025 et
2281 977 2623 1027 monstraret
2649 973 2869 1029 Judmos
2912 977 3211 1031 sacerdotii
3248 979 3486 1048 gloriam

1879 1059 1949 1113 ad
1971 1058 2253 1130 integrum
2284 1060 2619 1131 perdidisse;
2656 1079 2886 1118 vacuam
2916 1066 3106 1120 sedem
3152 1067 3354 1122 deinde
3382 1068 3486 1122 ha-

1877 1147 2011 1202 bere
2023 1149 2455 1219 pontiﬁces.Nec
2468 1158 2503 1215 Ι
2535 1159 2567 1213 ι
2585 1156 2709 1215 38
2724 1151 2925 1207 mirum
2938 1153 3112 1224 igitur
3122 1156 3217 1226 qui
3229 1157 3484 1211 nesciens

1876 1237 2250 1308 prophetavit,
2268 1238 2316 1291 si
2346 1242 2403 1292 et
2434 1254 2584 1292 nunc
2607 1238 2815 1310 aliquid
2846 1248 3041 1296 contra
3068 1260 3148 1309 se,
3179 1250 3484 1316 contraque

1875 1341 2026 1391 suos,
2042 1325 2100 1379 in
2122 1343 2225 1380 sua
2246 1326 2471 1380 vesania
2490 1328 2752 1381 ostendit.
2776 1329 2911 1383 Erat
2929 1336 3117 1385 autem
3138 1335 3481 1388 consuetudo

1875 1415 2217 1480 Judteorum,
2238 1432 2364 1470 cum
2391 1415 2603 1487 aliquid
2627 1416 3015 1488 blasphemum
3035 1421 3093 1473 in
3115 1438 3194 1486 se,
3226 1423 3312 1475 vel
3342 1439 3477 1478 con-

1875 1507 1965 1556 tra
1992 1502 2172 1557 Deum
2207 1503 2515 1563 audissent.
2545 1504 2805 1558 scindere
2824 1505 3154 1561 vestimenta
3185 1525 3305 1573 sua,
3332 1511 3480 1580 quod

1875 1590 2111 1645 Paulum
2143 1608 2365 1664 quoque
2392 1600 2449 1646 et
2498 1593 2814 1647 Barnabam
2846 1594 3046 1650 fecisse
3077 1596 3333 1674 legimus.
3368 1599 3478 1653 Sed

1874 1684 1932 1733 et
1959 1682 2356 1736 nonnullarum
2382 1682 2637 1753 gentium
2685 1684 3028 1738 consuetudo
3060 1691 3164 1748 est,
3197 1703 3325 1740 cum
3356 1703 3481 1741 reos

181 1738 331 1794 lium
356 1758 520 1811 reus;
552 1748 611 1798 et
657 1761 805 1800 nunc
828 1752 946 1802 tam
974 1749 1220 1820 gloriosa
1246 1753 1601 1823 praedicatur,
1635 1774 1791 1812 more
1810 1757 1934 1823 Bse
1966 1769 2284 1837 doluerunt,
2319 1771 2635 1826 rescindere
2681 1777 2863 1826 vestes
2901 1778 2958 1827 et
2988 1775 3203 1829 nudare
3250 1781 3479 1846 pectora

180 1828 650 1895 humano,sessio
669 1835 795 1889 Filii
807 1836 1051 1892 hominis
1066 1846 1124 1895 et
1138 1856 1248 1895 non
1261 1842 1387 1897 Filii
1402 1844 1646 1909 Dei,nisi
1659 1848 1792 1919 quia
1872 1874 1974 1912 sua
2004 1860 2162 1929 quasi
2193 1876 2309 1926 rea,
2340 1860 2529 1930 sicque
2574 1861 2840 1931 plangere
2868 1863 3062 1917 multis
3093 1864 3353 1918 obvoluta
3375 1865 3479 1919 cri-

175 1917 328 1979 ἴοι-ιθ
380 1919 460 1974 ibi
517 1928 683 1978 erant
708 1923 942 1993 inimici.
976 1927 1072 1998 qui
1115 1945 1243 1984 eum
1286 1917 1785 2004 persequebantur,
1872 1917 2118 2001 minibus
2169 1917 2518 2013 lste'aute‘m,
2545 1917 2677 2019 quia
2698 1917 2950 2003 dixerat:
2986 1953 3189 2005 Amodo
3225 1954 3476 2007 audebitis

178 2007 249 2062 de
300 2008 511 2079 quibus
567 2011 849 2085 Propheta
893 2016 1226 2085 Praedixerat
1262 2033 1274 2066 τ
1316 2022 1471 2076 Dixit
1517 2024 1787 2080 Dominus
1870 2037 2053 2102 ﬁlium
2073 2037 2316 2091 hominis
2332 2007 2620 2102 sedentem,
2645 2043 2703 2092 et
2729 2044 2948 2103 caetera,
2973 2039 3193 2093 dicebat
3218 2039 3472 2111 blasphe-

177 2097 423 2151 Domino
446 2115 563 2153 meo
589 2119 604 2154 :
634 2101 765 2158 Sede
791 2119 827 2157 a
852 2105 1062 2158 dextris
1086 2110 1240 2173 meis,
1257 2110 1423 2164 donec
1448 2128 1652 2179 ponam
1676 2117 1787 2168 ini-
1869 2140 2054 2178 massa
2072 2125 2283 2179 Jesum.
2310 2126 2378 2179 Et
2404 2125 2529 2180 ideo
2558 2143 2623 2180 ac
2646 2126 2693 2179 si
2713 2144 2778 2180 ex
2806 2127 2948 2197 lege,
2983 2144 3188 2182 vesana
3215 2128 3373 2199 plebs
3401 2130 3471 2184 ad

178 2188 350 2240 mices
373 2191 496 2240 tuos
532 2190 827 2244 scabeltum
851 2194 1055 2260 pedum
1086 2199 1309 2249 tuorum
1349 2197 1519 2269 (Psal.
1562 2215 1672 2268 cxx,
1714 2198 1781 2270 1).
1866 2211 2114 2267 favorem
2155 2214 2439 2268 seniorum
2488 2216 2816 2287 proclamat,
2850 2188 2914 2270 ut
2938 2188 2945 2192 ⁷
2969 2217 3175 2271 assolet
3202 2188 3424 2289 ‘sulgus
3456 2237 3468 2272 :

187 2279 228 2338 Ι
253 2281 293 2340 Ι
312 2279 436 2340 2η
457 2275 522 2329 In
543 2276 746 2348 quibus
765 2278 907 2334 ίοΐιθ
923 2279 1161 2337 ίηίιηίείε
1179 2290 1342 2339 erant
1362 2293 1419 2339 et
1442 2287 1544 2354 illi.
1560 2291 1629 2343 ad
1647 2308 1785 2362 quos
1868 2300 2016 2355 Reus
2041 2308 2115 2356 est
2147 2307 2365 2357 mortis.
2399 2275 2549 2358 Tunc
2577 2310 2913 2373 exspuerunt
2940 2307 3003 2358 in
3031 2308 3232 2372 faciem
3260 2310 3396 2375 ejus,
3424 2313 3474 2362 et

176 2360 547 2419 dicebatista:
565 2365 1030 2424 Amodovidebitis
1049 2372 1506 2430 Fitiumhominz‘s
1519 2360 1786 2435 sedentem
1868 2391 2109 2459 colaphis
2132 2409 2257 2446 eum
2279 2394 2611 2447 ceciderunt,
2633 2360 2752 2446 Αἰίί
2772 2396 2957 2447 autem
2987 2360 3202 2458 ρέιιηιαε
3227 2360 3365 2449 είίῂ
3384 2360 3474 2464 ᾖ-

175 2466 209 2504 a
238 2452 455 2507 dea-tris
483 2457 728 2513 virtutis.
754 2456 824 2511 Et
842 2457 935 2528 qui
959 2474 993 2512 a
1021 2459 1136 2514 Deo
1166 2461 1332 2517 Patre
1362 2464 1668 2522 scabellum
1698 2468 1785 2523 di-
2047 2481 2340 2547 dederunt,
2374 2482 2649 2535 dicentes:
2682 2452 3006 2549 Prophetiza
3034 2485 3207 2550 nobis,
3240 2452 3467 2551 Christe,

176 2547 390 2596 cuntur
416 2542 613 2609 futuri,
637 2543 744 2616 ipsi
771 2545 1037 2601 nimirum
1065 2555 1198 2605 sunt
1224 2568 1391 2623 super
1415 2571 1555 2625 quos
1582 2558 1785 2613 amodo
1866 2571 1990 2637 quis
2018 2574 2093 2621 εει
2123 2572 2223 2638 qui
2254 2575 2299 2623 ια
2321 2542 2627 2638 percussit?
2648 2570 2720 2625 Ut
2742 2542 2911 2641 supra
2933 2571 3052 2641 jam
3080 2542 3213 2638 dixi;
3239 2573 3354 2628 haec
3383 2542 3473 2629 in;

176 2644 310 2684 cum
336 2633 650 2687 surrexerit
681 2633 855 2689 victor
878 2652 1163 2692 sessurum
1202 2656 1262 2694 se
1314 2644 1611 2711 promittit.
1633 2646 1784 2710 Quo-
1870 2633 2150 2726 {anigitur
2172 2657 2444 2712 Dominus
2474 2675 2671 2730 passus
2701 2659 2760 2713 in
2789 2659 2955 2714 domo
2985 2661 3256 2731 principis
3292 2677 3473 2715 sacer-

177 2718 333 2773 niam
354 2736 424 2774 ex
453 2737 521 2776 eo
540 2726 793 2794 tempore
814 2741 924 2796 quo
953 2728 1259 2784 resurrexit
1285 2730 1460 2786 Filius
1480 2733 1724 2789 hominis
1749 2753 1785 2790 a
1852 2718 2061 2798 'dotuvm
2082 2745 2179 2799 ubi
2198 2718 2597 2802 adductus‘est.
2615 2749 2684 2803 Et
2703 2748 2820 2803 haec
2838 2718 3018 2820 usque
3037 2750 3109 2803 ad
3135 2718 3300 2805 mane
3311 2753 3472 2820 gesta

178 2808 443 2875 mortuis,
474 2810 620 2865 sicut
654 2812 774 2883 ipse
817 2814 896 2868 ait
927 2832 938 2867 :
971 2817 1112 2870 Data
1152 2824 1225 2871 est
1259 2822 1310 2872 ei
1350 2825 1531 2875 onmz’s
1553 2830 1785 2891 potestas
1869 2839 2020 2900 sunt,
2050 2835 2273 2905 quando
2297 2835 2467 2890 etiam
2499 2842 2557 2890 et
2579 2838 2779 2891 Petrus
2806 2837 2863 2891 i’n
2878 2808 3073 2891 eadem
3095 2838 3260 2892 domo
3289 2808 3471 2894 tema-

176 2899 238 2951 m
256 2901 411 2962 σιτίον
435 2904 484 2953 ει
518 2902 579 2955 in
617 2906 767 2956 ίθννα
801 2905 1010 2971 (Mami-
1046 2921 1238 2970 ΧΧνΙΠο
1276 2906 1381 2973 18).
1417 2910 1593 2974 Quem
1624 2913 1784 2969 dein-
1866 2927 1959 2977 tus
1987 2899 2089 2977 est:
2123 2924 2269 2988 Quia
2321 2924 2543 2979 dicebat
2571 2926 2639 2979 de
2688 2943 2747 2979 se
2778 2942 2985 2996 magna
3015 2927 3287 2992 Christus,
3322 2928 3471 2999 quod

177 3002 306 3058 ceps
329 2987 596 3044 viderunt
615 3006 810 3046 omnes
839 2993 1020 3061 electi,
1045 3012 1147 3066 per
1170 2996 1360 3059 fidem,
1392 3001 1782 3069 praesidentem
1807 3074 1841 3081 _
1866 3027 2123 3066 sessurus
2153 2987 2301 3066 esset
2339 3029 2372 3066 a
2400 3013 2610 3067 dextris
2638 3014 2861 3069 virtutis
2872 2987 3029 3081 vDei,
3052 2987 3470 3071 arbitrabantur

176 3075 448 3131 adextris
471 3077 691 3134 virtutis
711 3080 831 3147 Dei,
860 3081 915 3136 id
949 3089 1037 3137 est
1074 3084 1330 3141 Ecclesiae
1354 3103 1488 3149 suae,
1522 3107 1644 3161 quia
1672 3092 1781 3146 vir-

1868 3100 2248 3155 confusionem
2274 3102 2354 3155 illi
2384 3102 2660 3172 ingerere.
2685 3104 2794 3158 Sed
2818 3104 2912 3158 ille
2938 3110 3002 3158 ut
3018 3074 3210 3159 omnia
3232 3106 3471 3177 comple-

176 3168 295 3219 tute
309 3165 417 3219 Dei
430 3166 491 3220 in
510 3166 720 3223 dextris
736 3175 822 3224 est
840 3171 1126 3227 collocata.
1149 3174 1283 3238 Quae
1300 3175 1567 3233 nimirum
1596 3180 1781 3235 Eccle—
1862 3196 2075 3254 rentur,
2101 3207 2225 3261 quae
2255 3190 2326 3244 de
2355 3206 2420 3245 eo
2445 3165 2598 3246 dicta
2622 3198 2804 3258 erant,
2834 3193 2957 3247 ﬁeri
2981 3197 3177 3264 sponte
3208 3210 3312 3247 sua
3340 3165 3469 3264 per-

176 3253 275 3319 sia,
303 3270 412 3308 seu
446 3254 685 3311 thronus
731 3258 969 3325 dicatur,
1003 3278 1102 3316 seu
1132 3264 1305 3318 sessio
1335 3266 1542 3321 Christi
1571 3285 1607 3323 a
1634 3276 1779 3324 tem-
1863 3253 2139 3333 mittebat:
2168 3279 2450 3350 Scriptum
2494 3281 2700 3353 quippe
2743 3253 2866 3337 erat
2896 3253 3027 3347 (Isa:
3053 3295 3105 3348 ι,
3138 3279 3228 3351 6):
3264 3253 3470 3352 Corpus

176 3357 309 3413 pore
355 3345 785 3401 resurrectionis
830 3349 955 3418 ejus
1002 3350 1300 3423 colligitur,
1334 3360 1389 3409 et
1438 3365 1781 3428 aggregatur
1862 3383 2046 3421 meum
2076 3369 2202 3421 dedi
2221 3345 2675 3436 pei‘cutz’entz'bus,
2698 3376 2747 3424 et
2772 3345 2937 3438 genas
2962 3345 3107 3424 meas
3122 3345 3465 3429 vettentib-us.

176 3446 353 3503 usque
384 3432 444 3487 in
483 3433 672 3501 tinem,
703 3434 762 3489 in
800 3453 912 3508 qua
954 3438 1129 3494 Filius
1180 3441 1446 3509 hominis,
1477 3451 1533 3499 et
1585 3448 1780 3503 sedere

176 3519 349 3576 victor
377 3521 618 3587 videtur,
652 3530 710 3578 et
735 3525 924 3581 venire
964 3526 1021 3581 in
1052 3528 1292 3585 nubibus
1320 3532 1477 3600 caeli;
1511 3536 1777 3605 quoniam

176 3609 279 3680 ipsi
299 3616 439 3665 sunt
456 3611 634 3667 nubes
661 3613 803 3679 caeli,
837 3615 906 3669 de
935 3616 1139 3686 quibus
1167 3618 1374 3675 dicitur
1399 3640 1411 3674 :
1445 3623 1574 3677 Cati
1610 3642 1778 3679 enar-

177 3705 304 3752 rant
343 3703 591 3767 gloriam
630 3703 729 3756 Dei
758 3706 920 3769 (Psal.
963 3721 1117 3772 xvm,
1148 3705 1236 3779 2);
1268 3725 1369 3779 per
1415 3727 1553 3781 quas
1602 3713 1779 3769 nubes

176 3786 289 3858 ipse
308 3786 520 3860 utique
549 3791 703 3845 venit
729 3792 800 3846 ad
845 3792 1115 3864 singulos,
1148 3801 1206 3851 et
1246 3797 1305 3851 in
1333 3798 1535 3870 quibus
1564 3804 1780 3873 spargit

176 3874 383 3931 imbres
413 3877 624 3949 eloquii
645 3879 751 3945 sui,
766 3880 1019 3937 cribrans
1039 3900 1214 3955 aquas
1236 3886 1306 3940 de
1329 3888 1591 3945 nubibus.
1617 3891 1776 3955 Quod

178 3970 361 4020 autem
386 3965 447 4020 in
468 3982 535 4021 eo
564 3968 796 4024 concilio
821 3977 985 4026 erant
1012 3988 1139 4027 cum
1162 3975 1383 4045 quibus,
1403 3982 1461 4032 et
1486 3979 1555 4032 de
1576 3980 1776 4051 quibus

176 4053 309 4108 talia
330 4055 361 4109 .l
365 4070 498 4110 esus
514 4056 858 4128 loqueretur,
878 4060 1079 4132 probat
1093 4064 1267 4119 Actus
1284 4067 1684 4136 apostolorum,
1718 4071 1777 4125 in

179 4158 282 4213 quo
309 4144 558 4215 legimus
595 4162 661 4201 ex
711 4148 920 4205 Judmis
961 4152 1108 4223 quod
1157 4169 1270 4208 una
1299 4155 1389 4209 die
1419 4162 1476 4211 et
1503 4158 1634 4225 alia,
1666 4160 1779 4214 tria

178 4232 349 4287 millia
377 4239 438 4289 et
460 4235 710 4307 quinque
725 4238 1086 4295 crediderunt
1107 4241 1166 4296 in
1191 4242 1496 4299 Christum.
1522 4246 1630 4311 Qui
1648 4265 1775 4304 eum

1861 3456 2072 3509 Faciem
2091 3472 2315 3526 quoque
2339 3474 2515 3511 meam
2537 3474 2649 3512 non
2667 3462 2847 3513 averti
2870 3476 2905 3512 a
2924 3459 3248 3514 confusione
3276 3465 3469 3531 sputo-

1862 3560 2007 3607 rum,
2040 3549 2098 3598 et
2125 3545 2238 3598 alia
2284 3546 2638 3617 quamplura,
2670 3564 2793 3617 qum
2823 3547 2880 3601 in
2909 3564 2975 3602 eo
3004 3549 3282 3619 completa
3314 3554 3465 3617 sunt,

1862 3632 2005 3687 sicut
2025 3633 2234 3705 scripta
2253 3641 2388 3688 sunt
2414 3651 2447 3687 a
2474 3635 2781 3706 prOphetis.
2814 3636 3127 3691 Audierant
3151 3637 3303 3691 enim
3325 3637 3469 3692 forte

1861 3727 2012 3777 retro
2040 3724 2470 3793 prophetantem
2501 3722 2570 3776 de
2596 3724 2849 3794 Templo,
2880 3730 2936 3778 et
2982 3724 3052 3778 de
3112 3725 3465 3779 Hierusalem

1861 3810 2010 3882 quod
2030 3811 2368 3865 destruenda
2391 3816 2557 3878 esset,
2579 3811 2703 3865 ideo
2733 3812 2803 3867 ad
2832 3812 3150 3867 irrisionem
3180 3829 3309 3867 eum
3333 3829 3465 3885 pro-

1861 3900 2092 3970 phetare
2100 3898 2391 3969 jubebant,
2410 3900 2535 3970 quis
2554 3916 2748 3954 eorum
2765 3917 2892 3955 eum
2931 3899 3332 3971 percussisset?
3351 3900 3462 3956 Sed

1860 3988 2096 4042 stultum
2125 3994 2248 4041 erat
2268 3986 2690 4043 verberantibus
2718 4005 2779 4042 se
2809 3988 3277 4060 respondere,qui
3303 3988 3463 4060 quasi

1862 4089 2042 4145 agnus
2088 4076 2156 4129 ad
2214 4076 2319 4129 hoc
2347 4081 2593 4140 venerat,
2623 4092 2736 4130 non
2791 4077 3052 4148 aperiens
3089 4093 3150 4131 os
3180 4094 3365 4141 suum,
3397 4084 3464 4132 ut

1863 4164 2150 4234 Scriptura
2167 4164 2559 4234 compleretur.
2577 4167 2771 4220 Petrus
2795 4171 2982 4220 autem
3008 4168 3216 4220 sedebat
3237 4168 3378 4233 foris
3397 4170 3462 4223 in

1860 4256 2029 4308 atrio.
2047 4253 2204 4308 Foris
2226 4269 2470 4324 namque
2499 4253 2749 4319 sedebat,
2775 4260 2839 4309 ut
2870 4254 3086 4309 videret
3116 4255 3325 4309 exitum
3354 4256 3457 4323 rei,

178 4327 231 4376 et
254 4322 549 4379 sedentem
580 4325 841 4381 viderunt
869 4345 969 4399 per
1023 4329 1190 4385 ﬁdem
1239 4349 1274 4387 a
1314 4332 1524 4389 dextris
1550 4336 1830 4412 virtutis_
1859 4346 1917 4394 et
1945 4356 2058 4394 non
2096 4322 2565 4412 appr0pinquavit
2592 4343 2804 4410 Jesum,
2836 4359 2907 4396 ne
2954 4342 3227 4397 ministris
3255 4344 3323 4398 de
3363 4322 3460 4399 illo

178 4410 291 4474 Dei,
325 4418 387 4467 et
413 4413 731 4469 venientem
760 4415 820 4470 in
851 4417 1111 4474 nubibus.
1145 4420 1282 4485 Quae
1312 4422 1490 4478 nubes
1513 4424 1621 4496 ipsi
1649 4426 1774 4481 fue-
1793 4406 1837 4462 Π
1858 4429 1973 4482 ulla
2001 4435 2329 4484 nasceretur
2349 4430 2607 4502 suspicio,
2635 4431 2768 4502 quia
2795 4431 3000 4486 timore
3022 4432 3142 4502 jam
3172 4448 3460 4503 possessus

178 4506 322 4567 runt,
355 4502 626 4573 quoniam
655 4521 722 4558 ex
752 4505 848 4560 illa
876 4507 1160 4578 primitiva
1189 4510 1397 4566 Christi
1424 4514 1688 4582 Ecclesia,
1714 4515 1774 4571 in
1857 4523 1997 4571 erat.
2015 4518 2083 4572 Et
2109 4517 2169 4573 in
2188 4518 2295 4573 hoc
2318 4519 2463 4573 mira
2489 4519 2641 4573 Petri
2667 4536 2796 4573 cum
2825 4518 3064 4573 Domino
3094 4502 3458 4591 perseveran-

180 4605 281 4659 qua
311 4591 578 4662 praesedit
596 4599 793 4649 auctor
812 4594 957 4657 vitae.
990 4603 1142 4653 totus
1166 4602 1483 4673 complutus
1502 4609 1588 4658 est
1609 4621 1773 4659 mun-
1856 4605 1954 4659 tia.
1990 4605 2096 4671 Qui
2117 4606 2369 4677 quamvis
2390 4607 2634 4673 timeret,
2668 4615 2853 4663 tamen
2879 4624 2989 4662 non
3022 4608 3267 4680 reliquit.
3291 4609 3460 4664 Venit

179 4677 296 4733 dus.
328 4680 394 4735 In
425 4680 632 4752 quibus
658 4682 898 4739 nubibus
926 4687 1052 4740 caeli
1100 4703 1201 4742 nos
1228 4688 1336 4760 ipsi
1366 4690 1460 4762 qui
1491 4692 1776 4763 loquimur
1858 4694 2007 4749 enim
2038 4695 2208 4749 timor
2236 4712 2269 4749 a
2303 4702 2525 4762 natura,
2557 4696 2654 4751 sed
2695 4713 2831 4751 cura
2859 4697 2928 4752 de
2976 4677 3178 4753 affectu
3211 4698 3451 4769 pietatis.

178 4782 353 4840 usque
378 4769 580 4836 adhuc,
609 4773 869 4859 eumdem
890 4774 1093 4830 Filium
1120 4777 1380 4846 hominis,
1401 4780 1497 4851 qui
1511 4781 1774 4852 loqueba-
1855 4784 2115 4838 Alienum
2150 4791 2236 4838 est
2264 4785 2411 4856 quod
2465 4785 2645 4852 timet,
2677 4802 2843 4840 suum
2873 4786 3022 4857 quod
3052 4803 3163 4841 non
3195 4787 3357 4859 fugit.
3387 4790 3457 4844 Et

177 4857 267 4908 tur
285 4871 474 4910 coram
498 4856 843 4929 principibus
868 4862 1081 4932 populi,
1099 4864 1286 4919 venire
1302 4867 1693 4937 conspicimus,
1726 4870 1773 4924 si
1857 4873 2005 4943 quod
2034 4873 2306 4944 sequitur,
2333 4873 2558 4944 pietatis
2585 4880 2672 4928 est
2697 4856 2938 4929 devotio.
2973 4875 3149 4930 Porro
3180 4856 3328 4947 quod
3354 4894 3457 4933 ne—

178 4951 325 4998 recte
360 4945 611 5016 sapimus
655 4948 739 5002 vel
764 4948 1148 5021 intelligimus.
1184 4953 1319 5017 Quae
1348 4955 1619 5011 nimirum
1648 4975 1772 5029 pro-
1852 4962 2268 5033 gat,subreptio
2290 4968 2376 5016 est
2394 4962 2631 5033 pavoris.
2666 4964 2975 5019 Commune
2996 4964 3171 5035 igitur
3196 4945 3347 5037 quod
3372 4968 3456 5021 la-

178 5032 366 5102 phetia
390 5034 511 5105 jam
541 5040 725 5090 totum
770 5040 1060 5111 occupavit
1099 5042 1393 5109 mundum,
1423 5049 1479 5098 et
1510 5062 1684 5117 usque
1714 5047 1771 5102 in
1853 5050 2008 5106 bitur
2035 5068 2071 5106 a
2117 5032 2246 5117 ﬁde,
2279 5052 2375 5106 sed
2396 5032 2621 5123 ipI‘Opl‘ii
2661 5052 2793 5107 doni
2849 5060 2936 5108 est
2975 5032 3125 5125 quod
3154 5032 3448 5126 paenitens,

176 5120 345 5177 ﬁnem
370 5125 756 5196 complebitur.
781 5126 887 5182 Sed
913 5135 970 5182 et
988 5129 1209 5185 Marcus
1230 5130 1287 5185 in
1309 5132 1416 5187 hoc
1435 5133 1776 5191 determinat
1857 5140 2006 5210 quod
2059 5120 2427 5195 amarissime
2467 5120 2638 5194 ﬂevit.
2670 5141 2736 5195 Et
2795 5120 3013 5197 accessit
3083 5150 3120 5208 ι

177 5209 541 5282 Evangelium
568 5230 735 5269 suum
765 5232 776 5267 :
809 5217 876 5269 Et
904 5217 1188 5283 Dominus,
1223 5219 1427 5292 inquit,
1456 5224 1608 5278 Jesus
1624 5230 1773 5293 post-
1857 5209 1982 5281 eum
2013 5243 2132 5281 una
2170 5230 2382 5283 ancilla
2409 5229 2593 5282 dicens
2620 5246 2636 5282 :
2668 5229 2734 5282 Et
2789 5233 2851 5282 tu
2880 5246 3007 5283 cum
3056 5232 3183 5284 Jesu
3231 5228 3453 5285 Gatitao

177 5315 343 5368 quam
362 5305 573 5357 locutus
598 5308 673 5357 est
686 5306 785 5370 eis,
805 5312 1118 5374 assumptus
1136 5313 1211 5362 est
1232 5311 1294 5362 in
1323 5312 1537 5378 ctutum,
1566 5318 1614 5367 et
1636 5314 1775 5368 sedet

175 5391 431 5445 adestris
448 5393 551 5447 Dei
580 5394 772 5453 (Marc.
796 5411 905 5460 xvx,
927 5392 1037 5461 '19).
1073 5397 1181 5453 Sed
1211 5404 1267 5453 et
1297 5400 1490 5473 utique
1520 5402 1777 5457 Christus

176 5475 234 5531 in
263 5479 465 5535 coelum
520 5480 683 5536 sedet
707 5481 769 5536 in
821 5482 1070 5540 Ecclesia
1101 5502 1236 5556 sua;
1272 5489 1540 5560 quoniam
1585 5492 1777 5548 anima

172 5566 312 5636 justi
339 5570 499 5626 sedes
519 5574 608 5625 est
632 5570 935 5642 sapientia.
978 5574 1128 5631 Tunc
1144 5580 1402 5648 princeps
1429 5583 1775 5637 sacerdotum

1861 5330 2001 5368 eras.
2033 5317 2103 5371 At
2132 5318 2227 5371 itte
2256 5320 2472 5385 negavit
2500 5333 2686 5371 eorum
2732 5320 2987 5372 omnibus
3011 5318 3231 5371 dicens:
3263 5320 3452 5374 Nescio

1859 5405 1995 5473 quid
2020 5406 2176 5459 dicis.
2229 5404 2375 5469 Quid
2403 5422 2535 5477 ergo
2565 5405 2671 5461 sibi
2697 5406 2834 5473 vult,
2868 5406 3016 5478 quod
3045 5406 3292 5477 primum
3321 5424 3452 5464 eum

1858 5492 2048 5565 prodit
2069 5493 2305 5548 ancilla?
2326 5495 2467 5550 Cum
2494 5495 2597 5550 viri
2617 5496 2798 5567 magis
2814 5512 2943 5550 eum
2968 5494 3165 5568 utique
3191 5501 3452 5567 poterant

1856 5599 2269 5655 recognoscere,
2293 5602 2407 5642 non
2443 5585 2542 5642 abs
2586 5602 2648 5641 re
2686 5585 2897 5641 factum
2925 5584 3182 5640 dixerim.
3214 5586 3447 5641 Factum
