3918 6166
493 267 599 326 9'27

1257 277 1313 330 S.
1361 272 1739 330 PASCHASII
1779 273 2138 331 RADBERTI
2175 274 2480 332 ABBATIS
2519 274 3012 333 CORBEIENSIS.

3597 282 3679 342 928

486 399 573 449 est
599 400 788 452 autem
833 411 947 453 non
1001 397 1256 464 fortuitu,
1288 403 1353 453 ut
1381 399 1486 453 iste
1539 415 1703 453 sexus
1736 399 1792 453 in
1831 400 1935 453 hac
1964 401 2148 460 arteA
2167 401 2452 472 provincia
2480 407 2537 457 et
2574 403 2730 473 regio
2759 403 2930 459 habet
2966 404 3326 476 proprietates
3357 424 3488 471 suas,
3517 416 3563 464 et
3587 428 3682 465 ver-

487 484 695 540 diaboli
726 493 783 541 et
807 487 865 542 in
895 505 1030 543 nece
1061 488 1278 543 Domini
1312 488 1672 560 prwcesserit,
1700 493 1763 542 ut
1800 494 1857 542 et
1886 488 2086 559 prioris

488 575 740 629 mulieris
757 578 1145 631 recordaretur
1159 577 1332 642 fraus,
1348 582 1404 630 et
1421 577 1526 631 iste
1547 593 1711 631 sexus
1736 593 1836 648 per
1862 577 2086 632 Domini

486 664 858 719 redimeretur
877 666 1194 736 passionem
1237 666 1395 719 Unde
1409 671 1467 720 et
1481 666 1906 721 resurrectionis
1934 683 2087 721 acce-

487 752 573 822 pit
601 754 780 824 prima
834 755 1188 826 martyrium,
1223 760 1286 809 ut
1323 759 1567 809 veterem
1615 755 2086 826 praevaricationis

488 841 736 896 aboleret
762 859 1029 910 errorem,
1059 849 1115 898 et
1144 844 1306 898 istius
1326 844 1655 914 proditionis
1681 855 1950 914 purgaret
1977 844 2084 898 cri-

488 947 636 984 men.
661 932 804 986 Nam
843 932 1119 997 nonnulli,
1144 932 1222 1003 pii
1253 933 1484 987 affectus
1512 947 1721 995 amore,
1757 931 1952 985 dicunt
1979 933 2084 986 Pe-

486 1025 635 1074 trum
659 1037 769 1074 non
793 1021 971 1075 Deum
1002 1038 1255 1091 negasse,
1285 1023 1382 1075 sed
1407 1021 1718 1086 hominem;
1755 1021 1915 1091 quasi
1935 1021 2084 1075 dice-

484 1113 573 1163 ret
599 1109 705 1164 sibi
736 1110 795 1164 in
843 1111 1009 1165 corde
1035 1128 1135 1165 suo
1166 1131 1177 1164 :
1217 1111 1416 1165 Nescio
1446 1110 1752 1175 hominem,
1782 1110 1867 1163 vel
1899 1111 2084 1164 nescio

484 1198 620 1268 quid
640 1199 790 1253 dicas
812 1199 1180 1264 muliebriter,
1205 1199 1339 1270 quia
1359 1204 1472 1254 scio
1502 1198 1822 1252 Dominum.
1848 1198 1954 1253 Sed
1980 1214 2083 1268 ego

484 1286 632 1339 malo
653 1286 967 1358 intelligere
987 1304 1221 1358 negasse
1246 1289 1496 1354 Petrum,
1521 1304 1689 1358 quam
1711 1288 1768 1341 in
1790 1287 1976 1358 aliquo
2001 1287 2081 1340 fe-

482 1374 688 1429 fellisse
720 1376 917 1430 Deum.
952 1377 1098 1440 Quid
1145 1394 1276 1447 ergo
1306 1377 1529 1447 negavit
1578 1377 1813 1430 Petrus?
1843 1376 2082 1430 Omnino

485 1464 631 1534 quod
653 1465 906 1534 praedixit
932 1466 1108 1532 Deus;
1133 1466 1262 1536 quia
1293 1467 1352 1519 in
1379 1466 1598 1520 Christo
1628 1465 1767 1519 nihil
1797 1465 1948 1519 aliud
1979 1466 2084 1520 fuit

486 1569 655 1623 quam
687 1554 836 1623 quod
865 1559 950 1607 est
979 1555 1146 1609 Deus.
1181 1555 1247 1608 Et
1285 1556 1431 1609 sicut
1475 1555 1624 1609 Deus
1653 1560 1711 1608 et
1740 1555 1906 1608 homo
1936 1571 2082 1610 unus

486 1645 574 1695 est
597 1641 856 1696 Christus
880 1661 894 1697 :
927 1642 1007 1696 ita
1034 1649 1186 1697 totus
1233 1644 1488 1698 Christus
1517 1660 1644 1697 cum
1683 1644 1848 1698 Patre
1875 1649 1933 1697 et
1961 1644 2082 1714 Spi-

484 1730 598 1784 ritu
619 1737 811 1785 sancto
833 1748 978 1786 unus
989 1737 1074 1786 est
1089 1733 1256 1787 Deus.
1273 1733 1752 1788 Considerandum
1766 1738 1955 1786 tamen
1978 1738 2084 1802 est,
2102 1719 2146 1777 Î’

485 1818 580 1873 ubi
611 1826 779 1890 negat
808 1821 1036 1888 Petrus;
1071 1837 1182 1874 non
1213 1823 1270 1874 in
1321 1828 1511 1876 monte
1539 1839 1649 1893 quo
1682 1822 1788 1876 fuit
1815 1839 1940 1875 cum
1976 1822 2084 1875 Do-

2168 490 2430 544 naculum
2482 491 2745 561 loquendi
2793 509 3130 548 sermonem.
3183 497 3344 557 Tunc,
3373 495 3545 568 inquit,
3567 503 3684 566 capit

2166 581 2426 632 detestari
2452 587 2499 633 et
2516 584 2884 649 jurare,quia
2915 599 3026 636 non
3049 585 3174 637 novi
3193 584 3469 648 hominem,
3497 592 3536 639 et
3557 591 3686 640 conti-

2169 682 2280 720 nuo
2307 671 2490 734 gallus
2513 672 2776 722 cantavit.
2796 671 2856 724 In
2888 671 3068 741 prima
3091 670 3310 742 quidem
3333 673 3589 743 negatione
3610 692 3686 730 sua

2166 772 2354 810 coram
2403 756 2664 812 omnibus
2698 759 2835 813 dicit
2861 764 3105 824 tantum,
3135 761 3314 814 Nescio
3342 763 3466 830 quid
3489 765 3612 827 dicis,
3638 765 3682 818 in

2167 846 2411 900 secunda
2437 863 2566 900 vero
2610 854 2780 918 negat
2806 866 2931 902 cum
2957 850 3298 919 juramento,
3321 855 3444 920 quia
3473 868 3564 906 non
3590 858 3686 908 novi

2167 935 2470 1002 hominem;
2505 953 2670 1007 porro
2696 937 2753 990 in
2781 938 2885 992 hac
2911 938 3082 993 tertia
3115 939 3315 992 dicitur
3343 939 3476 1010 quod
3513 942 3690 1012 cmperit

2166 1025 2424 1078 detestari
2451 1030 2730 1094 etjurare,
2749 1027 2879 1097 quia
2906 1043 3018 1081 non
3035 1027 3277 1082 novisset
3289 1027 3563 1082 hominem.
3583 1029 3686 1083 Gra-

2166 1113 2288 1167 vius
2317 1114 2543 1184 quidem
2568 1131 2632 1169 ac
2646 1115 2873 1185 gravius
2907 1121 3104 1186 negat;
3141 1116 3268 1186 quia
3301 1122 3496 1186 quanto
3518 1117 3690 1186 profun-

2164 1202 2289 1257 dius
2333 1203 2391 1257 in
2430 1203 2786 1273 negationem
2822 1205 2990 1268 vadit,
3023 1210 3184 1259 tanto
3237 1205 3398 1259 etiam
3442 1221 3550 1258 cum
3570 1207 3689 1275 jura-

2164 1298 2356 1346 mento
2372 1292 2613 1363 amplius
2633 1299 2843 1364 peccat.
2867 1295 2931 1347 Et
2951 1293 3079 1348 ideo
3101 1311 3213 1347 non
3240 1299 3369 1348 sunt
3391 1294 3629 1356 audiendi,
3645 1299 3689 1348 ut

2164 1380 2303 1447 dixi,
2335 1381 2641 1451 quidicunt
2659 1382 2806 1452 quod
2836 1398 2946 1436 non
2979 1383 3269 1451 negaverit
3296 1383 3480 1443 Deum.
3515 1382 3594 1436 sed
3616 1382 3690 1436 ho-

2164 1469 2409 1534 minem;
2445 1470 2576 1540 quia
2621 1476 2679 1525 et
2715 1471 3002 1525 hominem
3055 1488 3264 1541 negare
3292 1472 3471 1525 Jesum
3521 1471 3692 1524 menda-

2164 1557 2311 1610 cium
2353 1564 2455 1622 est,
2490 1564 2547 1612 et
2575 1575 2700 1613 cum
2744 1560 3069 1629 juramento
3099 1559 3155 1613 id
3194 1560 3407 1623 testari,
3443 1559 3558 1629 quid
3581 1558 3690 1613 aliud

2164 1663 2330 1717 quam
2348 1647 2658 1718 perjurium
2682 1649 2802 1702 est?
2822 1649 3138 1702 Praesertim
3166 1665 3294 1703 cum
3325 1653 3381 1703 et
3403 1649 3550 1703 homo
3573 1649 3690 1702 Jesus

2164 1752 2292 1789 vere
2324 1737 2472 1790 Deus
2505 1737 2742 1802 dicatur,
2776 1753 2840 1790 ac
2869 1755 2970 1807 per
2997 1739 3102 1791 hoc
3129 1738 3308 1792 Deum
3341 1753 3552 1808 negasse
3583 1742 3690 1789 recte

2166 1823 2389 1878 dicitur.
2424 1825 2568 1888 Quia
2594 1825 2776 1878 adhuc
2817 1827 3016 1880 Petrus
3041 1842 3152 1880 non
3196 1832 3414 1897 poterat
3454 1825 3690 1880 Dominum

486 1908 787 1974 mino,non
807 1910 862 1963 in
898 1911 1126 1981 templo,
1155 1927 1267 1964 non
1295 1911 1353 1964 in
1385 1911 1550 1965 domo
1580 1927 1701 1977 sua,
1734 1911 1831 1964 sed
1861 1911 1916 1964 in
1950 1927 2085 1981 praa-
2165 1914 2356 1967 Jesum
2397 1913 2453 1968 in
2499 1915 2710 1985 Spiritu
2739 1920 2932 1969 sancto
2974 1931 3330 1985 cognoscere,
3357 1915 3479 1986 quia
3509 1913 3688 1968 necdum

481 1998 628 2052 torio
655 1998 975 2053 Judaeorum
1023 2007 1080 2054 et
1109 2000 1167 2054 in
1198 2005 1380 2058 nocte.
1414 2001 1497 2054 vel
1529 2001 1585 2054 in
1616 2001 1780 2054 domo
1818 1999 2082 2071 principis
2166 2009 2288 2057 erat
2318 2002 2656 2069 hominibus,
2691 2003 2747 2057 id
2771 2009 2859 2057 est
2888 2004 3130 2074 Spiritus
3160 2009 3387 2058 sanctus
3413 2004 3572 2068 datus,
3597 2001 3693 2072 quis

481 2086 854 2140 sacerdotum.
890 2086 972 2140 Ibi
1001 2104 1134 2158 ergo
1165 2094 1335 2157 negat
1363 2087 1458 2141 ubi
1484 2088 1687 2142 veritas
1718 2105 1829 2142 non
1860 2094 1963 2152 est,
1987 2087 2082 2142 ubi
2163 2092 2354 2146 Jesum
2385 2093 2619 2146 necdum
2652 2098 2775 2146 erat
2817 2093 3186 2162 glorilicatus.
3222 2094 3292 2147 Et
3317 2093 3438 2147 ideo
3464 2099 3575 2145 ante
3595 2089 3690 2160 galli

483 2174 739 2230 Christus
765 2175 968 2245 ligatus
999 2183 1103 2241 est,
1133 2182 1188 2230 et
1216 2176 1310 2230 ubi
1336 2176 1592 2231 Christus
1623 2177 2078 2244 contumeliatur,
2162 2187 2387 2234 cantum
2412 2181 2469 2234 in
2500 2186 2660 2235 nocte
2689 2186 2876 2250 negat,
2911 2180 3041 2251 quia
3067 2197 3181 2235 non
3213 2185 3337 2235 erat
3367 2179 3581 2252 Spiritus
3614 2178 3692 2231 Pa-

482 2263 577 2318 ubi
596 2279 723 2316 eum
751 2264 1054 2318 intromisit
1065 2265 1264 2319 ancilla
1280 2264 1528 2326 ostiaria,
1544 2272 1601 2319 et
1621 2265 1931 2335 interrogat
1950 2281 2078 2320 eum
2161 2269 2284 2329 tris.
2309 2285 2420 2340 quo
2445 2270 2808 2324 confiteretur
2822 2271 2850 2324 J
2856 2285 3013 2323 esum
3035 2270 3346 2334 Christum,
3370 2275 3424 2324 et
3449 2269 3531 2340 qui
3553 2268 3694 2336 loque-

481 2351 771 2406 fraudibus
829 2353 964 2417 suis,
1020 2353 1112 2407 ubi
1161 2354 1480 2408 innocentia
1525 2354 1748 2408 difï¬cile
1803 2360 2075 2408 servatur.
2162 2359 2396 2412 returin
2415 2358 2816 2429 co.Sequitur:
2849 2359 2912 2412 Et
2937 2374 3182 2426 egressus
3212 2360 3365 2426 foras
3380 2353 3689 2428 ï¬‚euitamare.

480 2441 692 2495 Idcirco
719 2442 896 2512 magis
925 2443 1157 2496 venialis
1186 2444 1351 2514 culpa
1380 2449 1484 2509 est,
1505 2460 1672 2514 quam
1690 2444 1823 2498 Adae
1840 2443 2077 2497 fueritin
2163 2447 2373 2512 Videte,
2407 2447 2627 2505 fratres.
2662 2446 2810 2518 quod
2831 2463 2975 2518 saepe
2995 2446 3138 2513 dico,
3159 2448 3296 2518 quia
3317 2447 3496 2502 omnia
3525 2451 3572 2500 et
3590 2445 3690 2504 loca,

480 2530 759 2601 paradiso.
781 2532 859 2585 De
885 2532 988 2585 hac
1009 2531 1211 2603 quippe
1240 2532 1388 2586 trina
1409 2533 1706 2603 negatione
1735 2533 1906 2598 Petri,
1932 2534 2081 2588 inter
2161 2542 2218 2590 et
2237 2541 2511 2608 tempora,
2538 2536 2701 2606 plena
2726 2541 2861 2590 sunt
2876 2536 3183 2606 mysteriis.
3201 2537 3344 2591 Nam
3374 2536 3431 2589 in
3450 2534 3576 2588 atrio
3598 2547 3695 2603 pon-

481 2615 676 2672 omnes'
710 2620 1107 2690 Evangelistas,
1143 2638 1348 2692 magna
1379 2622 1652 2677 dictorum
1701 2622 1939 2676 varietas
1969 2627 2072 2690 est,
2160 2623 2326 2678 tiï¬cis
2353 2625 2573 2688 sedens,
2606 2640 2720 2679 non
2766 2628 3005 2695 poterat,
3039 2640 3152 2680 non
3194 2625 3319 2678 dico
3365 2629 3503 2678 stare
3527 2621 3576 2675 in
3599 2619 3692 2680 ï¬de,

481 2708 575 2763 sed
601 2726 716 2763 una
746 2709 982 2780 expletio
1013 2727 1228 2764 sensus.
1261 2711 1329 2765 Et
1360 2711 1483 2765 ideo
1513 2728 1705 2765 eorum
1735 2711 1956 2766 collatio
1983 2712 2080 2766 ha-
2160 2730 2353 2767 verum
2385 2713 2554 2767 etiam
2607 2729 2709 2767 nec
2739 2719 2866 2784 post
2901 2713 3120 2784 lapsum
3151 2729 3326 2784 agere
3354 2709 3694 2784 paenitentiam.

481 2797 665 2852 benda
693 2803 776 2852 est
805 2815 838 2852 a
867 2799 1130 2869 prudenti
1157 2800 1382 2866 lectore,
1416 2806 1481 2854 ut
1501 2800 1648 2854 inter
1677 2817 1872 2854 omnes
1901 2817 2076 2854 unum
2161 2803 2461 2872 Egreditur
2479 2803 2751 2873 siquidem
2771 2802 2919 2856 foras
2937 2802 3006 2856 de
3027 2803 3331 2873 impiorum
3355 2800 3580 2862 concilio,
3601 2796 3697 2868 quia

481 2889 740 2958 expleant
769 2904 1016 2942 sensum.
1050 2888 1349 2958 Sequitur:

550 2978 796 3030 Excunle
816 2982 1001 3030 autem
1016 2978 1114 3030 illo
1124 2981 1392 3044 januam,
1409 2979 1547 3030 vidit
1564 2980 1817 3031 cumalia
1842 2981 2072 3044 ancilla,

480 3071 530 3118 et
549 3068 631 3116 ait
650 3066 735 3117 his
747 3069 845 3133 qui
863 3071 1023 3118 erant
1041 3067 1120 3117 ibi
1132 3084 1148 3118 :
1167 3067 1232 3119 Et
1247 3067 1336 3118 hic
1355 3072 1608 3120 eratcum
1622 3069 1747 3120 .lesu
1765 3067 2074 3122 Nazarene.

2159 2899 2482 2963 respexerat
2501 2892 2658 2946 illum
2680 2891 2952 2945 Dominus
2975 2897 3040 2946 ut
3053 2891 3313 2946 ablueret
3331 2890 3511 2945 sordes
3535 2884 3696 2958 pavidae

2160 2981 2489 3052 negationis,
2522 2987 2579 3036 et
2605 2982 2818 3035 lavaret
2868 2981 3115 3036 maculas
3148 2980 3358 3035 mentis
3385 2977 3570 3034 amaris
3592 2973 3699 3030 ï¬‚eti-

2101 3039 2143 3097 ÎŸ
2159 3039 2280 3124 bus.
2297 3072 2413 3125 Nec
2431 3039 2689 3135 aestimes,
2721 3077 2759 3135 Î¹
2787 3078 2819 3134 |
2837 3075 2892 3134 4
2915 3077 2948 3134 |
2991 3071 3189 3137 lector,
3218 3070 3351 3141 quia
3377 3068 3563 3122 dicitur
3587 3061 3697 3135 quod

479 3154 547 3207 Et
577 3156 778 3206 iterum
795 3157 1019 3221 jurarit
1034 3170 1160 3207 cum
1170 3157 1528 3222 juramenlo:
1553 3157 1693 3221 Quia
1711 3173 1821 3210 non
1843 3160 1970 3210 novi
1988 3158 2078 3212 ho-
2158 3159 2466 3232 respexerit
2501 3159 2772 3213 Dominus
2792 3159 3042 3220 Petrum,
3072 3159 3238 3229 quasi
3267 3159 3341 3212 sit
3368 3173 3488 3212 eum
3511 3153 3698 3210 intuitus

481 3244 710 3296 minem.
728 3243 850 3297 Non
873 3249 1061 3297 autem
1080 3244 1214 3300 foris
1243 3245 1299 3298 in
1327 3245 1489 3305 atrio,
1509 3243 1604 3298 ubi
1634 3246 1807 3315 prius,
1831 3253 1930 3300 aut
1945 3252 2074 3300 ante
2157 3249 2438 3320 corporeis
2467 3248 2658 3314 oculis,
2691 3265 2817 3302 cum
2841 3249 3040 3302 Petrus
3070 3247 3208 3302 foris
3236 3248 3294 3302 in
3323 3247 3462 3301 atrio
3482 3248 3632 3303 esset;
3657 3243 3699 3293 et

473 3331 728 3399 januam,
752 3330 846 3384 ubi
868 3331 1045 3386 exisse
1075 3332 1297 3397 dicitur,
1326 3332 1529 3386 iterum
1556 3333 1800 3403 negavit,
1817 3334 1914 3387 sed
1945 3351 2073 3388 cum
2156 3337 2427 3392 Dominus
2455 3338 2608 3392 intus
2663 3337 3206 3404 contumeliabatur;
3259 3335 3355 3392 sed
3404 3334 3473 3390 ibi
3507 3327 3701 3402 respexit

479 3419 716 3473 redisset
762 3421 834 3474 ad
877 3419 1083 3475 focum.
1118 3421 1518 3475 Verumtamen
1567 3423 1789 3493 quando
1818 3424 2070 3493 redierit,
2156 3442 2306 3492 eum,
2330 3427 2426 3479 ubi
2449 3425 2694 3496 jacebat,
2725 3427 2782 3480 in
2831 3434 3017 3480 mente
3047 3440 3294 3497 namque
3323 3423 3586 3479 divinitate
3624 3432 3698 3472 sua

477 3508 773 3562 Matthaeus
802 3525 914 3562 non
941 3508 1089 3563 dicit.
1111 3510 1217 3564 Sed
1247 3511 1468 3564 Marcus
1496 3511 1578 3564 ait
1597 3511 1728 3581 quia
1757 3515 1889 3565 exiit
1922 3515 2074 3579 foras
2155 3515 2313 3569 illum
2334 3515 2593 3586 respexit.
2614 3514 2688 3568 Et
2707 3514 2800 3568 ubi
2831 3515 3074 3585 respexit
3098 3513 3523 3585 benignissimus
3549 3505 3698 3564 Domi-

475 3603 603 3650 ante
616 3601 904 3661 atrium,et
919 3599 1102 3666 gallus
1113 3601 1460 3653 cantavit.Ac
1473 3599 1673 3654 deinde
1687 3617 1914 3655 rursus:
1936 3602 2072 3656 Cum

473 3685 726 3741 audisset
746 3704 869 3741 eum
895 3689 1126 3744 ancilla.
1157 3691 1311 3756 cwpit
1339 3691 1515 3743 dicere
1557 3693 2068 3757 circumstantibus,

475 3779 608 3844 quia
638 3777 728 3830 hic
757 3793 821 3830 ea:
852 3780 968 3830 illis
998 3786 1070 3831 est
1099 3778 1296 3848 (Marc.
1315 3795 1425 3842 x1v,
1449 3775 1662 3846 68,69).
1695 3779 1848 3832 Tunc
1876 3778 2071 3849 utique

477 3864 582 3918 hoc
609 3865 763 3930 dicit,
793 3883 920 3920 cum
950 3866 1189 3920 redisset
1229 3866 1382 3921 intus
1411 3867 1480 3920 ad
1511 3867 1714 3920 focum.
1749 3867 1818 3920 Et
1846 3883 1958 3920 non
1987 3872 2072 3922 est

474 3953 592 4008 haec
619 3955 820 4009 ancilla
840 3955 933 4009 illa
957 3972 1080 4026 quae
1107 3973 1296 4026 supra,
1313 3963 1503 4010 tamen
1532 3956 1838 4009 ancilla.Et
1867 3962 2069 4010 notan-

2157 3621 2281 3670 nus,
2301 3603 2376 3657 ibi
2405 3603 2671 3658 continuo
2697 3603 2791 3656 ille
2819 3603 3169 3657 amarissime
3202 3603 3371 3657 ï¬‚evit.
3392 3602 3512 3656 Haec
3535 3596 3698 3652 idcirco

2153 3693 2361 3763 scripta
2380 3698 2530 3758 sunt,
2552 3693 2775 3755 fratres,
2790 3698 2855 3746 ut
2874 3692 3262 3763 unusquisque
3294 3695 3535 3745 nostrum
3561 3685 3698 3740 discat

2154 3780 2457 3851 plurimum
2487 3781 2556 3834 de
2595 3781 2712 3835 Deo
2743 3796 2910 3850 quam
2945 3779 3015 3834 de
3041 3796 3102 3833 se
3133 3794 3488 3850 praesumere.
3513 3776 3572 3830 Et
3592 3771 3629 3826 si
3653 3771 3695 3822 in

2152 3869 2340 3939 aliquo
2369 3869 2511 3922 forte
2540 3869 2732 3939 lapsus
2765 3868 2959 3934 fueris,
2993 3868 3214 3922 noveris
3245 3871 3570 3922 secretorum
3595 3866 3695 3915 tuo-

2152 3974 2276 4011 rum
2303 3958 2432 4028 quia
2453 3957 2614 4011 testis
2632 3974 2855 4028 semper
2875 3956 3086 4011 assistit
3103 3957 3275 4011 Deus.
3297 3954 3530 4026 Respicit
3545 3955 3695 4007 autem

472 4043 606 4097 dum
630 4044 760 4114 quia
788 4045 967 4115 frigus
987 4050 1108 4098 erat
1135 4053 1192 4098 et
1218 4062 1344 4099 nox.
1369 4045 1526 4099 Unde
1563 4045 1610 4098 si
1637 4051 1862 4116 tempus
1892 4045 2067 4099 consiâ€”
2150 4054 2213 4101 ut
2242 4046 2550 4102 recorderis
2579 4051 2636 4100 et
2673 4045 2905 4100 fatearis
2930 4045 3128 4100 humili
3157 4044 3498 4100 confessione
3522 4051 3697 4095 errores

473 4129 826 4194 deremus,et
843 4133 964 4185 loca
983 4133 1040 4185 in
1059 4132 1260 4202 quibus
1291 4139 1322 4195 Î™
1355 4138 1387 4195 |
1403 4138 1710 4203 40negat
1731 4134 1950 4196 Petrus,
1976 4150 2069 4203 po-
2149 4142 2276 4190 tuos
2301 4144 2358 4190 et.
2374 4152 2567 4190 casus:
2593 4135 2830 4189 imiteris
2857 4135 3108 4200 Petrum,
3137 4139 3202 4189 ut
3220 4135 3427 4188 deï¬‚eas
3453 4130 3586 4186 mala
3604 4132 3694 4187 tua,

470 4216 708 4270 terimus
737 4218 1181 4273 animadvertere
1234 4220 1435 4290 quibus
1485 4221 1846 4290 premebatur
1884 4221 2064 4288 malis,
2151 4230 2208 4279 et
2233 4225 2436 4295 diligas
2482 4223 2762 4295 deinceps,
2796 4223 2940 4278 sicut
2981 4222 3178 4277 dilexit
3208 4224 3424 4276 Petrus.
3469 4219 3624 4274 Etiam
3654 4217 3698 4266 et

474 4305 698 4377 quando
719 4305 1094 4360 obcaecaverat
1119 4325 1248 4361 eum
1280 4324 1387 4360 nox
1414 4308 1782 4378 infidelitatis,
1813 4316 1870 4364 et
1893 4310 2068 4380 frigus
2085 4353 2132 4411 D
2149 4313 2318 4367 tertio
2337 4313 2736 4383 interrogatus,
2768 4313 2914 4384 quod
2944 4317 3033 4366 ter
3053 4328 3362 4382 negaveras
3391 4311 3543 4382 pleno
3567 4303 3698 4360 conï¬-

472 4393 1072 4464 obgelaverattimoris,
1095 4395 1188 4465 qui
1209 4395 2065 4469 nulloillustrabatursolejusti-
2087 4393 2320 4457 "tear-is
2383 4419 2592 4467 amore,
2627 4408 2685 4456 et
2729 4402 2878 4456 trino
2916 4399 3232 4456 dilectionis
3270 4402 3484 4463 affectu,
3514 4413 3571 4450 ex
3607 4397 3698 4446 toto

472 4483 582 4537 tiae.
605 4485 730 4538 Non
758 4483 906 4537 enim
929 4490 1050 4538 erat
1075 4483 1132 4538 in
1153 4483 1308 4538 atriis
1329 4484 1571 4550 Domini,
1599 4487 1668 4540 de
1688 4486 1889 4557 quibus
1916 4487 2068 4541 cani-
2151 4492 2336 4555 corde,
2379 4498 2436 4544 et
2463 4507 2528 4545 ex
2552 4496 2672 4545 tota
2700 4491 2890 4545 anima
2931 4495 3050 4556 tua,
3084 4495 3140 4544 et
3176 4507 3242 4544 ex
3271 4495 3392 4544 tota
3419 4491 3588 4542 mente
3602 4487 3695 4535 tua.

473 4576 567 4627 tur
595 4573 652 4626 in
678 4573 916 4627 Psalmis
946 4591 956 4626 :
991 4573 1208 4629 Stante-3
1245 4581 1408 4628 erant
1433 4579 1588 4645 pedes
1620 4581 1795 4631 nostri
1815 4581 1878 4632 in
1904 4581 2070 4633 atriis
2153 4580 2295 4644 Quia
2326 4596 2490 4635 nemo
2519 4579 2760 4650 perfecte
2787 4577 2972 4649 diligit
3000 4578 3107 4632 nisi
3163 4578 3259 4649 qui
3297 4594 3362 4632 ex
3399 4581 3510 4631 toto
3535 4568 3695 4638 diligit-

475 4665 608 4726 tuis,
628 4665 933 4717 Jerusalem
984 4666 1144 4732 (Psal.
1175 4677 1319 4729 CXXI,
1354 4663 1432 4717 2).
1479 4665 1673 4736 Neque
1696 4669 1759 4719 in
1782 4671 1948 4722 atriis
1971 4670 2067 4721 doâ€”
2223 4668 2368 4740 (CAP.
2416 4668 2666 4738 XXVII.)
2697 4670 2855 4722 Mane
2882 4673 3068 4722 autem
3097 4672 3262 4733 Iacto,
3289 4667 3566 4720 consilium
3592 4659 3702 4713 á¼±Î·á½·Îµ-

472 4766 595 4803 mus
615 4752 1076 4820 Deinostri(Psal.
1097 4767 1324 4816 cxxxm,
1345 4752 1361 4808 'l
1385 4787 1414 4810 Î¹.
1437 4754 1534 4807 sed
1559 4754 1617 4808 in
1638 4755 1795 4809 atriis
1823 4757 2066 4826 Caiphae,
2149 4765 2288 4812 runt
2317 4774 2501 4812 omnes
2525 4760 2804 4826 principes
2847 4757 3190 4811 sacerdotum
3209 4761 3261 4809 et
3283 4757 3510 4809 seniores
3523 4745 3697 4818 populi.

472 4844 528 4892 et
547 4839 604 4891 in
621 4839 788 4892 domo
807 4841 948 4910 ejus,
965 4840 1024 4895 in
1047 4858 1158 4912 qua
1179 4842 1208 4894 J
1212 4858 1341 4897 esus
1360 4841 1576 4897 vinctus
1604 4849 1847 4906 tenetur,
1863 4849 1920 4898 et
1943 4844 2068 4898 ideo
2149 4849 2441 4901 adversum
2453 4849 2661 4909 Jesum,
2683 4851 2747 4900 ut
2771 4861 2896 4899 eum
2918 4848 3089 4898 morti
3109 4845 3407 4908 traderent,
3429 4847 3474 4896 et
3493 4841 3697 4894 vinctum

469 4927 527 4982 in
557 4944 625 4981 ea
653 4943 766 4981 non
789 4931 1127 4998 agnoscitur,
1153 4931 1284 5001 quia
1313 4930 1371 4984 in
1402 4948 1467 4986 eo
1489 4932 1676 4986 nullus
1706 4938 1829 4986 erat
1857 4933 1952 5003 qui
1989 4933 2068 4986 lu-
2150 4937 2507 4989 adduce-erunt
2521 4951 2644 4989 eum
2659 4939 2707 4988 et
2721 4935 3080 4988 tradiderunt
3098 4935 3291 4987 Pontio
3305 4934 3480 4986 Pilato
3492 4922 3696 4997 prasidi.

470 5032 591 5071 cem
621 5016 850 5071 videret.
885 5017 1024 5072 Erat
1053 5019 1278 5090 quidem
1327 5019 1385 5073 in
1425 5037 1491 5073 ea
1519 5019 1669 5089 ignis
1715 5020 1937 5087 ardens,
1971 5022 2067 5075 sed
2152 5025 2350 5089 Cerne,
2385 5041 2590 5095 quaeso,
2622 5023 2972 5094 diligentiam
2991 5021 3344 5076 sacerdotum
3374 5019 3430 5073 in
3456 5020 3599 5072 nocte
3619 5011 3699 5065 PR-

470 5109 616 5162 male
639 5123 994 5174 consumens,
1011 5109 1105 5178 qui
1127 5126 1228 5163 nec
1259 5110 1432 5180 frigus
1456 5111 1699 5181 pellebat
1725 5111 1949 5174 mentis,
1968 5128 2071 5166 nec

471 5197 972 5268 tugabattenebras
990 5199 1188 5266 noctis,
1210 5200 1303 5253 sed
1322 5199 1712 5254 inï¬‚ammabat
1740 5201 1809 5254 ad
1831 5201 2065 5267 facinus,

470 5287 671 5340 ardore
691 5287 1013 5358 impietatis.
1047 5289 1171 5342 Non
1201 5288 1349 5358 quod
1368 5295 1467 5353 ait,
1501 5295 1558 5342 et
1579 5293 1790 5359 loquela
1823 5296 1918 5344 tua
1948 5306 2069 5342 ma-

473 5377 742 5443 nifestum
797 5383 844 5430 te
873 5381 1028 5444 facit,
1056 5393 1166 5431 non
1198 5377 1344 5447 quod
1402 5379 1602 5432 Petrus
1632 5380 1862 5435 alterius
1888 5378 2070 5451 gentis

473 5469 651 5520 esset:
675 5481 872 5521 omnes
899 5467 1104 5539 quippe
1133 5465 1350 5521 Hebrzei
1366 5472 1545 5533 erant,
1560 5474 1616 5523 et
1644 5469 1739 5540 qui
1759 5468 2070 5541 arguebant

473 5559 704 5618 Petrum
732 5562 792 5614 et
831 5557 927 5630 qui
981 5557 1337 5631 arguebatur.
1373 5557 1482 5615 Sed
1533 5559 1664 5632 quia
1718 5575 2068 5634 unaquaeque

2152 5113 2313 5177 schte,
2349 5130 2476 5166 cum
2535 5129 2658 5167 esse
2711 5111 2983 5166 deberent
3028 5113 3094 5165 In
3145 5112 3361 5177 azymis
3408 5101 3697 5162 sinceritatis

2156 5203 2205 5267 (Î™
2242 5203 2361 5257 Î¸Î¿Î½.
2388 5216 2441 5268 V,
2467 5201 2538 5270 8),
2569 5207 2690 5256 tota
2737 5206 2901 5255 nocte
2932 5215 3045 5271 qua
3085 5215 3262 5271 agnus
3290 5200 3552 5251 comestus
3590 5192 3693 5243 est:

2153 5307 2291 5361 quas
2312 5291 2570 5345 excubias
2595 5296 2788 5361 agunt,
2807 5306 2946 5361 quas
2968 5288 3292 5360 quevigilias
3320 5282 3630 5343 custodiunt,
3646 5277 3698 5329 ut

2151 5379 2513 5435 homicidium
2535 5380 2800 5446 facerent,
2819 5385 2876 5434 et
2893 5379 2921 5432 ,á¼¶
2927 5394 3084 5434 esum
3111 5375 3277 5432 morti
3293 5368 3588 5430 traderent!
3608 5378 3696 5436 quo

2149 5469 2378 5524 consilio
2408 5474 2631 5541 peracto
2661 5474 2719 5523 et
2745 5467 3071 5535 deliberato,
3103 5481 3266 5521 mane
3294 5461 3507 5536 quando
3524 5456 3694 5552 missus

2150 5563 2237 5614 est
2259 5558 2331 5616 ad
2355 5559 2644 5632 Caipham,
2672 5573 2871 5615 rursus
2904 5573 3034 5614 eum
3059 5555 3321 5613 continuo
3348 5551 3566 5623 ligatum
3592 5545 3694 5598 mit-
