3918 6166
192 240 310 299 9‘29

916 241 1295 297 EXPOSITIO
1337 239 1413 296 IN
1453 239 1796 296 ΜΑΤΤΗΑΞῙ

1884 279 1898 295 .
1932 270 1997 284 --
2037 240 2172 295 LIB.
2215 241 2336 309 XII,
2381 243 2537 297 CAP.
2583 244 2804 300 XXVII.

3376 250 3481 306 930

187 371 326 420 tunt
349 367 420 420 ad
452 367 718 421 Pilatum.
740 367 805 421 Et
837 367 1148 422 notandum
1180 367 1326 438 quod
1355 367 1592 437 apostoli
1619 367 1678 420 in
1707 367 2010 427 no-Arum
2042 365 2359 420 afficeretur
2387 367 2630 438 injuriis,
2661 368 2897 440 putabat
2935 368 3078 424 forte
3110 372 3296 439 miser,
3329 375 3478 445 quod

183 458 282 509 cte
310 460 520 525 negant
547 461 605 510 et
653 455 892 524 fugiunt,
929 455 1023 509 isti
1047 472 1177 510 vero
1210 471 1374 510 mane
1402 455 1547 510 facto
1577 457 1690 526 iam
1735 456 1794 510 in

184 543 405 598 lumine
435 544 635 599 ineunt
657 545 972 611 consilium,
989 550 1047 598 et
1073 545 1399 615 conspirant
1427 545 1485 599 in
1512 561 1707 602 unum.
1732 545 1794 598 Ut

181 634 374 685 Iesum
396 633 522 686 dolo
541 638 850 687 tenerentet
870 635 1192 687 occiderent.
1225 633 1473 704 Alligant
1504 649 1639 703 ergo
1663 649 1793 686 eum

182 719 447 781 vinculis,
487 720 621 791 quia
648 721 976 790 alligaverat
1004 737 1101 775 eos
1137 720 1394 775 Satanas.
1440 721 1555 774 Nec
1583 719 1795 790 recogi-

178 814 314 863 tant
337 809 488 880 quod
511 809 632 880 ipse
657 810 730 864 sit
751 809 845 880 qui
873 810 1115 864 solverat
1128 826 1300 880 supra
1329 809 1502 863 ﬁliam
1529 809 1792 874 Abrahae,

183 913 362 969 quam
391 898 723 969 alligaverat
747 898 1000 953 diabolus
1025 899 1217 952 decem
1247 904 1305 952 et
1333 904 1456 952 octo
1484 897 1795 968 annis,quze

179 1003 301 1042 non
346 993 570 1058 poterat
606 988 831 1058 penitus
875 1004 1100 1042 sursum
1151 987 1418 1058 aspicere.
1472 988 1589 1042 Nec
1623 986 1797 1057 igitur

180 1075 532 1130 Samsonille
553 1076 892 1131 fortissimus
917 1076 1114 1131 fortior
1143 1077 1367 1131 Christo
1388 1077 1510 1142 fuit,
1544 1077 1640 1147 qui
1671 1093 1795 1147 pro-

182 1170 318 1235 pter
335 1163 520 1219 crines
542 1164 759 1219 vinctus
789 1165 969 1219 teneri
992 1181 1103 1219 non
1135 1170 1373 1236 poterat.
1391 1164 1670 1228 Quoniam
1700 1164 1794 1218 ille

181 1251 352 1307 fortis
390 1253 451 1306 in
481 1254 664 1324 figura
692 1253 902 1308 Christi
934 1254 1234 1324 praecessit,
1269 1259 1327 1308 et
1358 1253 1506 1323 quod
1553 1252 1796 1306 faciebat

180 1340 280 1396 ille
312 1342 759 1414 quotiescunque
788 1343 1008 1397 vinctus
1037 1343 1253 1409 fuisset,
1288 1342 1394 1396 hoc
1419 1347 1477 1396 et
1507 1341 1794 1396 Christum

180 1429 384 1485 fecisse
413 1447 581 1486 nemo
600 1431 697 1502 qui
713 1431 964 1502 ambigat
989 1450 1001 1499 ;
1021 1432 1118 1503 qui
1139 1448 1241 1486 nos
1258 1447 1452 1485 omnes
1471 1431 1589 1484 suis
1611 1430 1794 1484 absol-

184 1519 264 1574 vit
293 1519 552 1575 vinculis.
579 1520 666 1574 Ad
687 1521 792 1575 hoc
821 1520 1050 1591 quippe,
1079 1528 1204 1591 post
1235 1519 1509 1591 prodigia,
1533 1525 1659 1590 post
1679 1519 1792 1572 vir-

1876 455 2153 510 evaderet.
2184 456 2290 509 Sed
2320 456 2516 511 videns
2537 458 2685 528 quod
2717 458 3072 528 adjudicatus
3101 461 3268 515 morti
3297 463 3476 518 Pilato

1876 544 2139 607 traditur,
2183 560 2282 614 pro
2313 550 2466 599 certo
2493 546 2766 600 intellexit
2795 547 2984 602 infelix
3018 549 3150 619 quia
3177 550 3478 606 damnatus

1876 639 2040 696 esset,
2072 633 2215 686 ferre
2234 633 2615 688 confusionem
2646 652 2807 690 suam
2836 637 3066 691 minime
3097 639 3281 708 potuit
3321 659 3332 692 :
3368 657 3482 711 qua

1876 721 2235 792 perturbatus
2289 722 2345 774 in
2394 729 2602 786 mente,
2649 725 2947 779 consilium
2998 727 3249 782 invenire
3284 747 3475 784 verum
3517 792 3519 795 τ

1877 811 2147 881 nequivit.
2182 811 2272 868 Sic
2295 812 2498 883 quippe
2526 814 2773 868 confusio
2811 816 3034 885 operari
3065 818 3228 883 solet,
3257 825 3314 872 et
3343 836 3474 890 per-

1876 900 2142 967 turbatio,
2172 900 2252 955 ita
2275 907 2338 955 ut
2366 902 2532 957 homo
2553 904 2854 975 aliquando
2885 912 2920 970 ι
2947 913 2984 970 Ι
3001 913 3126 972 43
3142 925 3200 961 se
3227 909 3476 965 invenire

1879 1004 1992 1042 non
2024 995 2211 1058 queat.
2269 989 2428 1042 Unde
2459 989 2547 1043 hic
2577 992 2820 1060 primum
2850 993 3155 1063 impietatis
3182 1013 3297 1051 suae
3337 1016 3476 1068 pon-

1877 1077 2009 1130 dere
2036 1077 2168 1130 vicit
2180 1077 2425 1131 avaritiae
2454 1080 2926 1147 magnitudinem;
2952 1081 3189 1154 ideoque
3213 1090 3477 1153 paeniten-

1878 1169 1957 1219 tia
1979 1167 2176 1219 ductus
2198 1168 2675 1237 retulit,pessimis
2691 1171 3110 1238 mercatoribus,
3130 1177 3367 1241 triginta
3384 1191 3476 1229 ar-

1873 1260 2104 1322 genteos.
2135 1255 2250 1308 Nec
2277 1260 2467 1309 tamen
2485 1255 2562 1310 ita
2590 1274 2702 1326 prae
2728 1259 2902 1312 nimio
2931 1276 3188 1328 maerore,
3214 1269 3272 1317 et
3289 1265 3478 1319 confu-

1876 1343 2049 1398 sionis
2081 1360 2195 1398 suae
2243 1344 2596 1398 immanitate
2643 1347 2984 1417 pcenitentiae
3025 1351 3250 1405 modum
3283 1358 3476 1409 tenere

1877 1433 2078 1504 potuit,
2112 1432 2208 1502 qui
2239 1449 2366 1486 mox
2397 1437 2650 1501 taqueose
2676 1439 2977 1504 suspendit.
3002 1439 3158 1492 Fecit
3184 1441 3331 1494 enim
3353 1442 3476 1496 dia-

1873 1520 2034 1575 bolus
2065 1521 2160 1591 qui
2215 1537 2343 1575 eum
2377 1521 2532 1592 prius
2563 1530 2886 1592 pervaserat
2913 1531 3034 1580 arte
3057 1544 3177 1592 sua,
3214 1533 3276 1582 ut
3303 1531 3479 1599 pinni-

181 1613 342 1664 tutes
372 1609 704 1663 innumeras
717 1625 856 1680 quas
876 1609 1022 1673 fecit,
1049 1626 1109 1663 se
1122 1609 1378 1680 permisit
1393 1608 1558 1677 ligari
1579 1609 1786 1673 volens,
1811 1683 1846 1687 _
1873 1615 2020 1664 teret
2045 1611 2187 1665 forte
2217 1627 2331 1664 non
2360 1611 2430 1664 ad
2465 1613 2703 1679 veniam,
2736 1615 2835 1667 sed
2857 1631 2987 1668 eum
3017 1617 3260 1687 amplius
3289 1624 3352 1672 ut
3376 1619 3477 1674 im-

182 1703 240 1750 et
264 1697 563 1752 consensit
588 1703 652 1752 ut
680 1698 1028 1768 alligaretur,
1053 1714 1165 1752 non
1185 1698 1396 1769 peccati
1418 1697 1664 1760 funibus,
1697 1696 1794 1751 sed
1809 1683 1856 1742 Β
1878 1699 2113 1770 pelleret
2131 1699 2189 1753 in
2211 1699 2454 1753 ruinam.
2481 1701 2696 1755 Retulit
2708 1701 2758 1755 ei
2780 1709 2910 1758 ante
2931 1683 3130 1760 oculos
3148 1708 3352 1762 mentis
3375 1709 3478 1763 im-
3567 1723 3576 1730 ‘

183 1792 676 1841 sacramentorum
728 1787 980 1852 vinculis,
1011 1803 1252 1858 quorum
1283 1787 1555 1858 mysteria
1575 1786 1795 1840 vincula

181 1875 282 1930 illa.
315 1875 606 1930 Samsonis
634 1882 813 1930 erant.
849 1876 983 1940 Quae
1013 1876 1278 1931 nimirum
1311 1875 1528 1930 vincula
1553 1875 1796 1946 disrupit

193 1969 233 2028 I
263 1969 307 2028 Ι
323 1970 453 2029 ιιω
481 1963 761 2032 Christus,
783 1981 911 2018 mox
937 1964 1344 2019 circumdantia
1371 1982 1450 2028 se,
1486 1965 1710 2036 quando
1725 1965 1794 2018 de

181 2057 373 2107 morte
417 2052 594 2107 victor
640 2053 910 2119 ascendit,
949 2065 1014 2107 ut
1055 2059 1249 2108 nostra
1285 2053 1680 2123 disrumperet.
1710 2054 1791 2106 De

181 2141 397 2213 quibus
425 2142 708 2213 Propheta
735 2141 908 2196 dixit:
938 2145 1245 2211 Disrupisti
1265 2145 1492 2196 vincula
1519 2159 1657 2208 mea,
1690 2145 1792 2196 tibi

181 2232 512 2298 sacriﬁcabo
567 2232 802 2285 hostiam
860 2233 1045 2286 laudis
1100 2233 1280 2303 (Psat.
1333 2247 1454 2295 cxv,
1487 2230 1600 2299 17).
1641 2230 1793 2284 Talis

185 2335 442 2391 namque
485 2319 829 2374 consuetudo
872 2319 1196 2374 Judaeorum
1227 2324 1366 2383 erat,
1404 2335 1794 2390 quemcunque

185 2409 362 2464 morti
400 2407 838 2478 adjudicassent,
870 2414 934 2463 ut
960 2408 1206 2463 vinctum
1237 2425 1365 2462 eum
1389 2408 1567 2478 judici
1607 2408 1792 2462 trade-

185 2503 320 2551 rent
344 2515 359 2563 ;
425 2502 484 2551 et
510 2496 635 2551 ideo
662 2496 911 2551 vinctum
935 2513 1065 2552 eum
1095 2497 1383 2551 adducunt
1408 2497 1480 2550 ad
1500 2496 1790 2567 Caipham,

187 2585 338 2641 sicut
364 2585 612 2640 Joannes
631 2590 890 2640 testatur.
918 2589 997 2640 Ac
1018 2585 1224 2641 deinde
1243 2591 1371 2657 post
1383 2585 1635 2656 paulum,
1665 2601 1796 2639 nar-

185 2680 275 2730 rat
312 2690 518 2728 rursus
545 2673 694 2744 quod
723 2673 1011 2728 adducunt
1039 2690 1168 2728 eum
1189 2675 1261 2728 ad
1290 2675 1475 2744 ipsum
1503 2674 1560 2726 in
1592 2680 1795 2744 praeto-

185 2763 339 2820 rium
354 2808 368 2820 .
383 2763 522 2817 Erat
538 2768 743 2829 autem,
762 2763 966 2834 inquit,
985 2779 1168 2818 mane.
1194 2763 1264 2818 Et
1288 2779 1437 2816 nunc
1457 2763 1752 2817 Matthzeus
1777 2780 1791 2816 :

187 2853 377 2918 Mane,
414 2851 619 2922 inquit,
650 2853 814 2919 facta,
843 2855 1141 2906 consilium
1170 2855 1620 2906 inieruntomnes
1636 2854 1797 2920 prin-

190 2943 330 3008 cipes
361 2941 708 2994 sacerdotum
729 2945 776 2993 et
796 2942 1052 3004 seniores,
1074 2945 1137 2992 ut
1157 2955 1284 2993 eum
1301 2943 1470 2993 morti
1492 2941 1791 2992 traderent.

1879 1787 2267 1842 manissimum
2299 1789 2477 1842 scelus
2507 1790 2655 1859 quod
2685 1793 2877 1861 gessit,
2907 1810 3018 1847 non
3051 1801 3114 1848 ut
3143 1813 3207 1848 ex
3245 1798 3477 1852 consilio

1879 1879 2010 1944 veri,
2039 1877 2110 1931 ad
2126 1878 2620 1932 clementissimum
2643 1880 2966 1945 Dominum,
2989 1888 3045 1935 et
3065 1885 3339 1938 medicum
3360 1887 3478 1940 ani-

1876 1982 2098 2020 marum
2129 1973 2462 2031 recurreret,
2517 1967 2614 2020 sed
2668 1973 2732 2020 ut
2761 1985 2824 2022 ex
2872 1972 3293 2039 perturbatione
3340 1974 3476 2030 dirae

1873 2056 2078 2109 mentis
2106 2055 2162 2108 in
2192 2057 2351 2125 pejus
2370 2056 2602 2109 veniret.
2627 2056 2896 2125 Origenes
2908 2075 3150 2130 namque
3171 2077 3326 2116 more
3348 2080 3468 2130 suo,

1874 2143 1943 2196 de
1955 2143 2058 2196 hoc
2084 2143 2356 2213 quasdam
2385 2149 2568 2196 movet
2594 2142 2884 2213 oplniones
2909 2163 2920 2211 ;
2947 2147 3094 2215 quod
3114 2147 3475 2204 aestimaverit

1875 2233 1903 2286 J
1909 2231 2066 2296 udas,
2093 2231 2224 2285 licet
2252 2230 2584 2296 inconsulte,
2607 2237 2664 2285 et
2683 2248 2794 2285 non
2830 2235 3134 2289 secundum
3158 2237 3468 2306 scientiam,

1876 2321 2180 2391 praevenire
2213 2321 2272 2373 in
2293 2327 2472 2374 morte
2488 2321 2822 2375 moriturum
2840 2322 3164 2389 Dominum,
3189 2325 3354 2397 eique
3379 2344 3473 2382 oc-

1875 2425 2100 2464 currere
2126 2408 2184 2462 in
2213 2409 2419 2474 anima,
2454 2426 2622 2480 quam
2653 2410 2883 2464 nudavit
2909 2427 2944 2464 a
2967 2429 3218 2483 corpore,
3253 2415 3300 2468 si
3329 2415 3474 2472 forte

1877 2503 2068 2567 posset
2093 2497 2308 2551 veniam
2329 2502 2386 2551 et
2411 2497 2848 2552 misericordiam
2864 2501 3121 2570 precibus
3146 2503 3467 2574 implorare.

1879 2582 2013 2645 Quae
2043 2581 2308 2635 nimirum
2337 2582 2624 2652 cogitatio,
2655 2582 2701 2636 si
2732 2583 2785 2636 ei
2822 2583 2966 2638 forte
2991 2587 3145 2640 venit
3173 2587 3230 2641 in
3261 2596 3469 2658 mente,

1877 2676 1943 2724 ut
1962 2671 2094 2735 dixi,
2132 2676 2189 2724 et
2202 2671 2327 2741 ipsa
2342 2670 2410 2724 de
2432 2670 2754 2725 confusione
2773 2672 2895 2738 fuit,
2921 2679 2979 2727 et
2995 2692 3106 2729 non
3127 2693 3192 2730 ex
3216 2678 3474 2734 doctrina

1879 2760 1956 2830 pii
1995 2759 2265 2830 Magistri.
2299 2759 2446 2813 Dicit
2487 2764 2545 2813 et
2573 2759 2741 2814 aliam
2772 2762 3111 2832 opinionem,
3143 2767 3302 2836 quasi
3323 2769 3474 2821 calli-

1878 2848 2142 2902 dissimus
2167 2848 2484 2918 explorator
2525 2848 2780 2904 diabolus
2810 2858 3107 2923 postquam
3138 2855 3194 2908 in
3229 2872 3294 2909 eo
3317 2863 3375 2910 et
3401 2858 3470 2912 de

1879 2953 1944 2990 eo
1973 2936 2102 2990 fecit
2127 2937 2275 3007 quod
2305 2937 2496 3000 voluit,
2524 2943 2586 2991 ut
2611 2940 2934 2994 traderetur
2950 2943 2977 2996 ,Ι
2985 2958 3111 2996 esus
3133 2943 3188 2996 in
3211 2944 3471 3010 mortem,

188 3029 254 3084 Et
268 3030 892 3083 oinctumadduxerunt
908 3034 1106 3094 eum,et
1122 3030 1478 3082 tradiderunt
1498 3031 1689 3082 Pontio
1714 3030 1798 3082 Pi-
1815 3037 1858 3096 ο
1880 3025 2113 3080 recessit
2133 3042 2260 3078 mox
2280 3042 2314 3078 a
2333 3027 2359 3079 J
2368 3026 2497 3082 uda.
2532 3027 2654 3090 Quo
2675 3029 2988 3095 recedente,
3002 3030 3276 3086 intellexit
3293 3035 3472 3087 conti-

191 3121 300 3172 tato
356 3118 602 3185 prasidi.
644 3115 752 3171 Ubi
795 3116 1168 3186 intelligimus
1225 3116 1376 3187 quod
1427 3132 1592 3170 mane
1622 3116 1794 3170 etiam

1877 3131 1989 3169 nuo
2020 3115 2232 3168 malum
2262 3114 2408 3184 quod
2439 3115 2663 3182 fecerat,
2698 3117 2830 3186 quia
2873 3119 3108 3172 tradidit
3140 3122 3474 3190 sanguinem

186 3205 439 3260 traditus
471 3211 557 3259 est
579 3205 760 3260 Pilato
785 3224 798 3273 ;
845 3206 988 3260 forte
1025 3205 1248 3276 quando
1278 3205 1533 3259 introivit
1554 3205 1795 3275 Caiphas
1871 3203 2346 3273 justum,et-vidit
2369 3205 2517 3274 quod
2545 3205 2713 3275 ipsea
2741 3206 2856 3259 Deo
2881 3208 3284 3263 condemnatus
3306 3217 3472 3265 esset.

187 3294 245 3350 in
272 3295 566 3366 praetorio,
599 3295 733 3349 Jesu
755 3295 920 3366 paulo
949 3301 1081 3349 ante
1107 3293 1380 3364 judicato,
1416 3299 1474 3348 et
1499 3293 1798 3348 adducitur

188 3383 256 3438 ad
273 3400 416 3439 eum
437 3388 500 3438 ut
518 3383 793 3450 tradatur,
819 3400 942 3455 quae
963 3400 1053 3438 res
1080 3383 1223 3437 forte
1243 3387 1504 3452 coegerat
1524 3382 1796 3452 Caipham

189 3479 253 3528 ut
279 3473 532 3528 intraret
557 3473 618 3526 in
645 3472 988 3543 praetorium.
1022 3474 1136 3526 Aut
1161 3477 1312 3526 certe
1350 3470 1636 3524 interdum
1669 3487 1796 3524 cum

193 3567 345 3617 esset
379 3577 446 3616 eo
477 3561 536 3615 in
565 3560 704 3626 loco,
735 3561 965 3616 absente
1006 3561 1121 3625 illo,
1154 3560 1226 3614 ab
1253 3559 1513 3614 universo
1540 3558 1793 3626 concilio,

190 3651 482 3720 judicatus
499 3655 585 3704 est
607 3650 680 3704 ad
695 3656 952 3716 mortem,
969 3656 1161 3704 tamen
1179 3650 1250 3703 ad
1271 3649 1455 3720 ipsum
1467 3648 1537 3702 ab
1555 3648 1716 3702 initio
1732 3664 1798 3702 ex

196 3739 366 3794 domo
394 3741 571 3794 Anna:
603 3738 932 3803 ducebatur,
961 3739 1031 3793 ad
1065 3754 1231 3810 quem
1252 3738 1313 3792 in
1327 3743 1576 3792 extremo
1598 3737 1799 3808 perdu-

197 3833 318 3883 ctus
339 3827 568 3882 est.Sed
589 3827 722 3898 quia
741 3828 965 3899 Caiphae
979 3829 1100 3898 jam
1120 3827 1277 3898 prius
1306 3826 1486 3881 visum
1504 3826 1706 3893 fuerat,
1737 3833 1801 3880 ut

197 3916 362 3972 Iesus
392 3921 728 3984 moreretur,
759 3922 818 3970 et
845 3917 956 3971 illis
987 3916 1084 3988 qui
1109 3916 1353 3971 vinctum
1379 3932 1509 3970 eum
1555 3915 1798 3970 adduce-

194 4003 351 4072 bant,
380 4006 504 4060 sine
531 4006 649 4061 ulla
675 4023 833 4061 mora
865 4005 924 4060 in
950 4011 1236 4060 momento
1280 4006 1570 4061 decretum
1603 4010 1706 4072 est,
1735 4009 1800 4060 ut

195 4094 539 4149 occidendus
575 4095 757 4150 Pilato
783 4095 962 4166 judici
989 4095 1328 4149 traderetur.
1376 4095 1690 4165 Utrumque
1716 4099 1798 4149 ta.

193 4198 326 4238 men
356 4199 524 4238 mane
552 4183 695 4239 fuit:
747 4190 805 4239 et
823 4184 972 4256 quod
1001 4184 1357 4255 adjudicatus
1379 4190 1466 4239 est
1485 4201 1519 4239 a
1562 4185 1796 4255 Caipha,

194 4287 322 4327 cum
344 4272 505 4327 omni
528 4273 762 4328 concilio
780 4273 1123 4339 Iudaeorum,
1148 4279 1207 4328 et
1228 4290 1417 4329 coram
1439 4290 1505 4329 eo
1526 4273 1798 4329 nonnulla

193 4377 395 4431 passus
427 4379 441 4429 ;
475 4367 532 4416 et
554 4362 703 4432 quod
729 4362 908 4417 Pilato
937 4361 1202 4419 traditur.

270 4453 426 4505 Tunc
483 4454 671 4505 videns
718 4453 892 4506 ludas
922 4454 1022 4521 qui
1048 4468 1174 4506 eum
1203 4453 1440 4507 tradidit
1469 4453 1612 4521 quod
1636 4452 1798 4506 dam-

193 4545 362 4594 natus
384 4545 482 4606 est,
510 4543 837 4609 panitentia
864 4542 1080 4607 ductus,
1109 4543 1306 4596 retulit
1335 4544 1571 4610 triginta
1599 4557 1798 4610 argen-

194 4632 294 4683 teos
348 4631 706 4699 principibus
757 4632 1100 4685 sacerdotum
1130 4636 1180 4685 et
1208 4632 1536 4695 senioribus,
1570 4631 1792 4685 dicens:

192 4717 416 4772 Peccavi
440 4719 665 4773 tradens
693 4721 1025 4787 sanguinem
1039 4722 1281 4788 justum.
1306 4718 1351 4774 Ο
1381 4717 1597 4804 facinus
1629 4724 1687 4773 et
1699 4718 1798 4772 mi-

193 4821 316 4861 sera
345 4806 598 4862 conditio
625 4807 893 4875 humana,
948 4822 1072 4879 quae
1101 4824 1230 4863 cum
1257 4807 1327 4862 ad
1369 4813 1660 4878 peccatum
1685 4813 1798 4862 tra-

192 4893 372 4960 hitur,
407 4896 490 4950 sic
516 4897 749 4952 illicitur
776 4902 842 4952 ut
868 4897 1072 4965 videat,
1107 4903 1165 4952 et
1183 4913 1286 4952 nec
1305 4896 1607 4968 praevidere
1627 4903 1798 4969 queat

195 5001 397 5041 sereno
439 4987 644 5041 mentis
700 4987 930 5053 intuitu,
985 4986 1057 5041 ad
1107 4986 1256 5058 quod
1293 4984 1624 5057 captivatur.
1660 4987 1797 5040 Ecce

195 5090 369 5146 quam
387 5075 526 5130 levis
538 5074 709 5131 fuerit
729 5075 952 5131 animus
974 5075 1282 5141 traditoris,
1305 5074 1402 5146 qui
1419 5076 1816 5146 nuncjustum-

196 5179 367 5234 quem
415 5163 650 5219 tradidit
685 5165 835 5219 videt
863 5171 920 5220 et
942 5163 1222 5234 intelligit,
1251 5180 1417 5235 quem
1447 5169 1616 5218 antea
1647 5180 1799 5235 prm-

197 5250 388 5306 videre
422 5268 535 5306 non
563 5253 764 5324 potuit,
797 5259 855 5308 et
879 5260 1068 5325 portat
1095 5252 1478 5308 confusionem
1515 5253 1576 5307 in
1609 5258 1798 5308 mente

197 5356 300 5411 pro
332 5347 516 5404 reatu,
542 5342 636 5413 qui
665 5342 991 5398 erubescere
1019 5348 1188 5396 antea
1213 5359 1327 5397 non
1356 5348 1596 5414 poterat,
1629 5342 1799 5396 etiam

198 5444 332 5484 cum
353 5437 547 5485 rueret
564 5431 623 5486 in
653 5432 903 5487 osculum
933 5431 1320 5504 benignissimi
1350 5431 1802 5486 Salvatoris.Huc

200 5532 385 5592 usque
413 5520 551 5577 dum
602 5521 1002 5594 flagellaretur,
1034 5521 1171 5580 dum
1197 5520 1389 5578 multis
1437 5520 1802 5578 contumelia-

1877 3294 1991 3345 Aut
2017 3292 2161 3347 forte
2181 3292 2346 3346 aliter
2371 3293 2666 3348 recedente
2694 3294 2764 3347 ab
2791 3311 2856 3348 eo
2882 3295 3123 3364 diabolo,
3138 3299 3322 3368 potuit
3349 3317 3478 3355 con-

1879 3380 2064 3434 silium
2093 3397 2283 3434 secum
2331 3398 2530 3452 capere
2560 3383 2921 3452 paenitentiae,
2948 3391 3005 3438 et
3032 3386 3240 3441 referre
3270 3389 3341 3442 ad
3379 3405 3476 3443 eos

1878 3469 2121 3540 pretium
2136 3470 2282 3540 quod
2309 3469 2582 3524 dederant
2607 3490 2617 3523 :
2641 3476 2698 3525 et
2712 3471 2836 3526 ideo
2867 3472 3010 3527 forte
3031 3475 3163 3544 quia
3187 3475 3477 3532 absolutus

1880 3563 1999 3612 erat
2027 3557 2097 3611 ab
2126 3557 2463 3625 adversario,
2496 3558 2680 3628 potuit
2705 3559 2887 3614 dicere
2916 3578 2979 3614 ex
3003 3563 3220 3618 ratione
3235 3582 3432 3620 sensus
3458 3585 3470 3620 :

1879 3649 2105 3701 Peccavi
2123 3647 2344 3700 tradens
2363 3649 2693 3714 sanguinem
2721 3653 2961 3716 justum.
2991 3651 3096 3705 Sed
3113 3653 3377 3707 recedens
3405 3654 3476 3708 ab

1881 3752 1946 3790 eo
1976 3735 2046 3789 ad
2075 3740 2298 3806 tempus
2328 3734 2604 3801 diabolus,
2632 3741 2749 3790 tam
2771 3737 2954 3808 ipsum
2976 3739 3004 3793 J
3010 3739 3197 3804 udam,
3229 3757 3398 3812 quam
3420 3747 3478 3797 et

1881 3824 2169 3879 universos
2193 3840 2333 3893 quos
2358 3823 2428 3878 ad
2452 3829 2677 3895 tempus
2695 3826 2922 3891 deserit,
2943 3827 3146 3882 iterum
3176 3831 3478 3884 reassumit

1880 3913 2186 3969 secundum
2228 3912 2464 3968 astutias
2509 3930 2660 3979 suas,
2710 3920 2774 3968 ut
2824 3914 3219 3971 abundantiori
3246 3917 3477 3974 tristitia

1880 4002 2288 4057 absorbeantur
2305 4018 2730 4074 nonnunquam,
2766 4004 2910 4058 sicut
2925 4011 2979 4059 et
3010 4005 3180 4060 istum
3211 4007 3358 4061 male
3385 4008 3478 4062 ab-

1881 4098 2155 4164 sorptum,
2184 4097 2242 4146 et
2260 4108 2575 4163 pervasum,
2609 4109 2722 4147 non
2748 4093 3090 4149 dubitamus.
3128 4096 3340 4150 Idcirco
3363 4114 3477 4168 pte-

1882 4180 2190 4236 nitentibus
2219 4196 2442 4252 semper
2468 4181 2718 4235 salubria
2734 4183 3036 4252 quaerenda
3054 4189 3188 4238 sunt
3224 4187 3474 4254 consilia,

1881 4275 1939 4324 et
1963 4269 2280 4324 adhibenda
2309 4276 2394 4324 est
2422 4287 2591 4341 quam
2623 4270 3046 4341 diligentissime
3082 4274 3358 4329 medicina
3387 4293 3478 4331 sa-

1815 4355 2036 4416 Dlutis.
2089 4358 2367 4423 Quoniam
2411 4359 2763 4414 adversarius
2817 4366 3115 4432 postquam
3159 4366 3480 4433 cognoverit

1879 4463 2340 4518 unumquemque
2369 4448 2678 4502 secundum
2707 4454 2995 4520 peccatum
3026 4466 3211 4518 suum,
3242 4469 3367 4507 eum
3382 4453 3478 4508 ob-

1879 4542 2064 4592 servat
2081 4540 2139 4590 et
2167 4536 2365 4590 callide
2395 4535 2709 4603 insidiatur,
2743 4542 2807 4592 ut
2836 4538 2906 4592 ad
2937 4539 3105 4592 finem
3135 4555 3312 4609 usque
3331 4540 3478 4595 deci-

1879 4627 2017 4700 piat.
2049 4625 2446 4696 Respondeant
2465 4642 2597 4696 ergo
2628 4626 2722 4696 qui
2749 4626 2995 4682 diversas
3015 4633 3248 4682 naturas
3270 4645 3476 4684 conan-

1877 4723 1973 4772 tur
1991 4714 2363 4781 introducere,
2389 4721 2447 4768 et
2482 4715 2679 4770 dicunt
2703 4715 2904 4770 Judam
2936 4716 3281 4788 proditorem
3311 4719 3473 4774 mala:

1879 4805 2047 4860 fuisse
2077 4807 2313 4868 natura,
2356 4819 2459 4856 nec
2487 4804 2832 4874 apostolatus
2854 4805 3184 4861 electionem
3223 4808 3475 4878 potuisse

1879 4909 2127 4961 servare;
2160 4891 2424 4964 quoniam
2450 4892 2509 4946 in
2531 4909 2596 4946 eo
2621 4909 2732 4948 non
2754 4893 2947 4948 vitium
2970 4899 3134 4961 esset,
3158 4896 3254 4950 sed
3272 4903 3477 4952 natura

1877 4990 1942 5040 ut
1964 4983 2036 5038 ad
2084 4981 2294 5036 bonum
2341 4997 2453 5036 non
2500 4988 2688 5053 posset
2741 4983 3008 5038 converti.
3059 4985 3471 5056 Respondeant,

1888 5081 1929 5141 ι
1955 5080 1994 5140 ι
2009 5077 2133 5137 44
2164 5071 2656 5142 quaeso,quomodo
2677 5071 2823 5126 mala
2843 5080 3048 5128 natura
3070 5075 3320 5144 potuerit
3345 5091 3474 5129 sen-

1877 5161 1986 5218 tire
2011 5161 2230 5231 justum
2262 5158 2548 5213 Christum
2571 5159 2740 5214 fuisse
2768 5160 2794 5213 ?
2834 5161 2934 5215 Vel
2976 5163 3253 5233 quomodo
3298 5162 3478 5233 egerit

1882 5248 2131 5323 quolibet
2160 5253 2320 5319 pacto
2340 5248 2747 5319 paenitentiam,
2769 5255 2834 5305 ut
2852 5267 2962 5306 non
2980 5252 3296 5305 vinceretur
3323 5253 3478 5325 cupi-

1883 5341 2056 5395 ditate
2084 5337 2319 5407 triginta
2348 5343 2744 5408 argenteorum
2761 5339 2902 5404 ?Qui
2926 5341 3057 5394 licet
3076 5357 3188 5394 non
3208 5342 3471 5412 perfecte,

1882 5443 2064 5499 neque
2089 5427 2236 5480 sicut
2262 5426 2456 5481 debuit
2500 5444 2816 5498 conversus,
2844 5435 3038 5484 tamen
3076 5430 3146 5484 de
3176 5436 3326 5485 statu
3354 5448 3478 5503 pes-

1883 5519 2038 5576 simae
2063 5514 2406 5589 cupiditatis,
2439 5518 2588 5590 quod
2615 5518 2807 5593 inique
2836 5519 3143 5578 admiserat
3165 5521 3470 5588 damnavit,
