3918 6166
496 261 590 318 931
1289 255 1344 308 S.
1391 253 1767 310 PASCHASII
1809 248 2170 306 RADBERTI
2210 250 2513 306 ABBATIS
2553 249 3046 308 CORBEIENSIS.
3595 257 3670 316 932

483 392 542 442 et
568 392 855 458 peccatum
883 400 1046 438 suum
1075 383 1270 453 utique
1299 379 1635 450 recognovit.
1677 377 1939 448 Alioquin
1968 375 2075 430 nisi
2094 379 2314 442 Aerat;
2349 377 2443 430 ubi
2471 375 2841 430 mittebantur
2867 375 3016 428 dona
3046 379 3101 428 et
3117 391 3360 442 munera,
3380 395 3466 432 seu
3510 383 3671 452 qualia.

485 476 544 529 in
561 493 626 530 eo
645 475 832 544 aliqua
854 472 1011 526 bona:
1032 470 1393 543 plantationis
1414 474 1618 522 natura
1637 472 1802 530 esset,
1819 467 2082 519 virtutem
2167 481 2386 535 cunque
2414 465 2671 536 deposita
2695 463 2764 518 ad
2792 480 2926 517 usus
2953 464 3168 534 templi,
3190 464 3271 518 vel
3297 466 3362 518 ad
3385 484 3677 542 quascunque

485 563 826 635 poenitentiae
857 579 920 615 ac
967 560 1201 631 justitiae
1229 558 1435 612 sentire
1480 557 1707 611 omnino
1735 573 1848 609 non
1877 560 2085 626 posset,
2167 553 2440 607 utilitates
2469 554 2608 607 alias
2632 569 2729 607 seu
2761 553 3254 608 necessitates.Sed
3277 554 3368 608 Dei
3395 558 3579 626 appulsi
3605 577 3679 614 nu-

485 670 666 724 neque
685 651 988 722 impietatis
1007 667 1120 702 suae
1153 647 1437 702 vesaniam
1483 662 1918 716 recognoscere;
1950 642 2088 697 satis
2170 648 2249 705 tu,
2286 659 2350 695 ex
2393 643 2512 713 ipso
2550 642 2728 713 pretio
2784 643 3151 696 decreverunt
3177 659 3354 697 emere
3389 661 3572 714 agrum,
3597 665 3681 703 non

487 757 732 812 namque
762 739 964 797 fuerat,
997 736 1143 807 quod
1165 735 1334 788 dixit:
1369 737 1586 788 Peccavi
1613 735 1834 786 tradens
1863 733 2090 798 sangui-
2172 733 2638 803 qualemcunque,
2666 732 2763 786 sed
2789 749 2991 799 agrum
3013 735 3194 801 ﬁguli,
3214 732 3523 803 etipsumad
3543 739 3681 805 sepul-

482 834 860 898 nemjustum.
890 827 955 880 Et
985 825 1133 894 quod
1157 824 1399 895 pretium
1433 824 1721 892 rejecerat,
1749 822 1796 875 si
1819 821 2085 890 deinceps
2172 826 2380 885 turam,
2400 837 2511 875 non
2534 837 3016 891 quorumcunquc,
3051 821 3146 874 scd
3174 825 3686 889 peregrinorumSunt

482 935 579 974 cor
627 933 790 971 suum
839 914 904 968 ad
939 912 1326 984 paenitentiam
1387 917 1685 975 servasset,
1720 917 1776 963 et
1804 910 2089 980 sapienter
2170 909 2319 964 enim
2343 911 2534 963 multae
2563 910 2890 964 differentiae
2920 910 3070 964 inter
3094 911 3215 964 loca
3229 911 3562 981 sepultorum,
3585 915 3687 968 mul-

480 1003 1019 1075 ‘tristis,prmvideret
1042 1003 1204 1071 juxta
1217 1002 1570 1071 Apostolum,
1590 1016 1661 1053 ne
1681 1001 2089 1052 abundantiori
2173 1004 2342 1068 taque
2371 999 2662 1053 diversitas
2683 999 3032 1053 meritorum.
3065 999 3337 1062 Quoniam
3361 999 3448 1052 alii
3470 1001 3686 1070 sepeliun-

485 1096 718 1147 tristitia
741 1091 1140 1146 absorberetur
1155 1090 1224 1143 ad
1241 1089 1462 1143 ruinam
1489 1086 1865 1142 damnationis
1881 1089 2088 1141 suae.“
2172 1091 2268 1141 tur
2294 1087 2601 1141 secundum
2630 1093 2760 1141 vota
2781 1087 3173 1148 nobilium,alii
3194 1088 3483 1142 secundum
3501 1090 3684 1144 aestima-

483 1187 574 1237 illi
602 1185 866 1235 dixerunt
893 1199 904 1233 :
931 1183 1072 1247 Quid
1102 1181 1174 1232 ad
1198 1195 1292 1232 nos
1311 1185 1334 1230 ?
1367 1180 1444 1230 Tu
1465 1179 1670 1230 videris
1695 1179 1772 1243 (II
1807 1177 1927 1230 Cor.
1946 1175 2082 1244 11,7).
2169 1175 2380 1229 tionem
2404 1177 2574 1246 vulgi,
2604 1177 2793 1230 nullus
2813 1181 3000 1232 tamen
3026 1177 3082 1230 in
3103 1193 3238 1246 agro
3263 1177 3427 1246 ﬁguli,
3449 1179 3531 1247 qui
3555 1179 3684 1249 pretio

483 1273 528 1326 Ο
559 1271 779 1325 caecitas
825 1270 1166 1332 Judaeorum,
1191 1273 1246 1320 et
1267 1267 1604 1336 perversitas
1627 1265 1829 1318 mentis
1855 1266 1863 1317 !
1908 1265 1997 1318 Sic
2025 1281 2085 1318 se
2169 1264 2460 1332 sanguinis
2491 1265 2698 1319 Christi
2730 1265 2957 1330 emitur,
2996 1266 3105 1319 nisi
3137 1265 3233 1336 qui
3255 1267 3592 1336 consepelitur
3612 1285 3684 1339 per

481 1365 660 1431 agunt
679 1359 836 1430 quasi
861 1358 1184 1410 innocentes
1204 1355 1338 1416 sint,
1365 1355 1459 1424 qui
1500 1354 1680 1424 pretio
1711 1359 1986 1417 emerunt,
2018 1358 2082 1406 ut
2168 1352 2511 1423 baptismum
2543 1354 2749 1408 Christi
2770 1355 2828 1408 in
2853 1361 3060 1421 morte;
3095 1355 3191 1425 qui
3221 1355 3454 1425 profecto
3470 1372 3583 1425 ager
3598 1373 3685 1427 per-

483 1447 842 1502 homicidium
874 1446 1140 1498 facerent.
1173 1444 1217 1496 0
1245 1442 1454 1496 duritia
1502 1442 1684 1495 cordis
1709 1443 1719 1495 !
1771 1441 1866 1511 qui
1909 1441 2076 1494 etiam
2161 1441 2484 1511 egrinorum
2505 1448 2608 1504 est,
2631 1449 2688 1496 et
2709 1460 2902 1497 eorum
2931 1444 3026 1514 qui
3047 1444 3466 1514 peregrinantur
3489 1444 3538 1498 in
3562 1461 3684 1500 mun-

480 1552 772 1607 possessus
806 1534 1057 1587 diemone
1089 1531 1333 1586 ﬂectitur
1375 1531 1446 1584 ad
1477 1529 1862 1600 paenitentiam
1887 1535 2080 1583 reatus
2162 1530 2253 1596 do,
2288 1530 2578 1601 quipotest
2597 1532 2711 1586 Deo
2731 1532 3039 1587 dicerezNe
3053 1536 3236 1598 sileas,
3262 1538 3508 1601 quoniam
3525 1535 3684 1588 advena

479 1625 792 1689 sui,nolunt
812 1637 1206 1692 recognoscere
1237 1620 1384 1690 quod
1415 1620 1560 1673 male
1590 1619 1829 1689 egerint.
1864 1618 1972 1672 Sed
2001 1618 2082 1671 di-
2161 1635 2252 1686 ego
2280 1635 2406 1672 sum
2434 1622 2584 1688 apud
2615 1625 2680 1685 te,
2714 1625 2763 1674 et
2795 1624 3146 1689 peregrinus,
3196 1625 3337 1675 sicut
3364 1637 3528 1693 omnes
3549 1629 3684 1690 patres

481 1718 633 1776 cunt,
660 1713 802 1778 Quid
821 1713 894 1763 ad
915 1727 1010 1763 nos
1033 1716 1055 1762 Ρ
1096 1708 1265 1773 Quasi
1286 1708 1390 1778 ipsi
1411 1707 1548 1761 nihil
1579 1707 1710 1760 mali
1727 1707 2074 1772 admiserint,
2098 1693 2144 1752 Β
2163 1710 2270 1760 mei
2300 1710 2463 1775 (Psal.
2497 1723 2729 1762 xxxvm.
2769 1707 2876 1775 13).
2908 1711 3058 1779 Ager
3085 1726 3219 1780 ergo
3245 1709 3350 1763 iste
3377 1711 3464 1780 qui
3491 1710 3682 1775 emitur,

482 1817 582 1854 nec
604 1805 804 1854 curant
825 1800 894 1852 de
923 1803 1082 1852 reatu
1111 1796 1363 1868 proximi.
1408 1797 1523 1849 Nec
1563 1797 1767 1849 mirum
1793 1795 1887 1866 qui
1917 1796 1987 1849 de
2018 1813 2077 1849 se
2159 1812 2294 1865 ager
2313 1796 2602 1866 sanguinis
2623 1801 2792 1862 est,et
2808 1813 2945 1867 ager
2957 1798 3115 1867 ﬁguli
3141 1817 3152 1865 ;
3193 1797 3324 1868 quia
3343 1798 3528 1868 ﬁgulus
3547 1803 3688 1852 noster

482 1890 620 1943 nihil
657 1889 921 1957 cogitant,
976 1887 1072 1940 sed
1102 1886 1331 1939 dicunt:
1383 1886 1465 1938 Tu
1512 1885 1633 1938 vide
1682 1885 1815 1954 quid
1859 1885 2071 1947 feceris,
2161 1885 2416 1939 Christus
2453 1891 2555 1950 est,
2602 1887 2762 1956 cujus
2809 1888 2988 1939 Virtus
3030 1890 3258 1940 exaruit
3313 1893 3552 1955 tanquam
3593 1892 3686 1939 testa

479 1977 744 2048 quoniam
772 1993 873 2030 nos
897 1977 954 2029 in
986 1975 1242 2029 omnibus
1269 1991 1303 2027 a
1352 1975 1516 2043 culpa
1545 1973 1821 2026 immunes
1859 1990 2074 2028 sumus.
2163 1975 2324 2042 (Psal.
2356 1989 2465 2037 xx1,
2500 1974 2607 2040 16).
2643 1975 2711 2028 Et
2749 1975 2870 2044 ipse
2918 1991 3071 2045 ager,
3112 1976 3502 2040 Acheldemach,
3536 1976 3611 2029 hoc
3635 1980 3687 2028 est

479 2067 832 2136 Quapropter
845 2069 1096 2126 caveant,
1117 2063 1339 2134 quitam
1360 2061 1519 2115 facile
1560 2067 1790 2133 peccant
1816 2062 1872 2115 in
1894 2061 2077 2115 fratri-
2158 2077 2289 2129 ager
2317 2066 2632 2130 sanguinis,
2663 2080 2830 2132 usque
2878 2067 2942 2116 in
2967 2065 3302 2118 hodiernum
3329 2065 3465 2118 diem
3496 2069 3682 2118 vocatur.

477 2156 583 2209 bus
623 2175 634 2221 ;
672 2155 802 2225 quia
835 2154 929 2224 qui
961 2153 1038 2206 sic
1070 2158 1262 2223 peccat
1304 2152 1361 2204 in
1389 2151 1653 2221 aliquem,
1682 2155 1746 2204 ut
1773 2151 2074 2204 emendare
2163 2150 2405 2205 Vocatur
2422 2156 2613 2206 autem
2633 2153 2782 2219 jure,
2817 2153 2904 2205 hic
2941 2152 3208 2217 mundus,
3233 2153 3319 2206 vel
3340 2153 3556 2207 Ecclesia
3571 2151 3685 2207 Chri-

476 2261 590 2298 non
615 2243 810 2314 possit,
841 2241 1155 2295 timendum
1173 2240 1331 2294 valde
1361 2246 1446 2293 est
1475 2240 1623 2310 quod
1648 2239 1912 2310 peccavit.
1946 2241 2071 2293 Non
2156 2241 2246 2304 sti,
2271 2258 2370 2295 seu
2391 2243 2683 2312 paradisus
2704 2243 2825 2308 Dei,
2844 2243 2985 2310 Ager
2999 2246 3316 2309 sanguinis,
3342 2243 3465 2314 quia
3477 2243 3686 2313 sanguine

479 2332 629 2385 enim
669 2333 788 2401 jam
824 2331 880 2384 in
930 2335 1204 2401 potestate
1234 2331 1260 2382 J
1269 2329 1390 2382 udae
1440 2334 1579 2393 erat,
1607 2335 1670 2381 ut
1696 2328 2076 2382 absolveretur
2157 2329 2365 2384 Christi
2383 2337 2605 2400 emptus
2627 2335 2713 2384 est
2732 2331 2909 2395 nobis,
2931 2329 3027 2384 ubi
3063 2331 3415 2401 requiescant
3432 2331 3598 2394 sancti,
3620 2331 3686 2402 qui

479 2437 647 2490 quem
677 2419 1069 2485 tradiderat,et
1084 2419 1206 2472 ideo
1227 2418 1437 2471 frustra
1452 2433 1637 2469 vocem
1652 2417 1973 2488 paenitentis
1991 2433 2076 2470 as-
2156 2418 2588 2488 peregrinantur
2615 2419 2673 2472 in
2696 2420 2881 2485 terris,
2905 2435 3145 2490 quorum
3177 2437 3280 2475 vox
3295 2427 3403 2474 est:
3434 2422 3534 2475 Heu
3566 2421 3684 2484 mihi,

476 2508 1145 2578 sumit,quiapermanent
1159 2505 1978 2576 operaimpietatis.Hocigitur
1992 2511 2079 2560 est
2157 2511 2290 2576 quia
2320 2510 2591 2561 incolatus
2621 2525 2772 2562 meus
2810 2511 3177 2578 prolongatus
3207 2515 3316 2563 est!
3359 2511 3686 2563 habitavieum

480 2596 627 2667 quod
651 2596 932 2649 inPsahno
954 2595 1268 2658 canitur,de
1290 2594 1484 2647 eodem
1505 2593 1887 2647 infelicissimo
1905 2594 1933 2647 J
1940 2594 2066 2647 uda:
2156 2596 2536 2649 habitantibus
2566 2597 2756 2661 Cedar,
2791 2597 3034 2650 multum
3067 2600 3258 2651 incola
3285 2600 3395 2666 fuit
3413 2601 3582 2652 anima
3599 2612 3687 2649 mea

476 2687 542 2741 Et
571 2689 748 2738 oratio
777 2689 891 2753 ejus
921 2687 1016 2751 ﬁat
1043 2686 1106 2736 in
1153 2687 1434 2751 peccatum
1479 2685 1643 2754 (Psal.
1675 2697 1824 2748 cvm,
1873 2683 1946 2752 7),
1977 2683 2072 2752 qui
2157 2685 2328 2743 (Psal.
2367 2699 2506 2751 cxix,
2540 2685 2621 2754 5).
2652 2685 2814 2738 Tales
2841 2701 3086 2755 namque
3114 2686 3552 2758 consepeliuntur
3573 2684 3689 2739 Chri-

474 2791 587 2830 non
608 2774 789 2828 solum
815 2790 929 2828 non
960 2771 1342 2826 emendaverit
1358 2772 1570 2824 crimen
1592 2771 1740 2841 quod
1769 2771 2066 2837 commisit,
2153 2777 2260 2838 sto,
2288 2778 2345 2826 et
2364 2772 2490 2826 ideo
2517 2790 2582 2826 ex
2611 2773 2789 2844 pretio
2819 2775 3108 2844 sanguinis
3136 2776 3264 2845 ejus
3295 2775 3492 2829 emitur
3515 2772 3688 2845 agerad

475 2880 667 2918 verum
689 2863 859 2916 etiam
881 2862 1059 2915 scelus
1083 2877 1196 2914 sua:
1227 2860 1422 2912 mortis
1449 2860 1501 2912 in
1531 2865 1817 2930 peccatum
1851 2859 1954 2912 sibi
1974 2859 2071 2912 ad-
2153 2861 2498 2932 sepulturam
2531 2879 2745 2926 eorum,
2779 2868 3050 2933 tanquam
3098 2865 3548 2934 permanendum,
3573 2869 3618 2916 et
3638 2861 3690 2914 ad

474 2952 636 3006 didit.
669 2951 842 3004 Habet
867 2950 1016 3003 enim
1072 2948 1128 3001 in
1165 2949 1407 3012 Psalmo,
1442 2947 1537 3017 qui
1563 2949 1631 3000 de
1661 2964 1726 3000 eo
1752 2947 1988 3012 canitur,
2023 2948 2069 3001 si
2153 2951 2613 3020 requiescendum
2670 2952 2728 3005 in
2777 2952 3209 3022 sempiternum,
3271 2954 3367 3025 qui
3419 2970 3530 3009 cum
3579 2949 3690 3005 ﬁdeli

473 3040 615 3094 bene
635 3038 999 3110 perspexeris,
1032 3052 1133 3107 pro
1161 3036 1395 3105 triginta
1421 3036 1721 3105 argenteis,
1746 3052 1885 3106 quos
1915 3053 2070 3090 acce-
2088 3046 2131 3106 ο
2152 3039 2620 3109 Abraham,juxta
2639 3040 2936 3108 imperium
2957 3041 3139 3107 Dei,in
3158 3043 3266 3096 hoc
3282 3043 3473 3098 saeculo
3503 3048 3534 3106 Ι
3556 3044 3692 3105 I46

472 3129 576 3199 pit,
605 3127 857 3196 triginta.
918 3142 983 3178 ex
1030 3124 1255 3178 oraculo
1282 3124 1487 3187 divino,
1522 3124 1938 3178 maledictiones
1970 3125 2074 3178 sibi
2157 3127 2606 3197 peregrinantur.
2640 3128 2749 3182 Sed
2781 3129 2913 3199 quia
2958 3130 3062 3183 hoc
3099 3131 3481 3186 testimonium
3499 3131 3549 3183 in
3574 3129 3692 3182 lere-

474 3216 608 3270 olim
637 3215 839 3280 illatas,
874 3219 931 3267 et
961 3213 1120 3283 quasi
1158 3211 1509 3265 hereditario
1547 3213 1674 3281 jure
1696 3212 1752 3266 in
1781 3213 1960 3284 pretio
1992 3231 2076 3267 re-
2159 3216 2272 3269 mia
2301 3232 2413 3269 non
2451 3215 2752 3282 invenitur,
2785 3217 2978 3271 dicunt
3009 3219 3158 3289 quod
3192 3236 3257 3273 ex
3286 3219 3534 3274 Zacharia
3554 3215 3692 3284 magis

473 3308 722 3358 servatas
750 3321 761 3356 :
814 3318 925 3356 non
944 3301 1069 3354 ideo
1097 3300 1242 3370 quod
1265 3307 1538 3370 peccaret,
1563 3301 1658 3354 sed
1682 3301 1814 3371 quia
1833 3301 1998 3356 toties
2036 3319 2068 3356 a
2156 3304 2230 3357 sit
2249 3311 2620 3375 assumptum,
2651 3304 2746 3358 ubi
2767 3306 2928 3375 longe
2949 3306 3074 3360 aliis
3091 3308 3366 3376 verbis,ac
3393 3314 3501 3362 toto
3527 3306 3692 3360 discre-

472 3392 711 3448 Domino
735 3396 1024 3461 correptus
1047 3395 1110 3444 ut
1127 3389 1460 3443 emundaret
1508 3390 1688 3460 seipse
1716 3408 1726 3442 :
1762 3392 1957 3444 Noluit
1980 3394 2069 3446 in-
2151 3399 2318 3464 pante
2341 3394 2536 3448 ordine
2557 3395 3019 3466 qualitercunque
3042 3397 3578 3467 reperitur.Primum
3593 3408 3692 3447 vero

473 3484 714 3550 telligere
741 3485 788 3533 et
819 3483 944 3533 bene
964 3485 1148 3546 ageret
1174 3481 1338 3545 (Psat.
1373 3495 1539 3544 xxxv,
1573 3477 1943 3550 4),quatenus
1973 3480 2068 3534 ha-
2144 3482 2304 3552 juxta
2335 3483 2724 3553 Septuaginta,
2753 3483 2811 3537 in
2843 3500 2908 3538 eo
2929 3483 3008 3538 ita
3027 3483 3293 3547 habetur,
3331 3488 3511 3540 Dicam
3531 3483 3594 3536 ad
3612 3495 3689 3545 eos,

473 3569 632 3624 beret
680 3568 995 3623 mercedem
1051 3567 1136 3621 sui
1161 3567 1348 3638 pretii,
1379 3567 1448 3620 ad
1475 3568 1890 3638 corruptionem
1945 3585 2066 3622 om-
2148 3573 2198 3623 si
2227 3572 2430 3624 bonum
2461 3578 2534 3625 est
2575 3588 2760 3626 coram
2788 3574 2953 3636 vobis,
2985 3575 3108 3626 date
3141 3576 3437 3628 mercedem
3466 3573 3592 3626 mihi
3618 3573 3692 3621 aut

471 3657 980 3721 niumtuturorum,
1008 3661 1065 3708 et
1080 3672 1272 3709 omnes
1285 3655 1636 3724 scirentquia
1657 3655 1919 3709 universa
1937 3662 2069 3710 sunt
2149 3663 2384 3714 renuite.
2405 3661 2474 3714 Et
2493 3661 2715 3715 iterum:
2742 3663 2809 3716 Et
2835 3664 3222 3731 appenderunt
3250 3663 3534 3717 mercedem
3552 3673 3691 3714 ansam

468 3745 528 3800 in
575 3744 926 3816 praescientia
965 3743 1086 3810 Dei,
1126 3748 1183 3796 et
1219 3743 1622 3808 formidarent;
1674 3743 1806 3813 quia
1843 3745 2066 3797 Judicia
2152 3750 2388 3816 triginta
2417 3755 2718 3824 argenteos.
2748 3752 3004 3819 Dixitque
3022 3752 3296 3806 Dominus
3323 3753 3395 3806 ad
3417 3767 3538 3804 me:
3583 3750 3690 3802 Pone

469 3837 568 3890 Dei
595 3837 822 3902 abyssus
853 3837 1052 3900 multa,
1077 3838 1125 3887 et
1151 3834 1616 3900 ininvestigabiles
1633 3835 1733 3886 viae
1751 3836 1866 3900 ejus
1879 3834 2063 3899 (lbid.,
2149 3840 2274 3891 illos
2296 3841 2357 3891 in
2383 3842 2775 3907 con/latorio,et
2812 3841 3094 3892 considera
3109 3843 3158 3892 si
3181 3842 3474 3909 probatum
3492 3841 3558 3890 sit
3580 3836 3690 3889 sicut

469 3929 535 3991 7;
571 3925 724 3980 Rom.
751 3938 823 3990 x1,
856 3921 963 3987 33).
2146 3927 2541 3995 probatussum
2556 3929 2626 3980 ab
2649 3930 2741 3980 eis.
2761 3927 2828 3981 Et
2851 3929 2960 3981 tuli
2979 3931 3218 3996 triginta
3246 3922 3690 3996 argenteos,etmisi

540 4015 822 4080 Principes
845 4017 1030 4066 autem
1059 4013 1421 4076 sacerdotum.
1453 4013 1682 4079 acceptis
1709 4017 1746 4076 1
1773 4015 1953 4076 I45
1966 4025 2064 4062 ar-
2147 4031 2230 4070 eos
2251 4019 2312 4069 in
2329 4016 2742 4081 domoDomini,
2776 4019 2840 4070 in
2860 4016 3573 4085 con/latoriotZach.xt,12,
3601 4009 3688 4078 13).

467 4105 692 4170 genteis,
721 4103 1014 4154 diae-runt:
1043 4102 1167 4154 Non
1189 4103 1310 4155 licet
1332 4103 1548 4154 mittere
1563 4117 1648 4153 eos
1665 4102 1727 4153 in
1749 4102 2060 4158 corbonam,
2148 4105 2431 4168 Quantum
2455 4121 2588 4174 ergo
2617 4105 2788 4158 distet
2814 4105 2930 4159 haec
2958 4105 3256 4160 translatio
3286 4106 3356 4160 ab
3384 4101 3688 4174 evangelista

468 4192 603 4258 quia
627 4192 868 4256 preti-um
888 4191 1181 4256 sanguinis
1209 4193 1302 4242 est.
1333 4190 1378 4242 Ο
1409 4189 1547 4242 falsa
1562 4189 1760 4258 religio
1777 4194 1833 4241 et
1845 4187 2066 4258 justitia
2147 4194 2487 4258 testimonio,
2519 4193 2733 4247 cunctis
2765 4193 3078 4264 legentibus
3108 4195 3460 4266 perspicuum
3489 4197 3579 4247 est.
3607 4187 3688 4244 Sed

468 4292 613 4331 caeca
637 4277 648 4328 ε
683 4276 741 4329 Si
770 4277 873 4329 hoc
899 4293 1009 4330 non
1040 4277 1170 4330 licet
1197 4281 1332 4344 quia
1355 4281 1601 4344 pretium
1649 4281 1945 4344 sanguinis
1966 4283 2058 4343 est,
2147 4288 2204 4336 et
2231 4282 2289 4336 in
2321 4282 2572 4348 Hebraeo,
2601 4283 2762 4351 juxta
2787 4282 3216 4354 Hieronymum,
3265 4283 3507 4355 quamvis
3531 4294 3690 4335 sensus

467 4381 568 4419 cur
587 4365 706 4435 ipse
726 4365 1229 4433 sanguisinnocens
1250 4371 1364 4417 tam
1381 4365 1551 4434 impie
1573 4367 1916 4420 effunditur?
1946 4369 2063 4422 Hoc
2079 4361 2128 4420 D
2145 4371 2292 4425 idem
2323 4371 2415 4436 sit,
2446 4370 2610 4424 verba
2641 4388 2770 4425 vero
2799 4371 2960 4425 valde
2976 4378 3319 4443 praepostera
3337 4378 3481 4434 sunt,
3507 4377 3557 4426 et
3579 4381 3689 4440 pene

469 4453 675 4525 quippe
702 4457 788 4507 est
804 4453 950 4524 quod
972 4452 1357 4522 diciturlonge
1377 4460 1528 4506 retro
1553 4471 1564 4505 :
1587 4454 1820 4508 Calicem
1843 4459 2060 4524 liquan-
2143 4459 2385 4514 diversa.
2421 4458 2604 4512 Habet
2632 4459 2781 4513 enim
2804 4459 2912 4514 ita:
2949 4462 3012 4514 Et
3042 4463 3164 4514 dimi
3193 4463 3266 4515 ad
3290 4478 3404 4516 eos:
3440 4461 3500 4517 Si
3523 4461 3687 4512 bonum

470 4551 561 4609 tes,
604 4549 652 4597 et
702 4545 973 4597 cametum
1003 4544 1316 4608 glutientes.
1359 4541 1596 4612 Propter
1621 4543 1787 4612 quod,
1821 4544 2059 4600 Consilio
2141 4553 2214 4603 est
2269 4552 2332 4602 in
2359 4549 2534 4605 oculis
2563 4551 2772 4612 vestris,
2816 4551 3006 4616 afferte
3053 4552 3352 4605 mercedem
3381 4565 3563 4611 meam,
3589 4549 3628 4599 et
3650 4544 3688 4596 si

465 4637 626 4699 inito,
675 4636 928 4685 emerunt
955 4647 1019 4684 ea:
1047 4632 1162 4684 illis
1187 4647 1390 4697 agrum
1418 4633 1580 4698 ﬁguli
1608 4634 1672 4686 in
1712 4635 2056 4700 sepulturam
2141 4655 2272 4704 non,
2307 4640 2578 4707 quiescite.
2611 4639 2678 4690 Et
2706 4640 3086 4706 appenderunt
3114 4641 3407 4694 mercedem
3425 4651 3584 4691 meam
3609 4633 3690 4686 tri-

461 4725 910 4792 peregrinorum.
963 4719 1091 4773 Haec
1117 4719 1324 4786 omnia,
1359 4725 1422 4773 ut
1449 4720 1649 4781 cernis.
1684 4737 1796 4775 non
1828 4722 2077 4778 fortuito.
2139 4730 2298 4795 ginta
2327 4731 2695 4795 argenteps,et
2724 4727 2872 4780 dixit
2902 4727 3169 4781 Dominus
3189 4729 3263 4781 ad
3290 4743 3399 4780 me:
3436 4720 3687 4791 Projiceil-

465 4826 598 4865 casu
624 4809 785 4873 ﬁunt,
812 4824 994 4879 neque
1017 4825 1080 4862 ex
1106 4808 1292 4878 aliquo
1309 4815 1509 4864 eventu
1527 4827 1734 4875 rerum,
1758 4817 1821 4864 ut
1842 4812 2053 4877 volunt,
2142 4793 2240 4869 lud
2266 4816 2340 4868 ad
2369 4793 2712 4868 statua‘rium
2737 4815 2994 4869 decorum
3021 4819 3284 4884 pretium,
3301 4815 3441 4884 quod
3457 4809 3687 4880 appretia-

464 4899 563 4954 sed
589 4898 848 4952 universa
874 4912 940 4951 ex
970 4897 1333 4968 dispositione
1364 4899 1463 4953 Dei
1495 4899 1617 4962 vivi,
1645 4906 1709 4954 ut
1731 4902 2055 4972 complean-
2143 4907 2228 4956 tus
2257 4918 2381 4956 sum
2409 4903 2477 4956 ab
2507 4905 2601 4956 eis.
2628 4903 2694 4956 Et
2723 4905 2832 4956 tuli
2861 4905 3100 4971 triginta
3131 4908 3429 4971 argenteos,
3453 4905 3498 4954 et
3517 4896 3686 4968 projcei

461 4994 559 5042 tur
587 5004 708 5058 qua:
739 4986 1003 5057 praedicta
1029 4993 1179 5050 sunt,
1203 4987 1336 5042 licet
1363 4994 1637 5059 quantum
1664 5007 1729 5044 ex
1749 4990 1885 5060 ipsis
1915 4997 2053 5058 erat,
2141 5008 2223 5045 eos
2253 4992 2326 5044 ad
2349 4994 2691 5044 statuarium
2709 4994 2772 5045 in
2797 4993 2954 5044 domo
2976 4992 3218 5046 Domini.
3240 4993 3369 5046 Haec
3395 4989 3580 5043 idcirco
3603 4999 3682 5055 po-

461 5077 544 5132 illi
571 5076 722 5131 aliud
743 5075 1116 5129 intenderent.
1142 5076 1419 5131 Videbant
1443 5078 1592 5131 enim
1614 5079 1883 5140 fortassis,
1910 5081 2057 5150 quod
2139 5079 2245 5144 sui,
2279 5085 2343 5135 ut
2391 5081 2740 5151 perpendant
2769 5097 2963 5134 omnes
2992 5080 3374 5135 difﬁcultatem
3401 5078 3555 5148 hujus
3578 5070 3679 5133 loci,

463 5167 610 5222 circa
640 5171 890 5220 mortuos
931 5164 1107 5233 magis
1136 5166 1253 5219 hinc
1284 5167 1520 5236 pecunia
1538 5167 1826 5238 sanguinis
1857 5185 2059 5224 conve-
2141 5170 2405 5239 quoniam
2436 5185 2500 5222 ex
2533 5169 2637 5223 hoc
2656 5169 2816 5222 multi
2845 5171 3031 5224 conati
3061 5177 3193 5225 sunt
3221 5166 3593 5238 evangelistam
3611 5175 3680 5212 ar-

463 5255 670 5319 niebat,
706 5261 762 5309 et
781 5255 926 5308 circa
946 5254 1263 5323 sepulturas
1282 5255 1867 5328 defunctorum,quam
1903 5263 1966 5312 ut
1997 5260 2053 5313 in
2135 5276 2325 5330 guere,
2357 5263 2414 5313 et
2433 5259 2694 5314 falsitatis
2709 5264 3042 5314 assertorem
3075 5259 3326 5331 probare,
3361 5273 3422 5310 eo
3448 5252 3580 5325 quod
3597 5263 3680 5302 nec

461 5344 761 5400 corbonam
792 5344 1127 5406 mitteretur,
1153 5350 1251 5396 aut
1277 5345 1333 5397 in
1365 5346 1476 5398 ulla
1509 5362 1701 5399 eorum
1725 5348 2054 5402 necessitate
2136 5364 2263 5401 cum
2309 5347 2560 5413 Hebraeo,
2596 5365 2699 5402 nec
2751 5365 2879 5403 cum
2930 5350 3074 5404 LXX
3120 5345 3533 5403 translatoribus
3576 5352 3679 5391 con-

460 5435 715 5489 honesta.
741 5435 1041 5488 Carbonam
1065 5449 1286 5503 quoque
1317 5433 1604 5499 Hebraice,
1639 5436 1832 5490 Latine
1863 5444 2052 5492 autem
2132 5453 2337 5508 gruere
2365 5436 2620 5491 videatur
2663 5437 2733 5491 Et
2755 5438 2903 5508 quod
2932 5438 3020 5492 his
3054 5439 3233 5508 majus
3253 5435 3541 5501 est,dicunt
3554 5423 3676 5498 quod

462 5526 676 5585 donum
705 5523 1129 5598 interpretatur,
1149 5521 1429 5597 quilocus,
1456 5524 1680 5580 velarca
1692 5526 2051 5586 denariorum
2134 5531 2284 5583 erret
2307 5525 2479 5583 etiam
2507 5526 2565 5582 in
2616 5527 2860 5598 nomine,
2892 5534 2957 5584 ut
2997 5545 3098 5605 pro
3126 5525 3386 5586 Zacharia
3412 5516 3673 5580 Ieremiam
