3918 6166
203 223 306 282 933
337 199 341 206 ’

900 227 1277 285 EXPOSITIO
1320 229 1396 285 IN
1439 229 1888 286 MATTHIEUM.
1927 261 1988 272 -—-
2017 231 2152 285 LIB.
2195 231 2317 297 XII,
2363 232 2520 287 CAP.
2566 234 2787 292 XXVII.

3363 245 3467 303 934

201 351 332 406 falso
357 351 634 423 posuerit;
675 353 822 423 quod
862 371 964 409 nec
1009 354 1186 409 nostri
1231 371 1480 426 unquam
1526 355 1784 409 catholici
1802 356 1970 426 Aper
1996 356 2102 409 hoc
2123 356 2270 410 inter
2289 358 2884 432 prophetas,interque
2905 362 3055 433 ipsos
3073 370 3463 438 evangelistas,

201 445 522 496 tractatores
551 442 852 497 immutare
881 443 1194 510 voluerunt,
1228 461 1332 498 nec
1367 446 1684 509 emendare,
1726 451 1790 499 ut

199 530 417 602 quidam
474 531 760 587 temerarii
800 538 857 586 et
911 540 1346 604 prasumptores
1394 539 1784 599 tentaverunt;

197 619 334 674 sicut
353 626 412 675 et
430 620 488 675 in
507 621 631 676 aliis
659 622 1090 693 quamplurimis
1133 623 1269 677 locis
1289 624 1484 678 fecisse
1508 624 1790 694 cognosci-

195 725 331 763 mus.
362 709 471 763 Sed
519 709 669 764 absit
694 727 727 764 a
771 710 1044 774 ﬁdelibus,
1071 711 1140 765 de
1195 712 1402 766 Christi
1446 711 1791 782 evangelista

194 797 336 852 aliud
385 799 666 853 astimare
710 799 934 866 dixisse,
969 816 1138 871 quam
1170 801 1319 872 quod
1370 800 1428 854 in
1458 800 1659 871 spiritu
1689 800 1789 855 Dei

192 885 426 957 legebat.
451 892 510 941 et
537 887 760 942 dicebat
785 889 1040 944 Ecclesia
1069 890 1277 944 Christi
1308 889 1468 955 ﬁliis;
1503 890 1591 944 cui
1637 907 1786 944 cura

192 981 316 1029 sunt
332 992 450 1030 non
478 976 665 1043 verba,
681 993 794 1032 non
814 977 1057 1049 syllabas
1077 978 1338 1033 ordinare
1353 978 1782 1043 sententiarum,

191 1080 295 1118 non
324 1064 702 1136 interpretum
725 1067 857 1136 jura
887 1083 1129 1133 servare,
1161 1068 1258 1121 sed
1287 1067 1437 1139 ipsas
1475 1067 1784 1121 sententias

190 1153 452 1217 veritatis,
477 1154 536 1207 in
567 1154 812 1225 Spiritus
843 1155 1023 1208 sancti
1078 1155 1359 1226 dogmate,
1394 1161 1458 1210 ut
1487 1156 1620 1210 olim
1651 1172 1782 1226 pro-

188 1241 453 1296 nuntiata
477 1249 630 1309 sunt,
657 1259 883 1314 ponere.
907 1244 1240 1315 Quanquam
1282 1244 1479 1299 beatus
1510 1245 1783 1315 Hierony-

187 1347 302 1385 mus
321 1331 476 1386 dicat
496 1349 558 1386 se
586 1333 786 1403 legisse
811 1333 870 1387 in
898 1333 1141 1404 quodam
1172 1333 1444 1388 Hebraico
1477 1333 1778 1396 volumine,

187 1419 325 1490 quod
349 1421 773 1475 Nazarenorum
804 1427 967 1475 secta
1013 1421 1181 1475 homo
1211 1421 1261 1475 ei
1291 1421 1589 1487 obtulerat,
1624 1425 1781 1477 Jere-

185 1507 300 1562 mia
329 1509 673 1580 apocrypho,
703 1514 760 1563 et
783 1509 842 1562 in
868 1526 933 1563 eo
963 1509 1079 1564 hac
1103 1509 1172 1563 ad
1203 1509 1432 1564 verbum
1462 1511 1669 1581 scripta
1690 1528 1780 1566 re-

183 1597 319 1668 perit
343 1598 606 1652 Ieremia
655 1599 880 1653 nomine
909 1599 1183 1654 dedicata.
1223 1600 1331 1654 Sed
1373 1605 1561 1654 tamen
1601 1603 1780 1671 magis

1868 449 2083 499 tantam
2114 446 2466 500 concordiam
2491 464 2612 501 esse
2636 449 3070 513 demonstraret,
3103 461 3167 508 ut
3196 457 3466 528 quidquid

1869 534 2036 588 unius
2064 550 2256 588 eorum
2284 551 2404 588 esse
2431 536 2655 594 dicitur.
2676 555 2788 592 non
2819 539 3058 596 absurde
3084 544 3314 599 alterius
3346 564 3467 603 esse

1872 622 2148 692 videatur;
2177 639 2240 676 ac
2270 641 2370 693 per
2389 625 2491 677 hoc
2509 626 2656 695 quod
2679 644 2776 696 per
2793 629 3117 685 Zachariam
3135 633 3344 689 dictum
3375 637 3470 691 ad-

1873 711 2100 765 modum
2120 711 2388 767 videmus.
2408 729 2518 766 non
2546 714 3018 780 inconvenienter.
3041 721 3256 790 Spiritu
3273 731 3466 780 sancto

1871 806 2176 863 annuente,
2209 801 2461 854 Jeremia
2493 818 2614 856 esse
2661 804 2946 874 probatur.
2981 809 3134 863 Solet
3164 812 3371 884 quippe
3409 821 3466 870 et

1882 897 1918 954 ι
1944 895 2121 955 I43
2146 890 2215 943 de
2238 889 2590 944 amicissimis
2615 891 2693 945 ita
2723 893 2828 946 dici
2861 896 3196 957 hominibus.
3224 918 3466 971 quorum

1868 994 2014 1032 unus
2043 984 2128 1032 est
2154 995 2456 1033 consensus
2480 997 2703 1051 unaque
2725 983 2999 1051 voluntas,
3024 987 3070 1040 si
3093 1005 3238 1043 unus
3267 1007 3464 1048 eorum

1866 1067 2078 1137 aliquid
2108 1067 2311 1121 dixerit
2332 1069 2480 1138 quod
2502 1070 2664 1123 alteri
2691 1072 3028 1136 ascribatur;
3053 1093 3123 1130 ne
3149 1095 3308 1133 cures
3339 1082 3464 1151 quis

1864 1172 2057 1209 eorum
2080 1156 2300 1220 dixerit,
2320 1158 2586 1227 quoniam
2608 1165 2725 1213 tam
2749 1164 3098 1219 concorditer
3115 1166 3324 1222 dictum
3354 1175 3460 1236 est,

1864 1250 1928 1298 ut
1949 1245 2061 1298 tale
2109 1245 2182 1298 sit
2207 1245 2255 1298 si
2286 1245 2392 1300 iste
2438 1247 2542 1300 hoc
2570 1248 2788 1314 dixerit,
2821 1253 2985 1321 quale
3016 1260 3071 1307 et
3099 1256 3146 1308 si
3185 1256 3300 1326 ille,
3332 1260 3462 1330 quia

1865 1349 2057 1387 eorum
2090 1350 2235 1387 unus
2263 1340 2349 1388 est
2376 1335 2863 1409 spiritus,unaque
2887 1342 3122 1396 societas
3148 1350 3204 1397 et
3223 1345 3462 1402 intentio

1865 1422 2087 1476 mentis.
2115 1423 2466 1494 Quapropter
2489 1425 2739 1479 omnium
2779 1429 3179 1499 prophetarum
3209 1439 3266 1486 et
3292 1452 3461 1490 evan-

1860 1511 2188 1580 gelistarum
2221 1513 2402 1582 major
2427 1519 2512 1566 est
2528 1513 2675 1568 inter
2694 1532 2886 1570 omnes
2912 1521 3228 1574 constantia
3257 1525 3463 1579 mentis

1863 1604 1920 1652 et
1949 1599 2294 1653 unanimitas
2321 1601 2591 1666 veritatis,
2627 1619 2795 1672 quam
2834 1604 2880 1658 si
2929 1607 3118 1660 omnia
3162 1609 3279 1673 illa,
3313 1627 3460 1667 unus

183 1686 354 1740 visum
386 1693 474 1741 est
501 1687 552 1740 ei
581 1687 651 1741 de
687 1687 954 1741 Zacharia
978 1693 1265 1759 sumptum
1297 1689 1400 1742 hoc
1427 1689 1779 1759 evangelista
1797 1711 1840 1768 Β
1863 1688 2114 1758 quamvis
2135 1688 2828 1761 doctissimnsloqueretur
2852 1693 3038 1750 homo.
3065 1697 3132 1750 Et
3149 1697 3274 1752 ideo
3294 1715 3460 1756 nemo

182 1776 584 1841 testimonium,
604 1783 662 1830 et
685 1777 1064 1848 apostolorum
1092 1794 1265 1843 more,
1284 1778 1386 1832 hoc
1413 1778 1492 1832 sic
1510 1779 1775 1849 positum,

181 1863 266 1933 qui
296 1863 595 1918 verborum
624 1865 819 1919 ordine
849 1865 1243 1936 praetermisso,
1277 1882 1474 1920 sensus
1497 1872 1686 1920 tamen
1709 1867 1778 1920 de

182 1951 362 2005 Veteri
382 1952 744 2008 'lbstamento
781 1961 812 2017 Ι
845 1958 1015 2018 I47
1049 1970 1215 2023 quam
1243 1970 1389 2024 sape
1421 1953 1780 2024 protulerunt

181 2039 230 2092 in
250 2040 596 2110 exemplum.
629 2041 698 2094 Et
723 2040 844 2094 ideo
875 2041 978 2094 hoc
1008 2041 1128 2094 loco
1159 2041 1290 2095 talis
1320 2041 1596 2112 expositio
1622 2059 1656 2095 a
1682 2058 1778 2096 no-

181 2127 256 2182 bis
278 2129 589 2198 quarenda
633 2135 738 2194 est,
772 2135 835 2183 ut
881 2129 1232 2199 evangelista
1262 2136 1488 2184 maneat
1517 2131 1773 2198 ﬁrmitas,

179 2222 229 2271 et
247 2235 348 2273 nos
371 2219 530 2273 nulla
550 2218 818 2290 subrepat
836 2219 1170 2273 emendandi
1203 2221 1512 2284 temeritas;
1546 2221 1644 2274 sed
1664 2237 1779 2276 una

177 2323 292 2361 cum
315 2309 533 2362 sanctis
554 2307 814 2362 Patribus
839 2307 1022 2379 potius
1071 2308 1407 2378 suspicando
1449 2309 1519 2364 de
1547 2310 1653 2364 hoc
1681 2310 1779 2363 ali-

177 2395 300 2468 quid
329 2396 609 2463 dicamus,
639 2413 807 2468 quam
839 2397 1222 2451 conﬁrmando
1246 2398 1394 2468 quod
1414 2404 1631 2452 certum
1662 2415 1776 2454 non

177 2483 464 2539 habemus.
501 2484 606 2540 Ubi
655 2485 899 2556 primum
929 2485 1188 2548 occurrit,
1222 2486 1368 2556 quod
1422 2503 1534 2541 non
1582 2503 1776 2542 omnes

174 2576 387 2632 codices
426 2576 855 2647 Evangeliorum
885 2575 1112 2642 habent,
1147 2577 1294 2647 quod
1337 2595 1436 2648 per
1464 2577 1774 2634 Jeremiam

176 2664 272 2718 hoc
291 2665 514 2718 dictum
555 2665 646 2731 sit,
679 2666 776 2719 sed
822 2666 1213 2720 tantummodo
1271 2683 1371 2736 per
1419 2669 1772 2738 prOphetam.

177 2752 280 2809 Nec
298 2762 499 2811 tamen
517 2757 644 2811 ideo
674 2773 802 2811 mox
822 2763 1076 2812 astruere
1095 2764 1316 2828 oportet
1341 2760 1489 2829 quod
1513 2760 1599 2813 his
1628 2761 1775 2814 codi-

179 2842 320 2898 cibus
345 2845 532 2915 magis
560 2846 786 2899 credere
805 2845 1126 2913 debeamus,
1143 2851 1204 2900 ut
1226 2847 1480 2901 dicamus
1496 2865 1590 2902 eos
1621 2865 1774 2903 men-

177 2930 325 2986 daces
360 2933 458 3003 qui
505 2934 804 2988 Jeremiam
835 2933 1073 3001 habent;
1107 2951 1172 2988 eo
1223 2936 1372 3005 quod
1419 2936 1514 2990 ubi
1567 2936 1774 2992 dicitur

175 3037 265 3092 per
290 3022 632 3093 prophetam
662 3023 868 3078 rectius
916 3023 1210 3078 Zacharias
1239 3023 1608 3095 intelligatur,
1640 3027 1773 3097 quia

171 3111 278 3179 jam
305 3111 447 3166 olim
477 3128 512 3164 a
542 3111 752 3165 sanctis
784 3111 1048 3166 Patribus
1078 3117 1381 3167 tractatum
1419 3120 1521 3180 est,
1554 3121 1620 3169 ut
1669 3116 1773 3170 hoc

175 3199 345 3269 magis
368 3198 553 3253 audax
576 3199 856 3269 imperitia
875 3199 1070 3254 fecerit
1087 3216 1255 3271 quam
1278 3201 1515 3271 probata
1542 3204 1765 3270 veritas,

174 3303 288 3342 cum
336 3287 671 3342 turbaretur
697 3288 900 3360 aliquis
930 3289 1255 3359 quastione,
1289 3291 1438 3361 quod
1481 3291 1586 3345 hoc
1615 3295 1772 3348 testi-

174 3377 419 3431 monium
449 3377 600 3447 apud
647 3377 947 3432 Jeremiam
993 3394 1106 3432 non
1151 3379 1446 3445 inveniret,
1481 3380 1537 3434 id
1593 3383 1771 3452 magis

175 3465 402 3535 elegerit
428 3471 644 3520 temere
680 3467 1001 3535 emendare,
1043 3483 1212 3538 quam
1241 3468 1536 3539 imperitus
1572 3470 1766 3525 videri.

174 3553 322 3618 Quod
342 3555 492 3609 forte
518 3554 704 3609 altiori
736 3561 1085 3610 sacramento
1114 3556 1325 3611 factum
1356 3563 1443 3612 est
1473 3575 1539 3612 ex
1581 3560 1766 3629 provi-

174 3642 356 3698 dentia
394 3643 515 3709 Dei,
550 3660 664 3715 qua
691 3651 909 3699 mentes
936 3645 1409 3716 evangelistarum
1452 3647 1605 3702 intus
1633 3664 1766 3718 age-

177 3729 390 3787 bantur.
415 3733 593 3788 Erant
642 3733 792 3788 enim
840 3733 936 3787 illa
960 3734 1227 3789 animalia
1253 3734 1312 3788 in
1335 3735 1572 3790 circuitu
1601 3736 1767 3806 plena

176 3823 360 3889 oculis,
393 3828 454 3877 et
479 3821 604 3876 ideo
642 3838 755 3877 non
788 3827 972 3894 potest
991 3823 1114 3878 ﬁeri
1138 3830 1203 3878 ut
1224 3824 1523 3880 Matthaus
1551 3825 1766 3896 aliquid

175 3926 268 3980 per
291 3910 628 3965 oblivionem
672 3911 980 3983 scripserit,
1013 3917 1070 3966 et
1093 3913 1394 3969 Jeremiam
1426 3930 1526 3984 pro
1557 3915 1763 3969 Zacha-

174 3999 255 4052 ria
278 4000 550 4072 posuerit.
579 3999 739 4064 Quod
767 4006 960 4055 tamen
989 4001 1109 4055 sine
1149 4002 1264 4056 ulla
1294 4002 1646 4058 dubitatione
1675 4004 1767 4059 de-

175 4104 321 4144 mum
345 4090 679 4144 emendaret
695 4090 894 4146 saltem
920 4090 990 4145 ab
1013 4090 1138 4146 aliis
1158 4091 1501 4157 admonitus,
1525 4093 1620 4163 qui
1644 4093 1766 4164 ipso

174 4177 349 4234 adhuc
383 4180 438 4233 in
468 4195 636 4233 carne
663 4179 879 4234 vivente
928 4180 1032 4234 hoc
1078 4181 1266 4250 legere
1295 4187 1618 4251 potuerunt,
1651 4183 1759 4237 nisi

1861 1775 2124 1835 inﬁdelis.
2141 1793 2305 1830 nemo
2323 1777 2640 1847 imperitus,
2649 1780 2777 1848 jure
2796 1782 3157 1850 reprehendit
3176 1785 3232 1839 in
3255 1787 3462 1844 talibus

1861 1871 1918 1918 et
1943 1865 2328 1934 hujuscemodi
2367 1867 2547 1931 dictis,
2581 1869 2738 1937 quasi
2769 1869 3172 1925 dissonantiam
3217 1891 3452 1946 evange-

1861 1953 2137 2020 listarum,
2154 1971 2280 2008 cum
2312 1972 2375 2008 ex
2407 1956 2510 2008 hoc
2532 1956 2717 2026 potius
2735 1957 2975 2012 debeant
3001 1976 3286 2016 assumere
3306 1964 3455 2018 docti

1861 2047 1919 2096 et
1949 2043 2159 2109 fideles,
2199 2050 2596 2114 argumentum
2626 2050 2683 2097 et
2710 2039 3122 2113 auctoritatem,
3158 2051 3227 2103 ad
3271 2057 3457 2107 osten-

1859 2132 2099 2186 dendam
2130 2134 2405 2188 unitatem
2452 2139 2508 2187 et
2535 2134 2886 2188 concordiam
2916 2153 3110 2191 eorum
3159 2146 3216 2193 et
3242 2148 3458 2197 sancto-

1860 2238 1983 2274 rum
2011 2223 2430 2292 prophetarum.
2465 2223 2563 2276 Est
2591 2227 2645 2276 et
2672 2224 2898 2278 evidens
2926 2243 3094 2281 causa
3121 2230 3270 2298 apud
3299 2231 3457 2286 Jere-

1862 2310 2030 2363 miam
2064 2328 2186 2381 qua
2226 2312 2445 2381 ﬂagitat
2470 2312 2612 2366 forte
2643 2312 2746 2365 hoc
2775 2314 3160 2370 testimonium
3189 2319 3373 2388 potius
3396 2321 3456 2374 in

1861 2399 2085 2453 nomine
2134 2401 2387 2455 Jeremia
2438 2401 2518 2454 sic
2566 2417 2794 2455 manere
2837 2403 3112 2468 debuisse,
3148 2413 3206 2460 et
3235 2407 3458 2464 videtur

1858 2503 1923 2540 ac
1952 2489 1998 2540 si
2028 2489 2260 2559 spiritus
2288 2490 2621 2566 auctoritate
2660 2491 2965 2556 ﬁrmatum,
2998 2500 3228 2565 propter
3255 2513 3456 2567 agrum

1856 2574 2014 2629 illum
2045 2593 2210 2647 quem
2236 2577 2538 2631 Jeremiam
2559 2579 2761 2633 emisse
2791 2580 3030 2650 legimus
3052 2599 3179 2637 cum
3210 2593 3357 2641 esset
3393 2588 3455 2642 in

1858 2665 2243 2736 carcere,quia
2264 2665 2369 2720 etsi
2397 2667 2544 2737 apud
2563 2669 2885 2722 Zachariam
2915 2671 3149 2740 triginta
3188 2673 3455 2744 leguntur

1856 2755 2108 2824 argentei
2130 2755 2224 2826 qui
2247 2772 2347 2826 pro
2373 2756 2608 2810 Domino
2624 2757 2739 2811 dati
2770 2765 2823 2812 et
2845 2760 3038 2828 rejecti
3067 2768 3200 2816 sunt
3219 2763 3276 2817 in
3307 2769 3452 2818 tem-

1856 2844 1965 2913 plo,
1983 2849 2174 2898 tamen
2201 2862 2298 2915 per
2320 2845 2578 2899 eumdem
2605 2840 2935 2916 prephetam
2962 2865 3097 2919 ager
3115 2851 3208 2905 ille
3230 2859 3451 2925 emptus

1855 2939 1938 2986 est
1967 2949 1997 2986 a
2030 2933 2144 2987 lilio
2193 2933 2382 2986 fratris
2410 2933 2516 2990 sui.
2547 2938 2605 2986 et
2634 2934 2827 2988 datum
2866 2941 2952 2989 est
2983 2937 3033 2990 ei
3083 2941 3301 3009 argenti
3330 2959 3454 3012 pre-

1852 3023 2016 3078 tium.
2062 3024 2187 3076 Non
2217 3022 2441 3092 quidem
2474 3022 2576 3076 sub
2624 3023 2726 3076 hoc
2763 3025 3008 3090 nomine,
3042 3044 3222 3098 neque
3253 3031 3450 3085 eodem

1854 3112 1957 3166 sub
1987 3127 2222 3166 numero
2253 3111 2348 3181 qui
2396 3111 2542 3181 apud
2590 3112 2912 3166 Zachariam
2956 3114 3222 3175 habetur;
3251 3119 3350 3172 sed
3379 3119 3450 3174 ad

1854 3201 1958 3254 hoc
1986 3200 2268 3271 pertinere
2311 3199 2482 3253 etiam
2513 3200 2651 3253 illud
2680 3201 2749 3254 de
2800 3218 2935 3269 agro
2967 3209 3159 3273 empto
3202 3205 3271 3258 ad
3303 3208 3453 3278 quod

1854 3289 2149 3362 prOphetia
2193 3294 2279 3342 est
2320 3289 2389 3342 de
2417 3289 2653 3358 triginta
2691 3292 2990 3359 argenteis.
3015 3293 3156 3346 Nam
3190 3295 3339 3364 quod
3382 3296 3452 3352 de

1852 3379 2090 3433 Domino
2110 3377 2447 3448 completum
2475 3383 2578 3443 est,
2607 3383 2669 3431 ut
2716 3378 2820 3432 hoc
2847 3387 2994 3435 esset
3032 3383 3154 3452 ejus
3180 3384 3446 3454 pretium,

1854 3467 2212 3522 manifestum
2238 3471 2340 3530 est,
2368 3470 2426 3519 et
2454 3465 2602 3535 quod
2641 3464 2712 3518 de
2751 3467 2959 3521 eisdem
2982 3471 3267 3539 argenteis
3315 3489 3452 3543 ager

1848 3556 1942 3610 ille
1997 3555 2286 3625 sanguinis
2325 3559 2548 3624 emptus
2604 3553 2695 3619 sit,
2736 3571 2928 3608 verum
2984 3563 3086 3611 est.
3120 3559 3265 3613 Hinc
3301 3559 3451 3615 inter

1849 3648 2117 3712 utrosque
2134 3642 2438 3713 prophetas
2459 3641 2692 3712 mystice
2713 3658 2888 3696 unum
2911 3643 3128 3698 videtur
3148 3663 3270 3701 esse
3291 3650 3450 3703 testi-

1851 3732 2130 3794 monium;
2154 3737 2218 3785 ut
2237 3731 2384 3802 quod
2404 3731 2500 3785 ille
2529 3731 2849 3802 expressius
2877 3733 2944 3785 de
2975 3740 3208 3802 argento
3237 3735 3448 3806 signiﬁ-

1849 3822 2012 3885 cavit,
2039 3821 2143 3874 hoc
2171 3821 2278 3874 iste
2307 3821 2377 3874 de
2407 3837 2560 3889 agro.
2580 3821 2660 3873 Ac
2683 3837 2784 3890 per
2807 3821 2910 3874 hoc
2939 3837 3144 3875 nomen
3169 3823 3446 3881 Zacharia

1848 3912 1896 3966 si
1916 3915 2240 3983 poneretur,
2262 3909 2615 3963 referendum
2635 3909 2706 3962 ad
2726 3908 2964 3978 pretium
2986 3916 3163 3979 esset;
3194 3913 3291 3967 sed
3313 3914 3448 3984 quia

1849 3999 2102 4055 Jeremia
2122 3997 2366 4070 positum
2390 4003 2493 4064 est,
2524 3996 2618 4067 qui
2665 3997 2804 4051 dixit
2833 3997 2900 4052 de
2926 4014 3060 4068 agro
3091 4007 3298 4072 empto,
3331 4019 3445 4058 non

1849 4090 2154 4159 incongrue
2219 4087 2422 4141 factum
2502 4086 2738 4140 videtur.
2800 4086 3154 4160 Quapropter
3221 4091 3447 4147 studeat

1844 4179 2090 4252 prudens
2135 4176 2358 4231 animus
2411 4181 2715 4247 utrumque
2763 4177 2942 4246 magis
2993 4177 3245 4234 conferre
3273 4197 3446 4251 quam

177 4267 299 4338 quia
327 4268 575 4338 Spiritus
607 4273 836 4323 sanctus
858 4285 959 4339 per
978 4286 1108 4324 eum
1136 4269 1218 4323 ita
1244 4269 1350 4323 hoc
1377 4270 1763 4326 testimonium
1847 4267 2248 4338 evangelistam
2291 4271 2506 4320 temere
2555 4265 2982 4336 reprehendere,
3023 4273 3124 4321 aut
3176 4271 3325 4339 quod
3373 4270 3445 4325 ab

175 4357 441 4411 conscribi
461 4358 654 4412 voluit.
678 4357 786 4412 Sed
809 4374 910 4412 cur
936 4359 1042 4413 hoc
1061 4359 1142 4413 ita
1170 4358 1430 4423 voluerit,
1455 4359 1553 4414 illa
1580 4360 1762 4430 prima
1781 4344 1829 4401 Π
1848 4373 1914 4411 eo
1952 4355 2200 4427 positum
2240 4360 2326 4408 est
2362 4352 2775 4425 pracipitanter
2820 4354 3068 4421 eradere,
3112 4356 3198 4409 vel
3233 4356 3444 4413 immu-

178 4460 337 4500 causa
386 4446 534 4518 patri
563 4446 880 4516 Augustino
925 4447 1226 4502 utilissima
1278 4447 1536 4513 occurrit,
1571 4465 1765 4503 omnes

177 4535 473 4606 prophetas
486 4540 711 4590 sanctos
727 4551 839 4590 uno
859 4536 1080 4607 spiritu,
1107 4536 1350 4590 mirabili
1378 4537 1527 4591 inter
1552 4554 1612 4592 se
1631 4554 1764 4592 con-

177 4638 338 4678 sensu
369 4624 585 4679 locutos
602 4623 797 4691 fuisse,
826 4629 891 4678 ut
915 4625 1091 4680 multo
1114 4625 1357 4697 amplius
1378 4642 1547 4697 quam
1573 4626 1621 4680 si
1651 4643 1766 4682 om-

170 4711 321 4766 nium
369 4713 558 4768 omnia
586 4713 989 4784 prophetarum
1018 4730 1132 4768 una
1178 4713 1345 4769 unius
1391 4715 1638 4770 hominis
1667 4733 1764 4771 ore

171 4798 501 4856 dicerentur.
527 4803 597 4856 Et
619 4802 746 4858 ideo
771 4801 1156 4858 indubitanter
1183 4803 1358 4876 accipi
1385 4803 1588 4859 debere
1619 4821 1765 4876 qua-

169 4905 388 4963 cunque
413 4907 514 4964 per
541 4906 638 4947 eos
678 4891 918 4964 Spiritus
947 4897 1174 4946 sanctus
1202 4891 1358 4959 dixit,
1392 4893 1614 4964 singula
1641 4910 1764 4948 om-

169 4979 321 5034 nium
344 4997 483 5049 esse,
503 4986 562 5036 et
583 4980 778 5035 omnia
796 4997 919 5052 qua
939 4998 1040 5052 per
1057 4998 1151 5036 eos
1171 4981 1321 5036 dicta
1348 4987 1482 5037 sunt
1509 4983 1763 5054 singulo-

166 5083 312 5122 rum.
347 5070 560 5124 Idcirco
583 5071 733 5140 jure,
768 5086 889 5140 qua
917 5069 1066 5124 dicta
1107 5076 1241 5126 sunt
1289 5087 1389 5142 per
1433 5071 1760 5138 Jeremiam,

165 5162 280 5211 tam
312 5159 592 5214 Zacharia
621 5175 796 5230 quam
847 5159 1122 5226 Jeremia,
1157 5165 1214 5214 et
1261 5177 1383 5231 qua
1424 5177 1526 5231 per
1561 5161 1763 5215 Zacha-

1848 4451 1990 4500 tarc.
2035 4443 2270 4499 Studeat
2332 4442 2518 4514 potius
2571 4458 2796 4496 sensum
2855 4443 3200 4497 enucleatius
3256 4445 3444 4501 discu-

1848 4541 1985 4603 tere,
2022 4551 2132 4606 quo
2186 4533 2352 4588 modo
2403 4531 2683 4603 pertineat
2723 4536 3027 4603 utrumque
3071 4533 3142 4586 ad
3197 4536 3443 4606 comple-

1846 4625 2058 4680 tionem
2113 4621 2438 4684 testimonii,
2471 4637 2640 4692 quam
2670 4637 2846 4674 unum
2888 4621 3088 4676 horum
3133 4623 3439 4693 negligere,

1848 4718 1906 4768 et
1958 4713 2199 4766 alterum
2254 4709 2534 4782 praferre.
2566 4708 2711 4762 Nam
2757 4713 2814 4761 et
2866 4708 2985 4778 ipse
3040 4707 3181 4762 liber
3209 4711 3444 4781 emptio-

1848 4805 1935 4856 nis
1991 4801 2140 4872 apud
2183 4798 2502 4857 Jeremiam.
2541 4796 2638 4868 qui
2693 4797 2761 4851 de
2808 4813 2942 4867 agro
2990 4813 3115 4851 cum
3164 4815 3267 4852 sua
3310 4801 3443 4855 asti-

1849 4891 2134 4963 pulatione
2176 4889 2522 4958 conscriptus
2580 4890 2684 4952 est,
2713 4884 2946 4956 jubetur
2991 4885 3138 4940 mitti
3190 4887 3248 4942 in
3312 4906 3443 4945 vase

1846 4981 2024 5046 ﬁctili,
2077 4986 2135 5034 et
2185 4979 2393 5033 emitur
2442 4976 2511 5030 de
2564 4975 2744 5046 pretio
2790 4974 3015 5028 Domini
3069 4991 3208 5045 ager
3261 4979 3437 5048 figuli,

1858 5076 1895 5134 Ι
1921 5076 1958 5135 Ι
1975 5074 2102 5134 49
2126 5074 2184 5122 et
2205 5069 2336 5122 hoc:
2365 5067 2448 5120 Ad
2469 5068 2815 5132 sepulturam
2832 5066 3275 5132 peregrinorum,
3301 5066 3444 5121 sicut

1852 5164 1910 5213 et
1926 5157 2065 5212 illud
2086 5160 2482 5212 testamentum
2505 5153 2804 5225 emptionis
2819 5171 2949 5209 vase
2966 5156 3248 5209 clauditur
3260 5156 3436 5226 figuli,

166 5246 327 5314 riam,
376 5255 491 5303 tam
545 5254 677 5304 sunt
729 5249 986 5304 Ieremia
1035 5250 1562 5320 quam-Zacharia.
1606 5250 1767 5304 Unde
1849 5247 1906 5303 in
1924 5245 2252 5302 memoriam
2275 5245 2693 5308 futurorum,ut
2710 5243 3057 5314 signiﬁcetur
3084 5260 3276 5298 eorum
3309 5262 3444 5316 per-

164 5351 272 5390 non
295 5353 438 5408 opus
456 5339 564 5393 fuit
586 5338 850 5394 Matthao
875 5338 1154 5408 corrigere
1184 5339 1329 5409 quod
1363 5339 1604 5409 Spiritus
1632 5355 1764 5392 san-

1849 5336 2065 5392 mansio
2093 5335 2179 5388 vel
2233 5333 2553 5406 repausatio
2581 5333 2680 5387 diu
2708 5333 2766 5386 in
2794 5339 2945 5387 terra
2985 5333 3324 5404 captivitatis
3353 5337 3440 5391 vel

165 5429 286 5480 ctus
303 5442 409 5498 per
426 5443 555 5482 eum
571 5427 806 5495 dixerat,
828 5443 952 5482 cum
978 5443 1184 5482 nomen
1209 5427 1464 5483 Jeremia
1491 5427 1764 5499 scriptum
1846 5424 2312 5499 peregrinationis
2332 5423 2538 5496 populi.
2566 5439 2856 5494 quousque
2881 5423 2939 5476 in
2960 5422 3276 5477 libertatem
3301 5425 3442 5480 ﬁlio-

164 5525 197 5567 a
218 5531 280 5570 se
309 5515 374 5571 in
401 5533 502 5573 suo
529 5515 832 5589 Evangelia
858 5515 1129 5574 divinitus
1169 5515 1476 5588 relegisset,
1511 5521 1574 5573 ut
1601 5515 1762 5574 nobis
1844 5531 1972 5572 rum
2000 5514 2119 5582 Dei,
2151 5517 2450 5585 praestante
2498 5512 2634 5580 Deo,
2668 5511 2791 5584 ipsa
2831 5510 3122 5586 captivitas
3167 5511 3434 5571 solvatur.
