3918 6166
503 256 604 313 935
1281 255 1338 309 S.
1381 250 1759 309 PASCHASII
1802 248 2162 306 RADBERTI
2202 246 2506 302 ABBATIS
2543 213 3035 304 CORBEIENSIS.
3610 255 3688 312 936

505 386 780 440 Caeterum
803 381 938 435 illud
963 379 1110 450 quod
1125 377 1362 448 subjecit
1385 377 1681 431 Matthzeus
1696 375 1827 429 huic
1849 375 2098 428 testimo-
2116 373 2162 432 Α
2181 370 2310 424 licet
2337 371 2551 434 nolens,
2581 371 2911 440 praedicasti.
2947 372 3079 426 Haec
3117 373 3313 429 idcirco
3342 376 3564 443 dixerim,
3589 381 3690 451 quia

502 475 622 530 nio.
652 489 780 527 cum
827 471 907 526 ait
935 484 945 517 :
981 470 1147 537 Quem
1191 470 1639 536 appretiaverunt
1680 468 1790 532 filii
1829 468 2018 528 Israel,
2052 469 2099 517 et
2182 477 2293 514 non
2313 461 2480 515 credo
2510 460 2568 514 in
2594 461 2796 515 divinis
2825 461 3030 516 litteris
3057 462 3263 533 aliquid
3291 466 3700 536 superﬂuum,ue-

505 565 772 618 dederunt
802 577 883 615 eos
915 563 974 612 in
1005 574 1206 626 agrum
1239 558 1416 623 ﬁguli,
1451 558 1593 607 sicut
1645 557 1927 607 constituit
1960 554 2103 606 mihi
2183 566 2291 620 que
2312 550 2369 604 in
2394 550 2699 604 Dominicis
2727 549 2909 605 verbis
2953 550 3025 604 ad
3053 550 3357 607 doctrinam
3382 555 3552 609 salutis
3573 559 3698 628 quid.

505 655 794 716 Dominus,
817 666 919 704 nec
947 647 1095 718 apud
1115 645 1456 706 Zachariam,
1490 659 1592 696 nec
1621 643 1770 713 apud
1800 643 2102 696 Jeremiam
2185 655 2354 709 quam
2405 656 2528 693 esse
2556 655 2807 694 vacuum.
2845 639 3004 694 Unde
3033 640 3178 705 huic,
3206 642 3333 711 quia
3359 645 3700 713 pronuntianti,

505 741 739 811 legitur;
774 739 918 792 unde
943 735 1118 805 magis
1147 751 1212 787 ex
1261 749 1500 804 persona
1530 731 1678 784 beati
1711 731 1957 785 Matthaai
1987 732 2101 785 ele-
2185 727 2624 798 interrogatione
2640 727 3696 801 utitur,contirmantisdatresponsionem.

503 836 704 900 ganter
720 835 774 882 et
792 826 1022 897 mystice
1039 825 1315 877 incertum
1329 829 1431 876 est.
1453 821 1596 885 Quia
1606 821 1790 892 etipse
1802 837 1866 873 ex
1881 820 2101 874 Domini
2185 817 2272 871 Illi
2301 834 2426 871 vero
2447 834 2572 871 cum
2593 816 2704 871 ait:
2737 818 2811 871 'I'u
2833 819 3046 883 dixisti,
3071 824 3127 871 et
3154 818 3371 890 obliquo
3389 821 3497 890 ejus
3515 838 3702 892 arguens

504 917 842 973 revelatione
875 913 1150 983 cognovit.
1177 912 1246 965 ad
1276 911 1420 965 hanc
1477 928 1596 965 rem
1644 928 1766 981 quae
1796 911 1866 964 de
1895 909 2101 964 Christi
2183 905 2591 960 dubitationem
2622 905 2759 960 satis
2780 906 3088 977 prudenter
3113 907 3399 962 convincit.
3422 910 3480 963 In
3504 912 3702 966 omnibus

502 1006 682 1078 pretio
739 1005 883 1058 facta
914 1009 1017 1066 est,
1055 1001 1376 1071 hujusmodi
1417 1000 1698 1071 pertinere
1728 1000 2097 1070 prophetiam.
2183 999 2374 1048 tamen
2405 995 2485 1048 sic
2514 1011 2675 1049 suam
2706 1000 2988 1066 temperat
3032 997 3385 1062 sententiam,
3407 1004 3466 1051 ut
3489 1003 3539 1052 et
3559 1016 3704 1054 verum

502 1093 876 1160 Quaerendum
902 1109 1035 1162 ergo
1057 1091 1152 1161 qui
1174 1094 1509 1160 acceperunt
1536 1089 1761 1143 eosdem
1782 1095 2099 1159 argenteos,
2184 1084 2352 1149 dicat,
2376 1090 2433 1139 et
2452 1101 2636 1138 sermo
2656 1085 2778 1154 ejus
2807 1084 3100 1139 calumnia
3117 1101 3229 1139 non
3251 1085 3532 1157 subjaceat.
3543 1087 3704 1143 Etcum

503 1184 637 1255 quia
686 1189 743 1236 et
771 1183 829 1236 in
859 1182 964 1235 hoc
993 1181 1235 1233 varietas
1273 1179 1527 1232 codicum
1563 1183 1672 1239 est;
1708 1177 1974 1248 quoniam
2007 1177 2102 1230 alii
2184 1180 2542 1228 accusaretur
2565 1190 2598 1227 a
2619 1173 2961 1245 principibus
2991 1175 3342 1229 sacerdotum
3364 1181 3418 1229 et
3438 1176 3703 1243 senioribus,

500 1272 713 1327 habent
739 1270 839 1324 ﬁlii
871 1269 1063 1334 Israel,
1083 1274 1141 1322 et
1170 1267 1266 1320 alii
1289 1283 1323 1320 a
1348 1266 1494 1320 filiis.
1532 1266 1690 1330 Quod
1723 1266 1770 1319 si
1801 1266 1869 1319 ad
1899 1265 2102 1320 ludam
2185 1262 2323 1316 nihil
2349 1263 2668 1333 respondit;
2699 1262 2878 1316 Pilato
2898 1263 3144 1334 quidem,
3171 1264 3304 1334 quia
3331 1264 3521 1320 invitus
3543 1265 3590 1318 in
3613 1282 3705 1319 eum

501 1360 817 1422 referimus,
839 1357 934 1428 qui
975 1356 1188 1426 accepit
1217 1355 1462 1426 pretium
1505 1354 1803 1425 appretiati
1834 1354 2039 1408 Christi
2067 1369 2104 1408 a
2185 1351 2478 1423 promebat
2502 1351 2860 1418 sententiam,
2891 1352 3157 1422 dignatus
3193 1359 3281 1407 est
3311 1355 3609 1424 respondere
3631 1356 3707 1408 ali-

503 1450 634 1504 ﬁliis
665 1447 859 1509 Israel,
891 1445 998 1500 erit
1024 1461 1291 1499 numerus
1319 1443 1556 1514 pluralis
1583 1460 1685 1514 pro
1716 1443 2008 1512 singulari.
2045 1443 2103 1498 Si
2187 1442 2339 1512 quid,
2375 1442 2697 1495 sacerdotes
2728 1457 2858 1511 vero
2908 1446 2965 1496 et
2994 1442 3276 1513 principes
3305 1443 3483 1514 populi
3507 1444 3707 1515 indignos

503 1544 691 1593 autem
729 1537 827 1590 ﬁlii
884 1535 1180 1605 legendum
1210 1539 1314 1596 est,
1347 1538 1684 1603 acceperunt
1728 1533 1865 1586 illud
1894 1532 2106 1586 scilicet
2186 1547 2286 1585 suo
2315 1547 2583 1601 responso
2605 1529 2898 1600 judicavit.
2933 1532 3084 1584 Tunc
3111 1533 3248 1586 dicit
3276 1534 3367 1586 itti
3389 1534 3604 1587 Pilatus:
3623 1535 3709 1587 Non

503 1627 820 1682 sacerdotes
840 1624 1053 1695 templi,
1081 1623 1303 1694 quando
1334 1623 1360 1676 ,Ι
1369 1622 1507 1676 udas
1537 1621 1732 1691 rejecit
1757 1638 1852 1675 eos
1879 1622 1935 1674 in
1967 1627 2106 1676 tem-
2186 1623 2349 1674 audis
2379 1626 2590 1688 quanta
2611 1621 2903 1673 adversum
2935 1625 2982 1673 te
3000 1622 3196 1674 dicunt
3223 1622 3712 1677 testimonia?Provo-

503 1716 679 1787 plum,
705 1714 946 1786 pretium
977 1712 1276 1784 appretiati
1297 1711 1524 1776 Christi,
1554 1727 1718 1781 quem
1750 1711 2100 1781 appretiave-
2126 1711 2169 1775 Β
2189 1716 2280 1764 cat
2307 1726 2436 1764 eum
2469 1725 2690 1780 praeses,
2724 1715 2790 1762 ut
2817 1724 2878 1761 se
2927 1717 3197 1779 purgaret
3246 1726 3281 1764 a
3323 1711 3556 1776 crimine,
3581 1711 3711 1764 sciens

504 1811 640 1861 runt
655 1805 754 1858 filii
778 1804 979 1869 Israel;
1006 1808 1105 1856 aut
1126 1801 1370 1872 pretium
1394 1800 1694 1871 appretiati
1721 1801 1747 1854 J
1755 1801 1893 1854 udas
1915 1817 1948 1854 a
1975 1800 2106 1854 ﬁliis
2189 1815 2332 1852 vana
2358 1815 2479 1852 esse
2526 1804 2583 1852 et
2611 1799 2752 1852 falsa
2781 1815 2903 1868 quae
2934 1798 2987 1852 ei
3017 1797 3438 1869 objiciebantur.
3468 1799 3560 1854 Sed
3597 1801 3711 1854 lesus

504 1895 696 1956 Israel,
716 1895 779 1948 Et
801 1895 1066 1946 dederunt
1088 1908 1169 1944 eos
1194 1894 1254 1943 in
1281 1906 1483 1956 agrum
1515 1892 1696 1955 ﬁguli.
1731 1889 1873 1952 Quid
1905 1890 2105 1943 horum
2189 1889 2330 1942 nihil
2351 1883 2687 1959 respondere
2708 1888 2842 1951 vult,
2862 1904 3043 1958 neque
3065 1889 3198 1943 ullis
3219 1905 3278 1943 se
3300 1906 3544 1943 excusare
3561 1889 3707 1951 verbis,

502 1983 704 2038 melius
732 1983 826 2047 sit,
845 1981 977 2052 quia
998 1996 1139 2050 pene
1165 1995 1308 2033 unus
1339 1984 1424 2032 est
1443 1994 1660 2038 sensus,
1693 1979 1928 2048 legentis
1955 1979 2107 2032 arbi-
2190 1996 2260 2033 ne
2290 1979 2432 2032 forte
2461 1977 2783 2031 differretur
2811 1993 2844 2030 a
2867 1977 3102 2047 praeside
3141 1978 3414 2049 passionis
3443 1980 3550 2049 ejus
3571 1978 3711 2031 trium-

503 2073 613 2128 trio
663 2071 1023 2141 derelinquo,
1056 2069 1186 2140 quia
1235 2073 1292 2122 et
1341 2069 1459 2129 hoc,
1492 2073 1590 2120 aut
1643 2068 1933 2122 temeritas
1980 2068 2109 2123 fecit
2190 2069 2353 2140 phus,
2378 2066 2474 2138 qui
2503 2083 2632 2121 eum
2664 2066 2903 2120 liberare
2929 2066 3217 2136 gaudebat
3243 2073 3300 2122 et
3327 2068 3599 2132 absolvere,
3619 2067 3711 2136 quia

504 2160 953 2224 emendatorum,
979 2164 1078 2213 aut
1105 2157 1344 2210 varietas
1374 2157 1766 2227 interpretum.
2188 2157 2412 2212 videbat
2431 2157 2598 2211 nullis
2616 2172 2744 2210 eum
2769 2155 3060 2226 subjacere
3085 2156 3449 2223 criminibus;
3475 2173 3564 2211 nec
3576 2162 3711 2210 tamen

573 2254 728 2307 Jesus
746 2256 930 2303 autem
946 2252 1230 2302 stetitante
1248 2249 1533 2316 preside-1n
1548 2249 2106 2314 etinterrogaviteum
2191 2247 2422 2319 dignum
2452 2251 2576 2300 erat
2597 2251 2663 2299 ut
2686 2245 2735 2298 ei
2765 2245 3147 2315 responderet,
3179 2247 3313 2318 quia
3337 2246 3525 2302 dubius
3549 2245 3712 2300 incede-

500 2356 698 2409 prseses
716 2341 899 2392 dicens
925 2357 940 2392 :
977 2339 1053 2391 Tu
1078 2354 1131 2389 es
1163 2353 1260 2389 rex
1281 2337 1599 2390 Judseorum
1619 2342 1642 2387 ?
1671 2336 1808 2390 Ecce
1831 2336 2110 2406 completa
2191 2337 2306 2402 bat,
2330 2353 2433 2390 nec
2458 2351 2792 2406 permanens
2817 2334 2875 2388 in
2904 2335 3042 2401 fide;
3074 2340 3132 2389 et
3161 2336 3291 2390 ideo
3309 2336 3378 2390 de
3407 2336 3601 2390 Christo
3623 2334 3712 2388 nul-

507 2433 594 2484 est
613 2427 906 2499 prophetia
926 2426 1279 2496 Christi,qua
1302 2441 1473 2495 supra
1500 2424 1734 2490 dixerat,
1763 2425 1896 2495 quia
1920 2427 2102 2479 tradc-
2184 2431 2300 2484 lum
2348 2427 2575 2479 firmum
2633 2424 2850 2478 ferebat
2881 2423 3180 2493 judicium.
3216 2425 3325 2480 Sed
3356 2425 3529 2479 miseri
3569 2422 3710 2485 Judei,

509 2522 604 2572 tur
623 2519 874 2584 gentibus
888 2517 962 2569 ad
982 2516 1353 2568 ittudendum.
1376 2514 1445 2567 Et
1464 2518 1576 2567 stat
1595 2513 1824 2567 humilis
1855 2519 1984 2568 ante
2006 2514 2104 2568 tri-
2186 2517 2388 2589 quibus
2418 2515 2601 2569 adhuc
2631 2513 2794 2568 hodie
2824 2520 2973 2568 tacet
3007 2513 3246 2569 verbum
3305 2516 3422 2581 Dei,
3452 2520 3503 2568 et
3527 2513 3638 2568 nihil
3658 2511 3712 2565 eis

505 2603 678 2662 bunal
707 2603 933 2675 superbi
959 2603 1184 2673 judicis.
1221 2601 1327 2665 Qui
1359 2602 1518 2672 quasi
1549 2618 1707 2655 reum
1737 2608 1922 2658 astare
1953 2604 2106 2659 videt
2186 2607 2434 2678 loquitur
2447 2603 2836 2658 accusantibus
2852 2603 3159 2664 Christum,
3188 2620 3373 2676 neque
3390 2620 3562 2676 perse,
3581 2615 3714 2672 neque

506 2710 696 2749 coram
723 2709 802 2760 se,
825 2698 882 2746 et
909 2699 1174 2747 utrumne
1205 2692 1280 2745 sit
1310 2709 1404 2745 rex
1421 2694 1739 2745 Judaeorum
1770 2692 2100 2763 interrogat;
2186 2714 2286 2768 per
2318 2695 2636 2766 prOphetas,
2670 2709 2851 2763 neque
2893 2693 3010 2746 ulla
3037 2693 3352 2748 divinitatis
3397 2711 3503 2748 sua!
3529 2689 3712 2752 oracula,

504 2783 770 2854 quoniam
811 2783 926 2837 haec
962 2781 1242 2836 accusatio
1285 2781 1550 2835 adversus
1580 2797 1708 2835 eum
1756 2783 2104 2852 permaxima
2188 2785 2322 2856 quid
2351 2784 2650 2838 Dominum
2687 2789 2725 2847 Ι
2752 2788 2917 2846 [5|
2970 2782 3377 2853 praphetarum
3407 2783 3714 2855 peremerunt.

501 2873 686 2928 fuerat
705 2873 1050 2939 Iudaeorum,
1070 2877 1134 2924 ut
1153 2870 1420 2923 invidiam
1451 2875 1508 2923 et
1526 2870 1666 2923 iram
1689 2876 2106 2925 commoverant
2187 2875 2252 2928 Et
2284 2889 2395 2926 non
2423 2871 2702 2939 respondit
2720 2872 2772 2923 ei
2801 2870 3028 2924 verbum
3050 2888 3065 2934 ;
3091 2872 3176 2923 ita
3197 2874 3717 2937 utmirareturpram

499 2961 726 3032 judicis,
751 2965 808 3013 et
835 2967 1107 3013 terrorem
1135 2958 1185 3012 ei
1215 2959 1548 3023 incuterent,
1579 2959 1625 3012 si
1653 2976 1782 3013 eum
1807 2959 2104 3013 defendere
2127 2993 2170 3052 C
2189 2964 2344 3016 valde
2364 2962 2718 3014 vehementer.
2737 2957 3246 3012 Mirabaturautem
3265 2956 3715 3026 constantiamejus,

503 3049 671 3103 vellet
715 3065 782 3102 ex
835 3063 1072 3118 persona
1126 3047 1384 3101 Cesaris.
1420 3047 1528 3101 Sed
1581 3048 1777 3118 perfidi
1822 3048 2103 3119 principes
2135 3046 2170 3052 “
2195 3049 2507 3104 mirabatur
2526 3047 2695 3102 etiam
2719 3047 2996 3118 quomodo
3024 3047 3105 3100 sic
3132 3053 3368 3114 taceret,
3400 3049 3520 3119 quia
3542 3046 3719 3101 idoneus

505 3137 678 3191 etiam
710 3153 775 3190 ex
806 3136 910 3190 hoc
941 3135 1246 3206 impietatis
1277 3153 1392 3190 suae
1422 3143 1738 3206 arguuntur
1763 3137 1971 3207 elogio;
2007 3137 2102 3208 qui
2186 3145 2309 3194 erat
2338 3137 2442 3192 sibi
2467 3137 2609 3190 falsa
2637 3137 2796 3190 illata
2821 3153 2857 3190 a
2884 3153 2944 3190 se
2974 3152 3288 3199 removere,
3321 3143 3377 3191 et
3397 3154 3454 3191 se
3479 3149 3676 3208 purgare
3695 3147 3719 3184 8

504 3242 608 3279 nec
625 3225 764 3278 falso
785 3225 1008 3295 quidem
1031 3224 1279 3279 invenire
1300 3231 1605 3296 potuerunt
1626 3227 1772 3296 quod
1795 3227 2104 3296 objicerent
2184 3228 2434 3282 crimine.
2471 3227 2606 3290 Quis
2637 3226 2786 3280 enim
2816 3242 2930 3280 non
2959 3231 3186 3296 poterat
3203 3227 3465 3281 admirari
3488 3225 3614 3280 inter
3627 3231 3720 3276 tan-

506 3314 804 3382 Salvatori;
841 3320 898 3368 et
926 3319 1084 3368 tanto
1113 3314 1454 3368 simulantur
1477 3315 1623 3378 odio,
1658 3322 1722 3369 ut
1771 3316 1940 3369 etiam
1983 3333 2104 3387 pro-
2187 3321 2303 3370 tam
2325 3315 2537 3370 rabiem
2567 3314 2973 3377 accusantium,
2997 3321 3054 3369 et
3075 3314 3356 3370 clamores
3376 3315 3595 3386 vulgi,et
3616 3312 3720 3366 furo-

504 3403 805 3474 phetarum
826 3404 895 3458 de
941 3403 1052 3467 illo,
1083 3404 1231 3473 quod
1262 3420 1356 3458 rex
1379 3410 1526 3458 esset
1547 3405 1642 3475 qui
1673 3410 1940 3460 venturus
1969 3424 2105 3476 prae-
2187 3422 2276 3459 res
2313 3405 2620 3469 seniorum,
2648 3421 2775 3458 cum
2819 3403 3033 3458 videret
3078 3420 3212 3459 eum
3256 3412 3372 3458 tam
3418 3400 3718 3472 tranquillum

504 3492 894 3559 nuntiabatur,
919 3492 1222 3546 noluerunt
1252 3493 1500 3564 recipere
1523 3493 1864 3547 testimonia.
1889 3495 2103 3550 Pilatus
2186 3501 2390 3559 astare,
2409 3500 2526 3547 tam
2567 3493 2762 3547 mitem
2792 3499 2850 3547 et
2868 3496 3143 3563 quietum,
3173 3510 3303 3548 cum
3335 3493 3479 3547 omni
3503 3489 3718 3563 gravitate

503 3586 719 3646 tamen,
737 3581 991 3652 quamvis
1005 3581 1116 3634 alia
1130 3582 1271 3635 falsa
1284 3582 1621 3652 protulerint
1635 3598 1745 3636 non
1758 3583 2097 3649 verisimilia,
2184 3583 2650 3654 imperterritum;
2675 3581 2771 3652 qui
2794 3581 3090 3652 petebatur
3104 3582 3176 3636 ad
3203 3590 3456 3647 mortem,
3479 3581 3592 3635 etin
3607 3576 3720 3632 nullo

503 3670 573 3724 de
594 3671 821 3724 nomine
852 3671 1019 3740 regis,
1041 3671 1189 3741 quod
1219 3669 1458 3724 maxime
1487 3671 1836 3736 formidabat,
1867 3672 2104 3727 interro-
2186 3671 2513 3726 movebatur
2531 3671 2724 3724 affatu.
2743 3671 2966 3725 Fortior
2988 3687 3235 3742 namque
3264 3679 3386 3726 erat
3412 3672 3467 3725 in
3493 3686 3551 3723 eo
3570 3668 3718 3726 virtus.

500 3764 618 3829 gat.
644 3759 746 3814 Cui
767 3758 1038 3812 Dominus
1063 3777 1074 3810 :
1113 3759 1188 3811 Tu
1221 3759 1378 3811 dicis.
1403 3758 1633 3812 Diversa
1657 3759 1885 3829 quidem
1914 3760 2099 3824 Pilati,
2185 3778 2354 3833 quam
2369 3761 2617 3815 humana
2636 3766 2840 3814 natura
2859 3777 2918 3814 se
2942 3760 3161 3814 habeat.
3192 3761 3264 3815 Et
3284 3761 3406 3815 ideo
3432 3763 3626 3831 poterat
3640 3769 3720 3808 non

502 3852 560 3901 ct
588 3847 854 3918 principis
884 3847 1236 3902 sacerdotum
1268 3853 1354 3902 est
1373 3847 1758 3918 interrogatio,
1777 3855 1836 3903 et
1865 3857 1896 3914 |
1924 3856 2105 3915 [50
2185 3850 2364 3905 solum
2394 3850 2664 3903 admirari
2692 3848 2926 3914 Pilatus,
2958 3865 3146 3904 verum
3195 3851 3366 3904 etiam
3405 3849 3717 3903 vehementer,

501 3935 720 3992 diversa
735 3937 944 3992 Christi
971 3937 1278 4007 responsio.
1309 3938 1452 3991 Nam
1484 3938 1744 4009 princeps
1791 3938 1871 3993 ait
1902 3957 1916 3993 :
1948 3937 2011 3992 Si
2042 3945 2101 3993 tu
2186 3939 2452 4011 quoniam
2481 3939 2715 4009 dignum
2747 3938 2794 3992 ei
2827 3937 3120 3993 videbatur
3153 3955 3256 4010 pro
3284 3954 3482 4009 magno
3508 3930 3720 3990 miraculo

501 4041 554 4080 es
579 4027 829 4082 Christus
859 4028 1035 4081 Filius
1069 4028 1162 4080 Dei
1191 4029 1322 4094 vivi,
1358 4027 1452 4098 qui
1477 4027 1608 4080 licet
1638 4027 1818 4097 legem
1860 4028 2095 4094 noverit,
2182 4028 2453 4082 admirari
2470 4028 2646 4093 valde,
2667 4032 2732 4081 ut
2767 4026 3047 4082 exhibitus
3075 4027 3247 4083 homo
3280 4029 3350 4082 ad
3376 4024 3634 4082 criminale
3650 4021 3718 4090 ju-

501 4114 811 4169 dubitative
835 4122 1026 4170 tamen
1065 4116 1282 4185 quaerit,
1311 4121 1366 4169 et
1406 4115 1550 4177 ideo,
1575 4117 1622 4170 si
1653 4117 1800 4188 quod
1831 4117 2101 4172 dubitati-
2181 4117 2409 4181 dicium,
2440 4123 2498 4171 et
2521 4116 2876 4187 adjudicatus
2899 4117 3067 4170 morti
3097 4115 3558 4188 imperturbabilis
3578 4123 3721 4166 mane-

500 4218 632 4256 vum
652 4209 754 4258 est.
777 4204 995 4273 adjecit.
1024 4204 1238 4257 Pilatus
1258 4205 1529 4269 vero,etsi
1562 4206 1703 4276 legis
1730 4207 1978 4276 ignarus,
2013 4207 2101 4260 in-
2181 4211 2270 4260 ret
2320 4212 2376 4260 et
2404 4205 2836 4276 imperterritus.
2868 4204 2944 4260 Ut
2979 4211 3158 4259 staret
3193 4213 3326 4260 ante
3371 4210 3603 4265 mortem,
3630 4209 3720 4268 que

501 4297 753 4361 terrogat
771 4293 950 4361 magis
974 4292 1388 4362 pronuntiative
1412 4310 1424 4346 :
1455 4295 1530 4346 Tu
1551 4311 1602 4347 es
1631 4311 1728 4348 rea:
1745 4297 2062 4350 Judaorum
2079 4302 2103 4348 Ρ
2122 4295 2445 4366 nomnibus
2472 4294 2737 4349 terribilis
2768 4299 2872 4358 est,
2904 4294 3024 4348 sine
3060 4295 3176 4349 ullo
3231 4311 3432 4366 pavore
3473 4290 3657 4351 mortis,
3680 4289 3722 4338 ει

501 4380 607 4434 etsi
638 4395 888 4452 quaerere
917 4379 1155 4433 videtur.
1185 4381 1330 4433 Nam
1360 4385 1418 4433 et
1465 4379 1524 4433 in
1557 4382 1720 4435 titulo
1750 4383 1854 4438 hoc
1902 4385 2100 4438 conﬁr-
2123 4371 2396 4440 l"taceret
2422 4385 2545 4438 sine
2573 4384 2689 4438 ulla
2717 4383 3037 4438 defensione
3083 4399 3206 4450 sua,
3239 4400 3366 4439 cum
3413 4385 3583 4454 posset
3605 4371 3719 4440 Βενεί

499 4476 775 4537 mat,cum
797 4468 968 4540 jussit
994 4467 1159 4523 scribi
1189 4484 1360 4538 super
1389 4484 1632 4535 crucem,
1657 4471 1820 4526 Jasus
1847 4474 2103 4528 NAZARE-
2182 4474 2368 4541 vellet,
2400 4473 2458 4526 in
2479 4472 2690 4544 judicio
2720 4473 3038 4528 defendere.

501 4577 604 4616 nus
619 4561 740 4615 REX
759 4561 785 4614 J
795 4573 1077 4614 UDA-ZORUM
1114 4557 1258 4621 Quia
1278 4556 1511 4628 putabat
1530 4575 1658 4613 eum
1680 4575 1868 4631 regem
1884 4564 1911 4617 .l
1919 4563 2100 4618 udaeo-
2253 4566 2352 4618 Per
2364 4565 2510 4617 diem
2521 4568 2710 4617 autem
2722 4565 3020 4617 solemnem
3031 4567 3380 4619 consueverat
3393 4574 3565 4631 prem
3573 4555 3720 4610 dimit-

501 4665 630 4704 rum
659 4665 798 4704 esse.
831 4647 902 4702 Et
927 4648 1053 4702 ideo
1080 4646 1180 4714 ait,
1211 4663 1338 4702 cum
1365 4647 1572 4702 vellent
1599 4649 1735 4703 illud
1764 4651 1942 4705 Judaei
1973 4668 2098 4705 era-
2184 4659 2290 4707 tere
2308 4655 2508 4721 populo
2528 4667 2709 4706 unum
2725 4653 2994 4717 vinctum,
3011 4667 3169 4722 quem
3187 4646 3578 4707 voluissent.Ne
3595 4641 3722 4698 miro-

501 4738 666 4792 dere:
705 4739 853 4804 Quod
876 4739 1091 4806 scripsi,
1123 4740 1339 4806 scripsi.
1367 4737 1490 4798 Cui,
1520 4738 1653 4808 quia
1682 4739 1762 4793 ita
1788 4739 2101 4811 interrogat
2181 4743 2276 4809 ris,
2302 4742 2544 4808 auditor,
2569 4742 2615 4796 si
2649 4741 2830 4796 adhuc
2856 4741 3232 4813 primordium
3256 4756 3454 4812 gerens
3479 4739 3532 4792 in
3557 4735 3624 4789 eis
3642 4731 3722 4785 Ro-

502 4832 570 4880 ut
601 4826 742 4880 scire
771 4826 923 4892 velit,
956 4827 1248 4897 respondit
1289 4826 1562 4880 Dominus
1593 4843 1606 4882 :
1643 4829 1719 4883 Tu
1765 4829 1922 4882 dicis.
1956 4830 2101 4892 Quia
2181 4847 2350 4886 mana
2374 4836 2641 4902 potestas,
2673 4831 2806 4902 quia
2848 4832 3194 4885 consuetudo
3222 4831 3405 4886 fuerat
3429 4827 3715 4884 Judaeomm;

503 4931 602 4986 per
631 4915 799 4969 ﬁdem
830 4915 996 4985 hujus
1019 4914 1380 4969 confessionis
1418 4917 1539 4986 jam
1582 4917 1733 4970 salus
1760 4918 2014 4986 gentium
2044 4925 2102 4973 et
2181 4928 2247 4974 ut
2274 4921 2332 4974 in
2363 4919 2812 4974 solemnitatibus
2843 4919 2978 4985 suis,
3003 4921 3246 4974 maxime
3269 4916 3524 4990 paschali,
3543 4906 3719 4984 quand0

504 5004 806 5060 credulitas
823 5004 1159 5059 declaratur.
1175 5005 1372 5076 Itaque
1385 5005 1616 5070 Pilatus,
1638 5005 1927 5076 quilegem
1949 5007 2102 5078 igno-
2180 5009 2404 5065 liberati
2423 5015 2558 5064 sunt
2573 5025 2639 5063 ex
2653 5008 2913 5080 Egypto,
2936 5015 3000 5064 ut
3020 5015 3276 5080 peterent
3297 5002 3610 5080 principibus
3630 4995 3718 5051 suis

503 5100 611 5159 rat,
645 5093 715 5148 de
741 5109 800 5147 se
829 5093 934 5147 hoc
963 5093 1042 5146 ita
1085 5093 1354 5164 loquitur,
1386 5094 1532 5163 quod
1575 5094 1634 5148 hi
1671 5093 1971 5164 abnegant,
2005 5096 2098 5167 qui
2182 5115 2355 5154 unum
2386 5115 2547 5153 reum
2579 5114 2968 5170 quemcunque
2999 5099 3324 5164 voluissent,
3355 5095 3717 5168 quibuscuuqlm

503 5199 726 5254 semper
753 5189 921 5237 antea
947 5181 1004 5234 in
1034 5182 1154 5252 lege
1194 5183 1296 5236 hoc
1326 5182 1717 5252 loquebantur.
1753 5184 2105 5256 Quapropter
2186 5195 2333 5242 esset
2359 5188 2685 5242 criminibus
2715 5188 3017 5243 involutus.
3051 5188 3120 5243 Et
3175 5189 3304 5259 quia
3349 5185 3549 5240 noviter
3577 5172 3714 5234 Iudici

505 5279 562 5325 et
586 5272 821 5343 principi
845 5271 1118 5326 sacerdoti
1148 5272 1228 5325 sic
1259 5288 1588 5342 responsum
1623 5278 1708 5327 est
1741 5291 1752 5326 :
1787 5275 1861 5326 Tu
1884 5276 2098 5329 dixisti.
2179 5279 2379 5348 jugum
2412 5284 2775 5348 susceperant
2800 5277 3200 5344 Romanorum,
3225 5275 3536 5330 servabatur
3559 5269 3626 5322 eis
3650 5265 3714 5317 lex

504 5361 622 5414 Hoc
650 5360 775 5414 ideo
801 5359 932 5430 quia
981 5360 1064 5413 lex
1106 5360 1286 5413 omnis
1317 5367 1609 5414 venturum
1651 5362 1936 5417 Christum
1969 5381 2101 5435 quo-
2183 5374 2242 5421 et
2267 5368 2631 5433 consuetudo,
2659 5373 2720 5420 ut
2745 5363 3029 5422 beneﬁciis
3055 5366 3336 5440 provocati
3379 5359 3612 5418 libentius
3630 5353 3714 5406 R0-

501 5449 638 5531 tidie
678 5448 1096 5521 pronuntiabat,
1135 5448 1294 5519 quasi
1347 5449 1558 5504 diceret
1588 5452 1639 5505 ei
1669 5452 1738 5506 de
1766 5454 2048 5524 praeterito
2081 5472 2092 5508 :
2182 5458 2363 5511 manis
2389 5457 2752 5511 deservircnt.
2784 5457 2959 5511 donec
2991 5459 3308 5512 ﬁrmaretur
3347 5455 3533 5524 jugum
3558 5453 3711 5531 ωηιξη

508 5538 586 5593 Tu
614 5539 826 5607 dixisti,
847 5539 980 5610 quia
1003 5555 1133 5595 eum
1162 5537 1222 5593 in
1251 5538 1376 5610 lege
1405 5544 1463 5594 et
1488 5555 1553 5595 ex
1580 5540 1701 5612 lege
1731 5558 1899 5614 quam
1929 5560 2095 5617 saepe,
2181 5562 2351 5619 super
2377 5562 2486 5602 eos.
2509 5545 2646 5602 Inde
2675 5545 2848 5617 igitur
2873 5551 2961 5603 est
2988 5540 3136 5619 quod
3157 5544 3286 5602 Saul
3315 5546 3526 5615 petente
3548 5527 3712 5608 Ρορπιο
