3918 6166
232 281 347 342 937
917 286 1298 344 EXPOSITIO
1340 289 1419 345 IN
1455 286 1909 345 MATTHIEUM.
1953 317 2020 332 -
2059 290 2196 346 LIB.
2237 291 2360 358 XII,
2405 292 2562 347 CAP.
2602 240 2830 351 XXVII.

3400 299 3508 361 938

215 409 504 464 Jonathan
549 408 759 480 absque
787 410 1000 466 oﬁ‘ensa
1053 427 1182 467 cum
1224 416 1515 467 teneretur
1552 428 1684 467 reus
1714 428 1815 483 pro
1832 412 1883 473 A
1899 411 2079 484 ipsam
2104 414 2469 485 ﬂagellatam,
2490 417 2739 472 sentiens
2751 419 2872 488 jam
2899 419 3044 475 forte
3061 422 3319 492 passione
3343 425 3501 480 Chri-

213 502 391 568 gustu
420 497 619 564 mellis,
646 498 819 553 etiam
848 500 1119 571 prodente
1147 501 1282 566 Deo,
1317 518 1444 556 mox
1471 517 1503 555 a
1526 508 1705 555 morte
1734 517 1819 555 re-
1898 502 1971 555 sti
2001 519 2061 556 se
2084 503 2357 574 superari,
2387 520 2454 557 ac
2496 505 2770 560 mundum
2807 507 3028 562 salvari.
3073 510 3284 566 Idcirco
3322 514 3502 583 egerit

214 587 408 653 laxat;
436 603 605 658 quem
629 587 955 643 decreverat
977 590 1149 644 etiam
1167 607 1296 645 cum
1319 592 1662 661 juramento,
1687 591 1818 645 licet
1899 596 2019 644 arte
2069 609 2173 646 sua
2219 598 2284 646 ut
2337 592 2594 647 Christus
2631 594 2969 651 liberaretur
3016 614 3123 669 per
3164 600 3497 669 mulierem;

214 675 373 730 ﬁlius
399 677 522 747 ejus
549 682 715 742 esset,
743 678 876 732 Saul
896 678 1229 734 interﬁcere.
1255 680 1364 734 Sed
1387 686 1575 734 tamen
1590 684 1818 751 petente
1908 685 1947 745 1
1974 685 2154 746 [53
2172 697 2284 735 non
2314 681 2461 751 quod
2480 681 2550 735 de
2576 688 2757 737 morte
2776 685 2897 754 ejus
2925 689 3272 754 curaret,sed
3291 695 3356 744 ut
3373 706 3499 744 reos

212 766 429 837 populo
457 766 650 832 Israel,
669 782 835 837 quem
850 766 1085 838 parabat
1097 768 1430 834 interﬁcere,
1461 768 1729 823 relaxavit
1745 768 1818 822 ad
1900 785 2040 838 quos
2058 768 2285 823 tenebat
2297 770 2542 840 captivos
2561 770 2619 823 in
2635 778 2893 837 mortem,
2915 791 3015 844 per
3028 782 3268 831 mortem
3285 778 3496 833 Christi
3572 839 3576 842 ,

211 854 415 909 vitam.
447 855 557 909 Pro
586 855 793 910 talibus
822 856 993 910 etiam
1021 863 1079 912 et
1106 857 1429 927 hujusmodi
1463 857 1665 921 causis,
1698 874 1819 911 mos
1900 870 1973 908 ne
2002 856 2307 910 amitteret.
2341 856 2451 910 Alii
2500 874 2627 911 vero
2655 858 2852 913 dicunt
2878 860 3128 918 bonitate
3156 865 3257 919 Dei
3284 865 3498 921 factum

212 942 455 998 inolevit
497 943 557 997 in
604 944 849 999 Ecclesia
880 945 1108 1012 Christi,
1137 963 1239 1017 pro
1279 948 1390 1001 reis
1421 952 1476 1001 et
1507 946 1816 1010 sceleratis,
1900 943 2091 1009 fuisse,
2130 944 2275 998 sicut
2303 961 2469 1015 quam
2487 962 2633 1017 saepe
2647 948 3002 1017 gentilibusa
3026 952 3142 1006 Deo
3159 954 3375 1009 somnia
3399 972 3491 1010 re-

213 1046 337 1085 non
363 1031 546 1085 solum
570 1032 790 1101 judices
814 1034 1001 1088 saeculi
1020 1033 1092 1088 ad
1108 1034 1279 1088 vitam
1299 1034 1606 1105 deprecari,
1625 1050 1820 1088 verum
1900 1032 2085 1087 velata
2112 1032 2396 1102 leguntur,
2456 1040 2519 1088 ut
2546 1034 2603 1089 in
2632 1052 2803 1091 uxore
2832 1038 2999 1092 Pilati
3024 1040 3311 1110 gentilitas
3347 1043 3500 1101 desi-

215 1118 399 1175 etiam
432 1125 491 1174 et
526 1120 705 1175 Deum
746 1121 993 1192 judicem
1037 1123 1425 1177 universorum
1474 1122 1544 1177 ab
1576 1122 1821 1177 Ecclesia
1898 1128 2123 1191 gnetur,
2158 1138 2280 1192 quae
2301 1122 2520 1191 justum
2544 1123 2844 1180 Dominum
2880 1129 3215 1195 conﬁtendo,
3239 1135 3298 1184 et
3324 1131 3499 1185 etiam

212 1209 573 1281 interpellari
601 1227 703 1280 pro
731 1210 1133 1281 peccatoribus,
1164 1218 1230 1266 ut
1270 1213 1560 1267 solvantur
1583 1229 1617 1266 a
1640 1212 1819 1283 culpis
1902 1210 2288 1264 testimonium
2335 1211 2433 1264 dat
2486 1212 2557 1264 ad
2587 1212 2755 1267 ﬁdem
2792 1231 2905 1269 non
2934 1217 3309 1273 credentibus.
3342 1220 3497 1282 Qua-

213 1303 274 1351 et
302 1297 1112 1365 redonenturadveniam,cui
1137 1300 1702 1372 nunquamjuresine
1722 1317 1821 1371 spe
1902 1302 2131 1369 propter
2178 1298 2359 1352 noluit
2406 1300 2748 1370 evangelista
2791 1305 3078 1373 praeterire
3126 1322 3247 1360 rem
3292 1307 3494 1364 divinae

214 1385 395 1440 veniae
424 1386 789 1458 supplicatur.
809 1390 1089 1444 Habebunt
1104 1396 1290 1444 autem
1308 1395 1441 1443 tunc
1456 1394 1706 1443 vinctum
1727 1393 1821 1443 in-
1903 1386 2282 1456 providentiae,
2314 1387 2541 1442 laudem
2579 1388 2785 1443 Christi
2816 1392 3214 1461 continentem,
3248 1395 3381 1466 quia
3407 1396 3495 1450 di-

210 1477 455 1543 signem,
479 1478 579 1544 qui
613 1477 899 1530 dicebatur
922 1481 1222 1533 Barrabas.
1255 1480 1613 1545 Gongrcgatis
1633 1485 1820 1533 autem
1900 1479 2107 1544 gnatus
2162 1481 2248 1529 est
2276 1492 2376 1546 per
2404 1476 2585 1530 visum
2616 1484 2939 1534 convertere
2987 1481 3059 1535 ad
3095 1483 3498 1539 confessionem

212 1565 499 1618 illisdixit
525 1566 770 1619 Pilatus:
813 1567 981 1633 Quem
1010 1571 1178 1622 cultis
1194 1570 1478 1622 dimittam
1493 1571 1658 1633 vobis,
1684 1570 1819 1622 Bar-
1902 1564 2069 1618 Pilati
2122 1580 2371 1630 uxorem,
2431 1565 2574 1619 forte
2601 1583 2724 1637 quae
2753 1584 2855 1638 per
2882 1568 3063 1623 visum
3094 1588 3259 1641 passa
3287 1579 3391 1639 est,
3424 1589 3496 1629 ne

210 1653 419 1707 rabam
444 1655 738 1717 anJesum,
758 1656 858 1723 qui
874 1655 1085 1708 dicitur
1104 1656 1355 1709 Christus
1378 1662 1402 1709 ?
1430 1655 1705 1710 Barrabas
1726 1672 1823 1710 au-
1902 1653 2145 1723 amplius
2171 1658 2478 1724 pateretur.
2513 1655 2751 1726 Propter
2780 1658 2949 1727 quod,
2981 1664 3046 1712 ut
3073 1659 3207 1727 dixi,
3259 1677 3498 1732 evange-

209 1746 333 1795 tem
366 1747 408 1805 ι
431 1744 778 1831 ιτιββιίω
793 1744 1057 1809 magistri
1071 1758 1263 1797 eorum
1292 1743 1882 1831 interpretatur,quiB
1901 1738 2035 1831 lista
2089 1756 2202 1793 non
2259 1741 2527 1811 exposuit.
2548 1742 2746 1809 visum,
2778 1749 2844 1797 ut
2872 1745 3149 1815 ampliora
3190 1748 3259 1803 de
3290 1749 3498 1820 pietate

209 1834 452 1902 propter
469 1830 798 1885 seditionem
821 1836 880 1884 et
892 1831 1192 1886 homicidia
1200 1832 1383 1887 fuerat
1394 1834 1817 1898 condemnatus;
1836 1826 1876 1831 ”
1903 1826 2110 1881 Christi
2139 1829 2307 1883 liceat
2324 1828 2485 1883 nobis
2504 1830 3051 1901 cogitare.Quoniam
3065 1834 3287 1890 beatam
3305 1837 3501 1892 dicunt

212 1924 272 1973 et
299 1918 435 1973 ideo
488 1918 727 1989 insignis
772 1918 979 1973 dicitur
1018 1919 1190 1975 fuisse
1230 1937 1344 1975 non
1372 1921 1689 1988 virtutibus,
1723 1921 1822 1976 sed
1903 1916 2068 1971 Pilati
2098 1933 2355 1980 uxorem,
2388 1934 2510 1989 qua:
2539 1936 2641 1991 per
2668 1919 2846 1974 visum
2875 1937 3040 1991 passa
3069 1927 3155 1977 est
3181 1924 3359 1978 multa
3374 1941 3501 1995 pro-

211 2007 372 2061 vitiis
402 2013 462 2062 et
483 2007 834 2062 criminibus.
867 2008 1045 2071 Quem
1068 2008 1284 2064 Pilatus
1310 2010 1452 2065 forte
1467 2011 1538 2065 ad
1568 2011 1671 2065 hoc
1690 2027 1821 2065 eum
1904 2010 2031 2076 pter
2048 2006 2263 2073 Jesum,
2296 2012 2353 2060 et
2381 2007 2590 2078 recepit
2617 2024 2719 2078 per
2746 2008 2926 2063 visum
2957 2026 3082 2081 qua:
3109 2017 3231 2066 erat
3260 2029 3499 2083 passura

210 2096 393 2151 talem
444 2096 618 2167 elegit
666 2096 815 2151 inter
858 2102 1089 2153 ceteros
1137 2098 1234 2169 qui
1262 2098 1599 2153 tenebantur
1622 2099 1722 2157 rei~
1756 2103 1821 2153 ut,
1899 2089 1959 2144 in
1986 2091 2099 2146 vita
2112 2109 2235 2147 sua.
2263 2093 2341 2148 Ex
2370 2110 2480 2164 quo
2508 2095 2703 2150 volunt
2730 2096 2959 2166 quidam
2989 2098 3192 2165 dicere,
3216 2102 3364 2170 quod
3384 2118 3498 2156 me-

210 2185 550 2239 immanitas
569 2185 845 2240 scelerum
873 2186 998 2256 ejus
1020 2192 1245 2257 cogeret
1262 2188 1482 2242 Judaeos
1502 2189 1691 2241 Jesum
1719 2203 1819 2257 pe-
1900 2180 2008 2234 lius
2034 2187 2119 2235 est
2147 2182 2395 2253 recipere
2406 2182 2651 2253 aliquem
2673 2185 2822 2238 mala
2841 2186 2899 2239 in
2912 2186 3226 2258 visu,quam
3248 2190 3496 2261 recipere

210 2278 356 2340 tere,
390 2280 449 2329 et
465 2273 774 2329 Barrabam
785 2274 843 2328 in
859 2280 1099 2329 mortem
1119 2276 1363 2330 tradere,
1381 2276 1468 2330 Ad
1488 2276 1593 2331 hoc
1613 2275 1818 2347 quippe
1900 2267 1959 2322 in
1970 2269 2245 2333 vita.Quis
2262 2271 2409 2325 enim
2428 2272 2533 2326 hoc
2543 2288 2655 2326 non
2683 2273 3049 2343 eligeret,nisi
3068 2275 3209 2331 forte
3224 2278 3501 2348 quiasunt

212 2364 387 2417 oﬁ'ert
417 2363 500 2417 eis
526 2362 814 2434 optionem
850 2364 1171 2418 dimittendi
1201 2381 1369 2436 quem
1397 2365 1619 2430 vellent,
1652 2365 1821 2418 latro-
1902 2357 2066 2411 multi
2097 2357 2299 2428 quibus
2328 2361 2586 2431 expediat
2614 2362 2830 2416 acriora
2850 2363 3099 2435 recipere
3135 2365 3195 2420 in
3232 2366 3348 2421 vita
3373 2384 3496 2436 sua,

212 2468 348 2506 nem
373 2457 493 2506 tam
509 2452 866 2517 sceleratum,
889 2469 961 2506 an
981 2453 1193 2519 Jesum,
1210 2469 1319 2508 non
1345 2453 1610 2508 dubitans
1627 2453 1818 2507 Jesum
1901 2446 2088 2516 potius
2118 2463 2287 2517 quam
2314 2448 2521 2503 leviora
2551 2449 2607 2503 in
2631 2450 2789 2504 visu?
2811 2452 3147 2508 Consolatur
3164 2470 3297 2525 ergo
3325 2456 3500 2511 Laza-

214 2541 412 2612 potius
429 2540 772 2612 eligendum,
807 2557 978 2612 quam
1007 2558 1138 2596 eum
1164 2542 1260 2613 qui
1290 2542 1463 2596 tantis
1493 2541 1819 2605 criminibus
1900 2551 2017 2600 rus,
2051 2541 2110 2589 et
2139 2536 2440 2607 requiescit
2466 2538 2525 2592 in
2571 2537 2786 2593 sinibus
2820 2540 3079 2607 Abrahae,
3140 2543 3275 2614 quia
3301 2545 3502 2616 recipit

213 2629 526 2685 tenebatur
566 2646 713 2684 reus.
770 2630 992 2685 Sciebat
1022 2631 1173 2685 enim
1215 2631 1564 2686 solummodo
1592 2636 1822 2702 propter
1902 2623 2053 2677 mala
2081 2624 2138 2677 in
2168 2625 2282 2679 vita
2310 2643 2431 2691 sua,
2464 2632 2523 2680 et
2579 2644 2693 2682 non
2722 2628 2839 2683 haec
2877 2630 3028 2684 mala
3055 2648 3178 2702 qua:
3205 2633 3418 2704 recepit
3444 2634 3502 2689 in

216 2718 495 2772 invidiam
518 2735 647 2773 eum
662 2719 962 2787 traditum;
986 2724 1043 2774 et
1067 2720 1279 2774 nullam
1303 2720 1471 2774 aliam
1485 2719 1823 2775 crucisChri-

1907 2712 2025 2766 visu
2083 2730 2185 2767 suo
2215 2719 2272 2768 et
2299 2714 2355 2769 in
2386 2715 2643 2770 sensibus
2672 2717 2807 2771 suis.
2851 2718 3052 2772 Utrum
3093 2725 3307 2791 tamen,
3337 2723 3423 2776 vel
3451 2723 3500 2777 si

213 2808 285 2862 sti
313 2824 554 2861 causam
581 2824 722 2874 esse,
747 2824 916 2879 quam
933 2808 1120 2863 odium
1144 2815 1201 2863 et
1223 2809 1628 2863 invidiam,Sed
1660 2808 1825 2863 mise-
1905 2799 2132 2855 initium
2164 2802 2423 2858 habuerit
2449 2806 2825 2860 conversionis
2852 2807 2923 2860 ad
2953 2808 3130 2862 Deum
3160 2809 3276 2865 haec
3296 2811 3500 2866 mulier

214 2897 263 2951 ri
286 2895 498 2962 Judaei,
529 2896 625 2967 qui
654 2896 723 2950 de
751 2912 853 2951 suo
881 2902 1043 2951 reatu
1073 2897 1233 2951 nobis
1281 2898 1506 2969 aliquod
1536 2898 1825 2952 instruunt
1907 2906 1973 2944 eo
1998 2892 2147 2962 quod
2176 2898 2406 2964 propter
2431 2895 2622 2949 Jesum
2652 2897 2831 2949 multa
2881 2913 3044 2967 passa
3070 2898 3144 2953 sit
3169 2916 3271 2970 per
3294 2901 3497 2970 visum,

214 2990 729 3050 sacramentum,et
751 3002 881 3040 eum
919 2985 1136 3056 eligunt
1154 2986 1249 3057 qui
1268 2992 1499 3058 propter
1518 2986 1823 3041 seditiones
1846 3048 1882 3058 Α
1905 2979 2055 3034 Deus
2068 2980 2384 3036 scit.Unum
2412 2971 2605 3037 tamen
2622 2984 2849 3049 scimus,
2871 2986 3002 3056 quia
3023 2987 3266 3043 Ecclesia
3292 2990 3505 3046 Christi

216 3078 273 3128 et
298 3073 478 3139 bella,
508 3048 725 3128 necnon
745 3078 802 3128 et
828 3048 1131 3128 homicidia
1151 3048 1295 3128 facta
1321 3048 1451 3129 reus
1480 3080 1620 3141 erat,
1656 3080 1714 3130 et
1732 3048 1884 3129 re-C
1909 3085 1976 3122 ex
2014 3069 2297 3138 gentibus,
2332 3088 2455 3141 quae
2504 3072 2806 3143 aliquando
2837 3048 2943 3128 iuit
2994 3091 3134 3129 uxor
3185 3076 3373 3143 Pilati,
3403 3096 3505 3151 per

216 3163 469 3233 pudiant
494 3163 683 3218 Jesum
703 3162 806 3218 Dei
824 3162 1049 3226 Filium,
1084 3164 1180 3234 qui
1213 3170 1299 3219 est
1324 3164 1483 3219 nobis
1513 3181 1618 3236 pax
1647 3181 1683 3218 a
1710 3165 1826 3219 Deo
1911 3173 2077 3227 quem
2109 3158 2366 3214 diabolus
2394 3160 2761 3231 signiﬁcatur,
2789 3163 2909 3232 jam
2939 3179 3052 3217 non
3077 3164 3200 3235 ejus
3228 3182 3368 3222 uxor
3394 3173 3504 3239 est,

217 3252 1013 3319 Patreconstitutus,verbum
1036 3253 1207 3307 Deiet
1229 3253 1506 3324 sapientia
1528 3254 1728 3308 Patris.
1753 3253 1824 3307 Hi
1909 3246 2002 3300 sed
2035 3246 2263 3313 Christi,
2296 3249 2387 3303 cui
2416 3266 2517 3320 per
2547 3250 2713 3305 ﬁdem
2736 3251 3012 3321 passionis
3041 3255 3343 3324 conjuncta
3370 3262 3457 3312 est
3483 3277 3499 3327 ;

219 3357 356 3413 ergo
372 3341 489 3395 duo
507 3357 634 3396 cum
649 3341 764 3395 sint
775 3341 945 3396 vincti
969 3342 1028 3396 in
1047 3341 1215 3396 rebus
1228 3342 1491 3397 humanis
1509 3348 1567 3396 et,
1577 3342 1823 3413 οοισροιυί-
1909 3339 1967 3388 et
1984 3335 2107 3405 ipsa
2123 3353 2225 3407 per
2237 3337 2407 3391 ﬁdem
2423 3339 2677 3393 conﬁteri
2689 3340 2885 3407 Deum,
2910 3346 2968 3395 et
2985 3341 3256 3398 advocare
3281 3345 3353 3399 ad
3373 3362 3505 3402 eum

218 3430 344 3497 bus,
385 3430 524 3501 quia
551 3431 702 3485 Deus
720 3430 890 3485 homo
910 3431 1090 3485 factus
1114 3436 1216 3497 est,
1243 3432 1619 3502 priorscilicet
1644 3431 1823 3486 Adam
1907 3439 2272 3495 quoscunque
2301 3431 2488 3497 potest
2517 3443 2630 3481 non
2659 3434 2859 3482 cessat.

219 3524 275 3573 et
300 3518 783 3573 novissimus.Sed
810 3519 1159 3590 populusille
1178 3518 1426 3590 perﬁdus
1444 3535 1665 3589 semper
1685 3520 1824 3574 Bar-
1986 3518 2263 3584 Principes
2292 3519 2478 3568 autem
2503 3517 2846 3570 sacerdotum
2875 3523 2924 3571 et
2951 3522 3193 3576 seniores
3215 3538 3504 3592 persuase-

219 3608 423 3663 rabam
444 3607 732 3663 absolvere
749 3613 1167 3679 rogat,propter
1181 3624 1345 3679 quem
1363 3624 1474 3662 non
1495 3612 1716 3662 cessant
1734 3624 1823 3662 se-

221 3696 471 3752 ditiones
488 3696 691 3762 facere,
708 3696 1006 3751 latrocinia
1026 3712 1250 3768 quoque
1265 3703 1323 3750 et
1348 3695 1669 3762 homicidia,
1694 3696 1827 3767 quia

222 3802 332 3841 non
363 3790 521 3840 recte
548 3784 776 3857 sapiunt
790 3786 861 3839 de
883 3786 1035 3850 Jesu,
1062 3802 1165 3839 nec
1191 3785 1501 3839 creduntin
1522 3785 1825 3839 eum.Nam

222 3874 278 3928 in
308 3875 509 3930 anima
538 3874 598 3928 in
628 3891 741 3945 qua
757 3891 871 3929 non
901 3879 989 3928 est
1016 3875 1198 3937 Jesus,
1221 3875 1334 3929 illic
1364 3874 1668 3928 seditiones
1693 3879 1826 3927 sunt

223 3969 278 4017 et
298 3964 433 4017 lites
455 3979 523 4017 ac
542 3963 826 4017 scandala.
854 3962 960 4018 Ubi
980 3968 1168 4017 autem
1184 3968 1270 4017 est
1289 3964 1315 4016 J
1322 3978 1468 4025 esus,
1495 3967 1582 4016 est
1596 3961 1824 4032 quidem

224 4050 281 4105 in
309 4051 398 4105 eis
442 4067 649 4122 corpus
678 4056 967 4106 mortuum
1000 4056 1231 4122 propter
1257 4055 1567 4121 peccatum,
1593 4049 1826 4120 spiritus

223 4145 415 4195 autem
442 4139 559 4193 vita
586 4145 817 4210 propter
836 4139 1138 4210 justitiam.
1170 4139 1242 4193 Et
1264 4144 1397 4192 sunt
1422 4137 1629 4191 ibidem
1657 4137 1825 4192 simul

223 4228 417 4283 omnia
430 4227 601 4293 bona,
615 4232 673 4282 et
689 4226 1130 4282 innumerabiles
1142 4226 1349 4281 divitia:
1366 4225 1661 4288 bonitatis;
1684 4243 1824 4297 quo-

226 4318 378 4372 niam
418 4320 536 4387 ipso
562 4323 638 4371 est
655 4332 774 4387 pax
800 4320 990 4370 nostra
1011 4315 1401 4384 Christus,qui
1427 4317 1554 4383 fecit
1586 4319 1825 4384 utraque

1906 3611 2045 3662 runt
2086 3607 2288 3675 populo
2326 3608 2389 3656 ut
2412 3608 2655 3672 peterent
2686 3606 3209 3672 Barrabam,Jesum
3232 3627 3358 3665 vero
3381 3630 3505 3681 per-

1906 3698 2111 3749 derent.
2144 3693 2480 3761 Respondens
2507 3696 2693 3745 autem
2726 3709 2938 3761 praises,
2993 3697 3139 3750 dixit
3169 3700 3313 3752 illis:
3335 3701 3503 3767 Quom

1907 3786 2075 3837 cultis
2095 3783 2158 3836 de
2177 3782 2385 3834 duobus
2404 3781 2653 3833 dimitti?
2669 3782 2737 3835 At
2752 3784 2841 3835 illi
2860 3784 3154 3838 dixerunt:
3170 3788 3500 3844 Barrabam.

1908 3871 2051 3935 Quid
2080 3874 2270 3924 autem
2296 3867 2354 3921 in
2384 3869 2487 3921 hoc
2511 3867 2710 3933 dicam,
2737 3868 2846 3922 nisi
2874 3870 3008 3940 quia
3034 3888 3178 3942 pene
3206 3874 3503 3930 omnisini-

1908 3960 2092 4032 quitas
2113 3964 2170 4013 et
2207 3955 2588 4029 praevaricatio
2619 3956 2866 4027 plebium
2886 3975 2920 4012 a
2950 3959 3263 4017 senioribus
3286 3969 3374 4018 est
3399 3981 3501 4035 po-

1907 4049 2042 4120 puli,
2072 4063 2312 4119 quorum
2340 4045 2655 4100 excitantur
2694 4046 2858 4100 malis
2888 4048 2959 4102 ad
2989 4065 3155 4104 omne
3185 4058 3497 4121 peccatum,

1906 4153 2147 4209 quorum
2171 4136 2330 4200 velle,
2360 4151 2712 4205 quorumque
2738 4135 2903 4201 nolle,
2923 4153 3120 4192 omnes
3146 4140 3503 4197 considerant

1906 4237 1965 4280 et
1995 4225 2402 4296 obsequuntur.
2457 4223 2710 4278 Credunt
2761 4224 2912 4279 enim
2950 4225 3128 4282 turbae
3157 4228 3501 4301 principibus

1906 4315 2023 4370 suis
2050 4321 2108 4369 et
2156 4312 2559 4379 sacerdotibus,
2617 4329 2721 4367 nec
2767 4314 3007 4368 multum
3037 4315 3340 4372 intendunt
3366 4320 3502 4389 quid

226 4423 409 4461 unum
441 4405 657 4475 (Ephcs.
690 4420 751 4472 II,
778 4403 888 4474 14).
918 4406 968 4459 Α
996 4419 1107 4476 quo
1147 4404 1418 4458 nimirum
1449 4420 1679 4475 corpore
1700 4403 1826 4474 qui-
1843 4396 2114 4475 Dpraeses
2141 4402 2478 4467 velit,adhuc
2498 4401 2557 4455 in
2571 4400 2653 4455 eis
2681 4402 2837 4456 novis
2870 4408 3035 4457 utens
3062 4404 3500 4478 legibus.Neque

227 4511 449 4567 cunque
460 4495 615 4548 mala
632 4498 829 4564 agunt,
854 4493 1023 4548 soluti
1043 4498 1197 4559 sunt,
1214 4492 1472 4547 Christus
1487 4497 1675 4547 autem
1698 4509 1826 4547 cum

230 4585 343 4639 suis
369 4588 606 4638 tenetur
629 4582 849 4637 vinctus
888 4584 952 4636 in
981 4583 1205 4635 vinculo
1229 4584 1381 4650 pacis
1399 4582 1610 4650 (Ephcs.
1641 4595 1717 4646 Iv,
1747 4579 1819 4650 3).

229 4675 275 4727 Α
302 4689 417 4744 quo
447 4671 722 4727 nimirum
748 4670 988 4736 vinculo,
1011 4668 1307 4736 Barrabas,
1340 4670 1398 4724 id
1428 4675 1512 4724 est
1531 4672 1682 4737 ﬁlius
1711 4686 1827 4723 ma-

228 4763 393 4828 gistri
418 4776 634 4826 eorum,
670 4758 767 4830 qui
794 4758 911 4814 suis
939 4758 1266 4813 criminibus
1288 4762 1553 4812 tenentur
1579 4756 1821 4823 obnoxii,

230 4848 399 4903 soluti
423 4847 833 4903 relaxanturad
861 4846 1031 4901 vitam
1057 4846 1313 4918 pessimae
1335 4845 1687 4912 seditionis,a
1705 4845 1826 4916 qui-

229 4935 331 4993 bus
358 4938 419 4992 in
449 4936 654 4992 saeculo
700 4936 890 4991 omnia
918 4935 1067 4989 mala
1092 4939 1455 5006 generantur.
1487 4935 1709 4991 Sedente
1727 4951 1825 4988 au-

1907 4492 2119 4563 aliquid
2138 4492 2257 4562 ipse
2284 4496 2484 4557 tentat,
2509 4490 2616 4544 nisi
2647 4491 2997 4546 solummodo
3020 4494 3497 4564 persuasionibus,

1907 4581 2004 4635 sed
2026 4580 2133 4651 ipsi
2157 4580 2264 4635 sibi
2293 4580 2510 4650 eligunt
2528 4578 2854 4645 Barrabam,
2869 4581 3030 4650 cujus
3060 4582 3240 4653 magis
3258 4600 3501 4656 sequun-

1906 4674 2003 4723 tur
2022 4668 2338 4739 vestigia,et
2356 4668 2483 4722 ideo
2505 4668 2699 4722 volunt
2717 4667 3080 4724 eum‘habere
3099 4670 3207 4725 sibi
3226 4672 3495 4731 solutum.

1911 4760 2049 4813 Dicit
2082 4760 2197 4813 illis
2219 4760 2434 4812 Pilatus
2456 4776 2472 4811 :
2506 4759 2650 4824 Quid
2664 4773 2789 4825 ergo
2799 4758 3009 4824 faciam
3025 4760 3089 4813 de
3104 4762 3231 4814 Jesu
3243 4765 3344 4831 qui
3356 4766 3499 4818 dici-

1908 4852 2005 4901 tur
2017 4847 2292 4902 Christus?
2310 4848 2512 4901 Dicunt
2528 4845 3240 4915 omnes:0ruciﬁgatur,etc.
3258 4857 3295 4916 1
3321 4858 3358 4917 ι
3374 4858 3499 4918 54

1907 4934 2008 4989 Ille
2033 4933 2311 5005 siquidem
2340 4932 2458 4986 vult
2484 4931 2565 4986 eis
2592 4932 2862 5002 pudorem
2877 4938 3049 4988 tanta;
3070 4934 3385 5007 iniquitatis
3405 4938 3495 4993 in-

231 5032 335 5080 tem
351 5030 453 5082 illo
462 5042 568 5096 pro
599 5028 896 5090 tribunali,
910 5027 1065 5079 misit
1083 5026 1158 5078 ad
1177 5041 1300 5078 cum
1315 5040 1460 5077 uxor
1477 5025 1819 5092 ejus,diccns:
1904 5022 2217 5089 cutere,sed
2237 5022 2318 5075 illi
2343 5037 2455 5075 non
2481 5020 2664 5075 solum
2689 5037 2801 5075 non
2828 5021 3182 5091 erubescunt,
3215 5025 3347 5096 quia
3366 5042 3496 5082 eum

227 5115 386 5169 Nihil
405 5116 510 5170 tibi
527 5114 602 5168 sit
619 5119 670 5168 et
679 5117 835 5183 justo
854 5115 965 5176 illi;
991 5115 1171 5167 multa
1190 5115 1340 5165 enim
1351 5128 1642 5181 passasum
1666 5113 1823 5167 hodie
1903 5112 2120 5167 Pilatus
2145 5112 2172 5165 J
2179 5127 2333 5166 esum
2364 5109 2649 5165 Christum
2677 5109 3064 5178 conﬁtebatur,
3088 5129 3283 5168 verum
3307 5115 3496 5171 admo-

226 5219 322 5273 per
367 5206 575 5269 visum,
624 5207 851 5271 propter
882 5204 1069 5256 illum.
1102 5200 1248 5265 Quid
1277 5206 1468 5255 autem
1496 5201 1698 5256 viderit
1724 5219 1826 5274 per
1906 5201 2040 5256 dum
2061 5199 2364 5271 impietatis
2399 5214 2513 5253 suae
2539 5198 2787 5252 furorem
2808 5207 3150 5270 exaggerant
3163 5206 3220 5257 et
3245 5202 3495 5260 clamant

230 5292 416 5347 visum
444 5308 561 5347 non
587 5290 817 5362 exponit
835 5290 1195 5361 evangelista,
1223 5290 1308 5343 vel
1336 5306 1372 5343 a
1400 5307 1510 5360 quo
1536 5306 1702 5361 passa
1729 5290 1820 5357 sit;
1907 5290 2172 5354 atrocius,
2196 5288 2315 5343 sine
2334 5289 2448 5342 ullo
2465 5287 2881 5342 retractationis
2900 5305 3157 5345 assensu:
3182 5291 3494 5365 Cruciﬁga-

229 5387 287 5436 et
341 5381 473 5437 ideo
528 5380 663 5435 data
716 5385 803 5435 est
860 5378 1098 5434 facultas
1125 5378 1333 5433 nostris
1362 5378 1526 5432 aliter
1550 5379 1637 5433 vel
1662 5379 1827 5434 aliter
1907 5384 2020 5432 tur.
2050 5376 2210 5441 Quod
2261 5376 2309 5431 si
2366 5376 2608 5447 denique
2636 5376 2928 5448 petiissent
2946 5378 3249 5434 Barrabam
3278 5381 3384 5436 sibi
3414 5383 3496 5437 di-

229 5471 380 5525 hanc
431 5469 705 5524 visionem
748 5467 1178 5541 interpretandi.
1241 5468 1394 5523 Unde
1442 5467 1697 5522 nonnulli
1739 5468 1825 5522 di-
1911 5467 2078 5534 mitti,
2126 5466 2261 5521 satis
2308 5471 2457 5522 esset
2483 5466 2555 5520 ad
2604 5466 2913 5538 impietatis
2952 5483 3067 5522 suae
3095 5475 3485 5539 augmentum.

231 5565 373 5616 cunt
401 5560 548 5615 hanc
586 5557 853 5614 visionem
882 5576 918 5614 a
962 5557 1184 5614 diabolo
1210 5556 1543 5625 immissum,
1578 5561 1635 5612 et
1661 5556 1733 5611 ab
1761 5574 1828 5613 eo
1910 5557 2070 5612 Nunc
2096 5561 2284 5611 autem
2306 5574 2337 5612 e
2380 5556 2660 5612 contrario
2703 5559 2760 5613 et
2787 5555 3068 5613 Christum
3098 5560 3385 5630 postulant
3423 5562 3496 5623 ad

496 5657 767 5719 PATBOL.
799 5655 978 5721 CXX.
3176 5658 3255 5721 3O
