3918 6166
1177 238 1236 292 S.
1278 231 1658 291 PASCHASII
1695 229 2058 285 RADBERTI
2094 227 2402 286 ABBATIS
2440 228 2938 287 CORBEIENSIS.

421 242 525 302 943
1177 238 1236 292 S.
1278 234 1658 291 PASCHASII
1695 234 2058 285 RADBERTI
2094 234 2402 286 ABBATIS
2440 234 2938 287 CORBEIENSIS.
3533 234 3613 295 944

418 369 472 439 (I
514 368 640 424 Cor.
687 381 763 433 xv,
809 367 925 435 21.)
976 364 1086 421 Sed
1133 366 1190 417 et
1235 357 1515 417 baculum,
1560 355 1626 405 ut
1655 349 1767 439 rite
1804 347 2209 439 PaschaAret.
2237 348 2352 403 Nec
2372 349 2657 404 immerito
2687 350 2881 421 igitur,
2902 350 3023 422 ipse
3048 349 3233 406 Simon
3270 358 3482 422 vocatur,
3500 361 3618 429 quod

418 435 785 522 celebremus,
826 471 953 510 cum
983 451 1221 508 Domino
1242 454 1435 502 tenere
1463 440 1730 495 debemus
1755 437 1814 492 in
1843 435 2021 490 mani-
2098 437 2507 509 interpretatur
2532 441 2781 493 obedicns
2801 459 2818 506 ;
2852 439 2985 511 quia
3012 456 3177 495 nemo
3203 457 3401 496 crucem
3434 445 3617 515 Christi,

394 544 543 606 ,bus.
568 544 715 609 Quia
742 541 1014 615 quidquid
1044 541 1166 594 leve
1191 536 1298 590 fuit
1324 534 1383 587 in
1411 529 1592 595 nobis,
1625 525 1898 598 quidquid
1921 541 2018 615 va-
2099 525 2210 615 nisi
2254 526 2564 582 obediendo
2594 533 2799 600 portat.
2832 529 3020 585 Unum
3052 547 3182 601 ergo
3226 537 3307 586 est
3346 531 3387 586 si
3418 533 3622 591 dicamus

418 650 588 688 cuum
639 638 698 688 et
742 614 949 686 vanum
993 634 1177 683 totum
1234 621 1546 678 amisimus,
1592 622 1659 671 ut
1706 616 1762 669 in
1819 614 2017 668 baculo
2101 614 2353 685 Simeon,
2381 622 2481 670 aut
2518 616 2733 679 Simon,
2766 617 2900 689 quia
2937 623 3237 690 utrumque
3279 636 3477 685 nomen,
3497 622 3625 693 juxta

418 720 626 775 Christi
654 724 1052 779 sustentemur,
1073 719 1130 767 et
1148 712 1302 782 virga
1330 707 1681 777 corrigamur
1694 701 2018 757 directionis
2098 704 2498 775 pr0prietatem
2511 705 2771 760 Hebraici
2801 707 3095 772 sermonis,
3119 707 3462 764 obedientiam
3479 718 3622 768 sonat.

414 813 540 870 Dei.
572 811 681 866 Sed
710 809 917 863 misera
943 805 1135 861 saeculi
1164 808 1432 876 potestas,
1466 807 1525 854 et
1547 814 1689 852 vana
1722 795 2017 849 hominum
2098 792 2170 846 Et
2194 792 2320 848 ideo
2353 811 2500 849 unus
2525 786 2720 849 eorum
2744 801 2874 867 post
2901 797 2930 851 J
2936 812 3094 851 esum
3124 813 3336 852 crucem
3359 797 3413 853 in
3440 801 3627 870 angar-ia

414 898 796 972 praesumptio,
835 902 879 962 ι
901 899 1083 962 [59
1106 910 1231 964 quae
1250 897 1472 945 tantum
1510 886 1774 941 innititur
1798 882 2018 955 pompis

414 987 631 1053 mundi,
673 991 731 1040 et
779 984 995 1038 calamo
1046 998 1205 1036 vana:
1236 975 1710 1052 praesumptionis,
1743 980 1808 1028 ut
1834 972 2017 1026 adhuc

411 1076 578 1131 hodie
605 1075 821 1129 calamo
849 1077 1016 1143 caput
1060 1072 1196 1126 Jesu
1229 1065 1544 1123 venerabile
1591 1062 1890 1135 percutiat.
1941 1059 2015 1115 Et

412 1165 548 1219 dum
574 1163 635 1217 in
663 1179 723 1216 se
751 1159 1072 1232 impiissimi
1090 1157 1344 1213 homines
1373 1155 1600 1223 erigunt
1617 1157 1814 1206 contra
1833 1151 2013 1205 Deum

410 1259 652 1325 patrem,
683 1256 855 1322 caput
892 1247 1198 1304 Salvatoris
1229 1244 1408 1300 nostri
1458 1254 1718 1314 (quorum
1764 1244 2013 1311 potestas

410 1356 558 1397 vana
583 1342 693 1409 est)
712 1339 924 1394 feriunt
951 1337 1188 1402 calamo,
1202 1345 1259 1388 et
1279 1337 1555 1387 conantur
1579 1332 1701 1401 ejus
1722 1330 2012 1384 destruere

409 1446 668 1502 regnum.
720 1429 859 1482 Ecce
888 1425 1153 1496 imposita
1183 1428 1270 1477 est
1299 1424 1432 1476 Jesu
1469 1420 1721 1490 chlamys
1758 1417 2015 1472 coccinea

410 1526 469 1574 et
495 1518 665 1573 vestis
692 1515 859 1569 simul
880 1529 1181 1585 purpurea,
1201 1528 1327 1567 ecce
1356 1510 1414 1564 in
1446 1509 1631 1580 capite
1662 1509 1789 1578 ejus
1809 1522 2016 1561 corona
2094 1506 2229 1561 Iutis
2258 1507 2862 1574 nostraamihilominus
2882 1508 3115 1580 angaria
3139 1508 3404 1580 probatur
3425 1509 3635 1564 esse.Sed

408 1607 626 1679 spinea,
645 1610 699 1659 et
728 1603 944 1658 arundo
974 1603 1033 1657 in
1048 1602 1279 1656 dextera
1300 1618 1313 1667 ;
1336 1604 1588 1653 attamen
1604 1596 1760 1651 ﬂexis
1777 1594 2015 1666 genibus
2031 1665 2074 1679 ﬁ
2095 1596 2124 1649 J
2130 1612 2257 1650 esus
2285 1596 2584 1666 dignanter
2602 1613 2727 1651 eam
2751 1597 2909 1668 prius
2937 1602 3143 1668 portat,
3178 1603 3236 1652 et
3260 1598 3317 1652 in
3338 1599 3489 1652 tinem
3513 1598 3563 1651 in
3586 1613 3636 1651 ea

408 1665 676 1751 adoratus
708 1692 982 1746 illuditur.
1024 1665 1309 1760 Susceptis
1350 1687 1526 1758 igitur
1551 1685 1732 1740 omnis
1759 1665 2009 1755 corporis
2031 1665 2214 1755 Bipse
2242 1665 2604 1757 cruciﬁgitur,
2655 1665 2825 1740 etiam
2872 1665 3323 1759 quotiescunque
3372 1686 3636 1742 membrum

405 1784 587 1840 nostri
613 1779 1055 1844 inﬁrmitatibus,
1079 1777 1393 1848 triumphat
1416 1781 1475 1829 et
1497 1773 1741 1829 ostendit
1785 1772 1920 1844 quid
1947 1772 2005 1826 in
2089 1773 2298 1827 Christi
2308 1773 2771 1845 aliquod,mundo
2787 1774 3135 1846 cruciﬁgitur
3150 1775 3273 1830 etei
3289 1773 3637 1831 munduscruci

404 1872 672 1929 membris
698 1869 814 1925 suis
832 1868 1028 1923 fecerit
1040 1913 1052 1925 .
1078 1868 1215 1922 Ecce
1242 1865 1496 1920 omnium
1514 1869 1835 1918 sanctorum
1851 1878 2003 1915 mar-
2085 1862 2285 1917 afﬁxus
2303 1864 2672 1917 tenetur.Nec
2684 1864 2790 1919 hoc
2818 1863 2993 1935 igitur
3010 1870 3172 1920 vacat
3194 1882 3229 1919 a
3256 1864 3503 1937 mysterio
3521 1863 3636 1935 quod

402 1969 595 2035 tyrum
629 1959 787 2025 ordo,
818 1974 1057 2029 quorum
1079 1972 1314 2026 regnum
1340 1954 1401 2008 in
1431 1970 1497 2008 eo
1528 1958 1669 2018 erat,
1709 1951 1858 2023 quod
1878 1951 2003 2022 glo-
2085 1952 2394 2006 secundum
2410 1953 2968 2020 Joannem,Christus
2983 1971 3211 2009 crucem
3228 1954 3526 2010 suamsolus
3541 1969 3632 2025 por-

402 2050 710 2107 riosissime
746 2046 1018 2118 sanguine
1067 2045 1250 2100 colore
1275 2042 1423 2097 cocci
1448 2040 1821 2113 perfunditur.
1867 2040 2007 2094 Ecce
2086 2044 2209 2093 tare
2247 2039 2469 2107 dicitur,
2499 2042 2809 2097 secundum
2847 2043 3095 2115 reliquos
3124 2060 3258 2097 vero
3279 2060 3387 2098 non
3414 2044 3533 2115 ipse,
3561 2041 3635 2095 sed

404 2139 809 2211 prophetarum
839 2151 904 2189 ac
928 2132 1379 2205 patriarcharum
1416 2146 1688 2185 numerus
1722 2144 2004 2201 purpureo
2085 2127 2230 2183 alius
2249 2145 2374 2183 eam
2391 2136 2621 2201 portans
2636 2131 3184 2200 introducitur;sicut
3200 2140 3255 2188 et
3275 2131 3483 2204 quando
3494 2135 3637 2184 tenta-

402 2228 615 2283 honore
640 2223 895 2290 vestitur,
924 2222 1227 2293 spinisque,
1262 2220 1320 2274 id
1348 2224 1434 2273 est
1462 2217 1712 2273 omnium
1752 2222 2003 2288 peccato-
2084 2216 2723 2289 batur,quiasecundum
2739 2221 3026 2275 hominem
3042 2222 3303 2277 eamdem
3322 2221 3638 2276 tentationem

398 2332 531 2371 rum
549 2318 870 2368 nostrorum
890 2310 1099 2365 aculeis
1118 2313 1440 2369 coronatur,
1470 2311 1536 2361 ut
1563 2323 1665 2361 nos
1694 2305 1947 2359 evacuati
1969 2322 2004 2359 a
2085 2313 2409 2377 susceperat
2434 2308 2761 2378 unigenitus
2775 2310 2945 2377 Deus,
2960 2314 3077 2364 tres
3104 2309 3205 2365 isti
3225 2326 3348 2364 eam
3365 2312 3634 2380 exponunt:

400 2400 584 2467 malis,
599 2416 807 2455 corona
834 2399 894 2453 in
912 2398 1093 2470 capite
1117 2398 1240 2469 ejus
1260 2414 1380 2451 esse
1402 2395 1786 2467 possimusEx
1800 2393 2003 2465 quibus
2084 2393 2740 2467 Joannes,quiadivinam
2760 2399 2882 2468 ejus
2895 2404 3157 2453 naturam
3171 2395 3640 2471 susceperatexpla-

402 2488 662 2544 omnibus
686 2487 895 2543 Christi
924 2485 1157 2541 victoria
1181 2492 1239 2540 et
1262 2484 1523 2539 diadema
1542 2483 1876 2538 contexitur.
1912 2482 2004 2536 Sic
2086 2482 2352 2548 nandam,
2368 2483 2582 2538 nullam
2603 2500 2668 2538 ex
2684 2485 2881 2539 eadem
2905 2485 3224 2541 tentatione
3239 2485 3431 2540 habuit
3449 2482 3640 2538 mentio-

401 2594 623 2650 quoque
671 2583 729 2631 et
754 2577 813 2630 in
846 2576 1060 2630 calamo
1091 2574 1393 2628 inﬁrmitas
1441 2571 1693 2626 omnium
1720 2572 1997 2642 gentium,
2086 2586 2237 2623 nem.
2281 2570 2371 2625 Sic
2401 2577 2459 2625 et
2484 2572 2576 2626 hic
2601 2572 3019 2643 imponentibus
3049 2573 3164 2628 illis
3198 2574 3296 2647 qui
3322 2576 3642 2646 susceperunt

398 2673 570 2738 atque
596 2666 843 2720 inanitas
889 2681 1103 2729 eorum,
1149 2680 1324 2717 manu
1366 2661 1771 2733 comprehensa
1819 2660 2005 2715 Salva-
2088 2674 2467 2725 eum,crucem
2496 2677 2817 2732 suam,quze
2836 2662 3091 2717 omnium
3111 2668 3221 2731 est,
3237 2660 3641 2736 portansipseab

398 2755 539 2810 toris
559 2760 812 2822 sanatur,
840 2759 898 2808 et
928 2754 1189 2807 ﬁrmatur
1216 2757 1422 2806 natura
1447 2750 1697 2820 fragilis;
1727 2750 1811 2803 ita
1845 2766 2000 2803 com-
2082 2748 2238 2803 omni
2277 2749 2467 2804 labore
2495 2751 2657 2821 juxta
2676 2750 3048 2819 divinitatem,
3073 2769 3336 2822 egressus
3356 2756 3439 2808 est
3463 2749 3641 2806 liberin

395 2845 675 2916 prehensa
694 2859 869 2898 manu
896 2841 1124 2905 Christi,
1158 2840 1327 2894 etiam
1350 2838 1599 2909 pretiosa
1626 2837 1683 2891 in
1711 2837 1913 2908 capite,
1935 2853 2002 2891 ac
2081 2854 2212 2891 eum
2237 2838 2334 2908 qui
2358 2838 2564 2893 dicitur
2587 2840 2855 2894 Calvaria:
2878 2841 3052 2895 locus.
3077 2841 3476 2897 Verumtamen
3493 2844 3644 2912 portat

397 2934 447 2988 si
479 2949 684 2988 corona
714 2930 950 2996 decoris,
977 2928 1349 3000 resplendeat.
1384 2928 1449 2981 In
1478 2925 1681 2997 quibus
1715 2925 1996 2992 omnibus,
2024 2985 2065 3000 η
2084 2942 2212 2980 eum
2240 2926 2360 2997 ipse
2379 2927 2574 2982 Simon
2593 2927 3049 2984 factusobediens
3065 2929 3642 2997 DeoPatri,simulcum

397 3026 464 3076 ut
491 3021 625 3087 dixi,
659 3019 916 3075 Christus
1112 3016 1385 3082 illuditur,
1418 2985 1702 3082 adoratur,
1733 3014 1999 3069 adoratus
2021 2985 2352 3069 Cmemburis
2381 3016 2522 3084 suis,
2558 3017 2655 3088 qui
2683 3015 2787 3072 sub
2815 3018 3043 3073 nomine
3061 3018 3170 3073 hoc
3195 2985 3503 3087 censentur,
3517 3025 3567 3072 et
3580 3016 3646 3071 in-

397 3125 529 3163 vero
567 3108 626 3162 in
651 3108 832 3163 Deum
857 3105 1079 3162 colitur.
2083 3101 2384 3156 veniuntur
2411 3102 2470 3157 in
2500 3103 2607 3157 via.
2639 3105 2764 3176 Ipse
2792 3103 2899 3158 sibi
2918 3106 3083 3176 juxta
3112 3107 3387 3162 Joannem
3411 3112 3644 3177 tropaum

468 3199 740 3253 Exeuntes
772 3200 957 3249 autem
988 3197 1323 3249 invenerunt
1361 3194 1639 3247 hominem
1668 3192 1997 3260 Cyreneum,
2084 3206 2249 3244 suum
2280 3191 2454 3246 victor
2482 3192 2710 3259 attollit,
2741 3193 2878 3248 dum
2906 3210 3043 3248 crux
3071 3211 3247 3266 super
3273 3196 3525 3251 humeros
3548 3193 3647 3263 ejus

398 3284 1093 3349 nomineSimonem,hunc
1111 3285 1554 3349 angariaverunt
1574 3286 1636 3334 ut
1658 3284 2003 3335 tolleretcru-
2084 3278 2414 3350 imponitur,
2484 3285 2532 3335 et
2579 3282 2762 3349 factus
2814 3288 2913 3351 est,
2969 3283 3284 3338 secundum
3335 3283 3644 3357 praphetam,

399 3392 512 3430 cem
542 3377 673 3444 ejus.
701 3373 884 3427 Homo
920 3376 1111 3426 autem
1139 3370 1246 3424 iste
1275 3370 1345 3424 de
1377 3369 1594 3442 Cyrene
1612 3368 1784 3424 fuisse
1802 3386 2001 3425 narra-
2077 3372 2433 3438 principatus
2462 3371 2585 3440 ejus
2613 3386 2778 3440 super
2826 3372 3127 3427 humerum
3173 3376 3294 3443 ejus
3333 3376 3454 3443 (In.
3493 3386 3559 3438 ιι,
3582 3367 3646 3440 6).

397 3469 514 3529 tur,
531 3479 655 3535 quae
683 3467 767 3517 est
787 3460 1114 3532 Pentapolis
1141 3460 1308 3530 juxta
1329 3458 1587 3530 Libyam.
1616 3457 1693 3512 Et
1726 3458 1847 3512 ideo
1868 3458 2001 3530 quia
2080 3459 2226 3512 Nam
2249 3463 2523 3529 tropaeum
2544 3458 2745 3525 crucis,
2770 3459 2885 3515 sive
2914 3460 3128 3528 Simon,
3150 3461 3271 3518 sive
3298 3462 3416 3533 ipse
3434 3466 3649 3533 portave-

395 3568 669 3623 maguum
714 3551 774 3605 in
806 3566 871 3604 eo
901 3548 1176 3604 formatur
1199 3553 1633 3613 sacramentum,
1671 3546 1741 3601 ab
1766 3563 1998 3618 evange-
2078 3547 2173 3614 rit,
2234 3547 2294 3601 in
2341 3554 2694 3603 sacramento
2740 3565 2885 3620 pene
2937 3566 3117 3604 unum
3167 3557 3274 3618 est,
3326 3550 3574 3622 quoniam
3605 3551 3653 3601 et

395 3640 542 3695 listis
562 3645 677 3694 tam
707 3638 1028 3707 diligenter,
1046 3637 1170 3707 quis
1198 3636 1274 3690 sit
1301 3641 1359 3690 et
1387 3635 1534 3689 unde
1561 3634 1636 3689 sit
1658 3640 2000 3689 commenta-
2081 3635 2338 3691 Christus
2382 3636 2442 3690 in
2489 3637 2737 3703 homine,
2795 3643 2853 3693 et
2899 3639 3067 3693 homo
3099 3655 3228 3693 eam
3270 3636 3562 3711 portaverit
3602 3634 3649 3688 in

398 3735 512 3784 tur.
531 3729 665 3783 Erat
692 3727 845 3782 enim
874 3742 939 3780 ex
957 3723 1241 3796 gentibus,
1262 3724 1359 3795 qui
1378 3739 1490 3777 non
1519 3721 1756 3777 fortuitu
1776 3722 1997 3777 obviam
2081 3723 2325 3779 Christo.
2390 3724 2506 3780 Nec
2573 3725 2899 3781 discordant
2954 3727 3131 3798 igitur
3215 3727 3651 3799 evangelistarum

398 3818 571 3885 venit,
603 3817 701 3872 sed
723 3816 868 3871 sicut
897 3831 1043 3885 saepe
1073 3814 1208 3875 dixi.
1240 3830 1306 3868 ex
1333 3811 1688 3884 providentia
1716 3812 1837 3874 Dei,
1856 3818 1918 3867 ut
1938 3812 1997 3866 in
2082 3813 2393 3880 sententia},
2447 3814 2671 3885 quando
2723 3816 3028 3870 concordat
3081 3817 3437 3888 mysterium,
3492 3820 3546 3869 et
3577 3812 3652 3866 bo-

397 3925 465 3964 eo
505 3909 624 3978 jam
663 3910 1077 3960 monstraretur
1104 3902 1252 3974 quod
1278 3908 1476 3973 gentes
1521 3917 1743 3955 crucem
1785 3902 1998 3956 Christi

397 4003 623 4070 portare
652 3995 941 4060 deberent,
996 3998 1054 4047 et
1089 3991 1517 4062 comparticipes
1560 3989 1836 4061 passionis
1872 3991 1995 4061 ejus

326 4126 333 4131 -
398 4085 544 4142 ﬁeri.
577 4084 847 4153 Indignus
889 4081 1040 4136 enim
1085 4087 1208 4134 erat
1246 4079 1484 4150 quilibet
1508 4079 1733 4133 Judaaus
1770 4095 1994 4134 crucem
2082 4079 2285 4133 deinde
2314 4080 2660 4151 martyribus
2699 4081 3051 4152 erigendum,
3101 4088 3160 4137 et
3208 4082 3426 4138 cunctis
3451 4079 3650 4136 creden-

400 4173 611 4230 Christi
639 4176 887 4242 portare,
917 4171 1052 4240 quia
1075 4169 1207 4222 ﬁdei
1229 4168 1486 4238 gentium
1512 4174 1634 4222 erat
1673 4184 1999 4222 concessum
2083 4166 2233 4221 tibus
2272 4174 2309 4233 Ι
2336 4174 2503 4235 Io]
2544 4168 2905 4223 contradidit.
2935 4168 3055 4224 Nec
3082 4171 3353 4241 praecedit
3377 4169 3541 4239 igitur
3573 4162 3653 4236 qui

400 4277 525 4316 eam
555 4260 836 4329 suscipere
878 4264 937 4312 et
976 4262 1104 4328 post
1128 4258 1320 4311 Jesum
1365 4256 1530 4309 ferre.
1577 4257 1733 4310 Licet
1757 4258 2000 4312 Joannes
2082 4272 2304 4310 crucem
2328 4257 2537 4311 Christi
2572 4262 2781 4328 portat,
2811 4258 2911 4312 sed
2940 4259 3198 4330 sequitur
3224 4259 3373 4315 sicut
3407 4258 3521 4330 ipse
3544 4253 3647 4309 ait:

399 4348 604 4405 dixerit
631 4346 765 4420 quia
790 4350 1141 4414 susceperunt
1160 4348 1347 4398 Jesum
1376 4349 1424 4397 et
1452 4345 1762 4399 eduxerunt
1783 4363 1928 4413 eum,
1950 4352 1997 4400 et
2016 4340 2065 4398 D
2083 4345 2191 4411 Qui
2208 4347 2327 4399 vult
2335 4350 2455 4414 post
2476 4362 2561 4399 me
2577 4348 2779 4411 venire,
2805 4349 2960 4401 tollat
2991 4362 3209 4401 crucem
3234 4363 3399 4402 suam
3422 4352 3469 4399 et
3492 4357 3655 4412 sequa-

402 4441 660 4508 bajulans
689 4438 796 4491 sibi
815 4451 1031 4490 crucem
1055 4434 1189 4488 exiit
1218 4435 1281 4486 in
1301 4449 1425 4485 eum
1457 4434 1654 4497 locum,
1673 4437 1771 4502 qui
1790 4436 2003 4489 dicitur
2083 4437 2181 4485 tur
2202 4449 2287 4486 me
2313 4434 2469 4503 (Luc.
2506 4447 2583 4500 Ix,
2615 4432 2728 4503 23).
2759 4434 2886 4488 Νοη
2918 4434 3067 4489 enim
3094 4451 3283 4507 suam,
3305 4435 3404 4490 sed
3430 4437 3653 4488 nostram

400 4528 690 4592 Calvariz,
720 4529 912 4578 tamen
932 4536 1126 4574 verum
1142 4524 1226 4573 est
1245 4519 1394 4590 quod
1417 4519 1618 4590 reliqui
1645 4525 1761 4576 tres
1783 4522 1996 4589 dicunt,
2082 4526 2273 4592 portat
2289 4538 2539 4590 crucem;
2573 4530 2625 4577 et
2638 4523 2765 4577 ideo
2772 4522 3042 4594 jubemur
3064 4540 3170 4578 nos
3190 4530 3442 4579 nostram
3454 4527 3653 4595 portare

2098 887 2323 953 portare
2351 882 2611 953 festinat;
2644 885 2789 939 alter
2816 902 2948 941 vero
2985 886 3288 958 suscipiens
3317 904 3433 942 eum
3458 888 3508 943 in
3540 906 3629 943 ma-

2098 970 2263 1026 nibus
2289 973 2406 1027 suis
2441 974 2512 1028 ad
2552 975 2825 1046 templum
2855 977 3191 1045 Jerusalem,
3224 978 3482 1033 exsultans
3516 978 3627 1034 ferre

2096 1059 2246 1115 inter
2275 1059 2784 1133 brachia,quamvis
2821 1063 2942 1134 jam
2972 1080 3161 1131 senex,
3190 1065 3404 1134 gaudet.
3432 1063 3630 1137 Uterque

2093 1156 2286 1205 tamen
2314 1167 2508 1207 eorum
2541 1151 2851 1207 obediendo
2874 1152 3210 1224 promeruit,
3236 1159 3297 1208 ut
3315 1154 3495 1223 dignus
3507 1159 3630 1208 tanto

2094 1255 2329 1295 munere
2361 1246 2527 1306 esset,
2558 1257 2681 1311 quae
2707 1241 2839 1295 licet
2868 1242 3105 1311 angaria
3129 1247 3372 1312 vocetur,
3396 1258 3633 1314 nunquam

2093 1334 2285 1383 tamen
2314 1328 2501 1399 digne,
2535 1329 2645 1383 nisi
2673 1328 3005 1393 obediendo,
3032 1330 3243 1398 fertur;
3274 1347 3335 1384 ac
3356 1347 3449 1401 per
3471 1331 3558 1385 hoc
3578 1347 3629 1384 ex

2094 1419 2342 1482 nomine,
2369 1419 2499 1488 jure
2528 1416 2846 1472 obedientia
2865 1424 3114 1485 vocatur,
3146 1425 3206 1474 et
3230 1436 3294 1474 ex
3316 1425 3557 1491 praecepto
3570 1435 3634 1473 sa-

2082 3918 2189 3955 nus
2245 3901 2381 3955 ordo
2438 3901 2498 3956 in
2556 3920 2667 3974 quo
2721 3910 2916 3959 noster
2979 3905 3263 3976 perfectus
3328 3903 3651 3977 praedicatur.

2082 3990 2307 4060 quando
2334 3990 2490 4061 prius
2511 3991 2690 4046 crucis
2719 4008 2834 4047 sua:
2864 3998 3141 4064 tropaeum
3161 3993 3287 4065 ipse
3314 3994 3374 4048 in
3405 4009 3463 4048 se
3490 3989 3649 4059 erigit,

401 4614 537 4686 quia
554 4613 743 4668 exiens
762 4628 796 4665 a
821 4608 1083 4683 praetorio
1106 4607 1293 4674 Pilati,
1316 4608 1436 4680 ipse
1452 4607 1559 4662 sibi
1575 4609 1753 4680 prius,
1771 4616 1836 4666 ut
1852 4613 1996 4667 ratio

400 4708 543 4768 erat,
574 4699 836 4772 portabat
872 4714 1115 4764 crucem,
1161 4703 1227 4751 ut
1248 4698 1467 4752 veniret
1491 4704 1722 4768 portans
1769 4717 1892 4755 eam
1936 4701 1996 4756 in

399 4789 698 4860 Golgotha,
711 4804 820 4860 quo
839 4787 1247 4858 cruciﬁgendus
1274 4793 1414 4842 erat.
1428 4777 1517 4841 Ac'
1524 4804 1625 4858 per
1643 4787 1748 4843 hoc
1771 4795 1995 4845 utrum-

400 4895 510 4952 que
534 4893 728 4932 verum
757 4882 859 4942 est,
890 4876 1136 4947 primum
1165 4876 1315 4947 quod
1339 4876 1584 4931 Joannes
1612 4876 1764 4945 dicit,
1793 4878 1996 4935 deinde

400 4968 549 5041 quod
571 4966 827 5038 alii,quia
845 4972 1041 5038 postea
1063 4982 1192 5020 cum
1215 4964 1436 5020 obviam
1466 4965 1620 5020 venit
1643 4966 1838 5021 Simon
1876 4968 1990 5036 ille,

397 5055 725 5127 angariatus
744 5060 903 5109 estut
920 5054 1373 5108 tolleretcrucem
1394 5054 1423 5107 J
1427 5069 1526 5108 esu
1546 5070 1724 5126 usque
1748 5062 1791 5121 ι
1813 5062 1996 5123 [60

395 5145 470 5200 ad
495 5144 966 5214 locum.Congrue
981 5141 1209 5212 quidem
1225 5142 1655 5212 satis,quoniam
1686 5144 1715 5198 J
1720 5161 1819 5199 esu
1840 5146 1996 5217 prior

397 5249 524 5288 eam
551 5248 652 5302 pro
692 5231 855 5286 nobis
886 5229 1147 5302 portavit,
1177 5235 1314 5284 tunc
1341 5229 1565 5285 demum
1596 5231 1654 5285 in
1683 5232 1773 5287 via
1798 5251 1901 5305 pro
1927 5251 1992 5290 eo

396 5338 501 5377 nos
529 5336 654 5375 eam
679 5319 825 5375 ferre
854 5335 1079 5373 necesse
1111 5324 1214 5372 est.
1233 5318 1303 5373 Et
1328 5318 1388 5372 in
1405 5320 1509 5374 hoc
1537 5319 1658 5391 ipso
1687 5322 1998 5395 eodemque

396 5409 753 5476 facto,honor
780 5407 969 5478 regius
988 5405 1344 5478 praedicatur.
1365 5423 1437 5461 ne
1465 5408 1586 5462 sine
1605 5410 1865 5467 ministro
1881 5413 1995 5469 Rex

396 5500 467 5557 ad
497 5496 788 5554 victoriam
810 5496 1157 5569 procederet,
1182 5495 1277 5568 qui
1296 5494 1643 5570 triumphum
1662 5500 1785 5572 ejus
1798 5504 1996 5573 porta-

2082 4627 2323 4670 crucem.
2355 4610 2501 4675 Quia
2536 4618 2594 4665 et
2621 4611 2669 4666 si
2693 4628 2797 4667 sua
2842 4618 2947 4679 est,
2978 4613 3039 4667 in
3070 4629 3183 4685 qua
3226 4612 3477 4685 patiatur
3508 4609 3653 4664 homo

2076 4698 2447 4767 Deus,nostra
2472 4705 2666 4754 tamen
2691 4705 2779 4755 est
2797 4717 2910 4772 qua
2928 4700 3263 4756 redimimur
3290 4706 3350 4756 et
3376 4700 3651 4755 salvamur.

2077 4787 2290 4843 Idcirco
2318 4789 2465 4845 sicut
2490 4790 2640 4845 Deus
2668 4791 2876 4845 tentari
2905 4807 3018 4846 non
3040 4796 3248 4863 potest,
3278 4790 3359 4845 ita
3388 4804 3489 4845 nec
3520 4783 3646 4859 pati.

2076 4874 2237 4931 Unde
2280 4878 2511 4949 pulchre
2540 4879 2798 4934 Christus
2826 4895 3161 4935 ascensurus
3185 4894 3437 4949 crucem,
3464 4872 3654 4945 regalia

2076 4965 2762 5039 vestimentadeposuit,ut
2779 4967 2921 5024 scias
2943 4969 3104 5041 quasi
3121 4968 3410 5024 hominem
3428 4976 3648 5038 passum,

2076 5061 2256 5111 etnon
2273 5058 2433 5128 quasi
2454 5058 2633 5113 Deum
2645 5060 3017 5131 regem.Quia
3042 5066 3099 5115 et
3117 5060 3166 5115 si
3191 5065 3496 5129 utrumque
3515 5051 3653 5109 Chri-

2075 5146 2383 5216 stus,quasi
2407 5146 2577 5202 homo
2606 5154 2816 5216 tamen,
2843 5154 2901 5203 et
2929 5165 3043 5203 non
3073 5147 3234 5220 quasi
3262 5148 3435 5211 Deus,
3462 5140 3653 5198 cruciﬁ-

2074 5234 2247 5305 gitur.
2262 5235 2332 5289 Et
2342 5236 2487 5290 mira
2507 5237 2851 5309 dispensatio
2872 5237 2994 5306 Dei,
3022 5237 3253 5302 milites,
3269 5236 3329 5290 in
3357 5230 3652 5308 prophetia.

2080 5324 2412 5392 nescientes,
2446 5327 2733 5398 sapienter
2764 5327 2954 5383 sciunt
2999 5343 3111 5399 quo
3139 5332 3393 5397 tempore
3429 5321 3542 5387 illa,
3578 5317 3651 5370 vel

2079 5414 2270 5485 qualia
2297 5414 2519 5471 Christo
2547 5417 2880 5472 vestimenta
2899 5414 3253 5473 conveniunt.
3279 5415 3451 5470 Porro
3482 5407 3654 5465 Calva-

2074 5502 2173 5558 rize
2190 5503 2366 5573 locus,
2398 5504 2801 5563 decollatorum
2830 5512 2971 5578 erat,
3004 5511 3064 5563 et
3090 5518 3286 5563 eorum
3314 5501 3413 5575 qui
3439 5494 3652 5556 diversis
