3918 6166
274 336 382 393 945

1002 343 1382 406 EXPOSITIO
1421 352 1500 408 IN
1537 355 1984 417 MATTHIEUM.
2030 391 2092 404 —
2136 365 2275 421 LIB.
2317 366 2440 435 XII,
2484 368 2641 424 CAP.
2684 320 2906 429 XXVII.

3445 387 3550 444 946

260 460 321 578 in
348 465 593 578 mortem
618 462 1011 578 efﬁciebantur
1035 471 1392 549 cruciatibus.
1417 478 1501 534 Ibi
1530 497 1663 555 ergo
1683 485 1865 541 cruci-
1882 488 1933 549 Α
1950 490 2275 545 vestimenta
2303 494 2439 560 ejus,
2469 498 2673 547 sortem
2700 498 2993 554 mittentes.
3017 500 3135 556 Hoc
3167 519 3411 577 namque
3432 516 3539 578 est,

281 549 456 578 ...ξιη-
531 553 750 578 -..ε-η-..
791 571 824 578 --
869 555 883 578 2
903 557 1055 578 “-2-”
1084 576 1100 578 _
1158 577 1161 578 ,
1333 570 1342 578 .
1382 566 1397 578 .
1584 576 1588 578 Α
2075 575 2088 578 -
2114 576 2121 578 ξ

259 549 456 663 ﬁgitur
477 552 887 663 Dominuszubi
900 557 1058 628 prius
1077 576 1209 663 area
1228 570 1351 619 erat
1365 549 1780 639 damnatbrum,
1802 580 1865 629 ut
1945 575 2092 645 quod
2108 576 2166 630 in
2182 549 2404 633 Psalmo
2425 549 2544 650 ipse
2554 581 2623 635 de
2638 599 2697 636 se
2714 549 3538 663 per

257 638 340 693 ibi
369 639 727 711 erigerentur
755 643 1017 718 deinceps
1034 649 1591 727 vexillamartyrum.
1624 660 1693 715 Et
1720 678 1861 732 quo-

1940 662 2263 720 lliviserunt
2283 668 2392 720 sibi
2410 672 2729 724 vestimenta
2751 680 2949 738 mea,et
2970 693 3136 745 super
3152 662 3347 737 vestem
3359 700 3540 741 meam

253 728 429 783 modo
457 745 560 800 pro
579 731 743 787 nobis
771 734 1130 793 maledictum
1160 738 1339 796 factus
1367 750 1452 800 est
1478 745 1535 800 in
1563 763 1744 817 cruce,
1779 751 1859 805 sic
1942 754 2217 806 miserunt
2244 761 2446 810 sortem
2477 757 2644 823 (Psal.
2671 768 2781 827 xxi,
2819 760 2930 831 19).
2964 764 3122 821 Hanc
3150 784 3395 843 namque
3417 791 3543 845 pro—

253 834 357 845 “..-
393 819 641 845 Amat“...
675 822 852 845 --1--Λ-
928 827 1078 845 μ,-Α,ο
1132 844 1135 845 ν
1226 829 1237 841 ι
1341 831 1352 843 ο
1407 838 1414 845 .
1628 837 1640 845 .
1770 840 1794 845 .-
1978 839 1992 845 -
2077 841 2087 845 -
2370 843 2377 845 Α

250 834 359 888 pro
390 819 645 875 omnium
674 822 875 889 salute,
921 827 1082 896 quasi
1111 829 1309 886 noxius
1336 831 1487 887 inter
1515 837 1730 905 noxios,
1761 840 1857 894 fla-

248 905 499 975 gellatus
523 910 889 981 suspenditur
915 914 1152 971 medius.
1185 918 1255 972 Et
1273 920 1401 975 ideo
1429 939 1532 977 nec
1554 927 1854 985 verisimile

249 995 479 1088 videtur
490 996 642 1088 illud
670 1000 820 1071 quod
839 1003 1067 1073 quidam
1099 1007 1333 1063 tradunt
1361 1011 1431 1065 de
1459 1014 1660 1075 Adam.
1692 1020 1853 1088 quasi

244 1082 330 1137 ibi
357 1084 532 1140 fuerit
556 1088 828 1159 sepultus,
853 1096 917 1146 ut
943 1092 1244 1152 distillaret
1270 1101 1497 1171 sanguis
1527 1082 1734 1159 Christi
1753 1124 1851 1162 su-

244 1188 353 1243 per
378 1177 664 1231 tumulum
686 1177 881 1249 ipsius,
903 1187 960 1236 et
979 1182 1104 1237 ideo
1127 1185 1349 1242 dicatur
1376 1190 1529 1245 locus
1559 1192 1845 1261 Calvarize,

165 1333 174 1339 ~
240 1261 306 1316 id
335 1268 423 1317 est
449 1265 670 1336 capitis,
702 1275 931 1340 propter
958 1278 1127 1344 caput
1149 1274 1381 1332 humani
1411 1282 1655 1350 generis,
1679 1291 1741 1338 ut
1760 1302 1852 1339 re-

240 1353 658 1408 surrectionem
696 1356 965 1425 inveniat,
1010 1377 1139 1416 cum
1187 1367 1395 1436 populo
1439 1370 1716 1438 universo,
1749 1391 1852 1446 per

237 1441 722 1529 resurrectionem
749 1446 976 1516 Christi,
999 1453 1379 1524 protoplastus
1411 1456 1548 1529 ipse.
1569 1441 1847 1525 Quoniam

236 1526 643 1586 inconveniens
671 1538 811 1599 erat,
842 1541 909 1590 ut
926 1536 1107 1604 aiunt,
1126 1547 1190 1594 ut
1212 1558 1339 1596 cum
1359 1526 1520 1600 multi
1550 1564 1615 1601 ex
1641 1565 1706 1603 eo
1726 1552 1843 1607 nati

1938 839 2186 909 phetiam
2203 843 2452 914 apertius
2473 847 2716 902 Joannes
2738 851 3018 920 explanat,
3052 857 3148 925 qui
3165 858 3246 913 ait
3270 839 3544 931 quod-mi-

1936 929 2082 994 lites,
2130 938 2429 1003 postquam
2456 936 2850 994 crucifixerunt
2872 939 3180 1013 Christum,
3214 929 3539 1019 acceperunt

1934 1021 2254 1075 vestimenta
2278 1026 2416 1091 eius,
2450 1029 2499 1077 et
2529 1026 2778 1092 fecerunt
2811 1036 3054 1097 quatuor
3076 1040 3282 1102 partes,
3316 1042 3542 1095 unicui-

1934 1123 2035 1177 que
2064 1111 2241 1164 militi
2256 1118 2471 1179 partem
2493 1115 2674 1181 (Joan.
2694 1118 2804 1183 xix,
2831 1115 2922 1183 ‘23,
2947 1119 3059 1189 24).
3080 1124 3293 1179 Tunica
3320 1132 3531 1195 autem,

1933 1194 2066 1264 quia
2088 1202 2211 1251 erat
2247 1198 2597 1254 inconsutilis
2636 1208 2695 1257 et
2722 1220 3001 1262 asursum
3045 1211 3256 1267 textilis
3296 1231 3398 1285 per
3441 1222 3532 1272 to-

1932 1287 2075 1350 tum,
2100 1286 2373 1341 dixerunt
2400 1289 2476 1342 ad
2503 1292 2739 1345 invicem
2756 1312 2772 1345 :
2788 1293 2910 1348 Νοη
2930 1299 3259 1373 scindamus
3278 1319 3419 1372 eam,
3442 1308 3537 1362 sed

1930 1375 2239 1427 sortiamur
2266 1376 2330 1428 de
2358 1392 2419 1429 ea
2447 1381 2607 1445 cujus
2627 1382 2719 1433 sit.
2738 1379 2865 1436 Non
2898 1384 3047 1439 enim
3077 1403 3200 1442 eam
3231 1407 3428 1448 omnes
3448 1411 3536 1449 ac-

1929 1468 2219 1532 ceperunt,
2245 1463 2343 1517 sed
2371 1465 2466 1535 qui
2489 1467 2674 1521 sortiti
2703 1475 2836 1524 sunt
2858 1487 2984 1526 eam
3016 1480 3169 1530 sorte
3187 1477 3533 1538 hmreditatis

1928 1549 2156 1604 Christi.
2189 1552 2285 1606 Va:
2316 1553 2404 1607 his
2432 1555 2531 1624 qui
2578 1556 2724 1610 hanc
2771 1559 3026 1616 scindere
3058 1572 3336 1623 conantur
3376 1573 3534 1627 tuni-

236 1705 333 1760 nis
348 1707 595 1777 gratiam
616 1710 676 1764 in
701 1711 1028 1781 Christo,ne
1053 1719 1367 1791 magisipse
1385 1728 1548 1793 pater
1567 1727 1837 1791 omnium,
1924 1727 2031 1799 ipsi
2074 1730 2282 1785 milites
2309 1733 2750 1802 considerantes,
2782 1737 3040 1795 mirabile
3069 1705 3354 1814 Opificilim
3383 1748 3530 1804 fece-

236 1794 265 1814 ι
282 1811 311 1814 --
326 1797 357 1814 ο-
368 1812 378 1814 Α
492 1813 495 1814 ,
532 1797 569 1814 1ο
708 1805 717 1814 .
730 1800 743 1811 .
1856 1804 1898 1814 _

234 1794 571 1865 hujusmodi
597 1800 840 1869 gratiam
867 1813 1305 1876 consequeretur
1318 1827 1420 1881 per
1447 1813 1753 1879 Christum,
1777 1804 1901 1872 acB
1920 1822 2073 1871 runt.
2109 1819 2225 1873 Nec
2253 1823 2445 1874 tamen
2495 1838 2626 1877 eum
2673 1840 2866 1880 omnes
2914 1794 3267 1901 acceperunt,
3301 1836 3400 1891 sed
3430 1839 3529 1909 qui

234 1883 281 1909 ..2
302 1884 474 1909 εδει-..
500 1887 684 1909 ..-I...__
722 1905 829 1909 A__-
1175 1901 1184 1909 .
1280 1897 1292 1909 ο
1330 1899 1342 1909 .
1508 1902 1538 1909 ..
1590 1908 1594 1909 ,
1706 1906 1731 1909 μ
1802 1906 1813 1909 -
2043 1907 2053 1909 _

233 1883 475 1939 sialiter
498 1887 685 1943 salvus
714 1905 837 1945 esse
868 1908 979 1946 non
1004 1901 1209 1965 posset,
1238 1897 1346 1953 nisi
1366 1902 1674 1958 mentiatur
1698 1906 1840 1960 Scri-

231 1979 410 2049 ptura
431 1976 640 2045 divina,
658 1997 781 2052 quae
799 1981 936 2038 dicit
964 2000 1088 2039 eum
1122 1985 1179 2039 in
1211 1987 1434 2043 Hebron
1463 1991 1631 2046 fuisse
1657 1995 1839 2065 sepul-

228 2072 381 2122 tum.
415 2067 577 2133 Quod
605 2069 653 2124 si
702 2071 808 2125 hoc
835 2071 918 2126 ita
947 2079 1111 2141 esset,
1143 2092 1243 2131 cur
1280 2084 1337 2133 et
1371 2079 1467 2134 alii
1516 2097 1581 2136 eo
1628 2082 1688 2137 in
1716 2084 1836 2140 loco

226 2156 679 2213 damnarentur?
697 2161 775 2215 Ex
804 2178 914 2233 quo
941 2170 1173 2235 apparet
1204 2166 1485 2238 Golgotha
1514 2186 1624 2225 non
1644 2174 1835 2244 sepul-

224 2263 393 2301 crum
420 2247 592 2318 primi
613 2248 858 2305 hominis
873 2250 1059 2317 fuisse,
1081 2254 1179 2307 sed
1197 2255 1378 2310 locum
1406 2258 1829 2329 decollatorum,

221 2341 289 2390 ut
315 2336 558 2393 daretur
579 2338 875 2409 judicium,
905 2340 1001 2395 ubi
1025 2341 1276 2398 abundat
1303 2353 1612 2417 peccatum,
1630 2366 1830 2421 super-

217 2423 626 2482 abundandam
637 2444 758 2482 esse
781 2434 838 2483 et
848 2430 1182 2499 gratiam.Et
1193 2434 1463 2490 dederunt
1477 2440 1529 2490 ei
1543 2442 1737 2493 vinum
1753 2442 1830 2493 bi-

214 2515 341 2569 bere
369 2518 642 2592 cumj/‘ette
672 2519 924 2572 mistum.
957 2519 1025 2573 Et
1054 2536 1181 2574 cum
1209 2527 1495 2590 gustasset,
1536 2529 1718 2580 notuit
1751 2530 1829 2582 bi-

216 2605 363 2657 bere.
382 2605 500 2659 Hoc
511 2609 598 2659 est
610 2610 800 2660 autem
822 2609 1184 2677 myrrhatum
1206 2612 1405 2665 vinum
1427 2613 1574 2683 quod
1605 2616 1827 2673 Marcus

214 2693 317 2755 ait,
344 2693 484 2764 quia
501 2694 798 2749 Matthaaus
823 2697 899 2764 fet
920 2712 1021 2767 pro
1034 2702 1418 2754 amaritudine
1443 2702 1660 2772 posuit;
1691 2721 1827 2775 quo-

214 2782 378 2836 niam
408 2783 759 2854 myrrhatum
790 2784 980 2839 vinum
1019 2786 1437 2843 amarissimum
1464 2797 1551 2845 est
1581 2810 1594 2859 ;
1641 2810 1823 2864 quan-

213 2888 395 2942 quam
422 2871 545 2926 ﬁeri
584 2877 772 2944 potest
804 2878 870 2927 ut
897 2878 956 2928 et
994 2874 1067 2929 fel
1115 2891 1180 2930 ac
1223 2877 1415 2932 vinum
1445 2885 1505 2934 et
1533 2883 1820 2951 myrrham

210 2959 530 3028 miscuerit,
559 2967 624 3015 ut
679 2962 927 3017 amarius
982 2968 1147 3030 esset,
1181 2972 1458 3037 quatenus
1502 2968 1619 3024 hinc
1667 2972 1820 3042 potio

208 3067 445 3105 omnem
473 3051 908 3108 amaritudinem
938 3071 1134 3110 eorum
1163 3072 1331 3111 carne
1368 3064 1426 3112 et
1476 3061 1685 3129 anima,
1718 3080 1818 3118 seu

1920 1907 2150 1961 sortitus
2181 1913 2265 1962 est
2294 1925 2422 1963 eam
2449 1917 2600 1965 sorte
2627 1911 2792 1967 bona.
2818 1915 3015 1987 Neque
3042 1919 3219 1989 igitur
3242 1907 3527 1982 credimus

1919 1994 2148 2066 aliquod
2177 1997 2640 2054 vestimentorum
2674 2002 2797 2071 ejus
2817 2002 2875 2057 in
2914 2005 3027 2060 alia
3054 2008 3357 2078 partitione
3385 2030 3523 2069 con-

1918 2083 2172 2149 scissum,
2191 2085 2289 2139 sed
2315 2103 2491 2141 unum
2513 2089 2774 2160 quodque
2786 2107 2981 2146 eorum
3001 2093 3287 2166 integrum
3307 2101 3523 2157 unicui-

1917 2186 2026 2241 que
2055 2174 2452 2243 permansisse.
2484 2176 2909 2247 Verumtamen,
2954 2184 3145 2252 qualia
3172 2185 3272 2240 illa
3307 2187 3521 2245 fuerint

1913 2261 2247 2317 vestimenta
2275 2263 2625 2334 ignoramus,
2644 2267 2742 2321 sed
2772 2274 2985 2339 quanta
3004 2271 3064 2325 in
3093 2272 3173 2327 eis
3193 2274 3306 2330 sint
3333 2294 3518 2334 sacra-

1915 2356 2105 2404 menta
2151 2353 2294 2406 scire
2328 2353 2735 2413 desideramus.
2778 2355 3031 2420 Quorum
3064 2368 3253 2432 partes
3302 2366 3511 2437 singuli

1912 2438 2383 2507 evangelistarum
2401 2441 2585 2495 sortiti
2612 2448 2763 2509 sunt,
2780 2445 2879 2499 sed
2895 2462 3009 2501 una
3022 2447 3372 2507 inconsutilis
3384 2470 3515 2509 con-

1908 2530 2061 2579 texta
2088 2527 2332 2599 desuper
2360 2545 2462 2599 per
2485 2534 2689 2597 totum,
2723 2540 3019 2602 permanet
3044 2536 3163 2600 uni,
3190 2544 3228 2602 Ι
3255 2544 3437 2607 ιθ,
3454 2548 3514 2595 et

1909 2615 2169 2688 omnibus
2199 2634 2332 2671 una.
2355 2619 2436 2672 De
2464 2619 2667 2691 quibus
2696 2621 2943 2691 profecto
2972 2624 3237 2691 vestibus,
3262 2629 3359 2697 qui
3386 2631 3513 2683 nul-

1906 2703 2020 2758 lam
2043 2704 2147 2759 sub
2178 2707 2331 2760 omni
2360 2708 2633 2779 quadrato
2652 2709 2774 2763 caeli
2795 2711 3024 2765 cardine
3044 2718 3264 2783 partem
3290 2715 3507 2772 habue-

1906 2792 1983 2847 rit
2009 2794 2182 2848 miser
2210 2801 2314 2859 est,
2342 2797 2609 2867 quoniam
2638 2798 2824 2853 nudus
2844 2799 3130 2869 ambulat;
3152 2808 3207 2857 et
3232 2803 3328 2875 qui
3354 2806 3505 2877 quod

1905 2898 2099 2936 omnes
2120 2882 2331 2938 habent
2348 2884 2409 2938 in
2430 2885 2665 2951 unitate,
2698 2887 2953 2943 scindere
2985 2890 3242 2958 voluerit,
3272 2893 3505 2950 misera-

1902 2969 2068 3025 bilior
2096 2978 2200 3026 est.
2234 2973 2444 3028 Idcirco
2482 2966 2691 3029 Christi
2718 2977 3054 3033 vestimenta
3081 2980 3160 3034 sic
3186 2987 3338 3036 sorte
3367 2983 3504 3037 divi-

1901 3059 2080 3114 denda
2104 3066 2238 3116 sunt
2256 3062 2406 3117 inter
2423 3079 2635 3129 omnes,
2651 3070 2716 3119 ut
2737 3066 2923 3121 unitas
2944 3083 3059 3122 non
3079 3076 3497 3142 corrumpatur,

205 3140 446 3211 spiritus
476 3141 831 3212 exprimeret,
855 3159 956 3215 per
983 3161 1152 3215 quam
1183 3162 1319 3200 sane
1351 3148 1517 3219 plena
1542 3151 1816 3221 passionis
1834 3160 1878 3220 ο
1898 3147 2089 3219 sicque
2112 3150 2300 3205 unitas
2323 3152 2612 3219 servanda,
2630 3158 2695 3206 ut
2720 3154 2927 3225 singuli
2956 3162 3145 3227 partes
3173 3174 3305 3213 suas
3318 3167 3504 3215 custo-

206 3229 536 3284 amaritudo
565 3228 913 3302 designatur.
938 3233 1045 3288 Sed
1071 3234 1348 3305 Christus,
1371 3253 1499 3292 cum
1525 3245 1808 3307 gustasset,

213 3322 255 3384 ι
276 3324 321 3384 ι
336 3323 471 3385 62
492 3324 559 3374 ut
580 3337 824 3391 praesens
845 3323 1187 3394 evangelista
1214 3326 1483 3398 loquitur,
1508 3330 1690 3382 noluit
1728 3331 1812 3384 bi-

200 3407 344 3460 bere.
381 3405 451 3461 Et
472 3407 577 3462 hoc
600 3414 687 3463 est
713 3410 863 3481 quod
892 3411 1113 3466 Marcus
1132 3414 1231 3477 ait,
1248 3430 1361 3468 non
1387 3419 1609 3485 accepit,
1641 3416 1698 3470 id
1723 3423 1810 3472 est

196 3500 259 3549 ut
276 3494 524 3559 biberet.
559 3498 813 3569 quamvis
838 3501 1168 3570 gustaverit.
1196 3502 1267 3556 Et
1293 3503 1438 3557 mira
1465 3505 1805 3575 dispensatio

194 3583 295 3640 Dei
328 3584 414 3640 sic
443 3585 706 3643 universa
744 3587 1050 3660 dispensat,
1104 3595 1170 3646 ut
1217 3592 1460 3662 expletio
1499 3595 1806 3665 prophetiae

194 3673 552 3746 compleatur
569 3674 630 3729 in
658 3675 824 3742 facto,
846 3681 904 3730 et
931 3694 1021 3731 res
1048 3682 1210 3748 gesta
1238 3679 1428 3735 divina
1455 3682 1802 3737 demonstra-

200 3769 283 3818 ret
314 3768 693 3818 sacramenta.
726 3765 869 3819 Nam
900 3766 1053 3820 aliud
1076 3772 1164 3821 est
1178 3773 1427 3838 gustare,
1459 3775 1517 3824 et
1543 3771 1697 3826 aliud
1726 3771 1804 3827 bi-

196 3849 354 3906 bere.
392 3851 539 3916 Quia
570 3852 825 3923 gustavit
855 3854 1082 3925 quidem
1111 3861 1371 3922 mortem,
1405 3858 1503 3912 sed
1532 3860 1715 3914 noluit
1743 3861 1801 3916 in

198 3946 315 3996 toto
348 3957 478 3995 eam
497 3940 707 4009 bibere,
728 3942 994 4014 quoniam
1013 3943 1102 3999 die
1127 3945 1298 4000 tertia
1323 3949 1647 4003 resurrexit.
1679 3950 1800 4005 Suf-

199 4029 311 4083 ﬁcit
339 4030 495 4084 enim
527 4030 686 4085 nobis
726 4036 791 4086 ut
813 4038 1073 4103 gustaret
1100 4051 1201 4105 pro
1232 4034 1392 4090 nobis
1435 4043 1695 4092 mortem.
1728 4040 1796 4095 Et

193 4116 317 4173 ideo
347 4136 479 4173 cum
505 4127 791 4190 gustasset
812 4122 1196 4195 noluissetque
1226 4122 1437 4190 bibere,
1461 4125 1634 4181 dixit:
1657 4129 1795 4183 00n-

194 4214 543 4263 summatum
563 4216 650 4264 est.
672 4211 817 4266 Hinc
839 4228 1083 4284 namque
1103 4213 1352 4284 loquitur
1372 4215 1521 4270 Deus
1548 4234 1650 4288 per
1672 4234 1797 4290 pro-

193 4298 425 4369 phetam
459 4300 814 4356 Jerusalem?
833 4302 944 4369 Ego
975 4308 1022 4355 te
1042 4305 1301 4371 plantavi
1328 4307 1547 4358 vineam
1572 4310 1796 4363 electam

1894 3236 2073 3291 diant.
2104 3239 2173 3292 Et
2200 3240 2457 3307 sedentes,
2489 3244 2783 3296 servabant
2807 3260 2955 3298 eum.
2984 3244 3291 3316 Diligentia
3319 3248 3499 3320 siqui-

1893 3325 2021 3379 dem
2060 3326 2303 3381 militum
2332 3334 2391 3383 et
2417 3331 2772 3386 sacerdotum
2794 3331 2954 3387 nobis
2978 3335 3201 3404 proﬁcit
3228 3352 3407 3408 usque
3434 3338 3497 3394 in

1891 3414 2227 3469 hodiernum
2247 3416 2417 3483 diem,
2436 3423 2502 3472 ut
2523 3421 2708 3490 major
2721 3427 2993 3492 appareat
3010 3423 3235 3488 veritas,
3258 3430 3317 3480 et
3334 3442 3496 3497 aper-

1888 3501 2000 3557 tior
2026 3503 2202 3558 virtus
2225 3507 2590 3576 resurgentis.
2608 3508 2885 3572 Quoniam
2906 3510 3205 3567 servabant
3225 3514 3349 3584 jam
3374 3531 3493 3569 cor-

1885 3608 1992 3662 pus
2042 3592 2310 3659 cruciﬁxi,
2359 3594 2623 3651 submissi
2662 3614 2695 3651 a
2732 3598 3078 3669 principibus
3106 3602 3480 3669 sacerdotum,

1885 3680 2047 3751 quasi
2102 3681 2404 3736 furandum
2460 3700 2497 3738 a
2532 3684 2839 3756 discipulis,
2899 3686 2948 3740 si
2990 3703 3102 3741 non
3141 3695 3483 3756 servaretur,

1883 3785 2023 3840 quos
2044 3775 2218 3824 testes
2246 3786 2369 3825 esse
2391 3772 2540 3833 fecit,
2562 3773 2609 3827 si
2638 3774 2841 3828 vellent
2871 3775 3121 3845 proferre
3147 3792 3363 3843 verum,
3398 3795 3486 3832 ve-

1882 3857 2020 3913 ritas
2044 3860 2491 3916 resurrectionis.
2507 3862 2575 3916 Et
2598 3865 2978 3931 imposuerunt
2999 3880 3165 3933 super
3183 3870 3348 3933 caput
3366 3868 3484 3935 ejus

1880 3964 2107 4002 causam
2128 3951 2300 4018 ipsius
2316 3952 2581 4019 scriptam
2598 3963 2698 4005 HIC
2719 3965 2817 4006 es'r
2831 3952 3002 4008 JEsvs
3012 3953 3130 4007 Rex
3143 3967 3477 4009 JUDEORUM.

1880 4036 2000 4091 Mos
2018 4036 2295 4109 siquidem
2314 4043 2437 4092 erat
2461 4055 2657 4092 eorum
2678 4038 2924 4093 scribere
2948 4056 3147 4094 causas
3174 4041 3479 4098 damnato-

1877 4141 2026 4192 rum,
2054 4132 2111 4180 et
2136 4126 2262 4180 ideo
2289 4126 2497 4181 Christi
2516 4126 2716 4181 titulus
2742 4132 2801 4181 et
2818 4144 2991 4182 causa
3019 4129 3355 4186 mirabiliter
3380 4148 3478 4188 su-

1918 4230 1980 4268 er
2004 4220 2174 4287 caput
2191 4214 2507 4269 ascribitur.
2530 4216 2646 4270 Nec
2669 4214 2999 4287 simpliciter
3016 4222 3081 4272 ut
3099 4218 3359 4288 aliorum,
3378 4222 3479 4277 sed

1871 4230 2058 4356 {ribus
2086 4304 2293 4356 linguis
2320 4304 2643 4356 insignitum
2674 4305 2734 4356 in
2764 4304 2968 4356 auibus
2999 4307 3294 4356 universus
3322 4308 3475 4356 orbis

1907 4303 2058 4358 ribus
2086 4304 2293 4374 linguis
2320 4304 2643 4374 insignitur,
2673 4305 2734 4359 in
2764 4304 2968 4377 quibus
2999 4307 3294 4363 universus
3322 4308 3475 4365 orbis

198 4388 325 4454 (Jer.
352 4386 541 4457 11,21);
577 4388 859 4460 quomodo
889 4406 1156 4445 conversa
1184 4407 1242 4445 es
1270 4391 1329 4445 in
1358 4394 1795 4451 amaritudinem
1816 4393 2199 4492 l)tripartitus
2220 4393 2540 4448 litterarum
2569 4395 2769 4449 studiis
2792 4396 3137 4492 permaxime
3163 4398 3474 4467 regulatur.

195 4475 316 4531 vitis
345 4477 548 4537 alienae
568 4477 594 4531 ?
620 4480 831 4533 Amara
863 4480 1093 4551 quidem
1131 4480 1260 4535 vitis
1306 4497 1565 4536 amarum
1604 4484 1795 4539 vinum
1816 4475 1995 4535 "Nec
2025 4481 2118 4535 vili
2144 4482 2203 4536 in
2232 4483 2372 4543 loco,
2401 4482 2499 4537 sed
2528 4499 2698 4554 super
2712 4489 2900 4555 caput,
2926 4484 3057 4539 acsi
3083 4490 3358 4556 trapaaum
3382 4503 3474 4541 re-

192 4563 338 4634 fecit,
374 4566 529 4638 quod
556 4568 876 4639 propinavit
911 4568 1151 4623 Domino
1180 4570 1334 4635 Jesu,
1365 4577 1430 4625 ut
1458 4571 1793 4642 impleretur

194 4655 339 4725 quod
363 4656 638 4728 scriptum
668 4662 754 4712 est
784 4675 797 4711 :
830 4659 1110 4713 Dederunt
1134 4662 1197 4713 in
1226 4676 1402 4713 escam
1425 4676 1603 4715 meum
1630 4664 1724 4730 fet,
1747 4669 1796 4718 et

196 4745 254 4797 in
280 4746 383 4798 siti
411 4760 533 4799 mea
556 4751 889 4814 potaverunt
934 4764 1020 4802 me
1061 4753 1206 4802 aceto
1240 4750 1408 4815 (Psal.
1451 4764 1635 4815 vam,
1679 4751 1791 4819 2'2}.

194 4830 537 4888 Praasentem
556 4840 747 4889 autem
769 4834 1080 4907 capitulum
1103 4853 1203 4908 per
1232 4837 1690 4910 anticipationem
1717 4841 1795 4895 lo-

193 4921 387 4991 quitur
395 4921 910 4996 Evangelista,quia
930 4925 1033 4979 hoc
1043 4926 1383 4997 completum
1396 4933 1482 4981 est
1490 4933 1789 5000 postquam

191 5008 247 5063 in
265 5027 493 5066 crucem
518 5012 789 5068 Dominus
810 5014 1091 5082 ascendit;
1112 5031 1235 5085 quae
1253 5015 1525 5070 nimirum
1543 5018 1789 5088 comple-

190 5097 269 5153 tio
316 5101 521 5155 mortis
563 5107 764 5172 gustus
812 5102 940 5158 fuit.
984 5103 1109 5158 Non
1159 5105 1310 5159 enim
1348 5109 1571 5159 aeternae
1595 5106 1790 5177 gloriae

192 5187 404 5243 Christi
433 5195 492 5243 et
532 5190 940 5263 incorruptioni
982 5192 1247 5265 deinceps
1292 5194 1613 5249 amaritudo
1651 5195 1790 5250 mis-

191 5280 347 5331 cetur
375 5278 772 5350 corruptionis.
804 5279 1083 5345 Quoniam
1115 5280 1270 5334 aliud
1305 5288 1390 5336 est
1442 5283 1548 5337 hoc
1572 5283 1783 5349 vinum,

191 5365 337 5434 quod
368 5365 600 5421 mistum
620 5384 748 5422 cum
769 5369 895 5424 felle
908 5369 1174 5441 gustavit,
1198 5374 1255 5423 et
1278 5370 1430 5425 aliud
1460 5370 1599 5425 illud
1616 5372 1784 5442 quod,

188 5468 313 5508 cum
341 5454 634 5527 discipulis
662 5457 798 5525 suis,
829 5475 889 5514 se
915 5458 1226 5515 bibiturum
1254 5464 1315 5514 in
1341 5476 1516 5531 regno
1540 5460 1641 5514 Dei
1685 5477 1789 5515 no-

190 5557 320 5598 vum
347 5544 701 5616 repromisit.

258 5633 555 5709 Postquam
574 5640 759 5692 autem
772 5640 1172 5719 cruciﬁxerunt
1192 5653 1318 5692 eum
1322 5638 1657 5725 ,diviserunt
1683 5642 1793 5711 sibi

1877 4571 2125 4642 gnantis,
2144 4577 2209 4626 ut
2236 4571 2452 4626 cunctis
2468 4576 2662 4643 pateat
2679 4572 3013 4643 legentibus,
3036 4574 3331 4629 attollitur.
3358 4575 3474 4630 Nec

1876 4659 2052 4730 igitur
2077 4676 2304 4731 possum
2334 4660 2507 4731 digne
2538 4661 2806 4715 admirari
2834 4679 2936 4733 pro
2966 4662 3048 4716 rei
3078 4663 3473 4733 magnitudine

1876 4748 2283 4819 providentiam
2301 4750 2421 4813 Dei,
2450 4767 2573 4820 quae
2601 4750 2671 4804 de
2700 4750 3149 4806 adversariorum
3184 4751 3473 4807 erroribus

1875 4853 1979 4892 sua
2028 4837 2234 4910 ubique
2262 4839 2550 4910 praestruit
2585 4844 2958 4894 sacramenta.
2991 4841 3130 4895 Ecce
3161 4841 3471 4913 redemptis

1863 4927 1983 4996 jam
2012 4943 2184 4999 supra
2211 4927 2365 4981 falsis
2378 4927 2644 4991 testibus;
2671 4945 2797 4982 ecce
2826 4928 3026 4983 seditio
3057 4945 3093 4983 a
3121 4930 3470 5002 principibus

1871 5016 2249 5079 sacerdotum,
2269 5022 2325 5070 et
2355 5016 2668 5071 senioribus
2695 5017 2975 5072 concitata
3002 5023 3089 5072 est
3114 5019 3308 5074 multis
3336 5036 3467 5090 per-

1871 5105 2247 5160 suasionibus.
2281 5105 2418 5159 Ecce
2461 5105 2768 5160 conductus
2796 5112 2882 5161 est
2915 5108 3088 5162 miser
3118 5109 3361 5180 populus
3390 5109 3464 5162 ad

1871 5195 2172 5248 clamorem
2204 5200 2261 5248 et
2303 5193 2628 5265 petitionem
2660 5195 2857 5250 mortis
2884 5196 3112 5263 Christi,
3143 5212 3248 5251 nec
3276 5200 3468 5249 tamen

1872 5282 2163 5337 inveniunt
2180 5299 2427 5349 causam,
2450 5300 2564 5353 qua
2580 5283 2749 5355 digne
2768 5285 3060 5352 moriatur,
3070 5285 3184 5338 nisi
3201 5284 3351 5355 quod
3370 5300 3468 5339 rex

1870 5376 2019 5425 esset
2040 5371 2381 5425 Judzeorum.
2414 5372 2523 5427 Sed
2546 5373 2799 5443 quamvis
2824 5374 3123 5428 illudentes
3147 5373 3231 5427 illi
3253 5374 3357 5428 hoc
3380 5375 3464 5428 fe-

1869 5460 2066 5526 cerint,
2097 5466 2291 5514 tamen
2321 5478 2514 5516 verum
2558 5461 2729 5516 fuisse
2759 5480 2825 5516 ex
2863 5462 3158 5534 prophetia
3203 5464 3465 5518 ﬁrmatur

1875 5567 1997 5621 quas
2025 5549 2193 5604 dicit:
2218 5551 2645 5623 Inscriptionem
2670 5550 2822 5606 tituli
2842 5567 2913 5605 ne
2933 5567 3280 5623 corrumpas.
3302 5551 3464 5615 Quod

1873 5639 2091 5694 Pilatus
2121 5639 2527 5708 testimonium,
2554 5639 2714 5710 quasi
2748 5638 3012 5694 obediens
3042 5639 3343 5710 Scriptum
3372 5638 3463 5693 di-
