  <div class='ocr_page' id='page_1' title='image "/cluster/home/n/w/nwhite01/storage/ocr_20150623/120/hvd.32044054759824/481.png"; bbox 0 0 3918 6166; ppageno 0'>
   <div class='ocr_carea' id='block_1_1' title="bbox 426 301 526 361">
    <p class='ocr_par' dir='ltr' id='par_1_1' title="bbox 426 301 526 361">
     <span class='ocr_line' id='line_1_1' title="bbox 426 301 526 361; baseline -0.01 -1"><span class='ocrx_word' id='word_1_1' title='bbox 426 301 526 361; x_wconf 84' lang='grc'><strong>951</strong></span> 
     </span>
    </p>
   </div>
   <div class='ocr_carea' id='block_1_2' title="bbox 1181 293 2940 356">
    <p class='ocr_par' dir='ltr' id='par_1_2' title="bbox 1181 293 2940 356">
     <span class='ocr_line' id='line_1_2' title="bbox 1181 293 2940 356; baseline -0.003 -1"><span class='ocrx_word' id='word_1_2' title='bbox 1181 302 1239 355; x_wconf 91' lang='lat' dir='ltr'><strong>S.</strong></span> <span class='ocrx_word' id='word_1_3' title='bbox 1282 299 1660 355; x_wconf 84' lang='lat' dir='ltr'><strong>PASCHASII</strong></span> <span class='ocrx_word' id='word_1_4' title='bbox 1699 301 2061 356; x_wconf 78' lang='lat' dir='ltr'><strong>RADBERTI</strong></span> <span class='ocrx_word' id='word_1_5' title='bbox 2099 297 2405 354; x_wconf 79' lang='lat' dir='ltr'><strong>ABBATIS</strong></span> <span class='ocrx_word' id='word_1_6' title='bbox 2444 293 2940 352; x_wconf 83' lang='lat' dir='ltr'><strong>CORBEIENSIS.</strong></span> 
     </span>
    </p>
   </div>
   <div class='ocr_carea' id='block_1_3' title="bbox 3535 299 3618 357">
    <p class='ocr_par' dir='ltr' id='par_1_3' title="bbox 3535 299 3618 357">
     <span class='ocr_line' id='line_1_3' title="bbox 3535 299 3618 357; baseline 0.012 -1"><span class='ocrx_word' id='word_1_7' title='bbox 3535 299 3618 357; x_wconf 65' lang='lat'><strong>95‘!</strong></span> 
     </span>
    </p>
   </div>
   <div class='ocr_carea' id='block_1_4' title="bbox 420 421 3621 503">
    <p class='ocr_par' dir='ltr' id='par_1_4' title="bbox 420 421 3621 503">
     <span class='ocr_line' id='line_1_4' title="bbox 420 421 3621 503; baseline -0.001 -18"><span class='ocrx_word' id='word_1_8' title='bbox 420 431 627 503; x_wconf 80' lang='lat' dir='ltr'><strong>spiritu</strong></span> <span class='ocrx_word' id='word_1_9' title='bbox 675 431 1057 503; x_wconf 83' lang='lat' dir='ltr'><strong>blasphemiae,</strong></span> <span class='ocrx_word' id='word_1_10' title='bbox 1097 445 1220 500; x_wconf 76' lang='lat' dir='ltr'><strong>quae</strong></span> <span class='ocrx_word' id='word_1_11' title='bbox 1268 431 1355 481; x_wconf 90' lang='lat' dir='ltr'><strong>est</strong></span> <span class='ocrx_word' id='word_1_12' title='bbox 1395 424 1766 496; x_wconf 70' lang='lat' dir='ltr'><strong>impmnitudo</strong></span> <span class='ocrx_word' id='word_1_13' title='bbox 1810 426 2014 491; x_wconf 81' lang='lat' dir='ltr'><strong>cordis,</strong></span> <span class='ocrx_word' id='word_1_14' title='bbox 2032 426 2236 485; x_wconf 82' lang='lat' dir='ltr'><strong>Arunt</strong></span> <span class='ocrx_word' id='word_1_15' title='bbox 2263 422 2440 478; x_wconf 65' lang='lat' dir='ltr'><strong>Judaei</strong></span> <span class='ocrx_word' id='word_1_16' title='bbox 2475 421 2851 491; x_wconf 77' lang='lat' dir='ltr'><strong>Gruciﬁgatur</strong></span> <span class='ocrx_word' id='word_1_17' title='bbox 2869 442 2888 489; x_wconf 89' lang='lat'><strong><em>;</em></strong></span> <span class='ocrx_word' id='word_1_18' title='bbox 2918 428 2977 479; x_wconf 90' lang='lat' dir='ltr'><strong>et</strong></span> <span class='ocrx_word' id='word_1_19' title='bbox 3004 423 3128 480; x_wconf 89' lang='lat' dir='ltr'><strong>ideo</strong></span> <span class='ocrx_word' id='word_1_20' title='bbox 3149 425 3414 479; x_wconf 85' lang='lat' dir='ltr'><strong>verissime</strong></span> <span class='ocrx_word' id='word_1_21' title='bbox 3435 424 3621 481; x_wconf 85' lang='lat' dir='ltr'><strong>demon-</strong></span> 
     </span>
    </p>
   </div>
   <div class='ocr_carea' id='block_1_5' title="bbox 424 514 2022 590">
    <p class='ocr_par' dir='ltr' id='par_1_5' title="bbox 424 514 2022 590">
     <span class='ocr_line' id='line_1_5' title="bbox 424 514 2022 590; baseline -0.003 -16"><span class='ocrx_word' id='word_1_22' title='bbox 424 521 680 575; x_wconf 87' lang='lat' dir='ltr'><strong>damnari</strong></span> <span class='ocrx_word' id='word_1_23' title='bbox 704 522 834 590; x_wconf 84' lang='lat' dir='ltr'><strong>jure</strong></span> <span class='ocrx_word' id='word_1_24' title='bbox 861 521 1187 575; x_wconf 87' lang='lat' dir='ltr'><strong>creduntur.</strong></span> <span class='ocrx_word' id='word_1_25' title='bbox 1218 515 1378 570; x_wconf 86' lang='lat' dir='ltr'><strong>Unde</strong></span> <span class='ocrx_word' id='word_1_26' title='bbox 1410 514 1507 568; x_wconf 87' lang='lat' dir='ltr'><strong>ille</strong></span> <span class='ocrx_word' id='word_1_27' title='bbox 1535 515 1632 585; x_wconf 89' lang='lat' dir='ltr'><strong>qui</strong></span> <span class='ocrx_word' id='word_1_28' title='bbox 1660 515 1907 569; x_wconf 85' lang='lat' dir='ltr'><strong>salvatus</strong></span> <span class='ocrx_word' id='word_1_29' title='bbox 1934 522 2022 569; x_wconf 90' lang='lat' dir='ltr'><strong>est</strong></span> 
     </span>
    </p>
   </div>
   <div class='ocr_carea' id='block_1_6' title="bbox 426 604 2025 681">
    <p class='ocr_par' dir='ltr' id='par_1_6' title="bbox 426 604 2025 681">
     <span class='ocr_line' id='line_1_6' title="bbox 426 604 2025 681; baseline -0.004 -17"><span class='ocrx_word' id='word_1_30' title='bbox 426 609 761 681; x_wconf 85' lang='lat' dir='ltr'><strong>mysterium</strong></span> <span class='ocrx_word' id='word_1_31' title='bbox 803 612 992 680; x_wconf 80' lang='lat' dir='ltr'><strong>portat</strong></span> <span class='ocrx_word' id='word_1_32' title='bbox 1031 606 1371 668; x_wconf 68' lang='lat' dir='ltr'><strong>Judaaorum,</strong></span> <span class='ocrx_word' id='word_1_33' title='bbox 1413 608 1471 656; x_wconf 90' lang='lat' dir='ltr'><strong>et</strong></span> <span class='ocrx_word' id='word_1_34' title='bbox 1519 619 1714 657; x_wconf 87' lang='lat' dir='ltr'><strong>eorum</strong></span> <span class='ocrx_word' id='word_1_35' title='bbox 1755 604 1851 674; x_wconf 86' lang='lat' dir='ltr'><strong>qui</strong></span> <span class='ocrx_word' id='word_1_36' title='bbox 1898 608 2025 675; x_wconf 89' lang='lat' dir='ltr'><strong>post</strong></span> 
     </span>
    </p>
   </div>
   <div class='ocr_carea' id='block_1_7' title="bbox 427 692 2020 769">
    <p class='ocr_par' dir='ltr' id='par_1_7' title="bbox 427 692 2020 769">
     <span class='ocr_line' id='line_1_7' title="bbox 427 692 2020 769; baseline -0.004 -17"><span class='ocrx_word' id='word_1_37' title='bbox 427 698 637 752; x_wconf 88' lang='lat' dir='ltr'><strong>multas</strong></span> <span class='ocrx_word' id='word_1_38' title='bbox 663 698 991 769; x_wconf 84' lang='lat' dir='ltr'><strong>iniquitates</strong></span> <span class='ocrx_word' id='word_1_39' title='bbox 1015 702 1074 749; x_wconf 89' lang='lat' dir='ltr'><strong>et</strong></span> <span class='ocrx_word' id='word_1_40' title='bbox 1103 698 1344 765; x_wconf 90' lang='lat' dir='ltr'><strong>peccata,</strong></span> <span class='ocrx_word' id='word_1_41' title='bbox 1364 692 1604 746; x_wconf 89' lang='lat' dir='ltr'><strong>credunt</strong></span> <span class='ocrx_word' id='word_1_42' title='bbox 1627 692 1685 746; x_wconf 91' lang='lat' dir='ltr'><strong>in</strong></span> <span class='ocrx_word' id='word_1_43' title='bbox 1713 692 2020 747; x_wconf 82' lang='lat' dir='ltr'><strong>Christum.</strong></span> 
     </span>
    </p>
   </div>
   <div class='ocr_carea' id='block_1_8' title="bbox 429 781 2026 857">
    <p class='ocr_par' dir='ltr' id='par_1_8' title="bbox 429 781 2026 857">
     <span class='ocr_line' id='line_1_8' title="bbox 429 781 2026 857; baseline -0.004 -16"><span class='ocrx_word' id='word_1_44' title='bbox 429 786 537 850; x_wconf 85' lang='lat' dir='ltr'><strong>Qui</strong></span> <span class='ocrx_word' id='word_1_45' title='bbox 556 792 790 857; x_wconf 90' lang='lat' dir='ltr'><strong>possunt</strong></span> <span class='ocrx_word' id='word_1_46' title='bbox 811 785 1016 850; x_wconf 81' lang='lat' dir='ltr'><strong>dicere,</strong></span> <span class='ocrx_word' id='word_1_47' title='bbox 1036 781 1370 852; x_wconf 85' lang='lat' dir='ltr'><strong>conﬁgurati</strong></span> <span class='ocrx_word' id='word_1_48' title='bbox 1392 781 1449 834; x_wconf 91' lang='lat' dir='ltr'><strong>in</strong></span> <span class='ocrx_word' id='word_1_49' title='bbox 1470 786 1652 835; x_wconf 88' lang='lat' dir='ltr'><strong>morte</strong></span> <span class='ocrx_word' id='word_1_50' title='bbox 1671 781 1879 835; x_wconf 81' lang='lat' dir='ltr'><strong>Christi</strong></span> <span class='ocrx_word' id='word_1_51' title='bbox 1896 797 2026 835; x_wconf 91' lang='lat' dir='ltr'><strong>cum</strong></span> 
     </span>
    </p>
   </div>
   <div class='ocr_carea' id='block_1_9' title="bbox 425 872 2027 945">
    <p class='ocr_par' dir='ltr' id='par_1_9' title="bbox 425 872 2027 945">
     <span class='ocr_line' id='line_1_9' title="bbox 425 872 2027 945; baseline -0.002 -16"><span class='ocrx_word' id='word_1_52' title='bbox 425 874 693 945; x_wconf 83' lang='lat' dir='ltr'><strong>Apostolo</strong></span> <span class='ocrx_word' id='word_1_53' title='bbox 723 892 734 927; x_wconf 93' lang='lat'>:</span> <span class='ocrx_word' id='word_1_54' title='bbox 770 874 936 928; x_wconf 83' lang='lat' dir='ltr'><strong>Nobis</strong></span> <span class='ocrx_word' id='word_1_55' title='bbox 965 876 1152 924; x_wconf 79' lang='lat' dir='ltr'><strong>autem</strong></span> <span class='ocrx_word' id='word_1_56' title='bbox 1177 872 1321 924; x_wconf 84' lang='lat' dir='ltr'><strong>absit</strong></span> <span class='ocrx_word' id='word_1_57' title='bbox 1347 872 1608 937; x_wconf 78' lang='lat' dir='ltr'><strong>gloriari,</strong></span> <span class='ocrx_word' id='word_1_58' title='bbox 1635 872 1749 923; x_wconf 86' lang='lat' dir='ltr'><strong>nisi</strong></span> <span class='ocrx_word' id='word_1_59' title='bbox 1775 873 1839 923; x_wconf 83' lang='lat' dir='ltr'><strong>in</strong></span> <span class='ocrx_word' id='word_1_60' title='bbox 1867 886 2027 925; x_wconf 76' lang='lat' dir='ltr'><strong>cruce</strong></span> 
     </span>
    </p>
   </div>
   <div class='ocr_carea' id='block_1_10' title="bbox 426 960 2025 1027">
    <p class='ocr_par' dir='ltr' id='par_1_10' title="bbox 426 960 2025 1027">
     <span class='ocr_line' id='line_1_10' title="bbox 426 960 2025 1027; baseline -0.001 -12"><span class='ocrx_word' id='word_1_61' title='bbox 426 963 658 1016; x_wconf 77' lang='lat' dir='ltr'><strong>Domini</strong></span> <span class='ocrx_word' id='word_1_62' title='bbox 678 964 858 1015; x_wconf 82' lang='lat' dir='ltr'><strong>nostri</strong></span> <span class='ocrx_word' id='word_1_63' title='bbox 873 963 1000 1014; x_wconf 84' lang='lat' dir='ltr'><strong>Jesu</strong></span> <span class='ocrx_word' id='word_1_64' title='bbox 1029 960 1255 1024; x_wconf 75' lang='lat' dir='ltr'><strong>Christi,</strong></span> <span class='ocrx_word' id='word_1_65' title='bbox 1281 973 1381 1027; x_wconf 80' lang='lat' dir='ltr'><strong>per</strong></span> <span class='ocrx_word' id='word_1_66' title='bbox 1404 974 1565 1027; x_wconf 76' lang='lat' dir='ltr'><strong>quem</strong></span> <span class='ocrx_word' id='word_1_67' title='bbox 1599 960 1755 1012; x_wconf 84' lang='lat' dir='ltr'><strong>nobis</strong></span> <span class='ocrx_word' id='word_1_68' title='bbox 1780 961 2025 1013; x_wconf 84' lang='lat' dir='ltr'><strong>mundus</strong></span> 
     </span>
    </p>
   </div>
   <div class='ocr_carea' id='block_1_11' title="bbox 428 1046 2027 1117">
    <p class='ocr_par' dir='ltr' id='par_1_11' title="bbox 428 1046 2027 1117">
     <span class='ocr_line' id='line_1_11' title="bbox 428 1046 2027 1117; baseline -0.001 -14"><span class='ocrx_word' id='word_1_69' title='bbox 428 1052 728 1117; x_wconf 64' lang='lat' dir='ltr'><strong>cruci/imus</strong></span> <span class='ocrx_word' id='word_1_70' title='bbox 745 1054 840 1114; x_wconf 82' lang='lat' dir='ltr'><strong>est,</strong></span> <span class='ocrx_word' id='word_1_71' title='bbox 866 1054 916 1103; x_wconf 81' lang='lat' dir='ltr'><strong>et</strong></span> <span class='ocrx_word' id='word_1_72' title='bbox 938 1065 1034 1102; x_wconf 86' lang='lat' dir='ltr'><strong>nos</strong></span> <span class='ocrx_word' id='word_1_73' title='bbox 1054 1049 1264 1101; x_wconf 84' lang='lat' dir='ltr'><strong>mundo</strong></span> <span class='ocrx_word' id='word_1_74' title='bbox 1287 1047 1485 1113; x_wconf 87' lang='lat' dir='ltr'><strong>(Galat.</strong></span> <span class='ocrx_word' id='word_1_75' title='bbox 1510 1060 1583 1112; x_wconf 81' lang='lat' dir='ltr'><strong>v1,</strong></span> <span class='ocrx_word' id='word_1_76' title='bbox 1614 1046 1695 1115; x_wconf 80' lang='grc'><strong>14)</strong></span> <span class='ocrx_word' id='word_1_77' title='bbox 1714 1091 1726 1103; x_wconf 94' lang='grc'><strong>.</strong></span> <span class='ocrx_word' id='word_1_78' title='bbox 1759 1047 1859 1101; x_wconf 88' lang='lat' dir='ltr'><strong>llle</strong></span> <span class='ocrx_word' id='word_1_79' title='bbox 1882 1048 2027 1102; x_wconf 83' lang='lat' dir='ltr'><strong>alter</strong></span> 
     </span>
    </p>
   </div>
   <div class='ocr_carea' id='block_1_12' title="bbox 423 1134 2025 1208">
    <p class='ocr_par' dir='ltr' id='par_1_12' title="bbox 423 1134 2025 1208">
     <span class='ocr_line' id='line_1_12' title="bbox 423 1134 2025 1208; baseline -0.001 -17"><span class='ocrx_word' id='word_1_80' title='bbox 423 1137 486 1191; x_wconf 93' lang='lat' dir='ltr'><strong>in</strong></span> <span class='ocrx_word' id='word_1_81' title='bbox 505 1137 623 1192; x_wconf 89' lang='lat' dir='ltr'><strong>suis</strong></span> <span class='ocrx_word' id='word_1_82' title='bbox 641 1153 978 1208; x_wconf 83' lang='lat' dir='ltr'><strong>permanens</strong></span> <span class='ocrx_word' id='word_1_83' title='bbox 998 1135 1382 1206; x_wconf 88' lang='lat' dir='ltr'><strong>blasphemiis,</strong></span> <span class='ocrx_word' id='word_1_84' title='bbox 1397 1151 1493 1189; x_wconf 89' lang='lat' dir='ltr'><strong>eos</strong></span> <span class='ocrx_word' id='word_1_85' title='bbox 1511 1134 1780 1199; x_wconf 86' lang='lat' dir='ltr'><strong>insinuat,</strong></span> <span class='ocrx_word' id='word_1_86' title='bbox 1806 1135 1902 1206; x_wconf 88' lang='lat' dir='ltr'><strong>qui</strong></span> <span class='ocrx_word' id='word_1_87' title='bbox 1922 1152 2025 1189; x_wconf 90' lang='lat' dir='ltr'><strong>nec</strong></span> 
     </span>
    </p>
   </div>
   <div class='ocr_carea' id='block_1_13' title="bbox 425 1222 2024 1297">
    <p class='ocr_par' dir='ltr' id='par_1_13' title="bbox 425 1222 2024 1297">
     <span class='ocr_line' id='line_1_13' title="bbox 425 1222 2024 1297; baseline -0.002 -17"><span class='ocrx_word' id='word_1_88' title='bbox 425 1230 554 1297; x_wconf 90' lang='lat' dir='ltr'><strong>post</strong></span> <span class='ocrx_word' id='word_1_89' title='bbox 581 1225 834 1281; x_wconf 88' lang='lat' dir='ltr'><strong>triduum</strong></span> <span class='ocrx_word' id='word_1_90' title='bbox 873 1224 1273 1279; x_wconf 76' lang='lat' dir='ltr'><strong>reaediﬁcatum</strong></span> <span class='ocrx_word' id='word_1_91' title='bbox 1313 1222 1415 1276; x_wconf 90' lang='lat' dir='ltr'><strong>Dei</strong></span> <span class='ocrx_word' id='word_1_92' title='bbox 1444 1222 1739 1293; x_wconf 87' lang='lat' dir='ltr'><strong>templum,</strong></span> <span class='ocrx_word' id='word_1_93' title='bbox 1770 1223 1829 1276; x_wconf 92' lang='lat' dir='ltr'><strong>in</strong></span> <span class='ocrx_word' id='word_1_94' title='bbox 1859 1224 2024 1278; x_wconf 88' lang='lat' dir='ltr'><strong>Chri-</strong></span> 
     </span>
    </p>
   </div>
   <div class='ocr_carea' id='block_1_14' title="bbox 426 1311 2021 1384">
    <p class='ocr_par' dir='ltr' id='par_1_14' title="bbox 426 1311 2021 1384">
     <span class='ocr_line' id='line_1_14' title="bbox 426 1311 2021 1384; baseline -0.001 -15"><span class='ocrx_word' id='word_1_95' title='bbox 426 1320 597 1380; x_wconf 87' lang='lat' dir='ltr'><strong>stum,</strong></span> <span class='ocrx_word' id='word_1_96' title='bbox 630 1331 733 1369; x_wconf 88' lang='lat' dir='ltr'><strong>nec</strong></span> <span class='ocrx_word' id='word_1_97' title='bbox 763 1315 823 1368; x_wconf 90' lang='lat' dir='ltr'><strong>in</strong></span> <span class='ocrx_word' id='word_1_98' title='bbox 870 1328 1103 1384; x_wconf 91' lang='lat' dir='ltr'><strong>corpore</strong></span> <span class='ocrx_word' id='word_1_99' title='bbox 1141 1311 1566 1365; x_wconf 85' lang='lat' dir='ltr'><strong>resurrectionis</strong></span> <span class='ocrx_word' id='word_1_100' title='bbox 1602 1312 1725 1381; x_wconf 90' lang='lat' dir='ltr'><strong>ejus</strong></span> <span class='ocrx_word' id='word_1_101' title='bbox 1764 1312 2021 1376; x_wconf 87' lang='lat' dir='ltr'><strong>credunt,</strong></span> 
     </span>
    </p>
   </div>
   <div class='ocr_carea' id='block_1_15' title="bbox 429 1399 2023 1475">
    <p class='ocr_par' dir='ltr' id='par_1_15' title="bbox 429 1399 2023 1475">
     <span class='ocr_line' id='line_1_15' title="bbox 429 1399 2023 1475; baseline 0 -18"><span class='ocrx_word' id='word_1_102' title='bbox 429 1404 692 1475; x_wconf 91' lang='lat' dir='ltr'><strong>quoniam</strong></span> <span class='ocrx_word' id='word_1_103' title='bbox 724 1405 829 1456; x_wconf 92' lang='lat' dir='ltr'><strong>hoc</strong></span> <span class='ocrx_word' id='word_1_104' title='bbox 859 1401 1266 1473; x_wconf 85' lang='lat' dir='ltr'><strong>permaximum</strong></span> <span class='ocrx_word' id='word_1_105' title='bbox 1300 1405 1357 1453; x_wconf 91' lang='lat' dir='ltr'><strong>et</strong></span> <span class='ocrx_word' id='word_1_106' title='bbox 1383 1399 1773 1454; x_wconf 84' lang='lat' dir='ltr'><strong>difﬁcillimum</strong></span> <span class='ocrx_word' id='word_1_107' title='bbox 1815 1407 1918 1467; x_wconf 90' lang='lat' dir='ltr'><strong>est,</strong></span> <span class='ocrx_word' id='word_1_108' title='bbox 1960 1410 2023 1457; x_wconf 89' lang='lat' dir='ltr'><strong>ut</strong></span> 
     </span>
    </p>
   </div>
   <div class='ocr_carea' id='block_1_16' title="bbox 426 1488 2020 1559">
    <p class='ocr_par' dir='ltr' id='par_1_16' title="bbox 426 1488 2020 1559">
     <span class='ocr_line' id='line_1_16' title="bbox 426 1488 2020 1559; baseline -0.001 -13"><span class='ocrx_word' id='word_1_109' title='bbox 426 1493 676 1546; x_wconf 87' lang='lat' dir='ltr'><strong>credant.</strong></span> <span class='ocrx_word' id='word_1_110' title='bbox 718 1491 931 1546; x_wconf 81' lang='lat' dir='ltr'><strong>Idcirco</strong></span> <span class='ocrx_word' id='word_1_111' title='bbox 960 1489 1338 1544; x_wconf 87' lang='lat' dir='ltr'><strong>conditionem</strong></span> <span class='ocrx_word' id='word_1_112' title='bbox 1370 1488 1576 1542; x_wconf 88' lang='lat' dir='ltr'><strong>Christi</strong></span> <span class='ocrx_word' id='word_1_113' title='bbox 1605 1494 1660 1543; x_wconf 90' lang='lat' dir='ltr'><strong>et</strong></span> <span class='ocrx_word' id='word_1_114' title='bbox 1705 1489 2020 1559; x_wconf 85' lang='lat' dir='ltr'><strong>passionem</strong></span> 
     </span>
    </p>
   </div>
   <div class='ocr_carea' id='block_1_17' title="bbox 436 1576 2023 1649">
    <p class='ocr_par' dir='ltr' id='par_1_17' title="bbox 436 1576 2023 1649">
     <span class='ocr_line' id='line_1_17' title="bbox 436 1576 2023 1649; baseline 0 -17"><span class='ocrx_word' id='word_1_115' title='bbox 436 1586 476 1644; x_wconf 81' lang='grc'><strong>1</strong></span> <span class='ocrx_word' id='word_1_116' title='bbox 504 1583 689 1643; x_wconf 67' lang='grc'><strong>169</strong></span> <span class='ocrx_word' id='word_1_117' title='bbox 715 1578 1072 1649; x_wconf 87' lang='lat' dir='ltr'><strong>exprobrant,</strong></span> <span class='ocrx_word' id='word_1_118' title='bbox 1092 1578 1148 1630; x_wconf 90' lang='lat' dir='ltr'><strong>in</strong></span> <span class='ocrx_word' id='word_1_119' title='bbox 1186 1593 1296 1648; x_wconf 89' lang='lat' dir='ltr'><strong>qua</strong></span> <span class='ocrx_word' id='word_1_120' title='bbox 1324 1576 1562 1647; x_wconf 89' lang='lat' dir='ltr'><strong>positus,</strong></span> <span class='ocrx_word' id='word_1_121' title='bbox 1592 1579 1810 1647; x_wconf 84' lang='lat' dir='ltr'><strong>majora</strong></span> <span class='ocrx_word' id='word_1_122' title='bbox 1845 1578 2023 1632; x_wconf 82' lang='lat' dir='ltr'><strong>virtu-</strong></span> 
     </span>
    </p>
   </div>
   <div class='ocr_carea' id='block_1_18' title="bbox 2104 511 3623 584">
    <p class='ocr_par' dir='ltr' id='par_1_18' title="bbox 2104 511 3623 584">
     <span class='ocr_line' id='line_1_18' title="bbox 2104 511 3623 584; baseline 0.001 -17"><span class='ocrx_word' id='word_1_123' title='bbox 2104 518 2318 567; x_wconf 89' lang='lat' dir='ltr'><strong>stratur</strong></span> <span class='ocrx_word' id='word_1_124' title='bbox 2336 511 2407 566; x_wconf 89' lang='lat' dir='ltr'><strong>ab</strong></span> <span class='ocrx_word' id='word_1_125' title='bbox 2430 513 2772 583; x_wconf 83' lang='lat' dir='ltr'><strong>evangelista</strong></span> <span class='ocrx_word' id='word_1_126' title='bbox 2789 518 2927 567; x_wconf 90' lang='lat' dir='ltr'><strong>tunc</strong></span> <span class='ocrx_word' id='word_1_127' title='bbox 2955 520 2993 579; x_wconf 81' lang='grc' dir='ltr'><strong>Ι</strong></span> <span class='ocrx_word' id='word_1_128' title='bbox 3020 520 3060 579; x_wconf 83' lang='grc' dir='ltr'>ι</span> <span class='ocrx_word' id='word_1_129' title='bbox 3081 519 3198 579; x_wconf 60' lang='lat'><strong>10</strong></span> <span class='ocrx_word' id='word_1_130' title='bbox 3209 513 3375 584; x_wconf 82' lang='lat' dir='ltr'><strong>magis</strong></span> <span class='ocrx_word' id='word_1_131' title='bbox 3391 531 3472 568; x_wconf 90' lang='lat' dir='ltr'><strong>eos</strong></span> <span class='ocrx_word' id='word_1_132' title='bbox 3489 515 3623 570; x_wconf 72' lang='lat' dir='ltr'><strong>cruci~</strong></span> 
     </span>
    </p>
   </div>
   <div class='ocr_carea' id='block_1_19' title="bbox 2106 602 3628 672">
    <p class='ocr_par' dir='ltr' id='par_1_19' title="bbox 2106 602 3628 672">
     <span class='ocr_line' id='line_1_19' title="bbox 2106 602 3628 672; baseline 0.002 -17"><span class='ocrx_word' id='word_1_133' title='bbox 2106 602 2290 656; x_wconf 90' lang='lat' dir='ltr'><strong>ﬁxisse</strong></span> <span class='ocrx_word' id='word_1_134' title='bbox 2320 617 2467 665; x_wconf 89' lang='lat' dir='ltr'><strong>eum,</strong></span> <span class='ocrx_word' id='word_1_135' title='bbox 2520 602 2744 672; x_wconf 85' lang='lat' dir='ltr'><strong>quando</strong></span> <span class='ocrx_word' id='word_1_136' title='bbox 2781 602 3181 657; x_wconf 87' lang='lat' dir='ltr'><strong>clamaverunt.</strong></span> <span class='ocrx_word' id='word_1_137' title='bbox 3211 603 3436 667; x_wconf 87' lang='lat' dir='ltr'><strong>Quorum</strong></span> <span class='ocrx_word' id='word_1_138' title='bbox 3462 604 3628 658; x_wconf 86' lang='lat' dir='ltr'><strong>tumul-</strong></span> 
     </span>
    </p>
   </div>
   <div class='ocr_carea' id='block_1_20' title="bbox 2108 692 3629 762">
    <p class='ocr_par' dir='ltr' id='par_1_20' title="bbox 2108 692 3629 762">
     <span class='ocr_line' id='line_1_20' title="bbox 2108 692 3629 762; baseline 0.002 -17"><span class='ocrx_word' id='word_1_139' title='bbox 2108 697 2229 746; x_wconf 90' lang='lat' dir='ltr'><strong>tum</strong></span> <span class='ocrx_word' id='word_1_140' title='bbox 2256 707 2369 746; x_wconf 92' lang='lat' dir='ltr'><strong>non</strong></span> <span class='ocrx_word' id='word_1_141' title='bbox 2398 692 2584 745; x_wconf 90' lang='lat' dir='ltr'><strong>ferens</strong></span> <span class='ocrx_word' id='word_1_142' title='bbox 2608 692 2842 756; x_wconf 88' lang='lat' dir='ltr'><strong>Pilatus,</strong></span> <span class='ocrx_word' id='word_1_143' title='bbox 2878 692 3115 746; x_wconf 89' lang='lat' dir='ltr'><strong>tradidit</strong></span> <span class='ocrx_word' id='word_1_144' title='bbox 3141 692 3237 755; x_wconf 84' lang='lat' dir='ltr'><strong>eis,</strong></span> <span class='ocrx_word' id='word_1_145' title='bbox 3257 692 3408 762; x_wconf 87' lang='lat' dir='ltr'><strong>longe</strong></span> <span class='ocrx_word' id='word_1_146' title='bbox 3427 693 3509 747; x_wconf 91' lang='lat' dir='ltr'><strong>diu</strong></span> <span class='ocrx_word' id='word_1_147' title='bbox 3526 692 3629 749; x_wconf 89' lang='lat' dir='ltr'><strong>deli-</strong></span> 
     </span>
    </p>
   </div>
   <div class='ocr_carea' id='block_1_21' title="bbox 2108 767 3631 851">
    <p class='ocr_par' dir='ltr' id='par_1_21' title="bbox 2108 767 3631 851">
     <span class='ocr_line' id='line_1_21' title="bbox 2108 767 3631 851; baseline 0.003 -18"><span class='ocrx_word' id='word_1_148' title='bbox 2108 779 2312 833; x_wconf 84' lang='lat' dir='ltr'><strong>berans</strong></span> <span class='ocrx_word' id='word_1_149' title='bbox 2332 780 2479 850; x_wconf 89' lang='lat' dir='ltr'><strong>apud</strong></span> <span class='ocrx_word' id='word_1_150' title='bbox 2508 796 2568 834; x_wconf 91' lang='lat' dir='ltr'><strong>se</strong></span> <span class='ocrx_word' id='word_1_151' title='bbox 2596 786 2662 834; x_wconf 90' lang='lat' dir='ltr'><strong>ut</strong></span> <span class='ocrx_word' id='word_1_152' title='bbox 2689 781 3131 851; x_wconf 85' lang='lat' dir='ltr'><strong>cruciﬁgeretur.</strong></span> <span class='ocrx_word' id='word_1_153' title='bbox 3152 780 3260 836; x_wconf 89' lang='lat' dir='ltr'><strong>Sed</strong></span> <span class='ocrx_word' id='word_1_154' title='bbox 3279 767 3400 851; x_wconf 88' lang='lat' dir='ltr'><strong>quia</strong></span> <span class='ocrx_word' id='word_1_155' title='bbox 3418 780 3631 837; x_wconf 84' lang='lat' dir='ltr'><strong>nolebant</strong></span> 
     </span>
    </p>
   </div>
   <div class='ocr_carea' id='block_1_22' title="bbox 2106 869 3626 936">
    <p class='ocr_par' dir='ltr' id='par_1_22' title="bbox 2106 869 3626 936">
     <span class='ocr_line' id='line_1_22' title="bbox 2106 869 3626 936; baseline 0.002 -13"><span class='ocrx_word' id='word_1_156' title='bbox 2106 870 2284 923; x_wconf 87' lang='lat' dir='ltr'><strong>videri</strong></span> <span class='ocrx_word' id='word_1_157' title='bbox 2327 886 2387 923; x_wconf 90' lang='lat' dir='ltr'><strong>se</strong></span> <span class='ocrx_word' id='word_1_158' title='bbox 2431 871 2536 925; x_wconf 91' lang='lat' dir='ltr'><strong>hoc</strong></span> <span class='ocrx_word' id='word_1_159' title='bbox 2583 870 2800 935; x_wconf 86' lang='lat' dir='ltr'><strong>fecisse,</strong></span> <span class='ocrx_word' id='word_1_160' title='bbox 2850 875 2916 924; x_wconf 91' lang='lat' dir='ltr'><strong>ut</strong></span> <span class='ocrx_word' id='word_1_161' title='bbox 2960 887 3155 925; x_wconf 89' lang='lat' dir='ltr'><strong>eorum</strong></span> <span class='ocrx_word' id='word_1_162' title='bbox 3185 869 3344 924; x_wconf 87' lang='lat' dir='ltr'><strong>verba</strong></span> <span class='ocrx_word' id='word_1_163' title='bbox 3380 870 3626 936; x_wconf 85' lang='lat' dir='ltr'><strong>declarant,</strong></span> 
     </span>
    </p>
   </div>
   <div class='ocr_carea' id='block_1_23' title="bbox 2107 958 3631 1031">
    <p class='ocr_par' dir='ltr' id='par_1_23' title="bbox 2107 958 3631 1031">
     <span class='ocr_line' id='line_1_23' title="bbox 2107 958 3631 1031; baseline 0.001 -19"><span class='ocrx_word' id='word_1_164' title='bbox 2107 959 2348 1012; x_wconf 81' lang='lat' dir='ltr'><strong>maxime</strong></span> <span class='ocrx_word' id='word_1_165' title='bbox 2367 959 2527 1029; x_wconf 80' lang='lat' dir='ltr'><strong>juxta</strong></span> <span class='ocrx_word' id='word_1_166' title='bbox 2551 960 2843 1024; x_wconf 86' lang='lat' dir='ltr'><strong>Joannem,</strong></span> <span class='ocrx_word' id='word_1_167' title='bbox 2870 959 3076 1014; x_wconf 89' lang='lat' dir='ltr'><strong>idcirco</strong></span> <span class='ocrx_word' id='word_1_168' title='bbox 3104 958 3357 1031; x_wconf 85' lang='lat' dir='ltr'><strong>patefacit</strong></span> <span class='ocrx_word' id='word_1_169' title='bbox 3389 959 3481 1013; x_wconf 87' lang='lat' dir='ltr'><strong>hoc</strong></span> <span class='ocrx_word' id='word_1_170' title='bbox 3502 976 3631 1014; x_wconf 86' lang='lat' dir='ltr'><strong>evan-</strong></span> 
     </span>
    </p>
   </div>
   <div class='ocr_carea' id='block_1_24' title="bbox 2105 1047 3632 1117">
    <p class='ocr_par' dir='ltr' id='par_1_24' title="bbox 2105 1047 3632 1117">
     <span class='ocr_line' id='line_1_24' title="bbox 2105 1047 3632 1117; baseline 0.001 -16"><span class='ocrx_word' id='word_1_171' title='bbox 2105 1047 2306 1117; x_wconf 86' lang='lat' dir='ltr'><strong>gelista</strong></span> <span class='ocrx_word' id='word_1_172' title='bbox 2349 1064 2444 1102; x_wconf 89' lang='lat' dir='ltr'><strong>eos</strong></span> <span class='ocrx_word' id='word_1_173' title='bbox 2490 1049 2689 1102; x_wconf 88' lang='lat' dir='ltr'><strong>fecisse</strong></span> <span class='ocrx_word' id='word_1_174' title='bbox 2718 1049 2859 1102; x_wconf 85' lang='lat' dir='ltr'><strong>hora</strong></span> <span class='ocrx_word' id='word_1_175' title='bbox 2881 1048 3087 1116; x_wconf 88' lang='lat' dir='ltr'><strong>tertia;</strong></span> <span class='ocrx_word' id='word_1_176' title='bbox 3136 1065 3202 1102; x_wconf 90' lang='lat' dir='ltr'><strong>ac</strong></span> <span class='ocrx_word' id='word_1_177' title='bbox 3237 1047 3497 1102; x_wconf 81' lang='lat' dir='ltr'><strong>verissime</strong></span> <span class='ocrx_word' id='word_1_178' title='bbox 3515 1064 3632 1102; x_wconf 87' lang='lat' dir='ltr'><strong>com-</strong></span> 
     </span>
    </p>
   </div>
   <div class='ocr_carea' id='block_1_25' title="bbox 2107 1136 3631 1207">
    <p class='ocr_par' dir='ltr' id='par_1_25' title="bbox 2107 1136 3631 1207">
     <span class='ocr_line' id='line_1_25' title="bbox 2107 1136 3631 1207; baseline 0.001 -19"><span class='ocrx_word' id='word_1_179' title='bbox 2107 1136 2324 1206; x_wconf 85' lang='lat' dir='ltr'><strong>probat,</strong></span> <span class='ocrx_word' id='word_1_180' title='bbox 2343 1136 2525 1206; x_wconf 84' lang='lat' dir='ltr'><strong>magis</strong></span> <span class='ocrx_word' id='word_1_181' title='bbox 2543 1152 2740 1190; x_wconf 90' lang='lat' dir='ltr'><strong>eorum</strong></span> <span class='ocrx_word' id='word_1_182' title='bbox 2761 1136 3013 1207; x_wconf 83' lang='lat' dir='ltr'><strong>linguam</strong></span> <span class='ocrx_word' id='word_1_183' title='bbox 3042 1137 3375 1191; x_wconf 84' lang='lat' dir='ltr'><strong>interfecisse</strong></span> <span class='ocrx_word' id='word_1_184' title='bbox 3389 1136 3631 1190; x_wconf 86' lang='lat' dir='ltr'><strong>Dominum</strong></span> 
     </span>
    </p>
   </div>
   <div class='ocr_carea' id='block_1_26' title="bbox 2107 1224 3633 1295">
    <p class='ocr_par' dir='ltr' id='par_1_26' title="bbox 2107 1224 3633 1295">
     <span class='ocr_line' id='line_1_26' title="bbox 2107 1224 3633 1295; baseline 0.001 -18"><span class='ocrx_word' id='word_1_185' title='bbox 2107 1240 2275 1294; x_wconf 87' lang='lat' dir='ltr'><strong>quam</strong></span> <span class='ocrx_word' id='word_1_186' title='bbox 2298 1224 2540 1278; x_wconf 89' lang='lat' dir='ltr'><strong>militum</strong></span> <span class='ocrx_word' id='word_1_187' title='bbox 2557 1241 2787 1292; x_wconf 88' lang='lat' dir='ltr'><strong>manus;</strong></span> <span class='ocrx_word' id='word_1_188' title='bbox 2819 1226 2956 1295; x_wconf 91' lang='lat' dir='ltr'><strong>quia</strong></span> <span class='ocrx_word' id='word_1_189' title='bbox 2975 1229 3173 1294; x_wconf 78' lang='lat' dir='ltr'><strong>lingua</strong></span> <span class='ocrx_word' id='word_1_190' title='bbox 3194 1241 3375 1278; x_wconf 86' lang='lat' dir='ltr'><strong>eorum</strong></span> <span class='ocrx_word' id='word_1_191' title='bbox 3392 1229 3449 1278; x_wconf 90' lang='lat' dir='ltr'><strong>ut</strong></span> <span class='ocrx_word' id='word_1_192' title='bbox 3461 1226 3633 1292; x_wconf 72' lang='lat' dir='ltr'><strong>gladius</strong></span> 
     </span>
    </p>
   </div>
   <div class='ocr_carea' id='block_1_27' title="bbox 2105 1312 3634 1382">
    <p class='ocr_par' dir='ltr' id='par_1_27' title="bbox 2105 1312 3634 1382">
     <span class='ocr_line' id='line_1_27' title="bbox 2105 1312 3634 1382; baseline 0.001 -16"><span class='ocrx_word' id='word_1_193' title='bbox 2105 1312 2370 1367; x_wconf 76' lang='lat' dir='ltr'><strong>saeviebat</strong></span> <span class='ocrx_word' id='word_1_194' title='bbox 2396 1330 2570 1367; x_wconf 83' lang='lat' dir='ltr'><strong>aeuus</strong></span> <span class='ocrx_word' id='word_1_195' title='bbox 2602 1316 2764 1382; x_wconf 78' lang='lat' dir='ltr'><strong>(Psal.</strong></span> <span class='ocrx_word' id='word_1_196' title='bbox 2805 1327 2918 1378; x_wconf 69' lang='lat' dir='ltr'><strong>va,</strong></span> <span class='ocrx_word' id='word_1_197' title='bbox 2951 1314 3005 1382; x_wconf 82' lang='lat'><strong>5)</strong></span> <span class='ocrx_word' id='word_1_198' title='bbox 3033 1333 3046 1381; x_wconf 88' lang='lat'><strong>;</strong></span> <span class='ocrx_word' id='word_1_199' title='bbox 3088 1320 3146 1368; x_wconf 91' lang='lat' dir='ltr'><strong>et</strong></span> <span class='ocrx_word' id='word_1_200' title='bbox 3176 1331 3188 1366; x_wconf 89' lang='lat'><strong>:</strong></span> <span class='ocrx_word' id='word_1_201' title='bbox 3240 1315 3488 1367; x_wconf 76' lang='lat' dir='ltr'><strong>Venenum</strong></span> <span class='ocrx_word' id='word_1_202' title='bbox 3520 1316 3634 1381; x_wconf 76' lang='lat' dir='ltr'><strong>aspi-</strong></span> 
     </span>
    </p>
   </div>
   <div class='ocr_carea' id='block_1_28' title="bbox 2105 1399 3633 1466">
    <p class='ocr_par' dir='ltr' id='par_1_28' title="bbox 2105 1399 3633 1466">
     <span class='ocr_line' id='line_1_28' title="bbox 2105 1399 3633 1466; baseline -0.001 -12"><span class='ocrx_word' id='word_1_203' title='bbox 2105 1402 2242 1454; x_wconf 85' lang='lat' dir='ltr'><strong>dum</strong></span> <span class='ocrx_word' id='word_1_204' title='bbox 2291 1402 2391 1455; x_wconf 89' lang='lat' dir='ltr'><strong>sub</strong></span> <span class='ocrx_word' id='word_1_205' title='bbox 2431 1404 2593 1455; x_wconf 81' lang='lat' dir='ltr'><strong>labiis</strong></span> <span class='ocrx_word' id='word_1_206' title='bbox 2635 1417 2828 1455; x_wconf 83' lang='lat' dir='ltr'><strong>eorum</strong></span> <span class='ocrx_word' id='word_1_207' title='bbox 2876 1401 3215 1456; x_wconf 70' lang='lat' dir='ltr'><strong>eﬁerbuerat</strong></span> <span class='ocrx_word' id='word_1_208' title='bbox 3260 1403 3414 1465; x_wconf 82' lang='lat' dir='ltr'><strong>(Psal.</strong></span> <span class='ocrx_word' id='word_1_209' title='bbox 3458 1414 3555 1466; x_wconf 83' lang='lat' dir='ltr'><strong>xm,</strong></span> <span class='ocrx_word' id='word_1_210' title='bbox 3580 1399 3633 1466; x_wconf 81' lang='lat'><strong>3).</strong></span> 
     </span>
    </p>
   </div>
   <div class='ocr_carea' id='block_1_29' title="bbox 2104 1488 3636 1561">
    <p class='ocr_par' dir='ltr' id='par_1_29' title="bbox 2104 1488 3636 1561">
     <span class='ocr_line' id='line_1_29' title="bbox 2104 1488 3636 1561; baseline -0.001 -18"><span class='ocrx_word' id='word_1_211' title='bbox 2104 1489 2371 1561; x_wconf 88' lang='lat' dir='ltr'><strong>Quisquis</strong></span> <span class='ocrx_word' id='word_1_212' title='bbox 2397 1495 2585 1545; x_wconf 88' lang='lat' dir='ltr'><strong>autem</strong></span> <span class='ocrx_word' id='word_1_213' title='bbox 2629 1490 2833 1545; x_wconf 85' lang='lat' dir='ltr'><strong>dixerit</strong></span> <span class='ocrx_word' id='word_1_214' title='bbox 2878 1507 2993 1545; x_wconf 90' lang='lat' dir='ltr'><strong>non</strong></span> <span class='ocrx_word' id='word_1_215' title='bbox 3018 1491 3193 1545; x_wconf 90' lang='lat' dir='ltr'><strong>fuisse</strong></span> <span class='ocrx_word' id='word_1_216' title='bbox 3224 1491 3413 1544; x_wconf 86' lang='lat' dir='ltr'><strong>horam</strong></span> <span class='ocrx_word' id='word_1_217' title='bbox 3437 1488 3636 1555; x_wconf 85' lang='lat' dir='ltr'><strong>tertiam,</strong></span> 
     </span>
    </p>
   </div>
   <div class='ocr_carea' id='block_1_30' title="bbox 2105 1578 3637 1650">
    <p class='ocr_par' dir='ltr' id='par_1_30' title="bbox 2105 1578 3637 1650">
     <span class='ocr_line' id='line_1_30' title="bbox 2105 1578 3637 1650; baseline -0.001 -17"><span class='ocrx_word' id='word_1_218' title='bbox 2105 1595 2232 1633; x_wconf 89' lang='lat' dir='ltr'><strong>cum</strong></span> <span class='ocrx_word' id='word_1_219' title='bbox 2257 1579 2363 1633; x_wconf 88' lang='lat' dir='ltr'><strong>hoc</strong></span> <span class='ocrx_word' id='word_1_220' title='bbox 2386 1579 2564 1634; x_wconf 63' lang='lat' dir='ltr'><strong>Judaei</strong></span> <span class='ocrx_word' id='word_1_221' title='bbox 2589 1579 2851 1650; x_wconf 84' lang='lat' dir='ltr'><strong>primitus</strong></span> <span class='ocrx_word' id='word_1_222' title='bbox 2874 1580 3278 1645; x_wconf 88' lang='lat' dir='ltr'><strong>clamaverunt,</strong></span> <span class='ocrx_word' id='word_1_223' title='bbox 3296 1579 3438 1650; x_wconf 82' lang='lat' dir='ltr'><strong>legat</strong></span> <span class='ocrx_word' id='word_1_224' title='bbox 3459 1578 3637 1632; x_wconf 87' lang='lat' dir='ltr'><strong>beatum</strong></span> 
     </span>
    </p>
   </div>
   <div class='ocr_carea' id='block_1_31' title="bbox 425 1665 3639 1739">
    <p class='ocr_par' dir='ltr' id='par_1_31' title="bbox 425 1665 3639 1739">
     <span class='ocr_line' id='line_1_31' title="bbox 425 1665 3639 1739; baseline -0.001 -18"><span class='ocrx_word' id='word_1_225' title='bbox 425 1672 550 1721; x_wconf 92' lang='lat' dir='ltr'><strong>tum</strong></span> <span class='ocrx_word' id='word_1_226' title='bbox 581 1683 753 1738; x_wconf 90' lang='lat' dir='ltr'><strong>opera</strong></span> <span class='ocrx_word' id='word_1_227' title='bbox 796 1667 929 1738; x_wconf 83' lang='lat' dir='ltr'><strong>egit,</strong></span> <span class='ocrx_word' id='word_1_228' title='bbox 961 1682 1087 1721; x_wconf 88' lang='lat' dir='ltr'><strong>cum</strong></span> <span class='ocrx_word' id='word_1_229' title='bbox 1134 1665 1310 1720; x_wconf 89' lang='lat' dir='ltr'><strong>totius</strong></span> <span class='ocrx_word' id='word_1_230' title='bbox 1350 1666 1744 1721; x_wconf 88' lang='lat' dir='ltr'><strong>communione</strong></span> <span class='ocrx_word' id='word_1_231' title='bbox 1784 1671 2019 1722; x_wconf 72' lang='lat' dir='ltr'><strong>naturae.</strong></span> <span class='ocrx_word' id='word_1_232' title='bbox 2105 1666 2482 1736; x_wconf 81' lang='lat' dir='ltr'><strong>Augustinum</strong></span> <span class='ocrx_word' id='word_1_233' title='bbox 2525 1667 2594 1720; x_wconf 90' lang='lat' dir='ltr'><strong>de</strong></span> <span class='ocrx_word' id='word_1_234' title='bbox 2617 1667 2915 1721; x_wconf 89' lang='lat' dir='ltr'><strong>concordia</strong></span> <span class='ocrx_word' id='word_1_235' title='bbox 2942 1668 3423 1739; x_wconf 81' lang='lat' dir='ltr'><strong>evangelistamm,</strong></span> <span class='ocrx_word' id='word_1_236' title='bbox 3445 1672 3496 1721; x_wconf 87' lang='lat' dir='ltr'><strong>et</strong></span> <span class='ocrx_word' id='word_1_237' title='bbox 3522 1668 3639 1720; x_wconf 72' lang='lat' dir='ltr'><strong>inve-</strong></span> 
     </span>
    </p>
   </div>
   <div class='ocr_carea' id='block_1_32' title="bbox 428 1739 3641 1826">
    <p class='ocr_par' dir='ltr' id='par_1_32' title="bbox 428 1739 3641 1826">
     <span class='ocr_line' id='line_1_32' title="bbox 428 1739 3641 1826; baseline -0.001 -16"><span class='ocrx_word' id='word_1_238' title='bbox 428 1756 573 1810; x_wconf 87' lang='lat' dir='ltr'><strong>Nam</strong></span> <span class='ocrx_word' id='word_1_239' title='bbox 603 1762 843 1810; x_wconf 86' lang='lat' dir='ltr'><strong>mortem</strong></span> <span class='ocrx_word' id='word_1_240' title='bbox 869 1754 1160 1809; x_wconf 89' lang='lat' dir='ltr'><strong>moriendo</strong></span> <span class='ocrx_word' id='word_1_241' title='bbox 1188 1754 1490 1821; x_wconf 84' lang='lat' dir='ltr'><strong>destruxit;</strong></span> <span class='ocrx_word' id='word_1_242' title='bbox 1522 1770 1695 1809; x_wconf 60' lang='lat' dir='ltr'><strong>areas</strong></span> <span class='ocrx_word' id='word_1_243' title='bbox 1720 1760 2025 1826; x_wconf 86' lang='lat' dir='ltr'><strong>potestates</strong></span> <span class='ocrx_word' id='word_1_244' title='bbox 2042 1739 2225 1809; x_wconf 80' lang='lat' dir='ltr'><strong>Bniet</strong></span> <span class='ocrx_word' id='word_1_245' title='bbox 2252 1770 2312 1808; x_wconf 89' lang='lat' dir='ltr'><strong>se</strong></span> <span class='ocrx_word' id='word_1_246' title='bbox 2340 1754 2585 1809; x_wconf 86' lang='lat' dir='ltr'><strong>inaniter</strong></span> <span class='ocrx_word' id='word_1_247' title='bbox 2613 1754 2891 1810; x_wconf 89' lang='lat' dir='ltr'><strong>laborare.</strong></span> <span class='ocrx_word' id='word_1_248' title='bbox 2907 1756 3025 1811; x_wconf 86' lang='lat' dir='ltr'><strong>Etsi</strong></span> <span class='ocrx_word' id='word_1_249' title='bbox 3044 1756 3214 1811; x_wconf 87' lang='lat' dir='ltr'><strong>aliam</strong></span> <span class='ocrx_word' id='word_1_250' title='bbox 3236 1756 3491 1810; x_wconf 87' lang='lat' dir='ltr'><strong>invenerit</strong></span> <span class='ocrx_word' id='word_1_251' title='bbox 3513 1755 3641 1808; x_wconf 87' lang='lat' dir='ltr'><strong>ratio-</strong></span> 
     </span>
    </p>
   </div>
   <div class='ocr_carea' id='block_1_33' title="bbox 427 1842 2027 1913">
    <p class='ocr_par' dir='ltr' id='par_1_33' title="bbox 427 1842 2027 1913">
     <span class='ocr_line' id='line_1_33' title="bbox 427 1842 2027 1913; baseline 0.001 -16"><span class='ocrx_word' id='word_1_252' title='bbox 427 1844 665 1911; x_wconf 86' lang='lat' dir='ltr'><strong>devicit;</strong></span> <span class='ocrx_word' id='word_1_253' title='bbox 697 1842 903 1898; x_wconf 90' lang='lat' dir='ltr'><strong>inferni</strong></span> <span class='ocrx_word' id='word_1_254' title='bbox 926 1845 1060 1913; x_wconf 85' lang='lat' dir='ltr'><strong>jura</strong></span> <span class='ocrx_word' id='word_1_255' title='bbox 1079 1842 1389 1913; x_wconf 84' lang='lat' dir='ltr'><strong>dissipavit,</strong></span> <span class='ocrx_word' id='word_1_256' title='bbox 1413 1859 1654 1913; x_wconf 91' lang='lat' dir='ltr'><strong>suosque</strong></span> <span class='ocrx_word' id='word_1_257' title='bbox 1678 1844 1810 1898; x_wconf 90' lang='lat' dir='ltr'><strong>inde</strong></span> <span class='ocrx_word' id='word_1_258' title='bbox 1828 1843 2027 1898; x_wconf 89' lang='lat' dir='ltr'><strong>libera-</strong></span> 
     </span>
    </p>
   </div>
   <div class='ocr_carea' id='block_1_34' title="bbox 428 1931 2026 2002">
    <p class='ocr_par' dir='ltr' id='par_1_34' title="bbox 428 1931 2026 2002">
     <span class='ocr_line' id='line_1_34' title="bbox 428 1931 2026 2002; baseline 0.001 -17"><span class='ocrx_word' id='word_1_259' title='bbox 428 1932 524 1986; x_wconf 90' lang='lat' dir='ltr'><strong>vit.</strong></span> <span class='ocrx_word' id='word_1_260' title='bbox 555 1933 729 1987; x_wconf 87' lang='lat' dir='ltr'><strong>Terra</strong></span> <span class='ocrx_word' id='word_1_261' title='bbox 772 1932 1027 1995; x_wconf 89' lang='lat' dir='ltr'><strong>tremuit,</strong></span> <span class='ocrx_word' id='word_1_262' title='bbox 1079 1936 1273 2002; x_wconf 64' lang='lat' dir='ltr'><strong>petrae,</strong></span> <span class='ocrx_word' id='word_1_263' title='bbox 1306 1931 1404 1985; x_wconf 89' lang='lat' dir='ltr'><strong>ubi</strong></span> <span class='ocrx_word' id='word_1_264' title='bbox 1450 1932 1536 1985; x_wconf 85' lang='lat' dir='ltr'><strong>vel</strong></span> <span class='ocrx_word' id='word_1_265' title='bbox 1570 1932 1687 1997; x_wconf 89' lang='lat' dir='ltr'><strong>ubi,</strong></span> <span class='ocrx_word' id='word_1_266' title='bbox 1736 1933 2026 1987; x_wconf 59' lang='lat' dir='ltr'><strong>conscissa;</strong></span> 
     </span>
    </p>
   </div>
   <div class='ocr_carea' id='block_1_35' title="bbox 426 2025 2028 2092">
    <p class='ocr_par' dir='ltr' id='par_1_35' title="bbox 426 2025 2028 2092">
     <span class='ocr_line' id='line_1_35' title="bbox 426 2025 2028 2092; baseline 0 -16"><span class='ocrx_word' id='word_1_267' title='bbox 426 2026 579 2088; x_wconf 88' lang='lat' dir='ltr'><strong>sunt,</strong></span> <span class='ocrx_word' id='word_1_268' title='bbox 602 2026 968 2076; x_wconf 86' lang='lat' dir='ltr'><strong>monumenta</strong></span> <span class='ocrx_word' id='word_1_269' title='bbox 1001 2025 1196 2091; x_wconf 86' lang='lat' dir='ltr'><strong>aperta</strong></span> <span class='ocrx_word' id='word_1_270' title='bbox 1234 2026 1385 2085; x_wconf 91' lang='lat' dir='ltr'><strong>sunt,</strong></span> <span class='ocrx_word' id='word_1_271' title='bbox 1422 2025 1481 2074; x_wconf 88' lang='lat' dir='ltr'><strong>et</strong></span> <span class='ocrx_word' id='word_1_272' title='bbox 1512 2037 1747 2092; x_wconf 89' lang='lat' dir='ltr'><strong>corpora</strong></span> <span class='ocrx_word' id='word_1_273' title='bbox 1773 2026 2028 2076; x_wconf 88' lang='lat' dir='ltr'><strong>mortuo-</strong></span> 
     </span>
    </p>
   </div>
   <div class='ocr_carea' id='block_1_36' title="bbox 425 2109 2029 2180">
    <p class='ocr_par' dir='ltr' id='par_1_36' title="bbox 425 2109 2029 2180">
     <span class='ocr_line' id='line_1_36' title="bbox 425 2109 2029 2180; baseline 0.001 -17"><span class='ocrx_word' id='word_1_274' title='bbox 425 2126 554 2164; x_wconf 90' lang='lat' dir='ltr'><strong>rum</strong></span> <span class='ocrx_word' id='word_1_275' title='bbox 582 2110 703 2164; x_wconf 89' lang='lat' dir='ltr'><strong>viva</strong></span> <span class='ocrx_word' id='word_1_276' title='bbox 731 2109 951 2165; x_wconf 87' lang='lat' dir='ltr'><strong>reddita</strong></span> <span class='ocrx_word' id='word_1_277' title='bbox 980 2113 1131 2175; x_wconf 89' lang='lat' dir='ltr'><strong>sunt,</strong></span> <span class='ocrx_word' id='word_1_278' title='bbox 1164 2109 1348 2163; x_wconf 90' lang='lat' dir='ltr'><strong>velum</strong></span> <span class='ocrx_word' id='word_1_279' title='bbox 1374 2110 1573 2180; x_wconf 87' lang='lat' dir='ltr'><strong>templi</strong></span> <span class='ocrx_word' id='word_1_280' title='bbox 1598 2110 1833 2164; x_wconf 90' lang='lat' dir='ltr'><strong>scissum</strong></span> <span class='ocrx_word' id='word_1_281' title='bbox 1866 2116 1969 2177; x_wconf 89' lang='lat' dir='ltr'><strong>est,</strong></span> <span class='ocrx_word' id='word_1_282' title='bbox 1994 2127 2029 2165; x_wconf 88' lang='lat' dir='ltr'><strong>a</strong></span> 
     </span>
    </p>
   </div>
   <div class='ocr_carea' id='block_1_37' title="bbox 426 2199 1178 2269">
    <p class='ocr_par' dir='ltr' id='par_1_37' title="bbox 426 2199 1178 2269">
     <span class='ocr_line' id='line_1_37' title="bbox 426 2199 1178 2269; baseline 0.003 -16"><span class='ocrx_word' id='word_1_283' title='bbox 426 2214 647 2254; x_wconf 89' lang='lat' dir='ltr'><strong>summo</strong></span> <span class='ocrx_word' id='word_1_284' title='bbox 683 2216 862 2269; x_wconf 91' lang='lat' dir='ltr'><strong>usque</strong></span> <span class='ocrx_word' id='word_1_285' title='bbox 886 2199 1150 2253; x_wconf 89' lang='lat' dir='ltr'><strong>deorsum</strong></span> <span class='ocrx_word' id='word_1_286' title='bbox 1165 2242 1178 2255; x_wconf 96' lang='lat'><strong>.</strong></span> 
     </span>
    </p>
   </div>
   <div class='ocr_carea' id='block_1_38' title="bbox 498 2288 2027 2355">
    <p class='ocr_par' dir='ltr' id='par_1_38' title="bbox 498 2288 2027 2355">
     <span class='ocr_line' id='line_1_38' title="bbox 498 2288 2027 2355; baseline -0.001 -13"><span class='ocrx_word' id='word_1_287' title='bbox 498 2289 540 2342; x_wconf 88' lang='lat' dir='ltr'><strong><em>A</em></strong></span> <span class='ocrx_word' id='word_1_288' title='bbox 572 2292 722 2341; x_wconf 72' lang='lat' dir='ltr'><strong>sexta</strong></span> <span class='ocrx_word' id='word_1_289' title='bbox 742 2292 929 2341; x_wconf 78' lang='lat' dir='ltr'><strong>autem</strong></span> <span class='ocrx_word' id='word_1_290' title='bbox 957 2288 1115 2352; x_wconf 87' lang='lat' dir='ltr'><strong>hora,</strong></span> <span class='ocrx_word' id='word_1_291' title='bbox 1139 2288 1367 2340; x_wconf 68' lang='lat' dir='ltr'><strong>tenebras</strong></span> <span class='ocrx_word' id='word_1_292' title='bbox 1393 2288 1549 2354; x_wconf 71' lang='lat' dir='ltr'><strong>facta:</strong></span> <span class='ocrx_word' id='word_1_293' title='bbox 1566 2292 1697 2341; x_wconf 78' lang='lat' dir='ltr'><strong>sunt</strong></span> <span class='ocrx_word' id='word_1_294' title='bbox 1717 2303 1882 2355; x_wconf 80' lang='lat' dir='ltr'><strong>super</strong></span> <span class='ocrx_word' id='word_1_295' title='bbox 1901 2291 2027 2341; x_wconf 85' lang='lat' dir='ltr'><strong>uni-</strong></span> 
     </span>
    </p>
   </div>
   <div class='ocr_carea' id='block_1_39' title="bbox 427 2375 2027 2446">
    <p class='ocr_par' dir='ltr' id='par_1_39' title="bbox 427 2375 2027 2446">
     <span class='ocr_line' id='line_1_39' title="bbox 427 2375 2027 2446; baseline 0.001 -18"><span class='ocrx_word' id='word_1_296' title='bbox 427 2390 641 2428; x_wconf 81' lang='lat' dir='ltr'><strong>versam</strong></span> <span class='ocrx_word' id='word_1_297' title='bbox 662 2379 890 2439; x_wconf 81' lang='lat' dir='ltr'><strong>terram,</strong></span> <span class='ocrx_word' id='word_1_298' title='bbox 915 2391 1085 2443; x_wconf 79' lang='lat' dir='ltr'><strong>usque</strong></span> <span class='ocrx_word' id='word_1_299' title='bbox 1102 2376 1176 2427; x_wconf 87' lang='lat' dir='ltr'><strong>ad</strong></span> <span class='ocrx_word' id='word_1_300' title='bbox 1193 2376 1390 2428; x_wconf 86' lang='lat' dir='ltr'><strong>horam</strong></span> <span class='ocrx_word' id='word_1_301' title='bbox 1410 2390 1639 2429; x_wconf 85' lang='lat' dir='ltr'><strong>nonam.</strong></span> <span class='ocrx_word' id='word_1_302' title='bbox 1660 2375 1913 2429; x_wconf 90' lang='lat' dir='ltr'><strong>Fuerunt</strong></span> <span class='ocrx_word' id='word_1_303' title='bbox 1930 2377 2027 2446; x_wconf 89' lang='lat' dir='ltr'><strong>qui</strong></span> 
     </span>
    </p>
   </div>
   <div class='ocr_carea' id='block_1_40' title="bbox 427 2461 2028 2537">
    <p class='ocr_par' dir='ltr' id='par_1_40' title="bbox 427 2461 2028 2537">
     <span class='ocr_line' id='line_1_40' title="bbox 427 2461 2028 2537; baseline 0.002 -22"><span class='ocrx_word' id='word_1_304' title='bbox 427 2461 1004 2537; x_wconf 81' lang='lat' dir='ltr'><strong>dicerentDominum</strong></span> <span class='ocrx_word' id='word_1_305' title='bbox 1024 2463 1164 2517; x_wconf 90' lang='lat' dir='ltr'><strong>hora</strong></span> <span class='ocrx_word' id='word_1_306' title='bbox 1181 2462 1351 2517; x_wconf 87' lang='lat' dir='ltr'><strong>tertia</strong></span> <span class='ocrx_word' id='word_1_307' title='bbox 1373 2464 1719 2529; x_wconf 87' lang='lat' dir='ltr'><strong>cruciﬁxum,</strong></span> <span class='ocrx_word' id='word_1_308' title='bbox 1746 2469 1802 2518; x_wconf 89' lang='lat' dir='ltr'><strong>et</strong></span> <span class='ocrx_word' id='word_1_309' title='bbox 1820 2481 1855 2518; x_wconf 90' lang='lat' dir='ltr'><strong>a</strong></span> <span class='ocrx_word' id='word_1_310' title='bbox 1873 2470 2028 2519; x_wconf 87' lang='lat' dir='ltr'><strong>sexta</strong></span> 
     </span>
    </p>
   </div>
   <div class='ocr_carea' id='block_1_41' title="bbox 426 2550 2027 2624">
    <p class='ocr_par' dir='ltr' id='par_1_41' title="bbox 426 2550 2027 2624">
     <span class='ocr_line' id='line_1_41' title="bbox 426 2550 2027 2624; baseline 0.002 -20"><span class='ocrx_word' id='word_1_311' title='bbox 426 2550 569 2605; x_wconf 87' lang='lat' dir='ltr'><strong>hora</strong></span> <span class='ocrx_word' id='word_1_312' title='bbox 591 2551 851 2606; x_wconf 88' lang='lat' dir='ltr'><strong>tenebras</strong></span> <span class='ocrx_word' id='word_1_313' title='bbox 870 2552 1045 2606; x_wconf 87' lang='lat' dir='ltr'><strong>factas</strong></span> <span class='ocrx_word' id='word_1_314' title='bbox 1064 2568 1242 2623; x_wconf 91' lang='lat' dir='ltr'><strong>usque</strong></span> <span class='ocrx_word' id='word_1_315' title='bbox 1260 2552 1330 2605; x_wconf 90' lang='lat' dir='ltr'><strong>ad</strong></span> <span class='ocrx_word' id='word_1_316' title='bbox 1351 2568 1577 2618; x_wconf 91' lang='lat' dir='ltr'><strong>nonam,</strong></span> <span class='ocrx_word' id='word_1_317' title='bbox 1602 2558 1667 2606; x_wconf 91' lang='lat' dir='ltr'><strong>ut</strong></span> <span class='ocrx_word' id='word_1_318' title='bbox 1685 2558 2027 2624; x_wconf 60' lang='lat' dir='ltr'><strong>consumpta</strong></span> 
     </span>
    </p>
   </div>
   <div class='ocr_carea' id='block_1_42' title="bbox 425 2639 2028 2713">
    <p class='ocr_par' dir='ltr' id='par_1_42' title="bbox 425 2639 2028 2713">
     <span class='ocr_line' id='line_1_42' title="bbox 425 2639 2028 2713; baseline 0.002 -19"><span class='ocrx_word' id='word_1_319' title='bbox 425 2639 817 2711; x_wconf 85' lang='lat' dir='ltr'><strong>intelligantur</strong></span> <span class='ocrx_word' id='word_1_320' title='bbox 842 2646 959 2696; x_wconf 88' lang='lat' dir='ltr'><strong>tres</strong></span> <span class='ocrx_word' id='word_1_321' title='bbox 990 2642 1143 2696; x_wconf 70' lang='lat' dir='ltr'><strong>horae</strong></span> <span class='ocrx_word' id='word_1_322' title='bbox 1174 2658 1239 2695; x_wconf 87' lang='lat' dir='ltr'><strong>ex</strong></span> <span class='ocrx_word' id='word_1_323' title='bbox 1265 2657 1375 2712; x_wconf 94' lang='lat' dir='ltr'><strong>quo</strong></span> <span class='ocrx_word' id='word_1_324' title='bbox 1399 2641 1697 2696; x_wconf 86' lang='lat' dir='ltr'><strong>cruciﬁxus</strong></span> <span class='ocrx_word' id='word_1_325' title='bbox 1724 2649 1828 2708; x_wconf 91' lang='lat' dir='ltr'><strong>est,</strong></span> <span class='ocrx_word' id='word_1_326' title='bbox 1847 2659 2028 2713; x_wconf 90' lang='lat' dir='ltr'><strong>usque</strong></span> 
     </span>
    </p>
   </div>
   <div class='ocr_carea' id='block_1_43' title="bbox 426 2728 2027 2801">
    <p class='ocr_par' dir='ltr' id='par_1_43' title="bbox 426 2728 2027 2801">
     <span class='ocr_line' id='line_1_43' title="bbox 426 2728 2027 2801; baseline 0.001 -18"><span class='ocrx_word' id='word_1_327' title='bbox 426 2728 501 2784; x_wconf 91' lang='lat' dir='ltr'><strong>ad</strong></span> <span class='ocrx_word' id='word_1_328' title='bbox 519 2728 781 2783; x_wconf 86' lang='lat' dir='ltr'><strong>tenebras</strong></span> <span class='ocrx_word' id='word_1_329' title='bbox 802 2731 997 2795; x_wconf 88' lang='lat' dir='ltr'><strong>factas,</strong></span> <span class='ocrx_word' id='word_1_330' title='bbox 1014 2730 1148 2801; x_wconf 87' lang='lat' dir='ltr'><strong>quia</strong></span> <span class='ocrx_word' id='word_1_331' title='bbox 1167 2730 1388 2784; x_wconf 88' lang='lat' dir='ltr'><strong>Marcus</strong></span> <span class='ocrx_word' id='word_1_332' title='bbox 1404 2730 1510 2783; x_wconf 87' lang='lat' dir='ltr'><strong>ait:</strong></span> <span class='ocrx_word' id='word_1_333' title='bbox 1531 2731 1667 2784; x_wconf 84' lang='lat' dir='ltr'><strong>Erat</strong></span> <span class='ocrx_word' id='word_1_334' title='bbox 1686 2736 1869 2784; x_wconf 80' lang='lat' dir='ltr'><strong>autem</strong></span> <span class='ocrx_word' id='word_1_335' title='bbox 1890 2732 2027 2785; x_wconf 84' lang='lat' dir='ltr'><strong>hora</strong></span> 
     </span>
    </p>
   </div>
   <div class='ocr_carea' id='block_1_44' title="bbox 429 2817 2029 2887">
    <p class='ocr_par' dir='ltr' id='par_1_44' title="bbox 429 2817 2029 2887">
     <span class='ocr_line' id='line_1_44' title="bbox 429 2817 2029 2887; baseline 0 -16"><span class='ocrx_word' id='word_1_336' title='bbox 429 2821 614 2884; x_wconf 79' lang='lat' dir='ltr'><strong>tertia,</strong></span> <span class='ocrx_word' id='word_1_337' title='bbox 628 2824 681 2872; x_wconf 84' lang='lat' dir='ltr'><strong>et</strong></span> <span class='ocrx_word' id='word_1_338' title='bbox 700 2822 1100 2886; x_wconf 65' lang='lat' dir='ltr'><strong>cruci/icerant</strong></span> <span class='ocrx_word' id='word_1_339' title='bbox 1117 2818 1501 2872; x_wconf 83' lang='lat' dir='ltr'><strong>eum.Poterat</strong></span> <span class='ocrx_word' id='word_1_340' title='bbox 1513 2817 1703 2887; x_wconf 90' lang='lat' dir='ltr'><strong>itaque</strong></span> <span class='ocrx_word' id='word_1_341' title='bbox 1719 2818 1822 2871; x_wconf 92' lang='lat' dir='ltr'><strong>hoc</strong></span> <span class='ocrx_word' id='word_1_342' title='bbox 1837 2818 2029 2871; x_wconf 81' lang='lat' dir='ltr'><strong>rectis-</strong></span> 
     </span>
    </p>
   </div>
   <div class='ocr_carea' id='block_1_45' title="bbox 2106 1843 3643 1917">
    <p class='ocr_par' dir='ltr' id='par_1_45' title="bbox 2106 1843 3643 1917">
     <span class='ocr_line' id='line_1_45' title="bbox 2106 1843 3643 1917; baseline -0.001 -19"><span class='ocrx_word' id='word_1_343' title='bbox 2106 1859 2237 1898; x_wconf 90' lang='lat' dir='ltr'><strong>nem</strong></span> <span class='ocrx_word' id='word_1_344' title='bbox 2265 1859 2378 1914; x_wconf 92' lang='lat' dir='ltr'><strong>qua</strong></span> <span class='ocrx_word' id='word_1_345' title='bbox 2402 1844 2579 1914; x_wconf 90' lang='lat' dir='ltr'><strong>possit</strong></span> <span class='ocrx_word' id='word_1_346' title='bbox 2599 1844 2744 1899; x_wconf 90' lang='lat' dir='ltr'><strong>hanc</strong></span> <span class='ocrx_word' id='word_1_347' title='bbox 2763 1846 3045 1899; x_wconf 84' lang='lat' dir='ltr'><strong>exsolvere</strong></span> <span class='ocrx_word' id='word_1_348' title='bbox 3064 1846 3440 1917; x_wconf 62' lang='lat' dir='ltr'><strong>quaestionem,</strong></span> <span class='ocrx_word' id='word_1_349' title='bbox 3459 1860 3546 1898; x_wconf 88' lang='lat' dir='ltr'><strong>nec</strong></span> <span class='ocrx_word' id='word_1_350' title='bbox 3562 1843 3643 1897; x_wconf 78' lang='lat' dir='ltr'><strong>ista</strong></span> 
     </span>
    </p>
   </div>
   <div class='ocr_carea' id='block_1_46' title="bbox 2107 1931 3644 2006">
    <p class='ocr_par' dir='ltr' id='par_1_46' title="bbox 2107 1931 3644 2006">
     <span class='ocr_line' id='line_1_46' title="bbox 2107 1931 3644 2006; baseline 0.001 -21"><span class='ocrx_word' id='word_1_351' title='bbox 2107 1931 2419 1986; x_wconf 89' lang='lat' dir='ltr'><strong>omittenda</strong></span> <span class='ocrx_word' id='word_1_352' title='bbox 2441 1938 2528 1987; x_wconf 86' lang='lat' dir='ltr'><strong>est</strong></span> <span class='ocrx_word' id='word_1_353' title='bbox 2551 1933 2843 2004; x_wconf 82' lang='lat' dir='ltr'><strong>expositio,</strong></span> <span class='ocrx_word' id='word_1_354' title='bbox 2863 1934 3131 2005; x_wconf 85' lang='lat' dir='ltr'><strong>quoniam</strong></span> <span class='ocrx_word' id='word_1_355' title='bbox 3150 1935 3316 2006; x_wconf 89' lang='lat' dir='ltr'><strong>plena</strong></span> <span class='ocrx_word' id='word_1_356' title='bbox 3335 1938 3457 1989; x_wconf 87' lang='lat' dir='ltr'><strong>sunt</strong></span> <span class='ocrx_word' id='word_1_357' title='bbox 3472 1933 3644 2003; x_wconf 80' lang='lat' dir='ltr'><strong>singula</strong></span> 
     </span>
    </p>
   </div>
   <div class='ocr_carea' id='block_1_47' title="bbox 2109 2021 3642 2094">
    <p class='ocr_par' dir='ltr' id='par_1_47' title="bbox 2109 2021 3642 2094">
     <span class='ocr_line' id='line_1_47' title="bbox 2109 2021 3642 2094; baseline 0.001 -21"><span class='ocrx_word' id='word_1_358' title='bbox 2109 2021 2491 2076; x_wconf 88' lang='lat' dir='ltr'><strong>sacramentis.</strong></span> <span class='ocrx_word' id='word_1_359' title='bbox 2502 2022 2570 2075; x_wconf 91' lang='lat' dir='ltr'><strong>Et</strong></span> <span class='ocrx_word' id='word_1_360' title='bbox 2584 2028 2744 2076; x_wconf 88' lang='lat' dir='ltr'><strong>tanto</strong></span> <span class='ocrx_word' id='word_1_361' title='bbox 2762 2022 3054 2077; x_wconf 88' lang='lat' dir='ltr'><strong>fecundior</strong></span> <span class='ocrx_word' id='word_1_362' title='bbox 3072 2022 3343 2094; x_wconf 88' lang='lat' dir='ltr'><strong>probatur</strong></span> <span class='ocrx_word' id='word_1_363' title='bbox 3358 2022 3642 2093; x_wconf 85' lang='lat' dir='ltr'><strong>singularum</strong></span> 
     </span>
    </p>
   </div>
   <div class='ocr_carea' id='block_1_48' title="bbox 2109 2110 3645 2183">
    <p class='ocr_par' dir='ltr' id='par_1_48' title="bbox 2109 2110 3645 2183">
     <span class='ocr_line' id='line_1_48' title="bbox 2109 2110 3645 2183; baseline -0.001 -20"><span class='ocrx_word' id='word_1_364' title='bbox 2109 2110 2515 2165; x_wconf 89' lang='lat' dir='ltr'><strong>sententiarum</strong></span> <span class='ocrx_word' id='word_1_365' title='bbox 2560 2112 2853 2183; x_wconf 88' lang='lat' dir='ltr'><strong>expositio,</strong></span> <span class='ocrx_word' id='word_1_366' title='bbox 2905 2117 3117 2183; x_wconf 91' lang='lat' dir='ltr'><strong>quanto</strong></span> <span class='ocrx_word' id='word_1_367' title='bbox 3164 2112 3337 2167; x_wconf 90' lang='lat' dir='ltr'><strong>fuerit</strong></span> <span class='ocrx_word' id='word_1_368' title='bbox 3378 2110 3645 2181; x_wconf 84' lang='lat' dir='ltr'><strong>locupletior</strong></span> 
     </span>
    </p>
   </div>
   <div class='ocr_carea' id='block_1_49' title="bbox 2109 2199 3642 2271">
    <p class='ocr_par' dir='ltr' id='par_1_49' title="bbox 2109 2199 3642 2271">
     <span class='ocr_line' id='line_1_49' title="bbox 2109 2199 3642 2271; baseline 0.001 -19"><span class='ocrx_word' id='word_1_369' title='bbox 2109 2199 2383 2254; x_wconf 89' lang='lat' dir='ltr'><strong>sensibus.</strong></span> <span class='ocrx_word' id='word_1_370' title='bbox 2415 2200 2575 2264; x_wconf 86' lang='lat' dir='ltr'><strong>Quod</strong></span> <span class='ocrx_word' id='word_1_371' title='bbox 2604 2201 2652 2254; x_wconf 92' lang='lat' dir='ltr'><strong>si</strong></span> <span class='ocrx_word' id='word_1_372' title='bbox 2700 2201 2844 2255; x_wconf 89' lang='lat' dir='ltr'><strong>forte</strong></span> <span class='ocrx_word' id='word_1_373' title='bbox 2872 2200 3153 2255; x_wconf 78' lang='lat' dir='ltr'><strong>invenerit</strong></span> <span class='ocrx_word' id='word_1_374' title='bbox 3179 2201 3331 2256; x_wconf 83' lang='lat' dir='ltr'><strong>aliud</strong></span> <span class='ocrx_word' id='word_1_375' title='bbox 3359 2200 3492 2271; x_wconf 92' lang='lat' dir='ltr'><strong>quod</strong></span> <span class='ocrx_word' id='word_1_376' title='bbox 3516 2200 3642 2264; x_wconf 77' lang='lat' dir='ltr'><strong>dicta,</strong></span> 
     </span>
    </p>
   </div>
   <div class='ocr_carea' id='block_1_50' title="bbox 2109 2288 3647 2345">
    <p class='ocr_par' dir='ltr' id='par_1_50' title="bbox 2109 2288 3647 2345">
     <span class='ocr_line' id='line_1_50' title="bbox 2109 2288 3647 2345; baseline -0.001 -4"><span class='ocrx_word' id='word_1_377' title='bbox 2109 2304 2224 2341; x_wconf 89' lang='lat' dir='ltr'><strong>non</strong></span> <span class='ocrx_word' id='word_1_378' title='bbox 2256 2288 2487 2343; x_wconf 86' lang='lat' dir='ltr'><strong>habebit</strong></span> <span class='ocrx_word' id='word_1_379' title='bbox 2512 2294 2701 2343; x_wconf 88' lang='lat' dir='ltr'><strong>tamen</strong></span> <span class='ocrx_word' id='word_1_380' title='bbox 2730 2289 2880 2344; x_wconf 91' lang='lat' dir='ltr'><strong>unde</strong></span> <span class='ocrx_word' id='word_1_381' title='bbox 2909 2290 3205 2344; x_wconf 85' lang='lat' dir='ltr'><strong>convincat</strong></span> <span class='ocrx_word' id='word_1_382' title='bbox 3231 2305 3341 2345; x_wconf 90' lang='lat' dir='ltr'><strong>non</strong></span> <span class='ocrx_word' id='word_1_383' title='bbox 3376 2290 3527 2344; x_wconf 86' lang='lat' dir='ltr'><strong>fuisse</strong></span> <span class='ocrx_word' id='word_1_384' title='bbox 3546 2294 3647 2341; x_wconf 88' lang='lat' dir='ltr'><strong>tunc</strong></span> 
     </span>
    </p>
   </div>
   <div class='ocr_carea' id='block_1_51' title="bbox 2108 2375 3647 2449">
    <p class='ocr_par' dir='ltr' id='par_1_51' title="bbox 2108 2375 3647 2449">
     <span class='ocr_line' id='line_1_51' title="bbox 2108 2375 3647 2449; baseline 0.001 -20"><span class='ocrx_word' id='word_1_385' title='bbox 2108 2375 2307 2430; x_wconf 90' lang='lat' dir='ltr'><strong>horam</strong></span> <span class='ocrx_word' id='word_1_386' title='bbox 2327 2378 2574 2444; x_wconf 88' lang='lat' dir='ltr'><strong>tertiam,</strong></span> <span class='ocrx_word' id='word_1_387' title='bbox 2595 2378 2818 2448; x_wconf 88' lang='lat' dir='ltr'><strong>quando</strong></span> <span class='ocrx_word' id='word_1_388' title='bbox 2838 2378 3047 2449; x_wconf 83' lang='lat' dir='ltr'><strong>linguis</strong></span> <span class='ocrx_word' id='word_1_389' title='bbox 3076 2378 3393 2433; x_wconf 67' lang='lat' dir='ltr'><strong>Iudaeorum</strong></span> <span class='ocrx_word' id='word_1_390' title='bbox 3411 2377 3647 2432; x_wconf 81' lang='lat' dir='ltr'><strong>cruciﬁxus</strong></span> 
     </span>
    </p>
   </div>
   <div class='ocr_carea' id='block_1_52' title="bbox 2109 2465 3648 2539">
    <p class='ocr_par' dir='ltr' id='par_1_52' title="bbox 2109 2465 3648 2539">
     <span class='ocr_line' id='line_1_52' title="bbox 2109 2465 3648 2539; baseline -0.001 -21"><span class='ocrx_word' id='word_1_391' title='bbox 2109 2470 2197 2518; x_wconf 88' lang='lat' dir='ltr'><strong>est</strong></span> <span class='ocrx_word' id='word_1_392' title='bbox 2238 2465 2532 2532; x_wconf 86' lang='lat' dir='ltr'><strong>Dominus,</strong></span> <span class='ocrx_word' id='word_1_393' title='bbox 2567 2472 2625 2520; x_wconf 89' lang='lat' dir='ltr'><strong>et</strong></span> <span class='ocrx_word' id='word_1_394' title='bbox 2666 2467 2864 2521; x_wconf 88' lang='lat' dir='ltr'><strong>horam</strong></span> <span class='ocrx_word' id='word_1_395' title='bbox 2893 2472 3107 2521; x_wconf 84' lang='lat' dir='ltr'><strong>sextam</strong></span> <span class='ocrx_word' id='word_1_396' title='bbox 3140 2467 3362 2539; x_wconf 88' lang='lat' dir='ltr'><strong>quando</strong></span> <span class='ocrx_word' id='word_1_397' title='bbox 3387 2469 3525 2535; x_wconf 69' lang='lat' dir='ltr'><strong>facta:</strong></span> <span class='ocrx_word' id='word_1_398' title='bbox 3552 2468 3648 2519; x_wconf 78' lang='lat' dir='ltr'><strong>sunt</strong></span> 
     </span>
    </p>
   </div>
   <div class='ocr_carea' id='block_1_53' title="bbox 2110 2552 3650 2623">
    <p class='ocr_par' dir='ltr' id='par_1_53' title="bbox 2110 2552 3650 2623">
     <span class='ocr_line' id='line_1_53' title="bbox 2110 2552 3650 2623; baseline -0.001 -17"><span class='ocrx_word' id='word_1_399' title='bbox 2110 2556 2340 2607; x_wconf 66' lang='lat' dir='ltr'><strong>tenebras</strong></span> <span class='ocrx_word' id='word_1_400' title='bbox 2365 2571 2533 2623; x_wconf 75' lang='lat' dir='ltr'><strong>super</strong></span> <span class='ocrx_word' id='word_1_401' title='bbox 2552 2559 2874 2609; x_wconf 77' lang='lat' dir='ltr'><strong>universam</strong></span> <span class='ocrx_word' id='word_1_402' title='bbox 2897 2561 3129 2623; x_wconf 77' lang='lat' dir='ltr'><strong>terram,</strong></span> <span class='ocrx_word' id='word_1_403' title='bbox 3154 2562 3216 2611; x_wconf 89' lang='lat' dir='ltr'><strong>et</strong></span> <span class='ocrx_word' id='word_1_404' title='bbox 3237 2556 3492 2611; x_wconf 87' lang='lat' dir='ltr'><strong>Dominus</strong></span> <span class='ocrx_word' id='word_1_405' title='bbox 3514 2552 3572 2607; x_wconf 87' lang='lat' dir='ltr'><strong>ab</strong></span> <span class='ocrx_word' id='word_1_406' title='bbox 3592 2552 3650 2606; x_wconf 86' lang='lat' dir='ltr'><strong>eis</strong></span> 
     </span>
    </p>
   </div>
   <div class='ocr_carea' id='block_1_54' title="bbox 2109 2637 3653 2715">
    <p class='ocr_par' dir='ltr' id='par_1_54' title="bbox 2109 2637 3653 2715">
     <span class='ocr_line' id='line_1_54' title="bbox 2109 2637 3653 2715; baseline 0.001 -20"><span class='ocrx_word' id='word_1_407' title='bbox 2109 2657 2414 2713; x_wconf 78' lang='lat' dir='ltr'><strong>suspensus</strong></span> <span class='ocrx_word' id='word_1_408' title='bbox 2435 2649 2521 2697; x_wconf 83' lang='lat' dir='ltr'><strong>est</strong></span> <span class='ocrx_word' id='word_1_409' title='bbox 2547 2644 2607 2697; x_wconf 91' lang='lat' dir='ltr'><strong>in</strong></span> <span class='ocrx_word' id='word_1_410' title='bbox 2635 2644 2809 2713; x_wconf 88' lang='lat' dir='ltr'><strong>ligno.</strong></span> <span class='ocrx_word' id='word_1_411' title='bbox 2835 2644 3036 2715; x_wconf 90' lang='lat' dir='ltr'><strong>Sicque</strong></span> <span class='ocrx_word' id='word_1_412' title='bbox 3051 2637 3266 2699; x_wconf 79' lang='lat' dir='ltr'><strong>neuter</strong></span> <span class='ocrx_word' id='word_1_413' title='bbox 3289 2660 3472 2699; x_wconf 89' lang='lat' dir='ltr'><strong>eorum</strong></span> <span class='ocrx_word' id='word_1_414' title='bbox 3495 2643 3653 2697; x_wconf 88' lang='lat' dir='ltr'><strong>discre-</strong></span> 
     </span>
    </p>
   </div>
   <div class='ocr_carea' id='block_1_55' title="bbox 2108 2731 3652 2805">
    <p class='ocr_par' dir='ltr' id='par_1_55' title="bbox 2108 2731 3652 2805">
     <span class='ocr_line' id='line_1_55' title="bbox 2108 2731 3652 2805; baseline 0 -21"><span class='ocrx_word' id='word_1_415' title='bbox 2108 2736 2207 2802; x_wconf 88' lang='lat' dir='ltr'><strong>pat</strong></span> <span class='ocrx_word' id='word_1_416' title='bbox 2233 2747 2268 2784; x_wconf 91' lang='lat' dir='ltr'><strong>a</strong></span> <span class='ocrx_word' id='word_1_417' title='bbox 2289 2748 2417 2786; x_wconf 91' lang='lat' dir='ltr'><strong>vero</strong></span> <span class='ocrx_word' id='word_1_418' title='bbox 2442 2751 2455 2799; x_wconf 90' lang='lat'><strong>;</strong></span> <span class='ocrx_word' id='word_1_419' title='bbox 2487 2748 2673 2803; x_wconf 89' lang='lat' dir='ltr'><strong>neque</strong></span> <span class='ocrx_word' id='word_1_420' title='bbox 2703 2734 2945 2797; x_wconf 86' lang='lat' dir='ltr'><strong>Marcus,</strong></span> <span class='ocrx_word' id='word_1_421' title='bbox 2968 2733 3065 2805; x_wconf 89' lang='lat' dir='ltr'><strong>qui</strong></span> <span class='ocrx_word' id='word_1_422' title='bbox 3093 2733 3234 2788; x_wconf 90' lang='lat' dir='ltr'><strong>dicit</strong></span> <span class='ocrx_word' id='word_1_423' title='bbox 3251 2733 3529 2788; x_wconf 89' lang='lat' dir='ltr'><strong>Dominum</strong></span> <span class='ocrx_word' id='word_1_424' title='bbox 3548 2731 3652 2785; x_wconf 80' lang='lat' dir='ltr'><strong>hora</strong></span> 
     </span>
    </p>
   </div>
   <div class='ocr_carea' id='block_1_56' title="bbox 2108 2820 3650 2894">
    <p class='ocr_par' dir='ltr' id='par_1_56' title="bbox 2108 2820 3650 2894">
     <span class='ocr_line' id='line_1_56' title="bbox 2108 2820 3650 2894; baseline 0 -22"><span class='ocrx_word' id='word_1_425' title='bbox 2108 2820 2275 2873; x_wconf 89' lang='lat' dir='ltr'><strong>tertia</strong></span> <span class='ocrx_word' id='word_1_426' title='bbox 2305 2821 2655 2886; x_wconf 87' lang='lat' dir='ltr'><strong>cruciﬁxum,</strong></span> <span class='ocrx_word' id='word_1_427' title='bbox 2679 2837 2863 2892; x_wconf 90' lang='lat' dir='ltr'><strong>neque</strong></span> <span class='ocrx_word' id='word_1_428' title='bbox 2886 2822 3153 2888; x_wconf 87' lang='lat' dir='ltr'><strong>Joannes,</strong></span> <span class='ocrx_word' id='word_1_429' title='bbox 3179 2822 3277 2894; x_wconf 92' lang='lat' dir='ltr'><strong>qui</strong></span> <span class='ocrx_word' id='word_1_430' title='bbox 3297 2823 3392 2889; x_wconf 89' lang='lat' dir='ltr'><strong>ait,</strong></span> <span class='ocrx_word' id='word_1_431' title='bbox 3413 2821 3530 2893; x_wconf 88' lang='lat' dir='ltr'><strong>quia</strong></span> <span class='ocrx_word' id='word_1_432' title='bbox 3549 2821 3650 2873; x_wconf 85' lang='lat' dir='ltr'><strong>hora</strong></span> 
     </span>
    </p>
   </div>
   <div class='ocr_carea' id='block_1_57' title="bbox 426 2905 3653 2983">
    <p class='ocr_par' dir='ltr' id='par_1_57' title="bbox 426 2905 3653 2983">
     <span class='ocr_line' id='line_1_57' title="bbox 426 2905 3653 2983; baseline 0 -24"><span class='ocrx_word' id='word_1_433' title='bbox 426 2906 570 2960; x_wconf 90' lang='lat' dir='ltr'><strong>sime</strong></span> <span class='ocrx_word' id='word_1_434' title='bbox 620 2907 701 2960; x_wconf 91' lang='lat' dir='ltr'><strong>ita</strong></span> <span class='ocrx_word' id='word_1_435' title='bbox 727 2907 984 2978; x_wconf 84' lang='lat' dir='ltr'><strong>intelligi,</strong></span> <span class='ocrx_word' id='word_1_436' title='bbox 1024 2906 1133 2960; x_wconf 90' lang='lat' dir='ltr'><strong>nisi</strong></span> <span class='ocrx_word' id='word_1_437' title='bbox 1163 2907 1406 2961; x_wconf 88' lang='lat' dir='ltr'><strong>Joannes</strong></span> <span class='ocrx_word' id='word_1_438' title='bbox 1434 2905 1660 2971; x_wconf 89' lang='lat' dir='ltr'><strong>diceret,</strong></span> <span class='ocrx_word' id='word_1_439' title='bbox 1693 2907 1829 2960; x_wconf 84' lang='lat' dir='ltr'><strong>hora</strong></span> <span class='ocrx_word' id='word_1_440' title='bbox 1866 2909 2029 2974; x_wconf 84' lang='lat' dir='ltr'><strong>quasi</strong></span> <span class='ocrx_word' id='word_1_441' title='bbox 2108 2914 2229 2962; x_wconf 84' lang='lat' dir='ltr'><strong>erat</strong></span> <span class='ocrx_word' id='word_1_442' title='bbox 2258 2912 2421 2977; x_wconf 83' lang='lat' dir='ltr'><strong>quasi</strong></span> <span class='ocrx_word' id='word_1_443' title='bbox 2449 2915 2599 2964; x_wconf 64' lang='lat' dir='ltr'><strong>sexta</strong></span> <span class='ocrx_word' id='word_1_444' title='bbox 2628 2927 2757 2964; x_wconf 89' lang='lat' dir='ltr'><strong>cum</strong></span> <span class='ocrx_word' id='word_1_445' title='bbox 2788 2910 2935 2964; x_wconf 90' lang='lat' dir='ltr'><strong>sedit</strong></span> <span class='ocrx_word' id='word_1_446' title='bbox 2961 2910 3181 2966; x_wconf 89' lang='lat' dir='ltr'><strong>Pilatus</strong></span> <span class='ocrx_word' id='word_1_447' title='bbox 3209 2928 3310 2983; x_wconf 91' lang='lat' dir='ltr'><strong>pro</strong></span> <span class='ocrx_word' id='word_1_448' title='bbox 3335 2908 3589 2973; x_wconf 87' lang='lat' dir='ltr'><strong>tribunali,</strong></span> <span class='ocrx_word' id='word_1_449' title='bbox 3613 2912 3653 2961; x_wconf 85' lang='lat' dir='ltr'><strong>et</strong></span> 
     </span>
    </p>
   </div>
   <div class='ocr_carea' id='block_1_58' title="bbox 426 2993 3654 3072">
    <p class='ocr_par' dir='ltr' id='par_1_58' title="bbox 426 2993 3654 3072">
     <span class='ocr_line' id='line_1_58' title="bbox 426 2993 3654 3072; baseline 0 -25"><span class='ocrx_word' id='word_1_450' title='bbox 426 3001 599 3060; x_wconf 69' lang='lat' dir='ltr'><strong>sexta,</strong></span> <span class='ocrx_word' id='word_1_451' title='bbox 631 2995 875 3049; x_wconf 88' lang='lat' dir='ltr'><strong>Pilatum</strong></span> <span class='ocrx_word' id='word_1_452' title='bbox 909 2994 1120 3048; x_wconf 88' lang='lat' dir='ltr'><strong>sedisse</strong></span> <span class='ocrx_word' id='word_1_453' title='bbox 1143 3010 1243 3064; x_wconf 91' lang='lat' dir='ltr'><strong>pro</strong></span> <span class='ocrx_word' id='word_1_454' title='bbox 1272 2993 1561 3059; x_wconf 88' lang='lat' dir='ltr'><strong>tribunali,</strong></span> <span class='ocrx_word' id='word_1_455' title='bbox 1589 2997 1653 3047; x_wconf 91' lang='lat' dir='ltr'><strong>in</strong></span> <span class='ocrx_word' id='word_1_456' title='bbox 1686 2997 1797 3048; x_wconf 84' lang='lat' dir='ltr'><strong>loco</strong></span> <span class='ocrx_word' id='word_1_457' title='bbox 1822 2996 1922 3062; x_wconf 83' lang='lat' dir='ltr'><strong>qui</strong></span> <span class='ocrx_word' id='word_1_458' title='bbox 1944 2995 2028 3048; x_wconf 71' lang='grc' dir='ltr'><strong>αἱ·</strong></span> <span class='ocrx_word' id='word_1_459' title='bbox 2108 2997 2359 3051; x_wconf 90' lang='lat' dir='ltr'><strong>nondum</strong></span> <span class='ocrx_word' id='word_1_460' title='bbox 2388 2998 2554 3069; x_wconf 90' lang='lat' dir='ltr'><strong>plena</strong></span> <span class='ocrx_word' id='word_1_461' title='bbox 2581 3004 2739 3053; x_wconf 87' lang='lat' dir='ltr'><strong>sexta</strong></span> <span class='ocrx_word' id='word_1_462' title='bbox 2767 3008 2908 3065; x_wconf 88' lang='lat' dir='ltr'><strong>erat,</strong></span> <span class='ocrx_word' id='word_1_463' title='bbox 2943 3000 3202 3071; x_wconf 90' lang='lat' dir='ltr'><strong>quamvis</strong></span> <span class='ocrx_word' id='word_1_464' title='bbox 3236 3002 3356 3072; x_wconf 89' lang='lat' dir='ltr'><strong>jam</strong></span> <span class='ocrx_word' id='word_1_465' title='bbox 3389 2997 3573 3070; x_wconf 89' lang='lat' dir='ltr'><strong>aliquid</strong></span> <span class='ocrx_word' id='word_1_466' title='bbox 3602 2996 3654 3049; x_wconf 88' lang='lat' dir='ltr'><strong>de</strong></span> 
     </span>
    </p>
   </div>
   <div class='ocr_carea' id='block_1_59' title="bbox 428 3082 3656 3161">
    <p class='ocr_par' dir='ltr' id='par_1_59' title="bbox 428 3082 3656 3161">
     <span class='ocr_line' id='line_1_59' title="bbox 428 3082 3656 3161; baseline 0.001 -26"><span class='ocrx_word' id='word_1_467' title='bbox 428 3085 579 3135; x_wconf 83' lang='lat' dir='ltr'><strong>citur</strong></span> <span class='ocrx_word' id='word_1_468' title='bbox 615 3085 957 3141; x_wconf 75' lang='lat' dir='ltr'><strong>Licostratos.</strong></span> <span class='ocrx_word' id='word_1_469' title='bbox 992 3084 1250 3137; x_wconf 81' lang='lat' dir='ltr'><strong>chraicc</strong></span> <span class='ocrx_word' id='word_1_470' title='bbox 1278 3089 1464 3136; x_wconf 83' lang='lat' dir='ltr'><strong>autem</strong></span> <span class='ocrx_word' id='word_1_471' title='bbox 1496 3083 1793 3137; x_wconf 78' lang='lat' dir='ltr'><strong>Gabbatha.</strong></span> <span class='ocrx_word' id='word_1_472' title='bbox 1828 3082 2087 3153; x_wconf 70' lang='lat' dir='ltr'><strong>Sequi-0</strong></span> <span class='ocrx_word' id='word_1_473' title='bbox 2109 3092 2267 3140; x_wconf 88' lang='lat' dir='ltr'><strong>sexta</strong></span> <span class='ocrx_word' id='word_1_474' title='bbox 2313 3103 2435 3141; x_wconf 87' lang='lat' dir='ltr'><strong>esse</strong></span> <span class='ocrx_word' id='word_1_475' title='bbox 2478 3088 2726 3158; x_wconf 70' lang='lat' dir='ltr'><strong>cmperit.</strong></span> <span class='ocrx_word' id='word_1_476' title='bbox 2762 3088 2964 3158; x_wconf 87' lang='lat' dir='ltr'><strong>Sicque</strong></span> <span class='ocrx_word' id='word_1_477' title='bbox 2991 3088 3259 3161; x_wconf 89' lang='lat' dir='ltr'><strong>deinceps</strong></span> <span class='ocrx_word' id='word_1_478' title='bbox 3287 3106 3385 3161; x_wconf 88' lang='lat' dir='ltr'><strong>per</strong></span> <span class='ocrx_word' id='word_1_479' title='bbox 3408 3092 3563 3142; x_wconf 87' lang='lat' dir='ltr'><strong>totam</strong></span> <span class='ocrx_word' id='word_1_480' title='bbox 3584 3086 3656 3139; x_wconf 86' lang='lat' dir='ltr'><strong>ho-</strong></span> 
     </span>
    </p>
   </div>
   <div class='ocr_carea' id='block_1_60' title="bbox 426 3170 3658 3249">
    <p class='ocr_par' dir='ltr' id='par_1_60' title="bbox 426 3170 3658 3249">
     <span class='ocr_line' id='line_1_60' title="bbox 426 3170 3658 3249; baseline 0.001 -25"><span class='ocrx_word' id='word_1_481' title='bbox 426 3174 524 3224; x_wconf 84' lang='lat' dir='ltr'><strong>tur</strong></span> <span class='ocrx_word' id='word_1_482' title='bbox 551 3170 701 3224; x_wconf 90' lang='lat' dir='ltr'><strong>enim</strong></span> <span class='ocrx_word' id='word_1_483' title='bbox 727 3188 739 3223; x_wconf 92' lang='lat'>:</span> <span class='ocrx_word' id='word_1_484' title='bbox 774 3172 912 3225; x_wconf 80' lang='lat' dir='ltr'><strong>Erat</strong></span> <span class='ocrx_word' id='word_1_485' title='bbox 940 3175 1126 3225; x_wconf 76' lang='lat' dir='ltr'><strong>autem</strong></span> <span class='ocrx_word' id='word_1_486' title='bbox 1149 3187 1439 3240; x_wconf 78' lang='lat' dir='ltr'><strong>parasccve</strong></span> <span class='ocrx_word' id='word_1_487' title='bbox 1467 3171 1681 3225; x_wconf 64' lang='lat' dir='ltr'><strong>Pascha:</strong></span> <span class='ocrx_word' id='word_1_488' title='bbox 1708 3172 1848 3225; x_wconf 83' lang='lat' dir='ltr'><strong>hora</strong></span> <span class='ocrx_word' id='word_1_489' title='bbox 1866 3176 2030 3240; x_wconf 80' lang='lat' dir='ltr'><strong>quasi</strong></span> <span class='ocrx_word' id='word_1_490' title='bbox 2108 3191 2230 3229; x_wconf 88' lang='lat' dir='ltr'><strong>ram</strong></span> <span class='ocrx_word' id='word_1_491' title='bbox 2270 3176 2425 3230; x_wconf 88' lang='lat' dir='ltr'><strong>illam</strong></span> <span class='ocrx_word' id='word_1_492' title='bbox 2454 3183 2681 3247; x_wconf 87' lang='lat' dir='ltr'><strong>peracta</strong></span> <span class='ocrx_word' id='word_1_493' title='bbox 2708 3182 2843 3231; x_wconf 87' lang='lat' dir='ltr'><strong>sunt</strong></span> <span class='ocrx_word' id='word_1_494' title='bbox 2860 3178 2978 3232; x_wconf 80' lang='lat' dir='ltr'><strong>haec</strong></span> <span class='ocrx_word' id='word_1_495' title='bbox 3005 3194 3129 3249; x_wconf 71' lang='lat' dir='ltr'><strong>quae</strong></span> <span class='ocrx_word' id='word_1_496' title='bbox 3166 3184 3463 3233; x_wconf 86' lang='lat' dir='ltr'><strong>narrantur</strong></span> <span class='ocrx_word' id='word_1_497' title='bbox 3486 3176 3537 3230; x_wconf 91' lang='lat' dir='ltr'><strong>in</strong></span> <span class='ocrx_word' id='word_1_498' title='bbox 3559 3190 3658 3228; x_wconf 89' lang='lat' dir='ltr'><strong>cru-</strong></span> 
     </span>
    </p>
   </div>
   <div class='ocr_carea' id='block_1_61' title="bbox 426 3260 2030 3325">
    <p class='ocr_par' dir='ltr' id='par_1_61' title="bbox 426 3260 2030 3325">
     <span class='ocr_line' id='line_1_61' title="bbox 426 3260 2030 3325; baseline 0.001 -12"><span class='ocrx_word' id='word_1_499' title='bbox 426 3263 598 3323; x_wconf 64' lang='lat' dir='ltr'><strong>seasta,</strong></span> <span class='ocrx_word' id='word_1_500' title='bbox 643 3265 694 3312; x_wconf 82' lang='lat' dir='ltr'><strong>et</strong></span> <span class='ocrx_word' id='word_1_501' title='bbox 741 3260 878 3314; x_wconf 79' lang='lat' dir='ltr'><strong>dicit</strong></span> <span class='ocrx_word' id='word_1_502' title='bbox 923 3261 1148 3324; x_wconf 62' lang='lat' dir='ltr'><strong>Judazis,</strong></span> <span class='ocrx_word' id='word_1_503' title='bbox 1193 3261 1321 3313; x_wconf 82' lang='lat' dir='ltr'><strong>Ecce</strong></span> <span class='ocrx_word' id='word_1_504' title='bbox 1367 3276 1466 3313; x_wconf 77' lang='lat' dir='ltr'><strong>rea:</strong></span> <span class='ocrx_word' id='word_1_505' title='bbox 1508 3265 1696 3325; x_wconf 79' lang='lat' dir='ltr'><strong>vester,</strong></span> <span class='ocrx_word' id='word_1_506' title='bbox 1730 3265 1787 3314; x_wconf 90' lang='lat' dir='ltr'><strong>et</strong></span> <span class='ocrx_word' id='word_1_507' title='bbox 1827 3267 2030 3315; x_wconf 63' lang='lat' dir='ltr'><strong>caetera</strong></span> 
     </span>
    </p>
   </div>
   <div class='ocr_carea' id='block_1_62' title="bbox 431 3346 2027 3418">
    <p class='ocr_par' dir='ltr' id='par_1_62' title="bbox 431 3346 2027 3418">
     <span class='ocr_line' id='line_1_62' title="bbox 431 3346 2027 3418; baseline 0.002 -17"><span class='ocrx_word' id='word_1_508' title='bbox 431 3346 609 3418; x_wconf 87' lang='lat' dir='ltr'><strong>(Joan.</strong></span> <span class='ocrx_word' id='word_1_509' title='bbox 643 3362 755 3408; x_wconf 84' lang='lat' dir='ltr'><strong>xIx.</strong></span> <span class='ocrx_word' id='word_1_510' title='bbox 786 3347 875 3414; x_wconf 83' lang='grc'><strong>13,</strong></span> <span class='ocrx_word' id='word_1_511' title='bbox 912 3348 1027 3417; x_wconf 77' lang='grc'><strong>14).</strong></span> <span class='ocrx_word' id='word_1_512' title='bbox 1058 3348 1219 3413; x_wconf 91' lang='lat' dir='ltr'><strong>Quod</strong></span> <span class='ocrx_word' id='word_1_513' title='bbox 1248 3348 1295 3401; x_wconf 91' lang='lat' dir='ltr'><strong>si</strong></span> <span class='ocrx_word' id='word_1_514' title='bbox 1324 3349 1465 3403; x_wconf 87' lang='lat' dir='ltr'><strong>hora</strong></span> <span class='ocrx_word' id='word_1_515' title='bbox 1487 3353 1644 3403; x_wconf 84' lang='lat' dir='ltr'><strong>sexta</strong></span> <span class='ocrx_word' id='word_1_516' title='bbox 1674 3354 1814 3414; x_wconf 90' lang='lat' dir='ltr'><strong>erat,</strong></span> <span class='ocrx_word' id='word_1_517' title='bbox 1846 3349 2027 3404; x_wconf 90' lang='lat' dir='ltr'><strong>Pilato</strong></span> 
     </span>
    </p>
   </div>
   <div class='ocr_carea' id='block_1_63' title="bbox 426 3435 2023 3508">
    <p class='ocr_par' dir='ltr' id='par_1_63' title="bbox 426 3435 2023 3508">
     <span class='ocr_line' id='line_1_63' title="bbox 426 3435 2023 3508; baseline 0.001 -18"><span class='ocrx_word' id='word_1_518' title='bbox 426 3435 656 3491; x_wconf 89' lang='lat' dir='ltr'><strong>sedente</strong></span> <span class='ocrx_word' id='word_1_519' title='bbox 682 3453 784 3508; x_wconf 90' lang='lat' dir='ltr'><strong>pro</strong></span> <span class='ocrx_word' id='word_1_520' title='bbox 825 3435 1114 3503; x_wconf 87' lang='lat' dir='ltr'><strong>tribunali,</strong></span> <span class='ocrx_word' id='word_1_521' title='bbox 1148 3437 1371 3507; x_wconf 89' lang='lat' dir='ltr'><strong>quando</strong></span> <span class='ocrx_word' id='word_1_522' title='bbox 1397 3436 1637 3491; x_wconf 81' lang='lat' dir='ltr'><strong>traditus</strong></span> <span class='ocrx_word' id='word_1_523' title='bbox 1674 3443 1761 3491; x_wconf 90' lang='lat' dir='ltr'><strong>est</strong></span> <span class='ocrx_word' id='word_1_524' title='bbox 1797 3438 2023 3502; x_wconf 66' lang='lat' dir='ltr'><strong>Iudaeis,</strong></span> 
     </span>
    </p>
   </div>
   <div class='ocr_carea' id='block_1_64' title="bbox 428 3525 2028 3595">
    <p class='ocr_par' dir='ltr' id='par_1_64' title="bbox 428 3525 2028 3595">
     <span class='ocr_line' id='line_1_64' title="bbox 428 3525 2028 3595; baseline 0.002 -17"><span class='ocrx_word' id='word_1_525' title='bbox 428 3526 709 3595; x_wconf 91' lang='lat' dir='ltr'><strong>quomodo</strong></span> <span class='ocrx_word' id='word_1_526' title='bbox 755 3526 895 3580; x_wconf 91' lang='lat' dir='ltr'><strong>hora</strong></span> <span class='ocrx_word' id='word_1_527' title='bbox 931 3525 1101 3580; x_wconf 88' lang='lat' dir='ltr'><strong>tertia</strong></span> <span class='ocrx_word' id='word_1_528' title='bbox 1145 3526 1441 3580; x_wconf 88' lang='lat' dir='ltr'><strong>cruciﬁxus</strong></span> <span class='ocrx_word' id='word_1_529' title='bbox 1488 3526 1616 3580; x_wconf 85' lang='lat' dir='ltr'><strong>est?</strong></span> <span class='ocrx_word' id='word_1_530' title='bbox 1662 3525 1811 3580; x_wconf 89' lang='lat' dir='ltr'><strong>sicut</strong></span> <span class='ocrx_word' id='word_1_531' title='bbox 1858 3526 2028 3581; x_wconf 86' lang='lat' dir='ltr'><strong>verba</strong></span> 
     </span>
    </p>
   </div>
   <div class='ocr_carea' id='block_1_65' title="bbox 426 3612 2027 3686">
    <p class='ocr_par' dir='ltr' id='par_1_65' title="bbox 426 3612 2027 3686">
     <span class='ocr_line' id='line_1_65' title="bbox 426 3612 2027 3686; baseline 0.001 -19"><span class='ocrx_word' id='word_1_532' title='bbox 426 3612 579 3668; x_wconf 89' lang='lat' dir='ltr'><strong>beati</strong></span> <span class='ocrx_word' id='word_1_533' title='bbox 620 3614 793 3668; x_wconf 88' lang='lat' dir='ltr'><strong>Marci</strong></span> <span class='ocrx_word' id='word_1_534' title='bbox 827 3615 1057 3686; x_wconf 88' lang='lat' dir='ltr'><strong>quidam</strong></span> <span class='ocrx_word' id='word_1_535' title='bbox 1096 3614 1494 3685; x_wconf 88' lang='lat' dir='ltr'><strong>intelligentes,</strong></span> <span class='ocrx_word' id='word_1_536' title='bbox 1526 3613 1864 3669; x_wconf 85' lang='lat' dir='ltr'><strong>voluerunt?</strong></span> <span class='ocrx_word' id='word_1_537' title='bbox 1901 3616 2027 3670; x_wconf 88' lang='lat' dir='ltr'><strong>Jam</strong></span> 
     </span>
    </p>
   </div>
   <div class='ocr_carea' id='block_1_66' title="bbox 427 3702 2028 3772">
    <p class='ocr_par' dir='ltr' id='par_1_66' title="bbox 427 3702 2028 3772">
     <span class='ocr_line' id='line_1_66' title="bbox 427 3702 2028 3772; baseline 0.001 -16"><span class='ocrx_word' id='word_1_538' title='bbox 427 3702 580 3756; x_wconf 90' lang='lat' dir='ltr'><strong>enim</strong></span> <span class='ocrx_word' id='word_1_539' title='bbox 608 3708 761 3757; x_wconf 90' lang='lat' dir='ltr'><strong>retro</strong></span> <span class='ocrx_word' id='word_1_540' title='bbox 789 3704 1008 3758; x_wconf 87' lang='lat' dir='ltr'><strong>dixerat</strong></span> <span class='ocrx_word' id='word_1_541' title='bbox 1025 3704 1279 3759; x_wconf 86' lang='lat' dir='ltr'><strong>Marcus:</strong></span> <span class='ocrx_word' id='word_1_542' title='bbox 1313 3705 1376 3757; x_wconf 78' lang='lat' dir='ltr'><strong>Et</strong></span> <span class='ocrx_word' id='word_1_543' title='bbox 1399 3707 1776 3772; x_wconf 77' lang='lat' dir='ltr'><strong>cruciﬁgentcs</strong></span> <span class='ocrx_word' id='word_1_544' title='bbox 1797 3720 1921 3758; x_wconf 82' lang='lat' dir='ltr'><strong>cum</strong></span> <span class='ocrx_word' id='word_1_545' title='bbox 1945 3706 2028 3759; x_wconf 87' lang='lat' dir='ltr'><strong>di-</strong></span> 
     </span>
    </p>
   </div>
   <div class='ocr_carea' id='block_1_67' title="bbox 424 3792 2028 3863">
    <p class='ocr_par' dir='ltr' id='par_1_67' title="bbox 424 3792 2028 3863">
     <span class='ocr_line' id='line_1_67' title="bbox 424 3792 2028 3863; baseline 0.001 -19"><span class='ocrx_word' id='word_1_546' title='bbox 424 3794 676 3846; x_wconf 71' lang='lat' dir='ltr'><strong>viserunt</strong></span> <span class='ocrx_word' id='word_1_547' title='bbox 695 3795 1020 3849; x_wconf 78' lang='lat' dir='ltr'><strong>vestimenta</strong></span> <span class='ocrx_word' id='word_1_548' title='bbox 1040 3797 1175 3863; x_wconf 82' lang='lat' dir='ltr'><strong>ejus.</strong></span> <span class='ocrx_word' id='word_1_549' title='bbox 1198 3792 1255 3847; x_wconf 90' lang='lat' dir='ltr'><strong>Si</strong></span> <span class='ocrx_word' id='word_1_550' title='bbox 1286 3808 1418 3862; x_wconf 85' lang='lat' dir='ltr'><strong>ergo</strong></span> <span class='ocrx_word' id='word_1_551' title='bbox 1448 3793 1496 3862; x_wconf 90' lang='lat' dir='ltr'><strong>ej</strong></span> <span class='ocrx_word' id='word_1_552' title='bbox 1505 3808 1571 3846; x_wconf 92' lang='lat' dir='ltr'><strong>us</strong></span> <span class='ocrx_word' id='word_1_553' title='bbox 1591 3792 1673 3846; x_wconf 86' lang='lat' dir='ltr'><strong>rei</strong></span> <span class='ocrx_word' id='word_1_554' title='bbox 1697 3797 1870 3861; x_wconf 68' lang='lat' dir='ltr'><strong>gestae</strong></span> <span class='ocrx_word' id='word_1_555' title='bbox 1888 3798 2028 3847; x_wconf 74' lang='lat' dir='ltr'><strong>tem~</strong></span> 
     </span>
    </p>
   </div>
   <div class='ocr_carea' id='block_1_68' title="bbox 430 3881 2020 3951">
    <p class='ocr_par' dir='ltr' id='par_1_68' title="bbox 430 3881 2020 3951">
     <span class='ocr_line' id='line_1_68' title="bbox 430 3881 2020 3951; baseline 0.002 -18"><span class='ocrx_word' id='word_1_556' title='bbox 430 3896 536 3951; x_wconf 90' lang='lat' dir='ltr'><strong>pus</strong></span> <span class='ocrx_word' id='word_1_557' title='bbox 546 3881 724 3936; x_wconf 87' lang='lat' dir='ltr'><strong>voluit</strong></span> <span class='ocrx_word' id='word_1_558' title='bbox 737 3881 1490 3946; x_wconf 82' lang='lat' dir='ltr'><strong>commemorare,sufﬁceret</strong></span> <span class='ocrx_word' id='word_1_559' title='bbox 1503 3881 1553 3934; x_wconf 89' lang='lat' dir='ltr'><strong>ei</strong></span> <span class='ocrx_word' id='word_1_560' title='bbox 1565 3881 1751 3935; x_wconf 90' lang='lat' dir='ltr'><strong>dicere</strong></span> <span class='ocrx_word' id='word_1_561' title='bbox 1769 3886 1987 3935; x_wconf 91' lang='lat' dir='ltr'><strong>tantum</strong></span> <span class='ocrx_word' id='word_1_562' title='bbox 2009 3901 2020 3936; x_wconf 92' lang='lat'>:</span> 
     </span>
    </p>
   </div>
   <div class='ocr_carea' id='block_1_69' title="bbox 427 3967 2026 4041">
    <p class='ocr_par' dir='ltr' id='par_1_69' title="bbox 427 3967 2026 4041">
     <span class='ocr_line' id='line_1_69' title="bbox 427 3967 2026 4041; baseline 0.003 -20"><span class='ocrx_word' id='word_1_563' title='bbox 427 3967 563 4022; x_wconf 87' lang='lat' dir='ltr'><strong>Erat</strong></span> <span class='ocrx_word' id='word_1_564' title='bbox 585 3976 776 4024; x_wconf 89' lang='lat' dir='ltr'><strong>autem</strong></span> <span class='ocrx_word' id='word_1_565' title='bbox 796 3970 935 4024; x_wconf 90' lang='lat' dir='ltr'><strong>hora</strong></span> <span class='ocrx_word' id='word_1_566' title='bbox 953 3970 1141 4025; x_wconf 89' lang='lat' dir='ltr'><strong>tertia.</strong></span> <span class='ocrx_word' id='word_1_567' title='bbox 1165 3971 1240 4025; x_wconf 91' lang='lat' dir='ltr'><strong>Ut</strong></span> <span class='ocrx_word' id='word_1_568' title='bbox 1261 3970 1395 4041; x_wconf 89' lang='lat' dir='ltr'><strong>quid</strong></span> <span class='ocrx_word' id='word_1_569' title='bbox 1419 3986 1552 4039; x_wconf 86' lang='lat' dir='ltr'><strong>ergo</strong></span> <span class='ocrx_word' id='word_1_570' title='bbox 1574 3969 1722 4041; x_wconf 91' lang='lat' dir='ltr'><strong>quod</strong></span> <span class='ocrx_word' id='word_1_571' title='bbox 1738 3975 1889 4023; x_wconf 90' lang='lat' dir='ltr'><strong>retro</strong></span> <span class='ocrx_word' id='word_1_572' title='bbox 1905 3972 2026 4040; x_wconf 88' lang='lat' dir='ltr'><strong>jam</strong></span> 
     </span>
    </p>
   </div>
   <div class='ocr_carea' id='block_1_70' title="bbox 428 4055 2029 4131">
    <p class='ocr_par' dir='ltr' id='par_1_70' title="bbox 428 4055 2029 4131">
     <span class='ocr_line' id='line_1_70' title="bbox 428 4055 2029 4131; baseline 0.002 -22"><span class='ocrx_word' id='word_1_573' title='bbox 428 4055 662 4121; x_wconf 87' lang='lat' dir='ltr'><strong>dixerat,</strong></span> <span class='ocrx_word' id='word_1_574' title='bbox 708 4058 982 4128; x_wconf 89' lang='lat' dir='ltr'><strong>adjunxit,</strong></span> <span class='ocrx_word' id='word_1_575' title='bbox 1023 4064 1073 4112; x_wconf 79' lang='lat' dir='ltr'><strong>et</strong></span> <span class='ocrx_word' id='word_1_576' title='bbox 1115 4061 1521 4126; x_wconf 62' lang='lat' dir='ltr'><strong>cruciﬁwerunt</strong></span> <span class='ocrx_word' id='word_1_577' title='bbox 1547 4075 1674 4112; x_wconf 82' lang='lat' dir='ltr'><strong>cum</strong></span> <span class='ocrx_word' id='word_1_578' title='bbox 1695 4065 1719 4112; x_wconf 75' lang='grc' dir='ltr'><em>ν</em></span> <span class='ocrx_word' id='word_1_579' title='bbox 1746 4058 1867 4113; x_wconf 90' lang='lat' dir='ltr'><strong>Nisi</strong></span> <span class='ocrx_word' id='word_1_580' title='bbox 1897 4059 2029 4131; x_wconf 90' lang='lat' dir='ltr'><strong>quia</strong></span> 
     </span>
    </p>
   </div>
   <div class='ocr_carea' id='block_1_71' title="bbox 427 4144 2029 4218">
    <p class='ocr_par' dir='ltr' id='par_1_71' title="bbox 427 4144 2029 4218">
     <span class='ocr_line' id='line_1_71' title="bbox 427 4144 2029 4218; baseline 0.004 -22"><span class='ocrx_word' id='word_1_581' title='bbox 427 4144 604 4198; x_wconf 91' lang='lat' dir='ltr'><strong>voluit</strong></span> <span class='ocrx_word' id='word_1_582' title='bbox 634 4146 847 4215; x_wconf 90' lang='lat' dir='ltr'><strong>aliquid</strong></span> <span class='ocrx_word' id='word_1_583' title='bbox 874 4147 1296 4216; x_wconf 89' lang='lat' dir='ltr'><strong>recapitulando</strong></span> <span class='ocrx_word' id='word_1_584' title='bbox 1320 4147 1656 4217; x_wconf 86' lang='lat' dir='ltr'><strong>signiﬁcare,</strong></span> <span class='ocrx_word' id='word_1_585' title='bbox 1684 4148 1833 4218; x_wconf 92' lang='lat' dir='ltr'><strong>quod</strong></span> <span class='ocrx_word' id='word_1_586' title='bbox 1861 4164 1895 4201; x_wconf 89' lang='lat' dir='ltr'><strong>a</strong></span> <span class='ocrx_word' id='word_1_587' title='bbox 1926 4148 2029 4202; x_wconf 89' lang='lat' dir='ltr'><strong>do-</strong></span> 
     </span>
    </p>
   </div>
   <div class='ocr_carea' id='block_1_72' title="bbox 428 4231 2028 4306">
    <p class='ocr_par' dir='ltr' id='par_1_72' title="bbox 428 4231 2028 4306">
     <span class='ocr_line' id='line_1_72' title="bbox 428 4231 2028 4306; baseline 0.004 -22"><span class='ocrx_word' id='word_1_588' title='bbox 428 4231 691 4285; x_wconf 87' lang='lat' dir='ltr'><strong>ctissimis</strong></span> <span class='ocrx_word' id='word_1_589' title='bbox 719 4233 934 4302; x_wconf 90' lang='lat' dir='ltr'><strong>Spiritu</strong></span> <span class='ocrx_word' id='word_1_590' title='bbox 967 4240 1160 4288; x_wconf 90' lang='lat' dir='ltr'><strong>sancto</strong></span> <span class='ocrx_word' id='word_1_591' title='bbox 1187 4242 1493 4300; x_wconf 79' lang='lat' dir='ltr'><strong>reserante,</strong></span> <span class='ocrx_word' id='word_1_592' title='bbox 1524 4236 1841 4306; x_wconf 70' lang='lat' dir='ltr'><strong>quaesitum,</strong></span> <span class='ocrx_word' id='word_1_593' title='bbox 1872 4237 2028 4291; x_wconf 87' lang='lat' dir='ltr'><strong>inve-</strong></span> 
     </span>
    </p>
   </div>
   <div class='ocr_carea' id='block_1_73' title="bbox 428 4319 2028 4393">
    <p class='ocr_par' dir='ltr' id='par_1_73' title="bbox 428 4319 2028 4393">
     <span class='ocr_line' id='line_1_73' title="bbox 428 4319 2028 4393; baseline 0.003 -21"><span class='ocrx_word' id='word_1_594' title='bbox 428 4319 667 4373; x_wconf 88' lang='lat' dir='ltr'><strong>niretur.</strong></span> <span class='ocrx_word' id='word_1_595' title='bbox 696 4319 844 4374; x_wconf 87' lang='lat' dir='ltr'><strong>Nam</strong></span> <span class='ocrx_word' id='word_1_596' title='bbox 873 4320 1149 4392; x_wconf 90' lang='lat' dir='ltr'><strong>scriptura</strong></span> <span class='ocrx_word' id='word_1_597' title='bbox 1190 4321 1302 4374; x_wconf 89' lang='lat' dir='ltr'><strong>ista</strong></span> <span class='ocrx_word' id='word_1_598' title='bbox 1332 4323 1453 4391; x_wconf 90' lang='lat' dir='ltr'><strong>jam</strong></span> <span class='ocrx_word' id='word_1_599' title='bbox 1483 4324 1832 4393; x_wconf 89' lang='lat' dir='ltr'><strong>temporibus</strong></span> <span class='ocrx_word' id='word_1_600' title='bbox 1879 4324 2028 4379; x_wconf 88' lang='lat' dir='ltr'><strong>beati</strong></span> 
     </span>
    </p>
   </div>
   <div class='ocr_carea' id='block_1_74' title="bbox 2109 3262 3657 3339">
    <p class='ocr_par' dir='ltr' id='par_1_74' title="bbox 2109 3262 3657 3339">
     <span class='ocr_line' id='line_1_74' title="bbox 2109 3262 3657 3339; baseline -0.001 -22"><span class='ocrx_word' id='word_1_601' title='bbox 2109 3263 2363 3318; x_wconf 85' lang='lat' dir='ltr'><strong>cifixione</strong></span> <span class='ocrx_word' id='word_1_602' title='bbox 2392 3264 2618 3319; x_wconf 90' lang='lat' dir='ltr'><strong>Domini</strong></span> <span class='ocrx_word' id='word_1_603' title='bbox 2661 3267 2858 3331; x_wconf 89' lang='lat' dir='ltr'><strong>nostri,</strong></span> <span class='ocrx_word' id='word_1_604' title='bbox 2888 3267 3064 3320; x_wconf 91' lang='lat' dir='ltr'><strong>donec</strong></span> <span class='ocrx_word' id='word_1_605' title='bbox 3108 3268 3388 3339; x_wconf 88' lang='lat' dir='ltr'><strong>completa</strong></span> <span class='ocrx_word' id='word_1_606' title='bbox 3427 3270 3564 3320; x_wconf 85' lang='lat' dir='ltr'><strong>sexta</strong></span> <span class='ocrx_word' id='word_1_607' title='bbox 3585 3262 3657 3317; x_wconf 88' lang='lat' dir='ltr'><strong>illo</strong></span> 
     </span>
    </p>
   </div>
   <div class='ocr_carea' id='block_1_75' title="bbox 2103 3353 3660 3427">
    <p class='ocr_par' dir='ltr' id='par_1_75' title="bbox 2103 3353 3660 3427">
     <span class='ocr_line' id='line_1_75' title="bbox 2103 3353 3660 3427; baseline 0.001 -21"><span class='ocrx_word' id='word_1_608' title='bbox 2103 3354 2226 3423; x_wconf 87' lang='lat' dir='ltr'><strong>jam</strong></span> <span class='ocrx_word' id='word_1_609' title='bbox 2252 3353 2555 3423; x_wconf 88' lang='lat' dir='ltr'><strong>pendente,</strong></span> <span class='ocrx_word' id='word_1_610' title='bbox 2585 3356 2788 3408; x_wconf 88' lang='lat' dir='ltr'><strong>ﬁerent</strong></span> <span class='ocrx_word' id='word_1_611' title='bbox 2815 3355 3080 3423; x_wconf 72' lang='lat' dir='ltr'><strong>tenebrae,</strong></span> <span class='ocrx_word' id='word_1_612' title='bbox 3108 3356 3316 3427; x_wconf 91' lang='lat' dir='ltr'><strong>quibus</strong></span> <span class='ocrx_word' id='word_1_613' title='bbox 3342 3360 3451 3410; x_wconf 87' lang='lat' dir='ltr'><strong>tres</strong></span> <span class='ocrx_word' id='word_1_614' title='bbox 3471 3367 3660 3421; x_wconf 80' lang='lat' dir='ltr'><strong>evange-</strong></span> 
     </span>
    </p>
   </div>
   <div class='ocr_carea' id='block_1_76' title="bbox 2108 3440 3662 3512">
    <p class='ocr_par' dir='ltr' id='par_1_76' title="bbox 2108 3440 3662 3512">
     <span class='ocr_line' id='line_1_76' title="bbox 2108 3440 3662 3512; baseline 0.001 -18"><span class='ocrx_word' id='word_1_615' title='bbox 2108 3440 2251 3495; x_wconf 64' lang='lat' dir='ltr'><strong>lista:</strong></span> <span class='ocrx_word' id='word_1_616' title='bbox 2282 3447 2642 3507; x_wconf 86' lang='lat' dir='ltr'><strong>attestantur,</strong></span> <span class='ocrx_word' id='word_1_617' title='bbox 2675 3444 2974 3498; x_wconf 63' lang='lat' dir='ltr'><strong>Mattheus</strong></span> <span class='ocrx_word' id='word_1_618' title='bbox 3002 3444 3238 3512; x_wconf 90' lang='lat' dir='ltr'><strong>scilicet,</strong></span> <span class='ocrx_word' id='word_1_619' title='bbox 3271 3450 3328 3500; x_wconf 88' lang='lat' dir='ltr'><strong>et</strong></span> <span class='ocrx_word' id='word_1_620' title='bbox 3360 3446 3572 3506; x_wconf 86' lang='lat' dir='ltr'><strong>Marcus,</strong></span> <span class='ocrx_word' id='word_1_621' title='bbox 3599 3444 3662 3495; x_wconf 79' lang='lat' dir='ltr'><strong>at-</strong></span> 
     </span>
    </p>
   </div>
   <div class='ocr_carea' id='block_1_77' title="bbox 2110 3528 3660 3600">
    <p class='ocr_par' dir='ltr' id='par_1_77' title="bbox 2110 3528 3660 3600">
     <span class='ocr_line' id='line_1_77' title="bbox 2110 3528 3660 3600; baseline -0.001 -17"><span class='ocrx_word' id='word_1_622' title='bbox 2110 3546 2218 3600; x_wconf 92' lang='lat' dir='ltr'><strong>que</strong></span> <span class='ocrx_word' id='word_1_623' title='bbox 2244 3530 2441 3597; x_wconf 90' lang='lat' dir='ltr'><strong>Lucas,</strong></span> <span class='ocrx_word' id='word_1_624' title='bbox 2474 3547 2641 3599; x_wconf 84' lang='lat' dir='ltr'><strong>super</strong></span> <span class='ocrx_word' id='word_1_625' title='bbox 2664 3547 2882 3586; x_wconf 83' lang='lat' dir='ltr'><strong>omnem</strong></span> <span class='ocrx_word' id='word_1_626' title='bbox 2906 3539 3137 3588; x_wconf 82' lang='lat' dir='ltr'><strong>terram.</strong></span> <span class='ocrx_word' id='word_1_627' title='bbox 3169 3534 3331 3599; x_wconf 91' lang='lat' dir='ltr'><strong>Quod</strong></span> <span class='ocrx_word' id='word_1_628' title='bbox 3353 3533 3399 3588; x_wconf 90' lang='lat' dir='ltr'><strong>si</strong></span> <span class='ocrx_word' id='word_1_629' title='bbox 3424 3534 3528 3587; x_wconf 66' lang='lat' dir='ltr'><strong>haec</strong></span> <span class='ocrx_word' id='word_1_630' title='bbox 3547 3528 3660 3584; x_wconf 87' lang='lat' dir='ltr'><strong>solu-</strong></span> 
     </span>
    </p>
   </div>
   <div class='ocr_carea' id='block_1_78' title="bbox 2108 3616 3660 3692">
    <p class='ocr_par' dir='ltr' id='par_1_78' title="bbox 2108 3616 3660 3692">
     <span class='ocr_line' id='line_1_78' title="bbox 2108 3616 3660 3692; baseline 0 -22"><span class='ocrx_word' id='word_1_631' title='bbox 2108 3617 2187 3671; x_wconf 89' lang='lat' dir='ltr'><strong>tio</strong></span> <span class='ocrx_word' id='word_1_632' title='bbox 2215 3619 2382 3673; x_wconf 90' lang='lat' dir='ltr'><strong>alicui</strong></span> <span class='ocrx_word' id='word_1_633' title='bbox 2406 3635 2521 3673; x_wconf 88' lang='lat' dir='ltr'><strong>non</strong></span> <span class='ocrx_word' id='word_1_634' title='bbox 2549 3621 2686 3674; x_wconf 90' lang='lat' dir='ltr'><strong>satis</strong></span> <span class='ocrx_word' id='word_1_635' title='bbox 2708 3636 2831 3675; x_wconf 90' lang='lat' dir='ltr'><strong>esse</strong></span> <span class='ocrx_word' id='word_1_636' title='bbox 2858 3621 3097 3688; x_wconf 89' lang='lat' dir='ltr'><strong>videtur,</strong></span> <span class='ocrx_word' id='word_1_637' title='bbox 3120 3638 3196 3677; x_wconf 88' lang='lat' dir='ltr'><strong>ne</strong></span> <span class='ocrx_word' id='word_1_638' title='bbox 3226 3621 3554 3692; x_wconf 69' lang='lat' dir='ltr'><strong>evangelista:</strong></span> <span class='ocrx_word' id='word_1_639' title='bbox 3576 3616 3660 3670; x_wconf 79' lang='lat' dir='ltr'><strong>dis-</strong></span> 
     </span>
    </p>
   </div>
   <div class='ocr_carea' id='block_1_79' title="bbox 2108 3706 3661 3782">
    <p class='ocr_par' dir='ltr' id='par_1_79' title="bbox 2108 3706 3661 3782">
     <span class='ocr_line' id='line_1_79' title="bbox 2108 3706 3661 3782; baseline -0.001 -23"><span class='ocrx_word' id='word_1_640' title='bbox 2108 3722 2336 3778; x_wconf 88' lang='lat' dir='ltr'><strong>crepare</strong></span> <span class='ocrx_word' id='word_1_641' title='bbox 2366 3707 2684 3774; x_wconf 84' lang='lat' dir='ltr'><strong>videantur,</strong></span> <span class='ocrx_word' id='word_1_642' title='bbox 2735 3710 2932 3763; x_wconf 87' lang='lat' dir='ltr'><strong>audiat</strong></span> <span class='ocrx_word' id='word_1_643' title='bbox 2970 3710 3106 3781; x_wconf 89' lang='lat' dir='ltr'><strong>quid</strong></span> <span class='ocrx_word' id='word_1_644' title='bbox 3150 3711 3517 3782; x_wconf 86' lang='lat' dir='ltr'><strong>Hieronymus</strong></span> <span class='ocrx_word' id='word_1_645' title='bbox 3542 3706 3661 3761; x_wconf 82' lang='lat' dir='ltr'><strong>dicat</strong></span> 
     </span>
    </p>
   </div>
   <div class='ocr_carea' id='block_1_80' title="bbox 2106 3794 3658 3865">
    <p class='ocr_par' dir='ltr' id='par_1_80' title="bbox 2106 3794 3658 3865">
     <span class='ocr_line' id='line_1_80' title="bbox 2106 3794 3658 3865; baseline -0.001 -17"><span class='ocrx_word' id='word_1_646' title='bbox 2106 3795 2354 3865; x_wconf 90' lang='lat' dir='ltr'><strong>potuisse</strong></span> <span class='ocrx_word' id='word_1_647' title='bbox 2382 3796 2526 3863; x_wconf 87' lang='lat' dir='ltr'><strong>ﬁeri,</strong></span> <span class='ocrx_word' id='word_1_648' title='bbox 2559 3802 2623 3851; x_wconf 87' lang='lat' dir='ltr'><strong>ut</strong></span> <span class='ocrx_word' id='word_1_649' title='bbox 2661 3796 2795 3851; x_wconf 85' lang='lat' dir='ltr'><strong>vitio</strong></span> <span class='ocrx_word' id='word_1_650' title='bbox 2834 3797 3198 3854; x_wconf 86' lang='lat' dir='ltr'><strong>librariorum</strong></span> <span class='ocrx_word' id='word_1_651' title='bbox 3236 3799 3563 3853; x_wconf 84' lang='lat' dir='ltr'><strong>dissonantia</strong></span> <span class='ocrx_word' id='word_1_652' title='bbox 3585 3794 3658 3847; x_wconf 87' lang='lat' dir='ltr'><strong>ho-</strong></span> 
     </span>
    </p>
   </div>
   <div class='ocr_carea' id='block_1_81' title="bbox 2108 3883 3662 3960">
    <p class='ocr_par' dir='ltr' id='par_1_81' title="bbox 2108 3883 3662 3960">
     <span class='ocr_line' id='line_1_81' title="bbox 2108 3883 3662 3960; baseline -0.001 -23"><span class='ocrx_word' id='word_1_653' title='bbox 2108 3900 2300 3938; x_wconf 86' lang='lat' dir='ltr'><strong>rarum</strong></span> <span class='ocrx_word' id='word_1_654' title='bbox 2348 3885 2499 3939; x_wconf 85' lang='lat' dir='ltr'><strong>inter</strong></span> <span class='ocrx_word' id='word_1_655' title='bbox 2528 3886 2900 3955; x_wconf 87' lang='lat' dir='ltr'><strong>evangelistas</strong></span> <span class='ocrx_word' id='word_1_656' title='bbox 2928 3888 3270 3959; x_wconf 90' lang='lat' dir='ltr'><strong>provenerit,</strong></span> <span class='ocrx_word' id='word_1_657' title='bbox 3303 3893 3517 3960; x_wconf 89' lang='lat' dir='ltr'><strong>propter</strong></span> <span class='ocrx_word' id='word_1_658' title='bbox 3552 3883 3662 3937; x_wconf 84' lang='lat' dir='ltr'><strong>duas</strong></span> 
     </span>
    </p>
   </div>
   <div class='ocr_carea' id='block_1_82' title="bbox 2110 3972 3660 4049">
    <p class='ocr_par' dir='ltr' id='par_1_82' title="bbox 2110 3972 3660 4049">
     <span class='ocr_line' id='line_1_82' title="bbox 2110 3972 3660 4049; baseline 0.001 -25"><span class='ocrx_word' id='word_1_659' title='bbox 2110 3972 2431 4026; x_wconf 66' lang='lat' dir='ltr'><strong>Graecorum</strong></span> <span class='ocrx_word' id='word_1_660' title='bbox 2459 3973 2679 4029; x_wconf 88' lang='lat' dir='ltr'><strong>litteras</strong></span> <span class='ocrx_word' id='word_1_661' title='bbox 2700 3991 2988 4045; x_wconf 83' lang='lat' dir='ltr'><strong>gammam</strong></span> <span class='ocrx_word' id='word_1_662' title='bbox 3017 3977 3281 4033; x_wconf 89' lang='lat' dir='ltr'><strong>videlicet</strong></span> <span class='ocrx_word' id='word_1_663' title='bbox 3299 3984 3355 4032; x_wconf 91' lang='lat' dir='ltr'><strong>et</strong></span> <span class='ocrx_word' id='word_1_664' title='bbox 3381 3977 3660 4049; x_wconf 87' lang='lat' dir='ltr'><strong>episomam,</strong></span> 
     </span>
    </p>
   </div>
   <div class='ocr_carea' id='block_1_83' title="bbox 2111 4060 3662 4137">
    <p class='ocr_par' dir='ltr' id='par_1_83' title="bbox 2111 4060 3662 4137">
     <span class='ocr_line' id='line_1_83' title="bbox 2111 4060 3662 4137; baseline -0.001 -23"><span class='ocrx_word' id='word_1_665' title='bbox 2111 4076 2350 4131; x_wconf 90' lang='lat' dir='ltr'><strong>quarum</strong></span> <span class='ocrx_word' id='word_1_666' title='bbox 2374 4081 2406 4132; x_wconf 89' lang='grc' dir='ltr'><strong>γ</strong></span> <span class='ocrx_word' id='word_1_667' title='bbox 2426 4062 2487 4116; x_wconf 94' lang='lat' dir='ltr'><strong>in</strong></span> <span class='ocrx_word' id='word_1_668' title='bbox 2508 4079 2744 4118; x_wconf 88' lang='lat' dir='ltr'><strong>numero</strong></span> <span class='ocrx_word' id='word_1_669' title='bbox 2770 4080 2967 4119; x_wconf 89' lang='lat' dir='ltr'><strong>eorum</strong></span> <span class='ocrx_word' id='word_1_670' title='bbox 2996 4071 3112 4120; x_wconf 91' lang='lat' dir='ltr'><strong>tres</strong></span> <span class='ocrx_word' id='word_1_671' title='bbox 3140 4060 3436 4137; x_wconf 85' lang='lat' dir='ltr'><strong>significat,</strong></span> <span class='ocrx_word' id='word_1_672' title='bbox 3457 4064 3662 4136; x_wconf 83' lang='lat' dir='ltr'><strong>episoma</strong></span> 
     </span>
    </p>
   </div>
   <div class='ocr_carea' id='block_1_84' title="bbox 2108 4147 3662 4225">
    <p class='ocr_par' dir='ltr' id='par_1_84' title="bbox 2108 4147 3662 4225">
     <span class='ocr_line' id='line_1_84' title="bbox 2108 4147 3662 4225; baseline 0 -24"><span class='ocrx_word' id='word_1_673' title='bbox 2108 4165 2259 4216; x_wconf 89' lang='lat' dir='ltr'><strong>vero,</strong></span> <span class='ocrx_word' id='word_1_674' title='bbox 2290 4165 2404 4203; x_wconf 85' lang='lat' dir='ltr'><strong>sex.</strong></span> <span class='ocrx_word' id='word_1_675' title='bbox 2438 4151 2599 4205; x_wconf 91' lang='lat' dir='ltr'><strong>Unde</strong></span> <span class='ocrx_word' id='word_1_676' title='bbox 2647 4152 2811 4217; x_wconf 88' lang='lat' dir='ltr'><strong>forte,</strong></span> <span class='ocrx_word' id='word_1_677' title='bbox 2853 4154 2988 4225; x_wconf 90' lang='lat' dir='ltr'><strong>quia</strong></span> <span class='ocrx_word' id='word_1_678' title='bbox 3033 4154 3093 4208; x_wconf 91' lang='lat' dir='ltr'><strong>in</strong></span> <span class='ocrx_word' id='word_1_679' title='bbox 3139 4154 3538 4210; x_wconf 87' lang='lat' dir='ltr'><strong>characteribus</strong></span> <span class='ocrx_word' id='word_1_680' title='bbox 3572 4147 3662 4203; x_wconf 89' lang='lat' dir='ltr'><strong>suis</strong></span> 
     </span>
    </p>
   </div>
   <div class='ocr_carea' id='block_1_85' title="bbox 2110 4236 3665 4315">
    <p class='ocr_par' dir='ltr' id='par_1_85' title="bbox 2110 4236 3665 4315">
     <span class='ocr_line' id='line_1_85' title="bbox 2110 4236 3665 4315; baseline -0.001 -25"><span class='ocrx_word' id='word_1_681' title='bbox 2110 4238 2437 4292; x_wconf 89' lang='lat' dir='ltr'><strong>nonnullam</strong></span> <span class='ocrx_word' id='word_1_682' title='bbox 2478 4240 2908 4297; x_wconf 90' lang='lat' dir='ltr'><strong>similitudinem</strong></span> <span class='ocrx_word' id='word_1_683' title='bbox 2959 4243 3201 4311; x_wconf 90' lang='lat' dir='ltr'><strong>habent,</strong></span> <span class='ocrx_word' id='word_1_684' title='bbox 3248 4243 3430 4315; x_wconf 83' lang='lat' dir='ltr'><strong>potuit</strong></span> <span class='ocrx_word' id='word_1_685' title='bbox 3468 4238 3574 4295; x_wconf 84' lang='lat' dir='ltr'><strong>ﬁeri</strong></span> <span class='ocrx_word' id='word_1_686' title='bbox 3617 4236 3665 4289; x_wconf 86' lang='lat' dir='ltr'><strong>in</strong></span> 
     </span>
    </p>
   </div>
   <div class='ocr_carea' id='block_1_86' title="bbox 2111 4327 3661 4404">
    <p class='ocr_par' dir='ltr' id='par_1_86' title="bbox 2111 4327 3661 4404">
     <span class='ocr_line' id='line_1_86' title="bbox 2111 4327 3661 4404; baseline 0.006 -25"><span class='ocrx_word' id='word_1_687' title='bbox 2111 4327 2325 4392; x_wconf 57' lang='lat' dir='ltr'><strong>Graeco,</strong></span> <span class='ocrx_word' id='word_1_688' title='bbox 2356 4334 2421 4381; x_wconf 90' lang='lat' dir='ltr'><strong>ut</strong></span> <span class='ocrx_word' id='word_1_689' title='bbox 2448 4329 2652 4400; x_wconf 90' lang='lat' dir='ltr'><strong>aliquis</strong></span> <span class='ocrx_word' id='word_1_690' title='bbox 2690 4331 3027 4401; x_wconf 89' lang='lat' dir='ltr'><strong>scriptorum</strong></span> <span class='ocrx_word' id='word_1_691' title='bbox 3063 4332 3373 4404; x_wconf 85' lang='lat' dir='ltr'><strong>episornam</strong></span> <span class='ocrx_word' id='word_1_692' title='bbox 3400 4346 3493 4403; x_wconf 89' lang='lat' dir='ltr'><strong>pro</strong></span> <span class='ocrx_word' id='word_1_693' title='bbox 3519 4330 3661 4389; x_wconf 63' lang='lat' dir='ltr'><strong>sexta.</strong></span> 
     </span>
    </p>
   </div>
   <div class='ocr_carea' id='block_1_87' title="bbox 430 4406 3665 4490">
    <p class='ocr_par' dir='ltr' id='par_1_87' title="bbox 430 4406 3665 4490">
     <span class='ocr_line' id='line_1_87' title="bbox 430 4406 3665 4490; baseline 0.002 -28"><span class='ocrx_word' id='word_1_694' title='bbox 430 4406 604 4462; x_wconf 83' lang='lat' dir='ltr'><strong>Marci</strong></span> <span class='ocrx_word' id='word_1_695' title='bbox 633 4407 943 4479; x_wconf 84' lang='lat' dir='ltr'><strong>legebatur,</strong></span> <span class='ocrx_word' id='word_1_696' title='bbox 968 4409 1191 4478; x_wconf 88' lang='lat' dir='ltr'><strong>quando</strong></span> <span class='ocrx_word' id='word_1_697' title='bbox 1218 4408 1491 4464; x_wconf 70' lang='lat' dir='ltr'><strong>universae</strong></span> <span class='ocrx_word' id='word_1_698' title='bbox 1518 4409 1777 4466; x_wconf 74' lang='lat' dir='ltr'><strong>Ecclesiae</strong></span> <span class='ocrx_word' id='word_1_699' title='bbox 1799 4413 2028 4467; x_wconf 89' lang='lat' dir='ltr'><strong>notissi-</strong></span> <span class='ocrx_word' id='word_1_700' title='bbox 2043 4406 2094 4465; x_wconf 90' lang='lat' dir='ltr'><strong>D</strong></span> <span class='ocrx_word' id='word_1_701' title='bbox 2109 4420 2173 4469; x_wconf 91' lang='lat' dir='ltr'><strong>ut</strong></span> <span class='ocrx_word' id='word_1_702' title='bbox 2198 4416 2405 4470; x_wconf 83' lang='lat' dir='ltr'><strong>assolet.</strong></span> <span class='ocrx_word' id='word_1_703' title='bbox 2431 4418 2583 4488; x_wconf 88' lang='lat' dir='ltr'><strong>apud</strong></span> <span class='ocrx_word' id='word_1_704' title='bbox 2604 4419 2841 4485; x_wconf 74' lang='lat' dir='ltr'><strong>Graecos,</strong></span> <span class='ocrx_word' id='word_1_705' title='bbox 2868 4421 3114 4490; x_wconf 88' lang='lat' dir='ltr'><strong>positum</strong></span> <span class='ocrx_word' id='word_1_706' title='bbox 3148 4420 3443 4485; x_wconf 90' lang='lat' dir='ltr'><strong>invenerit,</strong></span> <span class='ocrx_word' id='word_1_707' title='bbox 3463 4423 3515 4472; x_wconf 89' lang='lat' dir='ltr'><strong>et</strong></span> <span class='ocrx_word' id='word_1_708' title='bbox 3538 4419 3665 4487; x_wconf 81' lang='lat' dir='ltr'><strong>puta-</strong></span> 
     </span>
    </p>
   </div>
   <div class='ocr_carea' id='block_1_88' title="bbox 430 4496 2029 4571">
    <p class='ocr_par' dir='ltr' id='par_1_88' title="bbox 430 4496 2029 4571">
     <span class='ocr_line' id='line_1_88' title="bbox 430 4496 2029 4571; baseline 0.004 -21"><span class='ocrx_word' id='word_1_709' title='bbox 430 4512 589 4550; x_wconf 88' lang='lat' dir='ltr'><strong>mum</strong></span> <span class='ocrx_word' id='word_1_710' title='bbox 611 4504 752 4563; x_wconf 90' lang='lat' dir='ltr'><strong>erat,</strong></span> <span class='ocrx_word' id='word_1_711' title='bbox 767 4512 881 4568; x_wconf 89' lang='lat' dir='ltr'><strong>qua</strong></span> <span class='ocrx_word' id='word_1_712' title='bbox 896 4498 1036 4551; x_wconf 89' lang='lat' dir='ltr'><strong>hora</strong></span> <span class='ocrx_word' id='word_1_713' title='bbox 1053 4496 1327 4551; x_wconf 91' lang='lat' dir='ltr'><strong>Dominus</strong></span> <span class='ocrx_word' id='word_1_714' title='bbox 1348 4496 1406 4551; x_wconf 92' lang='lat' dir='ltr'><strong>in</strong></span> <span class='ocrx_word' id='word_1_715' title='bbox 1428 4498 1577 4568; x_wconf 83' lang='lat' dir='ltr'><strong>ligno</strong></span> <span class='ocrx_word' id='word_1_716' title='bbox 1598 4500 1779 4553; x_wconf 90' lang='lat' dir='ltr'><strong>crucis</strong></span> <span class='ocrx_word' id='word_1_717' title='bbox 1798 4518 2029 4571; x_wconf 90' lang='lat' dir='ltr'><strong>suspen-</strong></span> 
     </span>
    </p>
   </div>
   <div class='ocr_carea' id='block_1_89' title="bbox 429 4585 2028 4660">
    <p class='ocr_par' dir='ltr' id='par_1_89' title="bbox 429 4585 2028 4660">
     <span class='ocr_line' id='line_1_89' title="bbox 429 4585 2028 4660; baseline 0.004 -22"><span class='ocrx_word' id='word_1_718' title='bbox 429 4600 526 4638; x_wconf 90' lang='lat' dir='ltr'><strong>sus</strong></span> <span class='ocrx_word' id='word_1_719' title='bbox 570 4591 736 4639; x_wconf 85' lang='lat' dir='ltr'><strong>esset.</strong></span> <span class='ocrx_word' id='word_1_720' title='bbox 770 4585 930 4640; x_wconf 90' lang='lat' dir='ltr'><strong>Unde</strong></span> <span class='ocrx_word' id='word_1_721' title='bbox 967 4590 1157 4656; x_wconf 90' lang='lat' dir='ltr'><strong>posset</strong></span> <span class='ocrx_word' id='word_1_722' title='bbox 1202 4586 1323 4655; x_wconf 90' lang='lat' dir='ltr'><strong>ejus</strong></span> <span class='ocrx_word' id='word_1_723' title='bbox 1370 4602 1529 4641; x_wconf 85' lang='lat' dir='ltr'><strong>error</strong></span> <span class='ocrx_word' id='word_1_724' title='bbox 1574 4588 1659 4642; x_wconf 93' lang='lat' dir='ltr'><strong>vel</strong></span> <span class='ocrx_word' id='word_1_725' title='bbox 1687 4589 1911 4660; x_wconf 85' lang='lat' dir='ltr'><strong>corrigi,</strong></span> <span class='ocrx_word' id='word_1_726' title='bbox 1943 4591 2028 4645; x_wconf 89' lang='lat' dir='ltr'><strong>vel</strong></span> 
     </span>
    </p>
   </div>
   <div class='ocr_carea' id='block_1_90' title="bbox 428 4672 2028 4744">
    <p class='ocr_par' dir='ltr' id='par_1_90' title="bbox 428 4672 2028 4744">
     <span class='ocr_line' id='line_1_90' title="bbox 428 4672 2028 4744; baseline 0.005 -19"><span class='ocrx_word' id='word_1_727' title='bbox 428 4672 783 4727; x_wconf 90' lang='lat' dir='ltr'><strong>mendacium</strong></span> <span class='ocrx_word' id='word_1_728' title='bbox 808 4690 842 4727; x_wconf 92' lang='lat' dir='ltr'><strong>a</strong></span> <span class='ocrx_word' id='word_1_729' title='bbox 864 4673 1124 4744; x_wconf 90' lang='lat' dir='ltr'><strong>plurimis</strong></span> <span class='ocrx_word' id='word_1_730' title='bbox 1152 4674 1449 4729; x_wconf 85' lang='lat' dir='ltr'><strong>confutari.</strong></span> <span class='ocrx_word' id='word_1_731' title='bbox 1474 4676 1582 4730; x_wconf 91' lang='lat' dir='ltr'><strong>Sed</strong></span> <span class='ocrx_word' id='word_1_732' title='bbox 1611 4677 1818 4732; x_wconf 88' lang='lat' dir='ltr'><strong>factum</strong></span> <span class='ocrx_word' id='word_1_733' title='bbox 1844 4683 1932 4733; x_wconf 91' lang='lat' dir='ltr'><strong>est</strong></span> <span class='ocrx_word' id='word_1_734' title='bbox 1958 4695 2028 4733; x_wconf 88' lang='lat' dir='ltr'><strong>ex</strong></span> 
     </span>
    </p>
   </div>
   <div class='ocr_carea' id='block_1_91' title="bbox 431 4760 2028 4835">
    <p class='ocr_par' dir='ltr' id='par_1_91' title="bbox 431 4760 2028 4835">
     <span class='ocr_line' id='line_1_91' title="bbox 431 4760 2028 4835; baseline 0.004 -21"><span class='ocrx_word' id='word_1_735' title='bbox 431 4760 619 4814; x_wconf 89' lang='lat' dir='ltr'><strong>divino</strong></span> <span class='ocrx_word' id='word_1_736' title='bbox 645 4761 897 4828; x_wconf 90' lang='lat' dir='ltr'><strong>consilio,</strong></span> <span class='ocrx_word' id='word_1_737' title='bbox 922 4763 1057 4833; x_wconf 90' lang='lat' dir='ltr'><strong>quia</strong></span> <span class='ocrx_word' id='word_1_738' title='bbox 1083 4762 1294 4817; x_wconf 89' lang='lat' dir='ltr'><strong>sciebat</strong></span> <span class='ocrx_word' id='word_1_739' title='bbox 1321 4765 1663 4835; x_wconf 89' lang='lat' dir='ltr'><strong>evangelista</strong></span> <span class='ocrx_word' id='word_1_740' title='bbox 1692 4783 1727 4820; x_wconf 92' lang='lat' dir='ltr'><strong>a</strong></span> <span class='ocrx_word' id='word_1_741' title='bbox 1755 4767 2028 4821; x_wconf 91' lang='lat' dir='ltr'><strong>militibus</strong></span> 
     </span>
    </p>
   </div>
   <div class='ocr_carea' id='block_1_92' title="bbox 430 4848 2027 4927">
    <p class='ocr_par' dir='ltr' id='par_1_92' title="bbox 430 4848 2027 4927">
     <span class='ocr_line' id='line_1_92' title="bbox 430 4848 2027 4927; baseline 0.006 -26"><span class='ocrx_word' id='word_1_742' title='bbox 430 4849 599 4902; x_wconf 90' lang='lat' dir='ltr'><strong>Pilati</strong></span> <span class='ocrx_word' id='word_1_743' title='bbox 622 4848 925 4904; x_wconf 91' lang='lat' dir='ltr'><strong>Dominum</strong></span> <span class='ocrx_word' id='word_1_744' title='bbox 944 4852 1287 4918; x_wconf 88' lang='lat' dir='ltr'><strong>cruciﬁxum,</strong></span> <span class='ocrx_word' id='word_1_745' title='bbox 1312 4858 1370 4906; x_wconf 91' lang='lat' dir='ltr'><strong>et</strong></span> <span class='ocrx_word' id='word_1_746' title='bbox 1393 4870 1504 4908; x_wconf 90' lang='lat' dir='ltr'><strong>non</strong></span> <span class='ocrx_word' id='word_1_747' title='bbox 1525 4870 1561 4907; x_wconf 88' lang='lat' dir='ltr'><strong>a</strong></span> <span class='ocrx_word' id='word_1_748' title='bbox 1579 4854 1805 4921; x_wconf 68' lang='lat' dir='ltr'><strong>Iudaeis,</strong></span> <span class='ocrx_word' id='word_1_749' title='bbox 1830 4862 1894 4910; x_wconf 92' lang='lat' dir='ltr'><strong>ut</strong></span> <span class='ocrx_word' id='word_1_750' title='bbox 1919 4856 2027 4927; x_wconf 89' lang='lat' dir='ltr'><strong>ipsi</strong></span> 
     </span>
    </p>
   </div>
   <div class='ocr_carea' id='block_1_93' title="bbox 432 4935 2021 5014">
    <p class='ocr_par' dir='ltr' id='par_1_93' title="bbox 432 4935 2021 5014">
     <span class='ocr_line' id='line_1_93' title="bbox 432 4935 2021 5014; baseline 0.005 -24"><span class='ocrx_word' id='word_1_751' title='bbox 432 4935 613 4990; x_wconf 87' lang='lat' dir='ltr'><strong>aiunt.</strong></span> <span class='ocrx_word' id='word_1_752' title='bbox 645 4936 790 4999; x_wconf 90' lang='lat' dir='ltr'><strong>Quia</strong></span> <span class='ocrx_word' id='word_1_753' title='bbox 816 4937 976 4992; x_wconf 89' lang='lat' dir='ltr'><strong>nobis</strong></span> <span class='ocrx_word' id='word_1_754' title='bbox 1004 4957 1117 4994; x_wconf 91' lang='lat' dir='ltr'><strong>non</strong></span> <span class='ocrx_word' id='word_1_755' title='bbox 1158 4938 1287 4994; x_wconf 90' lang='lat' dir='ltr'><strong>licet</strong></span> <span class='ocrx_word' id='word_1_756' title='bbox 1324 4940 1638 4996; x_wconf 84' lang='lat' dir='ltr'><strong>interﬁcere</strong></span> <span class='ocrx_word' id='word_1_757' title='bbox 1662 4959 2021 5014; x_wconf 89' lang='lat' dir='ltr'><strong>quemquam,</strong></span> 
     </span>
    </p>
   </div>
   <div class='ocr_carea' id='block_1_94' title="bbox 430 5025 2027 5101">
    <p class='ocr_par' dir='ltr' id='par_1_94' title="bbox 430 5025 2027 5101">
     <span class='ocr_line' id='line_1_94' title="bbox 430 5025 2027 5101; baseline 0.004 -21"><span class='ocrx_word' id='word_1_758' title='bbox 430 5031 496 5080; x_wconf 91' lang='lat' dir='ltr'><strong>ut</strong></span> <span class='ocrx_word' id='word_1_759' title='bbox 514 5025 669 5079; x_wconf 87' lang='lat' dir='ltr'><strong>fraus</strong></span> <span class='ocrx_word' id='word_1_760' title='bbox 691 5025 1010 5081; x_wconf 69' lang='lat' dir='ltr'><strong>Judaeorum</strong></span> <span class='ocrx_word' id='word_1_761' title='bbox 1031 5028 1274 5099; x_wconf 89' lang='lat' dir='ltr'><strong>amplius</strong></span> <span class='ocrx_word' id='word_1_762' title='bbox 1290 5031 1648 5101; x_wconf 88' lang='lat' dir='ltr'><strong>patefaceret.</strong></span> <span class='ocrx_word' id='word_1_763' title='bbox 1673 5031 1782 5085; x_wconf 91' lang='lat' dir='ltr'><strong>Sed</strong></span> <span class='ocrx_word' id='word_1_764' title='bbox 1810 5033 1914 5086; x_wconf 88' lang='lat' dir='ltr'><strong>hoc</strong></span> <span class='ocrx_word' id='word_1_765' title='bbox 1931 5049 2027 5087; x_wconf 90' lang='lat' dir='ltr'><strong>vo-</strong></span> 
     </span>
    </p>
   </div>
   <div class='ocr_carea' id='block_1_95' title="bbox 428 5114 2028 5189">
    <p class='ocr_par' dir='ltr' id='par_1_95' title="bbox 428 5114 2028 5189">
     <span class='ocr_line' id='line_1_95' title="bbox 428 5114 2028 5189; baseline 0.005 -22"><span class='ocrx_word' id='word_1_766' title='bbox 428 5114 538 5168; x_wconf 90' lang='lat' dir='ltr'><strong>luit</strong></span> <span class='ocrx_word' id='word_1_767' title='bbox 574 5114 869 5170; x_wconf 90' lang='lat' dir='ltr'><strong>ostendere</strong></span> <span class='ocrx_word' id='word_1_768' title='bbox 910 5114 969 5168; x_wconf 92' lang='lat' dir='ltr'><strong>in</strong></span> <span class='ocrx_word' id='word_1_769' title='bbox 1007 5116 1114 5168; x_wconf 90' lang='lat' dir='ltr'><strong>hoc</strong></span> <span class='ocrx_word' id='word_1_770' title='bbox 1150 5116 1297 5170; x_wconf 91' lang='lat' dir='ltr'><strong>dicto</strong></span> <span class='ocrx_word' id='word_1_771' title='bbox 1335 5133 1430 5171; x_wconf 93' lang='lat' dir='ltr'><strong>eos</strong></span> <span class='ocrx_word' id='word_1_772' title='bbox 1468 5119 1649 5189; x_wconf 88' lang='lat' dir='ltr'><strong>magis</strong></span> <span class='ocrx_word' id='word_1_773' title='bbox 1690 5120 2028 5176; x_wconf 87' lang='lat' dir='ltr'><strong>cruciﬁxisse</strong></span> 
     </span>
    </p>
   </div>
   <div class='ocr_carea' id='block_1_96' title="bbox 427 5203 2027 5280">
    <p class='ocr_par' dir='ltr' id='par_1_96' title="bbox 427 5203 2027 5280">
     <span class='ocr_line' id='line_1_96' title="bbox 427 5203 2027 5280; baseline 0.005 -24"><span class='ocrx_word' id='word_1_774' title='bbox 427 5203 752 5271; x_wconf 90' lang='lat' dir='ltr'><strong>Dominum,</strong></span> <span class='ocrx_word' id='word_1_775' title='bbox 771 5203 868 5275; x_wconf 89' lang='lat' dir='ltr'><strong>qui</strong></span> <span class='ocrx_word' id='word_1_776' title='bbox 892 5204 1276 5259; x_wconf 89' lang='lat' dir='ltr'><strong>clamaverunt</strong></span> <span class='ocrx_word' id='word_1_777' title='bbox 1302 5210 1366 5259; x_wconf 93' lang='lat' dir='ltr'><strong>ut</strong></span> <span class='ocrx_word' id='word_1_778' title='bbox 1393 5207 1832 5276; x_wconf 81' lang='lat' dir='ltr'><strong>cruciﬁgeretur,</strong></span> <span class='ocrx_word' id='word_1_779' title='bbox 1856 5226 2027 5280; x_wconf 91' lang='lat' dir='ltr'><strong>quam</strong></span> 
     </span>
    </p>
   </div>
   <div class='ocr_carea' id='block_1_97' title="bbox 427 5290 2022 5366">
    <p class='ocr_par' dir='ltr' id='par_1_97' title="bbox 427 5290 2022 5366">
     <span class='ocr_line' id='line_1_97' title="bbox 427 5290 2022 5366; baseline 0.006 -23"><span class='ocrx_word' id='word_1_780' title='bbox 427 5290 556 5344; x_wconf 92' lang='lat' dir='ltr'><strong>illos</strong></span> <span class='ocrx_word' id='word_1_781' title='bbox 578 5292 672 5361; x_wconf 90' lang='lat' dir='ltr'><strong>qui</strong></span> <span class='ocrx_word' id='word_1_782' title='bbox 695 5292 933 5363; x_wconf 91' lang='lat' dir='ltr'><strong>principi</strong></span> <span class='ocrx_word' id='word_1_783' title='bbox 951 5309 1053 5347; x_wconf 89' lang='lat' dir='ltr'><strong>suo</strong></span> <span class='ocrx_word' id='word_1_784' title='bbox 1074 5299 1403 5362; x_wconf 88' lang='lat' dir='ltr'><strong>paruerunt,</strong></span> <span class='ocrx_word' id='word_1_785' title='bbox 1431 5300 1488 5348; x_wconf 92' lang='lat' dir='ltr'><strong>et</strong></span> <span class='ocrx_word' id='word_1_786' title='bbox 1506 5295 1721 5366; x_wconf 89' lang='lat' dir='ltr'><strong>legibus</strong></span> <span class='ocrx_word' id='word_1_787' title='bbox 1740 5297 2022 5352; x_wconf 89' lang='lat' dir='ltr'><strong>humanis.</strong></span> 
     </span>
    </p>
   </div>
   <div class='ocr_carea' id='block_1_98' title="bbox 428 5379 2028 5454">
    <p class='ocr_par' dir='ltr' id='par_1_98' title="bbox 428 5379 2028 5454">
     <span class='ocr_line' id='line_1_98' title="bbox 428 5379 2028 5454; baseline 0.006 -21"><span class='ocrx_word' id='word_1_788' title='bbox 428 5379 575 5434; x_wconf 87' lang='lat' dir='ltr'><strong>Nam</strong></span> <span class='ocrx_word' id='word_1_789' title='bbox 605 5380 981 5452; x_wconf 85' lang='lat' dir='ltr'><strong>ministerium</strong></span> <span class='ocrx_word' id='word_1_790' title='bbox 1011 5380 1222 5435; x_wconf 68' lang='lat' dir='ltr'><strong>militiae</strong></span> <span class='ocrx_word' id='word_1_791' title='bbox 1247 5398 1361 5435; x_wconf 71' lang='lat' dir='ltr'><strong>suae</strong></span> <span class='ocrx_word' id='word_1_792' title='bbox 1388 5382 1777 5454; x_wconf 90' lang='lat' dir='ltr'><strong>adimplentes,</strong></span> <span class='ocrx_word' id='word_1_793' title='bbox 1808 5387 1914 5441; x_wconf 89' lang='lat' dir='ltr'><strong>hoc</strong></span> <span class='ocrx_word' id='word_1_794' title='bbox 1949 5388 2028 5442; x_wconf 90' lang='lat' dir='ltr'><strong>fe-</strong></span> 
     </span>
    </p>
   </div>
   <div class='ocr_carea' id='block_1_99' title="bbox 427 5469 2027 5544">
    <p class='ocr_par' dir='ltr' id='par_1_99' title="bbox 427 5469 2027 5544">
     <span class='ocr_line' id='line_1_99' title="bbox 427 5469 2027 5544; baseline 0.004 -21"><span class='ocrx_word' id='word_1_795' title='bbox 427 5472 628 5523; x_wconf 88' lang='lat' dir='ltr'><strong>cerunt</strong></span> <span class='ocrx_word' id='word_1_796' title='bbox 654 5470 959 5524; x_wconf 91' lang='lat' dir='ltr'><strong>secundum</strong></span> <span class='ocrx_word' id='word_1_797' title='bbox 985 5469 1231 5524; x_wconf 87' lang='lat' dir='ltr'><strong>ofﬁcium</strong></span> <span class='ocrx_word' id='word_1_798' title='bbox 1258 5469 1521 5525; x_wconf 81' lang='lat' dir='ltr'><strong>Romanae</strong></span> <span class='ocrx_word' id='word_1_799' title='bbox 1548 5471 1872 5544; x_wconf 78' lang='lat' dir='ltr'><strong>disciplinae.</strong></span> <span class='ocrx_word' id='word_1_800' title='bbox 1892 5476 2027 5530; x_wconf 85' lang='lat' dir='ltr'><strong>Pro-</strong></span> 
     </span>
    </p>
   </div>
   <div class='ocr_carea' id='block_1_100' title="bbox 427 5558 2023 5632">
    <p class='ocr_par' dir='ltr' id='par_1_100' title="bbox 427 5558 2023 5632">
     <span class='ocr_line' id='line_1_100' title="bbox 427 5558 2023 5632; baseline 0.003 -18"><span class='ocrx_word' id='word_1_801' title='bbox 427 5559 597 5614; x_wconf 88' lang='lat' dir='ltr'><strong>batur</strong></span> <span class='ocrx_word' id='word_1_802' title='bbox 616 5574 750 5632; x_wconf 81' lang='lat' dir='ltr'><strong>ergo</strong></span> <span class='ocrx_word' id='word_1_803' title='bbox 769 5562 904 5618; x_wconf 83' lang='lat' dir='ltr'><strong>tunc</strong></span> <span class='ocrx_word' id='word_1_804' title='bbox 923 5559 1065 5616; x_wconf 87' lang='lat' dir='ltr'><strong>hora</strong></span> <span class='ocrx_word' id='word_1_805' title='bbox 1082 5558 1250 5614; x_wconf 86' lang='lat' dir='ltr'><strong>tertia</strong></span> <span class='ocrx_word' id='word_1_806' title='bbox 1277 5558 1471 5627; x_wconf 87' lang='lat' dir='ltr'><strong>fuisse,</strong></span> <span class='ocrx_word' id='word_1_807' title='bbox 1494 5562 1719 5632; x_wconf 88' lang='lat' dir='ltr'><strong>quando</strong></span> <span class='ocrx_word' id='word_1_808' title='bbox 1746 5564 2023 5619; x_wconf 88' lang='lat' dir='ltr'><strong>clamave-</strong></span> 
     </span>
    </p>
   </div>
   <div class='ocr_carea' id='block_1_101' title="bbox 2108 4505 3659 4580">
    <p class='ocr_par' dir='ltr' id='par_1_101' title="bbox 2108 4505 3659 4580">
     <span class='ocr_line' id='line_1_101' title="bbox 2108 4505 3659 4580; baseline 0.005 -22"><span class='ocrx_word' id='word_1_809' title='bbox 2108 4505 2253 4559; x_wconf 92' lang='lat' dir='ltr'><strong>verit</strong></span> <span class='ocrx_word' id='word_1_810' title='bbox 2278 4521 2401 4560; x_wconf 91' lang='lat' dir='ltr'><strong>esse</strong></span> <span class='ocrx_word' id='word_1_811' title='bbox 2427 4522 2732 4576; x_wconf 86' lang='lat' dir='ltr'><strong>gammam,</strong></span> <span class='ocrx_word' id='word_1_812' title='bbox 2768 4524 2889 4578; x_wconf 83' lang='lat' dir='ltr'><strong>quae</strong></span> <span class='ocrx_word' id='word_1_813' title='bbox 2918 4514 3033 4563; x_wconf 89' lang='lat' dir='ltr'><strong>tres</strong></span> <span class='ocrx_word' id='word_1_814' title='bbox 3063 4510 3328 4580; x_wconf 86' lang='lat' dir='ltr'><strong>exprimit</strong></span> <span class='ocrx_word' id='word_1_815' title='bbox 3353 4511 3408 4563; x_wconf 88' lang='lat' dir='ltr'><strong>in</strong></span> <span class='ocrx_word' id='word_1_816' title='bbox 3443 4516 3659 4565; x_wconf 58' lang='lat' dir='ltr'><strong>numero,</strong></span> 
     </span>
    </p>
   </div>
   <div class='ocr_carea' id='block_1_102' title="bbox 2110 4592 3663 4667">
    <p class='ocr_par' dir='ltr' id='par_1_102' title="bbox 2110 4592 3663 4667">
     <span class='ocr_line' id='line_1_102' title="bbox 2110 4592 3663 4667; baseline 0.001 -22"><span class='ocrx_word' id='word_1_817' title='bbox 2110 4598 2169 4646; x_wconf 90' lang='lat' dir='ltr'><strong>et</strong></span> <span class='ocrx_word' id='word_1_818' title='bbox 2194 4592 2320 4647; x_wconf 89' lang='lat' dir='ltr'><strong>ideo</strong></span> <span class='ocrx_word' id='word_1_819' title='bbox 2346 4610 2449 4664; x_wconf 92' lang='lat' dir='ltr'><strong>pro</strong></span> <span class='ocrx_word' id='word_1_820' title='bbox 2479 4600 2637 4649; x_wconf 90' lang='lat' dir='ltr'><strong>sexta</strong></span> <span class='ocrx_word' id='word_1_821' title='bbox 2665 4596 2822 4663; x_wconf 86' lang='lat' dir='ltr'><strong>hora,</strong></span> <span class='ocrx_word' id='word_1_822' title='bbox 2857 4597 3010 4667; x_wconf 89' lang='lat' dir='ltr'><strong>apud</strong></span> <span class='ocrx_word' id='word_1_823' title='bbox 3048 4598 3322 4663; x_wconf 86' lang='lat' dir='ltr'><strong>Marcum,</strong></span> <span class='ocrx_word' id='word_1_824' title='bbox 3354 4596 3558 4652; x_wconf 88' lang='lat' dir='ltr'><strong>tertiam</strong></span> <span class='ocrx_word' id='word_1_825' title='bbox 3583 4604 3663 4661; x_wconf 61' lang='lat' dir='ltr'><strong>po‘</strong></span> 
     </span>
    </p>
   </div>
   <div class='ocr_carea' id='block_1_103' title="bbox 2110 4679 3661 4756">
    <p class='ocr_par' dir='ltr' id='par_1_103' title="bbox 2110 4679 3661 4756">
     <span class='ocr_line' id='line_1_103' title="bbox 2110 4679 3661 4756; baseline 0.006 -22"><span class='ocrx_word' id='word_1_826' title='bbox 2110 4681 2318 4750; x_wconf 90' lang='lat' dir='ltr'><strong>suerit;</strong></span> <span class='ocrx_word' id='word_1_827' title='bbox 2337 4682 2525 4753; x_wconf 91' lang='lat' dir='ltr'><strong>sicque</strong></span> <span class='ocrx_word' id='word_1_828' title='bbox 2547 4683 2806 4756; x_wconf 89' lang='lat' dir='ltr'><strong>deinceps</strong></span> <span class='ocrx_word' id='word_1_829' title='bbox 2818 4702 2885 4739; x_wconf 87' lang='lat' dir='ltr'><strong>ex</strong></span> <span class='ocrx_word' id='word_1_830' title='bbox 2905 4686 3072 4740; x_wconf 90' lang='lat' dir='ltr'><strong>unius</strong></span> <span class='ocrx_word' id='word_1_831' title='bbox 3091 4687 3296 4741; x_wconf 88' lang='lat' dir='ltr'><strong>codicis</strong></span> <span class='ocrx_word' id='word_1_832' title='bbox 3309 4693 3347 4752; x_wconf 87' lang='grc' dir='ltr'>ι</span> <span class='ocrx_word' id='word_1_833' title='bbox 3369 4692 3408 4751; x_wconf 87' lang='grc' dir='ltr'>ι</span> <span class='ocrx_word' id='word_1_834' title='bbox 3426 4689 3473 4750; x_wconf 69' lang='grc' dir='ltr'><strong>σ</strong></span> <span class='ocrx_word' id='word_1_835' title='bbox 3493 4688 3526 4748; x_wconf 88' lang='grc' dir='ltr'><strong>Ι</strong></span> <span class='ocrx_word' id='word_1_836' title='bbox 3538 4679 3661 4742; x_wconf 57' lang='lat' dir='ltr'><strong>vitio,</strong></span> 
     </span>
    </p>
   </div>
   <div class='ocr_carea' id='block_1_104' title="bbox 2108 4770 3664 4842">
    <p class='ocr_par' dir='ltr' id='par_1_104' title="bbox 2108 4770 3664 4842">
     <span class='ocr_line' id='line_1_104' title="bbox 2108 4770 3664 4842; baseline -0.003 -20"><span class='ocrx_word' id='word_1_837' title='bbox 2108 4770 2294 4823; x_wconf 68' lang='lat' dir='ltr'><strong>caeteri</strong></span> <span class='ocrx_word' id='word_1_838' title='bbox 2336 4770 2547 4824; x_wconf 89' lang='lat' dir='ltr'><strong>fuerint</strong></span> <span class='ocrx_word' id='word_1_839' title='bbox 2573 4771 2881 4842; x_wconf 88' lang='lat' dir='ltr'><strong>depravati.</strong></span> <span class='ocrx_word' id='word_1_840' title='bbox 2930 4773 3075 4838; x_wconf 90' lang='lat' dir='ltr'><strong>Sive,</strong></span> <span class='ocrx_word' id='word_1_841' title='bbox 3122 4779 3188 4829; x_wconf 91' lang='lat' dir='ltr'><strong>ut</strong></span> <span class='ocrx_word' id='word_1_842' title='bbox 3226 4775 3322 4828; x_wconf 90' lang='lat' dir='ltr'><strong>alii</strong></span> <span class='ocrx_word' id='word_1_843' title='bbox 3354 4773 3547 4834; x_wconf 86' lang='lat' dir='ltr'><strong>volunt,</strong></span> <span class='ocrx_word' id='word_1_844' title='bbox 3573 4780 3664 4820; x_wconf 86' lang='lat' dir='ltr'><strong>una</strong></span> 
     </span>
    </p>
   </div>
   <div class='ocr_carea' id='block_1_105' title="bbox 2108 4858 3666 4933">
    <p class='ocr_par' dir='ltr' id='par_1_105' title="bbox 2108 4858 3666 4933">
     <span class='ocr_line' id='line_1_105' title="bbox 2108 4858 3666 4933; baseline -0.001 -22"><span class='ocrx_word' id='word_1_845' title='bbox 2108 4858 2419 4930; x_wconf 89' lang='lat' dir='ltr'><strong>eademque</strong></span> <span class='ocrx_word' id='word_1_846' title='bbox 2438 4858 2578 4912; x_wconf 86' lang='lat' dir='ltr'><strong>hora</strong></span> <span class='ocrx_word' id='word_1_847' title='bbox 2606 4865 2692 4914; x_wconf 90' lang='lat' dir='ltr'><strong>est</strong></span> <span class='ocrx_word' id='word_1_848' title='bbox 2712 4861 2783 4914; x_wconf 91' lang='lat' dir='ltr'><strong>ab</strong></span> <span class='ocrx_word' id='word_1_849' title='bbox 2814 4862 3170 4932; x_wconf 87' lang='lat' dir='ltr'><strong>evangelistis</strong></span> <span class='ocrx_word' id='word_1_850' title='bbox 3196 4880 3318 4933; x_wconf 63' lang='lat' dir='ltr'><strong>qua;</strong></span> <span class='ocrx_word' id='word_1_851' title='bbox 3345 4861 3486 4915; x_wconf 90' lang='lat' dir='ltr'><strong>varie</strong></span> <span class='ocrx_word' id='word_1_852' title='bbox 3508 4869 3666 4912; x_wconf 78' lang='lat' dir='ltr'><strong>narra-</strong></span> 
     </span>
    </p>
   </div>
   <div class='ocr_carea' id='block_1_106' title="bbox 2107 4947 3663 5021">
    <p class='ocr_par' dir='ltr' id='par_1_106' title="bbox 2107 4947 3663 5021">
     <span class='ocr_line' id='line_1_106' title="bbox 2107 4947 3663 5021; baseline 0.001 -22"><span class='ocrx_word' id='word_1_853' title='bbox 2107 4950 2204 5000; x_wconf 90' lang='lat' dir='ltr'><strong>tur</strong></span> <span class='ocrx_word' id='word_1_854' title='bbox 2229 4947 2417 5011; x_wconf 90' lang='lat' dir='ltr'><strong>tertia,</strong></span> <span class='ocrx_word' id='word_1_855' title='bbox 2449 4964 2547 5002; x_wconf 93' lang='lat' dir='ltr'><strong>seu</strong></span> <span class='ocrx_word' id='word_1_856' title='bbox 2576 4954 2763 5016; x_wconf 89' lang='lat' dir='ltr'><strong>sexta;</strong></span> <span class='ocrx_word' id='word_1_857' title='bbox 2820 4950 2954 5020; x_wconf 89' lang='lat' dir='ltr'><strong>quia</strong></span> <span class='ocrx_word' id='word_1_858' title='bbox 2980 4951 3049 5004; x_wconf 91' lang='lat' dir='ltr'><strong>de</strong></span> <span class='ocrx_word' id='word_1_859' title='bbox 3082 4957 3244 5005; x_wconf 90' lang='lat' dir='ltr'><strong>nocte</strong></span> <span class='ocrx_word' id='word_1_860' title='bbox 3289 4952 3346 5005; x_wconf 89' lang='lat' dir='ltr'><strong>in</strong></span> <span class='ocrx_word' id='word_1_861' title='bbox 3374 4965 3479 5021; x_wconf 91' lang='lat' dir='ltr'><strong>qua</strong></span> <span class='ocrx_word' id='word_1_862' title='bbox 3501 4950 3663 5015; x_wconf 71' lang='lat' dir='ltr'><strong>captus</strong></span> 
     </span>
    </p>
   </div>
   <div class='ocr_carea' id='block_1_107' title="bbox 2109 5036 3662 5110">
    <p class='ocr_par' dir='ltr' id='par_1_107' title="bbox 2109 5036 3662 5110">
     <span class='ocr_line' id='line_1_107' title="bbox 2109 5036 3662 5110; baseline -0.003 -21"><span class='ocrx_word' id='word_1_863' title='bbox 2109 5041 2196 5089; x_wconf 90' lang='lat' dir='ltr'><strong>est</strong></span> <span class='ocrx_word' id='word_1_864' title='bbox 2222 5036 2512 5103; x_wconf 89' lang='lat' dir='ltr'><strong>Dominus,</strong></span> <span class='ocrx_word' id='word_1_865' title='bbox 2543 5042 2660 5091; x_wconf 91' lang='lat' dir='ltr'><strong>tres</strong></span> <span class='ocrx_word' id='word_1_866' title='bbox 2698 5038 2850 5092; x_wconf 69' lang='lat' dir='ltr'><strong>horze</strong></span> <span class='ocrx_word' id='word_1_867' title='bbox 2892 5045 3228 5110; x_wconf 88' lang='lat' dir='ltr'><strong>supererant</strong></span> <span class='ocrx_word' id='word_1_868' title='bbox 3254 5055 3427 5109; x_wconf 89' lang='lat' dir='ltr'><strong>usque</strong></span> <span class='ocrx_word' id='word_1_869' title='bbox 3450 5036 3514 5091; x_wconf 88' lang='lat' dir='ltr'><strong>ad</strong></span> <span class='ocrx_word' id='word_1_870' title='bbox 3537 5045 3662 5088; x_wconf 84' lang='lat' dir='ltr'><strong>exor-</strong></span> 
     </span>
    </p>
   </div>
   <div class='ocr_carea' id='block_1_108' title="bbox 2108 5123 3658 5199">
    <p class='ocr_par' dir='ltr' id='par_1_108' title="bbox 2108 5123 3658 5199">
     <span class='ocr_line' id='line_1_108' title="bbox 2108 5123 3658 5199; baseline 0.003 -22"><span class='ocrx_word' id='word_1_871' title='bbox 2108 5123 2264 5177; x_wconf 90' lang='lat' dir='ltr'><strong>dium</strong></span> <span class='ocrx_word' id='word_1_872' title='bbox 2280 5123 2411 5189; x_wconf 86' lang='lat' dir='ltr'><strong>diei,</strong></span> <span class='ocrx_word' id='word_1_873' title='bbox 2430 5130 2487 5178; x_wconf 93' lang='lat' dir='ltr'><strong>et</strong></span> <span class='ocrx_word' id='word_1_874' title='bbox 2495 5131 2611 5179; x_wconf 88' lang='lat' dir='ltr'><strong>tres</strong></span> <span class='ocrx_word' id='word_1_875' title='bbox 2627 5126 2827 5181; x_wconf 92' lang='lat' dir='ltr'><strong>deinde</strong></span> <span class='ocrx_word' id='word_1_876' title='bbox 2840 5143 3018 5199; x_wconf 91' lang='lat' dir='ltr'><strong>usque</strong></span> <span class='ocrx_word' id='word_1_877' title='bbox 3034 5128 3105 5182; x_wconf 91' lang='lat' dir='ltr'><strong>ad</strong></span> <span class='ocrx_word' id='word_1_878' title='bbox 3118 5129 3341 5182; x_wconf 88' lang='lat' dir='ltr'><strong>tertiam</strong></span> <span class='ocrx_word' id='word_1_879' title='bbox 3362 5125 3467 5180; x_wconf 92' lang='lat' dir='ltr'><strong>diei</strong></span> <span class='ocrx_word' id='word_1_880' title='bbox 3481 5125 3658 5181; x_wconf 63' lang='lat' dir='ltr'><strong>horam.</strong></span> 
     </span>
    </p>
   </div>
   <div class='ocr_carea' id='block_1_109' title="bbox 2110 5205 3661 5283">
    <p class='ocr_par' dir='ltr' id='par_1_109' title="bbox 2110 5205 3661 5283">
     <span class='ocr_line' id='line_1_109' title="bbox 2110 5205 3661 5283; baseline -0.002 -18"><span class='ocrx_word' id='word_1_881' title='bbox 2110 5228 2232 5282; x_wconf 67' lang='lat' dir='ltr'><strong>quae</strong></span> <span class='ocrx_word' id='word_1_882' title='bbox 2257 5218 2407 5266; x_wconf 91' lang='lat' dir='ltr'><strong>recte</strong></span> <span class='ocrx_word' id='word_1_883' title='bbox 2435 5215 2605 5269; x_wconf 88' lang='lat' dir='ltr'><strong>tertia</strong></span> <span class='ocrx_word' id='word_1_884' title='bbox 2627 5220 2858 5269; x_wconf 86' lang='lat' dir='ltr'><strong>vocatur</strong></span> <span class='ocrx_word' id='word_1_885' title='bbox 2883 5232 2918 5270; x_wconf 90' lang='lat' dir='ltr'><strong>a</strong></span> <span class='ocrx_word' id='word_1_886' title='bbox 2949 5216 3154 5283; x_wconf 87' lang='lat' dir='ltr'><strong>Marco,</strong></span> <span class='ocrx_word' id='word_1_887' title='bbox 3181 5229 3335 5271; x_wconf 83' lang='lat' dir='ltr'><strong>sexta</strong></span> <span class='ocrx_word' id='word_1_888' title='bbox 3360 5229 3480 5269; x_wconf 89' lang='lat' dir='ltr'><strong>vero</strong></span> <span class='ocrx_word' id='word_1_889' title='bbox 3506 5227 3536 5265; x_wconf 87' lang='lat' dir='ltr'><strong>a</strong></span> <span class='ocrx_word' id='word_1_890' title='bbox 3558 5205 3661 5263; x_wconf 82' lang='lat' dir='ltr'><strong>reli-</strong></span> 
     </span>
    </p>
   </div>
   <div class='ocr_carea' id='block_1_110' title="bbox 2108 5298 3658 5376">
    <p class='ocr_par' dir='ltr' id='par_1_110' title="bbox 2108 5298 3658 5376">
     <span class='ocr_line' id='line_1_110' title="bbox 2108 5298 3658 5376; baseline -0.003 -23"><span class='ocrx_word' id='word_1_891' title='bbox 2108 5299 2234 5370; x_wconf 91' lang='lat' dir='ltr'><strong>quis</strong></span> <span class='ocrx_word' id='word_1_892' title='bbox 2263 5303 2637 5371; x_wconf 85' lang='lat' dir='ltr'><strong>evangelistis,</strong></span> <span class='ocrx_word' id='word_1_893' title='bbox 2670 5304 2802 5373; x_wconf 90' lang='lat' dir='ltr'><strong>quia</strong></span> <span class='ocrx_word' id='word_1_894' title='bbox 2834 5305 2957 5376; x_wconf 89' lang='lat' dir='ltr'><strong>ipsa</strong></span> <span class='ocrx_word' id='word_1_895' title='bbox 2984 5305 3176 5376; x_wconf 85' lang='lat' dir='ltr'><strong>tertia,</strong></span> <span class='ocrx_word' id='word_1_896' title='bbox 3208 5305 3319 5359; x_wconf 91' lang='lat' dir='ltr'><strong>diei</strong></span> <span class='ocrx_word' id='word_1_897' title='bbox 3360 5308 3506 5358; x_wconf 83' lang='lat' dir='ltr'><strong>sexta</strong></span> <span class='ocrx_word' id='word_1_898' title='bbox 3536 5298 3658 5352; x_wconf 75' lang='lat' dir='ltr'><strong>inve-</strong></span> 
     </span>
    </p>
   </div>
   <div class='ocr_carea' id='block_1_111' title="bbox 2107 5381 3658 5466">
    <p class='ocr_par' dir='ltr' id='par_1_111' title="bbox 2107 5381 3658 5466">
     <span class='ocr_line' id='line_1_111' title="bbox 2107 5381 3658 5466; baseline -0.001 -24"><span class='ocrx_word' id='word_1_899' title='bbox 2107 5389 2282 5454; x_wconf 89' lang='lat' dir='ltr'><strong>nitur,</strong></span> <span class='ocrx_word' id='word_1_900' title='bbox 2313 5406 2377 5443; x_wconf 90' lang='lat' dir='ltr'><strong>ex</strong></span> <span class='ocrx_word' id='word_1_901' title='bbox 2410 5407 2477 5445; x_wconf 89' lang='lat' dir='ltr'><strong>eo</strong></span> <span class='ocrx_word' id='word_1_902' title='bbox 2504 5398 2757 5463; x_wconf 89' lang='lat' dir='ltr'><strong>tempore</strong></span> <span class='ocrx_word' id='word_1_903' title='bbox 2787 5410 2897 5464; x_wconf 89' lang='lat' dir='ltr'><strong>quo</strong></span> <span class='ocrx_word' id='word_1_904' title='bbox 2924 5400 3121 5466; x_wconf 89' lang='lat' dir='ltr'><strong>captus</strong></span> <span class='ocrx_word' id='word_1_905' title='bbox 3161 5400 3245 5450; x_wconf 89' lang='lat' dir='ltr'><strong>est</strong></span> <span class='ocrx_word' id='word_1_906' title='bbox 3270 5391 3540 5449; x_wconf 88' lang='lat' dir='ltr'><strong>Dominus.</strong></span> <span class='ocrx_word' id='word_1_907' title='bbox 3568 5381 3658 5441; x_wconf 79' lang='lat' dir='ltr'><strong>Sed</strong></span> 
     </span>
    </p>
   </div>
   <div class='ocr_carea' id='block_1_112' title="bbox 2106 5475 3655 5548">
    <p class='ocr_par' dir='ltr' id='par_1_112' title="bbox 2106 5475 3655 5548">
     <span class='ocr_line' id='line_1_112' title="bbox 2106 5475 3655 5548; baseline -0.003 -17"><span class='ocrx_word' id='word_1_908' title='bbox 2106 5477 2240 5548; x_wconf 91' lang='lat' dir='ltr'><strong>quia</strong></span> <span class='ocrx_word' id='word_1_909' title='bbox 2276 5494 2342 5531; x_wconf 90' lang='lat' dir='ltr'><strong>ex</strong></span> <span class='ocrx_word' id='word_1_910' title='bbox 2378 5479 2516 5533; x_wconf 89' lang='lat' dir='ltr'><strong>vitio</strong></span> <span class='ocrx_word' id='word_1_911' title='bbox 2545 5480 2904 5537; x_wconf 87' lang='lat' dir='ltr'><strong>librariorum</strong></span> <span class='ocrx_word' id='word_1_912' title='bbox 2941 5483 3260 5539; x_wconf 67' lang='lat' dir='ltr'><strong>Graecorum</strong></span> <span class='ocrx_word' id='word_1_913' title='bbox 3288 5482 3514 5537; x_wconf 85' lang='lat' dir='ltr'><strong>diximus</strong></span> <span class='ocrx_word' id='word_1_914' title='bbox 3539 5475 3655 5529; x_wconf 79' lang='lat' dir='ltr'><strong>forte</strong></span> 
     </span>
    </p>
   </div>
   <div class='ocr_carea' id='block_1_113' title="bbox 2104 5561 3653 5647">
    <p class='ocr_par' dir='ltr' id='par_1_113' title="bbox 2104 5561 3653 5647">
     <span class='ocr_line' id='line_1_113' title="bbox 2104 5561 3653 5647; baseline -0.003 -27"><span class='ocrx_word' id='word_1_915' title='bbox 2104 5565 2423 5637; x_wconf 85' lang='lat' dir='ltr'><strong>contigisse,</strong></span> <span class='ocrx_word' id='word_1_916' title='bbox 2446 5572 2671 5638; x_wconf 88' lang='lat' dir='ltr'><strong>poterat</strong></span> <span class='ocrx_word' id='word_1_917' title='bbox 2695 5569 2818 5625; x_wconf 83' lang='lat' dir='ltr'><strong>fieri</strong></span> <span class='ocrx_word' id='word_1_918' title='bbox 2846 5570 3018 5627; x_wconf 85' lang='lat' dir='ltr'><strong>etiam</strong></span> <span class='ocrx_word' id='word_1_919' title='bbox 3036 5570 3393 5631; x_wconf 87' lang='lat' dir='ltr'><strong>nihilominus</strong></span> <span class='ocrx_word' id='word_1_920' title='bbox 3412 5563 3546 5647; x_wconf 86' lang='lat' dir='ltr'><strong>apud</strong></span> <span class='ocrx_word' id='word_1_921' title='bbox 3571 5561 3653 5616; x_wconf 81' lang='lat' dir='ltr'><strong>La-</strong></span> 
     </span>
    </p>
   </div>
  </div>
