3918 6166
203 327 319 386 953

899 329 1281 387 EXPOSITIO
1319 331 1398 387 IN
1435 329 1882 388 MA'I'I‘HIEUM.
1921 361 1984 372 -
2026 331 2162 386 LIB.
2201 331 2325 397 XII,
2369 331 2528 386 CAP.
2572 330 2795 387 XXVII.

3377 333 3478 392 954

200 456 361 510 tinos
387 472 548 511 error
591 455 811 512 duobus
843 473 908 511 ex
939 456 1213 522 numeris,
1242 455 1504 511 similiter
1538 471 1640 528 pro
1669 453 1802 509 vitio
1820 454 2001 514 Anon
2031 453 2206 509 solem
2241 452 2600 510 obscuratum
2629 456 2912 524 dixerunt,
2944 459 3043 515 sed
3072 465 3312 528 tantum,
3345 461 3477 533 quia

199 545 518 616 scriptoris.
551 546 697 610 Quia
715 563 1052 618 quamswpe,
1076 546 1300 617 quando
1329 563 1423 600 sex
1453 546 1711 599 volumus
1734 543 1805 597 si-

195 634 476 704 gniﬁcare
506 635 799 689 scribimus
824 635 872 688 V
897 642 954 690 et
981 637 1004 690 Ι
1029 654 1042 702 ;
1075 636 1223 706 quod
1243 635 1290 689 si
1312 634 1566 688 diviseris
1586 633 1632 687 V
1652 634 1805 688 litte-

195 739 330 776 ram
363 723 421 777 in
451 723 561 778 duo
590 725 634 788 Ι,
664 729 832 778 erunt
861 724 1049 795 itaque
1081 731 1214 778 tres.
1249 725 1317 778 Et
1344 724 1466 794 ipsa
1503 723 1612 778 erit
1639 722 1807 777 tertia

195 810 347 865 hora
374 813 523 883 apud
554 813 822 877 Marcum,
856 829 978 884 quae
1009 819 1166 866 sexta
1195 813 1344 884 apud
1373 819 1488 867 tres
1517 812 1656 866 alios
1673 812 1805 882 legi-

192 905 317 964 tur,
336 901 484 972 quod
497 902 725 955 omnino
739 918 850 956 non
872 901 1138 973 approbo,
1154 903 1408 972 quamvis
1431 901 1803 972 quorumdam

192 989 527 1060 opinionem
556 991 915 1060 protulerim.
955 991 1098 1056 Quia
1131 991 1237 1044 etsi
1284 992 1431 1062 apud
1479 991 1707 1046 Latinos
1747 997 1802 1045 et

192 1077 429 1131 Graecos
455 1079 568 1132 tale
596 1079 806 1150 aliquid
854 1080 1126 1151 potuisset
1148 1079 1491 1150 contingere,
1521 1080 1669 1151 apud
1698 1081 1806 1134 He-

189 1163 380 1218 braeos
411 1171 600 1220 tamen
628 1183 729 1237 pro
760 1168 846 1221 his
877 1168 1172 1222 Matthznus
1210 1185 1320 1222 non
1348 1175 1567 1239 poterat
1592 1168 1799 1234 vitiari,

189 1255 296 1325 qui
327 1253 400 1308 ab
425 1255 564 1308 hora
593 1262 764 1320 sexta,
800 1258 1024 1328 quando
1047 1258 1316 1312 Dominus
1339 1274 1538 1312 manus
1553 1257 1611 1312 in
1638 1275 1800 1312 cruce

185 1344 462 1410 tetendit,
487 1345 748 1400 tenebras
775 1346 910 1400 dicit
937 1363 1059 1400 esse
1085 1347 1257 1402 factas
1287 1364 1456 1418 super
1482 1348 1800 1402 universam

185 1438 412 1486 terram
438 1452 450 1500 ;
485 1440 543 1488 et
569 1435 748 1488 Lucas
773 1435 991 1489 addidit
1018 1455 1030 1488 :
1065 1436 1205 1502 Quia
1252 1440 1330 1491 so!
1375 1439 1696 1490 obscuratus
1725 1443 1797 1491 est

192 1522 348 1592 (Luc.
382 1536 542 1585 XXIII,
577 1522 690 1592 45).
723 1525 789 1578 Et
821 1525 946 1578 ideo
973 1541 1085 1578 non
1124 1525 1369 1590 aliunde,
1401 1525 1547 1579 sicut
1571 1526 1799 1596 quidam

191 1609 417 1676 volunt,
448 1611 693 1666 tenebrae
722 1611 881 1667 facte
911 1619 1060 1680 sunt,
1105 1630 1272 1684 quam
1302 1631 1366 1667 ex
1391 1613 1613 1668 defectu
1643 1615 1794 1677 solis,

189 1699 458 1768 quamvis
490 1707 623 1754 tunc
653 1702 923 1774 temporis
949 1719 1058 1757 non
1089 1703 1326 1774 eclypsis
1355 1703 1487 1756 solis
1513 1708 1677 1768 esset,
1704 1704 1799 1774 qui

1885 545 2042 610 facta:
2067 550 2198 598 sunt
2226 545 2454 599 tenebm
2480 562 2644 614 super
2673 563 2890 603 omnem
2915 555 3148 606 terram.
3179 551 3338 606 Unde
3357 568 3484 606 con-

1885 650 2124 704 sequens
2143 639 2230 688 est
2250 633 2486 704 intelligi
2507 636 2775 706 quasdam
2789 638 3272 695 tenebrosissimas
3283 640 3478 707 nubes,

1886 731 1944 779 et
1970 725 2112 780 forte
2140 743 2252 781 non
2284 742 2476 790 unam,
2508 725 2604 779 sed
2636 727 2843 780 multas
2889 732 2946 781 et
2974 731 3218 798 majores
3248 745 3484 784 concur-

1885 814 2044 882 risse,
2077 833 2248 886 super
2261 831 2484 870 omnem
2505 820 2714 868 terram
2735 816 2762 869 J
2771 816 2985 870 udaaam
3000 818 3084 870 vel
3106 817 3479 882 Hierusalem,

1885 903 2029 958 sicut
2074 905 2216 960 forte
2263 904 2420 958 factae
2466 904 2693 958 fuerunt
2740 904 2985 960 tenebrae
3048 906 3355 976 palpabiles
3421 907 3482 961 in

1884 994 2142 1064 Egypto,
2186 994 2289 1047 hoc
2317 994 2482 1047 modo
2508 992 2689 1047 tribus
2728 993 2953 1059 diebus;
2986 1011 3098 1049 non
3129 1011 3194 1048 ex
3219 994 3353 1049 solis
3381 995 3482 1050 ded

1884 1081 2141 1148 fectione,
2173 1099 2296 1153 quae
2325 1083 2389 1136 ﬁt
2418 1099 2483 1136 ex
2513 1098 2785 1136 concursu
2817 1083 2981 1149 lunaa,
3016 1084 3112 1138 sed
3143 1101 3208 1138 ex
3235 1101 3301 1138 eo
3331 1081 3480 1155 quod

1882 1171 2060 1226 nubes
2089 1171 2396 1226 tenebrosae
2425 1170 2582 1224 valde
2620 1178 3024 1226 concurrerunt
3053 1189 3120 1226 ex
3159 1173 3390 1227 adverso
3420 1173 3479 1227 in

1882 1277 2081 1327 unum,
2102 1267 2162 1314 et
2192 1266 2381 1314 tamen
2415 1261 2505 1314 lux
2526 1265 2651 1314 erat
2669 1259 2927 1314 omnibus
2957 1261 3087 1315 ﬁliis
3115 1262 3309 1328 Israel,
3335 1261 3482 1318 sicut

1884 1350 2174 1421 Scriptura
2203 1355 2447 1414 testatur
2466 1356 2679 1413 sancta,
2716 1348 3031 1420 ubicunque
3059 1350 3483 1406 commoraban-

1880 1445 1993 1494 tur.
2017 1440 2168 1504 Quas
2189 1439 2458 1492 nimirum
2485 1437 2744 1492 tenebras
2765 1437 2944 1492 tribus
2964 1438 3160 1492 diebus
3177 1439 3474 1504 continuis,

1881 1528 2224 1599 impossibile
2252 1528 2360 1581 fuit
2387 1528 2527 1593 ﬁeri,
2555 1544 2620 1581 ex
2664 1543 2896 1581 occursu
2947 1528 3082 1581 solis
3110 1533 3168 1581 et
3211 1528 3377 1583 lunae.
3411 1529 3481 1582 Et

1882 1617 2027 1672 hanc
2047 1617 2310 1688 inquiunt
2323 1617 2488 1670 aliam
2512 1616 2872 1670 tenebrarum
2891 1633 3114 1670 causam
3136 1616 3326 1681 fuisse,
3339 1633 3478 1672 cum

1884 1707 2171 1778 Scriptura
2183 1706 2353 1760 Exodi
2374 1706 2585 1759 nullam
2601 1706 2772 1759 aliam
2793 1722 3020 1760 causam
3042 1705 3327 1768 dicat,nisi
3347 1706 3482 1777 quia

187 1803 308 1842 non
339 1789 454 1843 alio
476 1788 533 1843 in
558 1794 811 1862 tempore
831 1807 865 1844 a
885 1792 1085 1846 saeculo
1115 1792 1218 1846 hoc
1246 1809 1443 1862 passus
1468 1798 1569 1858 est,
1599 1793 1706 1846 nisi
1737 1793 1796 1846 in
1822 1809 1864 1868 Β
1885 1796 2102 1867 Moyses
2133 1795 2379 1849 extendit
2416 1811 2648 1849 manum
2695 1811 2856 1849 suam
2893 1793 2952 1848 in
2981 1795 3203 1861 coelum,
3234 1799 3291 1848 et
3316 1794 3479 1850 factaa

185 1883 476 1931 conventu
507 1879 640 1933 solis
667 1885 724 1933 et
747 1880 926 1947 lunae;
959 1881 1182 1952 quando
1211 1881 1342 1934 luna
1373 1881 1556 1952 prima
1601 1881 1796 1936 subtus

185 1981 433 2020 currens
465 1967 701 2039 impedit
725 1969 858 2023 solis
885 1970 1092 2036 radios,
1125 1987 1195 2024 ne
1234 1970 1419 2024 luceat
1445 1969 1622 2035 nobis,
1665 1987 1796 2025 suo-

182 2071 298 2125 que
321 2072 561 2110 occursu
591 2057 782 2112 lumen
806 2059 940 2112 solis
971 2058 1250 2114 obtundit.
1282 2060 1391 2113 Sed
1420 2059 1554 2130 quia
1583 2059 1641 2113 in
1665 2076 1796 2130 pas-

185 2144 352 2198 sione
387 2145 611 2200 Domini
641 2146 832 2201 lunam
867 2148 1405 2218 quartamdecimam
1432 2148 1604 2202 fuisse
1629 2165 1797 2203 nemo

184 2239 280 2288 est
308 2234 410 2304 qui
437 2235 708 2304 ambigat,
737 2237 960 2306 quando
989 2243 1294 2291 conventus
1311 2238 1359 2290 ei
1375 2237 1562 2292 nullus
1583 2243 1707 2292 erat
1724 2239 1795 2291 ad

183 2323 393 2387 solem,
453 2339 634 2394 neque
671 2340 931 2378 occursus
961 2341 1070 2396 quo
1112 2326 1287 2396 possit
1332 2326 1415 2379 sol
1457 2343 1558 2380 suo
1589 2326 1794 2398 privari

182 2411 434 2480 lumine,
450 2412 655 2467 idcirco
673 2413 897 2483 quidam
916 2414 1174 2484 permoti.
1193 2431 1303 2468 non
1319 2415 1567 2469 valentes
1589 2416 1796 2469 calum-

182 2499 476 2552 niantium
505 2501 851 2570 argumentis
876 2502 945 2555 ad
967 2502 1194 2572 plenum
1214 2503 1571 2573 respondere,
1586 2504 1796 2557 malue-

183 2593 329 2640 runt
372 2589 597 2658 planam
625 2590 830 2659 eligere
873 2591 1020 2644 viam
1067 2608 1132 2645 ac
1161 2591 1502 2662 perfacilem.
1537 2592 1613 2646 Eo
1645 2592 1793 2662 quod

181 2682 308 2730 tam
338 2676 579 2731 obscura
609 2678 867 2745 obtectio,
902 2685 959 2733 et
985 2686 1102 2734 tam
1129 2681 1354 2735 evidens
1384 2681 1516 2734 facti
1548 2681 1792 2735 miracu-

180 2765 331 2831 lum,
366 2766 415 2819 si
439 2783 609 2837 super
632 2784 854 2822 omnem
884 2774 1096 2822 terram
1125 2775 1271 2823 esset
1294 2775 1374 2838 (ut
1393 2769 1674 2840 sapientes
1695 2787 1794 2824 sae-

180 2855 301 2908 culi
334 2854 551 2922 dicunt,
585 2861 642 2909 et
668 2857 1102 2928 reprehensores
1151 2857 1280 2912 ﬁdei
1325 2861 1575 2928 nostrae),
1618 2859 1792 2912 latere

179 2960 304 2997 non
325 2950 518 3014 posset
543 2961 724 3016 neque
754 2947 896 3010 ﬁeri,
920 2953 984 3000 ut
1004 2963 1115 3000 non
1138 2947 1476 3001 scriberetur
1491 2947 1549 3002 in
1577 2947 1795 3001 chroni-

179 3033 265 3086 cis
295 3033 387 3086 vel
416 3033 666 3088 historiis
695 3034 1014 3090 Gmcorum
1043 3036 1128 3089 vel
1165 3037 1529 3091 Latinorum:
1559 3053 1625 3090 eo
1645 3036 1792 3107 quod

1881 1889 2012 1938 sunt
2034 1883 2281 1938 tcnebrze
2307 1889 2365 1937 et
2391 1883 2570 1953 caligo
2587 1899 2758 1954 super
2777 1899 3000 1937 omnem
3021 1888 3231 1938 terram
3251 1883 3479 1955 )Egypti

1877 1972 2059 2027 tribus
2073 1972 2290 2035 diebus,
2315 1978 2372 2026 et
2387 1989 2550 2026 nemo
2572 1972 2711 2026 vidit
2725 1972 2954 2026 fratrem
2969 1988 3343 2043 suum,neque
3357 1989 3478 2026 sur-

1879 2061 2022 2114 rexit
2041 2061 2244 2132 aliquis
2265 2060 2334 2115 de
2355 2060 2474 2114 loco
2494 2077 2615 2114 suo.
2631 2061 2740 2114 Fac
2751 2076 2884 2129 ergo
2901 2066 2965 2114 ut
2984 2076 3085 2130 per
3097 2059 3477 2130 exaggeratio-

1877 2165 2006 2204 nem
2031 2150 2111 2204 ita
2129 2149 2408 2213 dicantur,
2433 2153 2490 2210 et
2503 2149 2585 2203 ita
2603 2148 2776 2203 fuerit
2793 2165 2963 2220 super
2982 2165 3205 2203 omnem
3219 2149 3471 2204 Iudaeam

1876 2239 1935 2293 in
1964 2239 2222 2309 passione
2253 2238 2482 2301 Christi,
2508 2239 2731 2309 quando
2761 2237 3010 2292 extendit
3037 2253 3238 2292 manus
3265 2253 3397 2291 suas
3418 2237 3477 2293 in

1876 2344 2057 2382 cruce.
2090 2327 2174 2381 Ad
2205 2329 2366 2398 cujus
2397 2327 2539 2380 forte
2587 2327 2825 2397 ﬁguram
2857 2327 3076 2396 Moyses
3113 2331 3246 2380 tunc
3274 2342 3478 2380 manus

1877 2433 2008 2470 suas
2030 2416 2341 2470 extendisse
2359 2416 2416 2470 in
2435 2416 2637 2469 coelum
2666 2422 2815 2469 recte
2843 2415 3068 2480 dicitur,
3086 2420 3150 2469 ut
3169 2413 3476 2469 liberaren-

1877 2510 1972 2560 tur
1999 2506 2142 2559 servi
2169 2506 2270 2559 Dei
2301 2522 2335 2558 a
2359 2506 2496 2574 jugo
2526 2504 2830 2558 servitutis.
2863 2505 3040 2558 Nemo
3088 2510 3280 2559 tamen
3324 2509 3475 2558 recte

1888 2601 1927 2660 Ι
1957 2601 1994 2659 Ι
2015 2599 2063 2658 τ
2075 2599 2133 2660 3
2145 2593 2702 2648 creditefﬁcaciorem
2719 2592 2889 2646 fuisse
2901 2594 3129 2664 Moysen
3146 2593 3204 2646 in
3216 2593 3473 2662 .Egypto,

1875 2698 2044 2753 quam
2066 2682 2172 2736 fuit
2195 2682 2452 2736 Christus
2484 2681 2542 2735 in
2567 2698 2750 2736 cruce.
2784 2682 2853 2735 Et
2882 2681 3007 2735 ideo
3036 2682 3167 2752 quia
3187 2698 3290 2752 per
3311 2681 3477 2751 Egy-

1873 2778 2032 2842 ptum
2064 2777 2216 2825 totus
2254 2770 2344 2824 hic
2371 2769 2702 2840 designatur
2731 2769 2995 2833 mundus,
3028 2769 3231 2823 melius
3258 2785 3293 2822 a
3319 2774 3476 2823 sexta

1875 2859 2016 2914 hora
2042 2859 2288 2914 tenebrae
2320 2859 2476 2912 factae
2492 2859 2816 2924 creduntur,
2849 2857 3073 2928 quando
3095 2857 3370 2912 formatus
3390 2861 3477 2912 est

1875 2949 2092 3019 primus
2106 2949 2274 3002 homo
2289 2948 2358 3002 de
2377 2948 2512 3001 limo
2532 2954 2716 3011 terrae,
2732 2963 2910 3016 usque
2929 2946 2986 3000 in
3008 2947 3204 3000 horam
3230 2962 3436 3000 nonam
3459 2965 3472 3012 ;

1877 3044 1934 3091 et
1963 3055 2076 3092 non
2105 3053 2275 3108 super
2293 3036 2544 3091 Iudaeam
2567 3040 2810 3099 tantum,
2830 3042 2892 3089 ut
2919 3035 3014 3090 isti
3035 3035 3359 3106 opinantur,
3375 3034 3475 3088 sed

178 3128 300 3176 tam
333 3122 563 3176 insueta
593 3124 808 3178 novitas
837 3125 1006 3194 hujus
1031 3125 1161 3179 facti
1192 3132 1409 3196 poterat
1435 3142 1548 3180 non
1579 3123 2042 3198 permo-Csuper
2069 3143 2292 3180 omnem
2325 3131 2536 3179 terram
2567 3141 2737 3195 quam
2766 3124 2848 3178 sol
2906 3123 3156 3194 quotidie
3190 3124 3476 3179 illustrare

178 3228 313 3265 vere
337 3227 564 3265 omnem
586 3213 893 3279 hominem,
919 3219 983 3268 ut
1001 3214 1104 3285 ipsi
1133 3215 1345 3279 dicunt,
1372 3215 1702 3285 sapientem.
1725 3215 1792 3268 Et

178 3301 287 3356 hoc
346 3301 691 3371 permaxime
747 3301 829 3356 illi
873 3309 1182 3374 opponunt,
1217 3303 1311 3375 qui
1357 3320 1461 3358 nec
1509 3303 1792 3358 miraculis

177 3391 429 3444 credunt
456 3389 679 3455 divinis,
705 3408 809 3445 nec
837 3393 1044 3446 sanctis
1074 3393 1181 3446 nisi
1213 3409 1338 3446 cum
1364 3393 1576 3463 judicio
1607 3399 1666 3447 et
1685 3393 1793 3446 dis-

178 3478 446 3532 cussione
475 3480 827 3550 acquiescere
864 3482 1058 3535 volunt
1094 3483 1565 3551 evangelistarum
1603 3481 1788 3539 dictis.

177 3566 369 3631 Unde,
403 3572 470 3620 ut
496 3567 626 3634 dixi,
655 3569 909 3623 nonnulli
931 3569 1328 3634 doctorum,ne
1353 3569 1570 3640 possint
1589 3569 1658 3622 ab
1675 3570 1789 3624 ullo

177 3655 661 3710 contradictorum
693 3657 748 3711 in
781 3665 818 3723 ι
849 3665 887 3724 ι
909 3663 1027 3723 απ
1049 3659 1237 3728 aliquo
1267 3658 1550 3728 redargui,
1573 3658 1669 3729 qui
1692 3674 1790 3712 vo-

180 3745 308 3798 lunt
341 3761 569 3815 semper
584 3745 1018 3815 reprehendere,
1037 3763 1272 3817 arguere
1286 3763 1434 3812 vera,
1459 3752 1517 3800 et
1535 3752 1790 3800 astruere

177 3832 325 3887 falsa
354 3832 617 3886 dixerunt
655 3834 802 3904 quod
839 3835 988 3889 sicut
1033 3841 1236 3889 caetera
1274 3835 1436 3904 signa
1475 3852 1597 3906 quae
1645 3835 1792 3890 facta

179 3928 317 3975 sunt
337 3921 397 3975 in
418 3922 676 3992 passione
700 3923 1006 3986 Domini,in
1031 3924 1381 3988 Hierusalem
1398 3925 1788 3979 tantummodo

179 4011 332 4064 facta
356 4017 491 4064 sunt
521 4029 532 4063 :
567 4011 646 4065 sic
675 4018 732 4066 et
759 4012 1003 4066 tenebrae
1034 4013 1156 4067 istae
1181 4030 1304 4084 quae
1320 4013 1603 4079 dicuntur,
1621 4030 1789 4085 super

180 4116 411 4154 omnem
443 4106 649 4154 terram
679 4101 929 4155 Judaeam
968 4102 1319 4156 solummodo
1342 4109 1474 4157 sunt
1501 4103 1676 4167 facta},
1700 4119 1789 4157 us-

180 4205 290 4259 que
321 4188 395 4242 ad
423 4189 618 4243 horam
649 4206 877 4243 nonam.
910 4191 1052 4244 Nam
1085 4196 1136 4244 et
1181 4195 1362 4245 velum
1404 4195 1594 4261 templi
1636 4192 1693 4245 in
1721 4208 1789 4245 ea

179 4281 418 4330 scissum
457 4284 549 4342 est,
584 4276 677 4331 ubi
706 4283 762 4332 et
791 4284 944 4332 terra
973 4279 1331 4342 contremuit,
1361 4296 1426 4334 ac
1455 4285 1625 4350 petra:
1665 4279 1784 4334 dis-

178 4371 366 4437 rupta
411 4373 561 4432 sunt,
606 4371 654 4419 et
693 4372 1051 4420 monumenta
1082 4373 1274 4436 aperta
1321 4373 1472 4433 sunt,
1507 4368 1564 4422 in
1594 4384 1706 4438 qua
1729 4374 1786 4422 et

178 4453 349 4508 multi
367 4458 716 4508 mortuorum
731 4460 1227 4521 resurrexerunt,et
1238 4461 1624 4523 apparuerunt
1640 4460 1787 4510 mul-

181 4545 268 4597 tis.
294 4541 414 4594 Nec
434 4541 638 4595 mirum
659 4542 833 4612 igitur
848 4543 892 4597 si
913 4543 1083 4597 etiam
1103 4549 1159 4597 et
1188 4543 1246 4598 in
1277 4549 1428 4598 terra
1451 4544 1642 4598 Iudaea
1671 4545 1787 4599 haec

180 4630 330 4684 facta
361 4636 511 4696 sunt,
544 4648 646 4685 nec
670 4637 861 4686 tamen
891 4632 1114 4697 alicubi,
1149 4638 1213 4686 ut
1249 4633 1319 4686 ad
1345 4633 1598 4686 omnium
1643 4634 1786 4687 noti-

178 4717 320 4772 tiam
353 4718 468 4772 haec
495 4726 896 4790 pervenerunt.
934 4719 1103 4774 Verbi
1147 4720 1354 4790 gratia,
1407 4720 1466 4773 in
1497 4720 1657 4775 India
1684 4727 1784 4775 aut

177 4807 485 4878 Ethiopia,
513 4810 599 4862 vel
630 4809 884 4879 Scythia.
920 4809 1080 4871 Quod
1107 4809 1154 4862 si
1194 4809 1402 4864 factum
1447 4809 1663 4870 fuisset,
1695 4809 1783 4864 in-

178 4899 408 4969 quiunt,
444 4897 791 4952 inveniretur
837 4899 1064 4952 omnino
1091 4898 1148 4952 in
1180 4898 1428 4952 historiis
1474 4915 1668 4953 eorum
1701 4900 1784 4952 vel

177 4986 503 5042 annalibus.
558 4988 674 5042 Nec
720 4993 931 5051 autem,
979 4987 1110 5057 quia
1161 4987 1421 5056 legimus,
1474 4993 1627 5041 terra
1676 4994 1786 5042 tre-

176 5078 349 5138 muit,
375 5077 732 5132 referendum
758 5081 842 5131 est
871 5077 941 5130 ad
972 5083 1179 5130 terram
1212 5076 1586 5143 Hierusalem,
1615 5083 1711 5130 aut
1735 5075 1782 5130 si

175 5165 354 5218 latius
382 5166 451 5219 ad
482 5173 691 5220 terram
721 5167 990 5221 Iudaeam.
1035 5165 1128 5219 Sic
1158 5170 1215 5218 et
1243 5163 1486 5218 tenebraa
1507 5165 1650 5230 istae,
1682 5170 1784 5218 aut

175 5269 356 5325 super
369 5253 716 5310 Hierusalem
740 5261 980 5319 tantum,
1007 5261 1106 5308 aut
1125 5253 1172 5308 si
1192 5254 1452 5318 multum,
1479 5271 1648 5326 super
1667 5271 1782 5308 om-

173 5357 314 5396 nem
331 5342 601 5409 Judazam;
619 5361 689 5398 ne
703 5344 836 5398 dum
859 5343 1306 5414 magnitudinem
1328 5342 1583 5397 miraculi
1600 5350 1783 5397 osten-

175 5430 314 5485 dere
344 5431 617 5498 volumus,
669 5433 880 5486 incidat
920 5433 1155 5486 assertio
1185 5437 1378 5486 nostra
1406 5432 1464 5486 in
1504 5432 1774 5499 derisum,

175 5519 260 5574 ita
285 5524 352 5572 ut
378 5521 558 5591 magis
587 5521 976 5575 inﬁdelitatem
1007 5521 1192 5593 pariat
1242 5537 1355 5575 non
1401 5521 1777 5588 credentibus,

180 5623 354 5680 quam
384 5609 572 5676 ﬁdem,
597 5609 910 5685 praesertim
952 5626 1079 5666 cum
1118 5609 1416 5667 Matthaeus
1452 5615 1510 5664 et
1538 5610 1776 5676 Marcus,

1873 3216 2144 3271 cernitur.
2176 3215 2349 3269 Miror
2370 3215 2521 3268 enim
2551 3214 2609 3268 in
2635 3213 3024 3284 hujuscemodi
3053 3213 3217 3268 dictis
3244 3220 3363 3268 tam
3393 3229 3479 3267 sa-

1874 3307 2091 3377 pientes
2124 3303 2228 3357 viri
2259 3303 2391 3374 quid
2421 3302 2528 3356 sibi
2557 3303 2839 3357 voluerint
2857 3303 3196 3372 conﬁngere.
3211 3302 3382 3366 Quasi
3401 3302 3479 3356 fao

1873 3394 2035 3448 cilius
2064 3392 2337 3446 increduli
2367 3397 2424 3445 et
2452 3392 2735 3462 sapientes
2781 3392 2968 3445 saeculi
3010 3397 3213 3445 caetera
3235 3391 3478 3446 debeant

1873 3483 2100 3537 credere
2130 3482 2188 3535 in
2220 3481 2538 3550 Evangelio,
2571 3481 2618 3534 si
2649 3481 2758 3534 ista
2787 3497 2910 3551 quae
2942 3480 3032 3534 hic
3061 3481 3325 3535 dicuntur
3351 3481 3476 3534 fue-

1873 3571 1989 3624 rint
2013 3571 2232 3624 falsata.
2267 3570 2408 3623 Nam
2441 3569 2740 3623 Matthzeus
2766 3575 2820 3622 et
2852 3570 3071 3623 Marcus
3101 3569 3298 3623 dicunt
3327 3569 3475 3639 quod

1872 3676 1907 3713 a
1931 3664 2084 3713 sexta
2112 3660 2248 3712 hora
2281 3660 2511 3712 tenebrae
2527 3660 2684 3724 factae
2701 3663 2833 3711 sunt
2855 3674 3020 3726 super
3035 3660 3358 3710 universam
3373 3663 3476 3711 ter-

1874 3765 2020 3803 ram.
2052 3749 2178 3800 Non
2208 3762 2378 3818 super
2393 3746 2644 3800 Judaeam
2663 3751 2904 3808 tantum,
2923 3761 3106 3814 neque
3129 3761 3300 3814 super
3318 3745 3475 3798 Jeru-

1871 3835 2066 3894 salem,
2103 3835 2201 3889 sed
2226 3851 2392 3903 super
2419 3837 2739 3888 universam
2763 3839 2991 3886 terram.
3025 3833 3134 3886 Fac
3163 3848 3296 3901 ergo
3317 3837 3381 3885 ut
3393 3831 3475 3885 di-

1873 3939 2085 3989 camus,
2127 3923 2271 3978 sicut
2299 3923 2405 3994 ipsi
2433 3923 2643 3983 volunt,
2700 3938 2871 3993 super
2915 3921 3232 3974 universam
3261 3926 3472 3974 terram

1872 4013 2143 4068 Judaam.
2177 4013 2322 4077 Quid
2353 4029 2486 4082 ergo
2514 4012 2750 4065 facimus
2781 4011 2849 4064 de
2870 4011 2974 4064 hoc
2995 4009 3144 4079 quod
3162 4010 3340 4063 Lucas
3368 4009 3468 4074 ait,

1874 4101 2008 4171 quia
2034 4106 2112 4155 sol
2142 4103 2461 4155 obscuratus
2487 4105 2598 4154 est?
2620 4116 2753 4170 ergo
2784 4098 2880 4152 ubi
2909 4098 2991 4152 sol
3011 4097 3342 4152 obscuratus
3362 4103 3470 4162 est,

1868 4189 2010 4243 nihil
2038 4191 2190 4244 aliud
2216 4205 2385 4260 quam
2415 4187 2660 4244 tenebrae
2680 4191 3094 4241 remanserunt.
3129 4187 3198 4241 Et
3226 4186 3362 4256 quia
3389 4186 3472 4241 sol

1867 4283 2018 4335 tunc.
2055 4284 2119 4332 ut
2146 4277 2472 4349 praedictum
2503 4285 2645 4343 erat,
2691 4292 2804 4330 non
2835 4275 3009 4342 luxit;
3053 4274 3185 4346 quia
3212 4290 3343 4328 vero
3372 4271 3472 4328 ob-

1869 4373 2125 4420 scuratus
2149 4373 2236 4421 est
2265 4383 2434 4438 super
2458 4366 2776 4420 universam
2807 4371 3038 4430 terram,
3075 4363 3302 4418 omnino
3333 4362 3473 4417 nihil

1867 4455 2020 4509 aliud
2049 4456 2106 4509 in
2125 4461 2244 4509 toto
2260 4455 2469 4509 mundo
2487 4471 2654 4526 quam
2676 4453 2921 4509 tenebrae
2943 4452 3186 4517 fuerunt,
3211 4468 3391 4522 usque
3412 4452 3471 4506 in

1871 4545 2072 4598 horam
2117 4561 2347 4598 nonam.
2381 4545 2450 4598 Et
2473 4545 2577 4598 hoc
2604 4545 2813 4598 factum
2857 4550 2943 4597 est
2980 4542 3128 4596 inter
3155 4547 3374 4606 caetera,
3407 4546 3473 4595 ut

1868 4633 2248 4704 compleretur
2273 4633 2420 4704 quod
2441 4633 2708 4704 scriptum
2729 4637 2817 4686 est
2838 4651 2848 4685 :
2876 4630 3182 4685 Occumbet
3195 4630 3276 4684 sol
3297 4629 3471 4683 meri-

1868 4722 1977 4788 die,
2010 4728 2067 4775 et
2098 4721 2593 4776 contenebrabitur
2621 4736 2792 4791 super
2815 4726 3026 4774 terram
3058 4719 3115 4773 in
3144 4719 3234 4773 die
3263 4719 3376 4773 lux.
3401 4718 3471 4772 Et

1867 4810 1977 4864 alio
1999 4811 2118 4864 loco
2144 4831 2156 4866 :
2182 4808 2456 4864 Occubuit
2473 4809 2575 4873 sol,
2599 4825 2725 4862 cum
2748 4808 2930 4861 adhuc
2951 4807 3140 4861 media
3163 4811 3311 4861 esset
3327 4806 3465 4860 dies.

1868 4899 2012 4968 Ergo
2045 4898 2103 4952 in
2133 4898 2272 4951 hora
2299 4903 2454 4951 sexta
2481 4896 2888 4950 rationabiliter
2917 4896 3073 4950 factae
3102 4895 3369 4950 dicuntur
3381 4900 3466 4949 te-

1867 4986 2072 5050 nebrae,
2103 4985 2326 5056 quando
2359 4985 2621 5038 meridies
2651 4990 2755 5046 est,
2777 5000 2847 5037 ne
2875 4983 3001 5054 quis
3023 4989 3252 5054 putaret
3269 4999 3470 5054 praece-

1867 5075 2072 5139 dentis,
2097 5075 2181 5128 vel
2203 5073 2598 5144 subsequentis
2618 5072 2796 5126 noctis
2816 5070 3080 5126 tenebras
3101 5072 3290 5126 fuisse.
3324 5071 3469 5124 Dici-

1863 5169 1960 5216 tur
1986 5170 2043 5216 et
2067 5163 2125 5216 in
2151 5161 2334 5216 medio
2357 5169 2520 5214 terra:
2555 5161 2826 5214 Dominus
2854 5160 3151 5214 cruciﬁxus
3178 5177 3192 5224 ;
3223 5158 3355 5228 quia
3374 5174 3469 5230 ap-

1863 5257 1986 5306 tum
2016 5258 2140 5305 erat
2163 5257 2226 5304 ut
2254 5257 2312 5304 et
2336 5250 2392 5304 in
2423 5249 2659 5303 meridie
2691 5255 2998 5320 pateretur,
3030 5248 3088 5301 in
3119 5246 3468 5318 plenitudine

1864 5340 2076 5394 scilicet
2089 5346 2146 5393 et
2167 5339 2352 5393 nonin
2369 5338 2606 5398 defectu.
2624 5343 2723 5392 aut
2750 5338 2805 5392 in
2837 5338 3186 5391 incremento
3214 5335 3462 5392 Charita-

1863 5431 1955 5496 tis,
1972 5431 2070 5484 sed
2101 5430 2158 5483 in
2187 5430 2352 5500 pleno
2373 5428 2586 5482 fervore
2603 5426 2938 5484 dilectionis.
2962 5425 3031 5478 de
3053 5441 3164 5494 qua
3182 5425 3318 5479 dicit
3337 5441 3466 5479 cum

1863 5519 2308 5589 interrogaretur
2327 5516 2397 5571 ab
2414 5534 2619 5589 sponsa
2639 5517 2698 5571 in
2719 5514 2981 5577 Canticis,
3006 5515 3104 5568 ubi
3125 5516 3307 5582 pascis
3322 5519 3346 5566 Ρ
3370 5507 3470 5566 ubi

1864 5611 2028 5667 cubas
2050 5608 2267 5677 ?(Cant.
2294 5623 2330 5672 ι,
2361 5605 2438 5677 7.)
2465 5605 2533 5660 Et
2549 5605 2665 5672 ille,
2684 5603 2886 5673 inquit,
2913 5604 2974 5654 in
3008 5602 3256 5655 meridie.
3291 5600 3354 5655 In
3374 5615 3465 5652 me
