3918 6166
511 315 615 376 959

1271 323 1329 376 S.
1371 320 1750 377 PASCHASII
1788 319 2148 376 RADBERTI
2185 317 2490 374 ABBATIS
2527 313 3016 372 CORBEIENSIS.

3598 318 3674 376 960

510 443 878 518 omniumque
906 444 1301 503 damnatorum
1325 446 1621 518 judicium,
1653 451 1718 500 ut
1761 445 1960 501 aﬁerat
1985 446 2100 501 Deo
2117 450 2168 509 Α
2185 445 2430 517 primum
2460 441 2768 498 coacuisset
2790 439 2950 496 acida
2968 439 3113 494 facta
3128 444 3213 493 est
3224 442 3675 514 etcorrupta;quan

512 533 666 589 Patri
693 535 752 590 in
778 553 838 590 se
857 537 1106 591 omnium
1124 537 1479 603 saeculorum;
1505 543 1562 590 et
1575 536 1660 590 hac
1675 541 1804 590 sunt
1828 537 1877 606 ej
1887 553 1950 590 us
1973 553 2105 607 que-

514 625 663 690 relae,
694 631 759 678 ut
786 625 1104 696 intelligant
1134 624 1394 690 universi,
1425 625 1558 696 quia
1582 624 1640 678 in
1679 641 1744 678 eo
1764 625 1912 696 quod
1941 625 2103 678 dere-

513 712 677 768 lictus
707 720 792 768 est
821 731 999 785 usque
1028 715 1098 768 ad
1135 720 1395 777 mortem,
1425 714 1633 785 pendet
1669 715 1917 768 omnium
1950 715 2101 768 salu-

495 801 588 878 itis
614 819 798 856 causa.
842 803 1019 857 Multa
1054 808 1187 857 sunt
1215 803 1442 874 quidem
1493 803 1551 857 in
1595 803 1697 858 hac
1734 820 1862 857 voce
1893 803 2101 858 Christi

513 906 734 961 magna,
774 908 898 962 qua:
933 908 1121 946 coram
1159 893 1275 946 Deo
1307 893 1474 946 Patre
1503 891 1745 947 breviter
1770 908 2104 946 commemo-

509 986 616 1045 rat,
643 977 739 1032 sed
776 980 895 1033 vult
932 985 973 1046 ι
1000 987 1035 1046 ι
1057 985 1180 1046 '39
1223 987 1288 1036 ut
1341 981 1525 1036 latiori
1555 982 1839 1037 intellectu
1869 982 2102 1053 quisque

512 1068 838 1139 perpendat.
884 1069 1092 1124 Eadem
1141 1087 1385 1142 namque
1445 1088 1546 1126 vox
1591 1076 1676 1126 est
1713 1088 1822 1143 qua
1850 1072 2097 1125 dicitur:

509 1158 550 1211 A
560 1161 772 1210 vertisti
789 1160 990 1226 faciem
1005 1164 1159 1213 tuam
1171 1177 1206 1213 a
1225 1166 1381 1225 me,ct
1391 1164 1571 1228 factus
1583 1178 1708 1214 sum
1721 1163 2099 1215 conturbatus.

513 1244 581 1300 Et
595 1244 733 1300 illud
745 1263 809 1301 ac
828 1247 874 1301 si
895 1247 1145 1301 clamans
1157 1247 1228 1300 ad
1243 1247 1467 1302 Patrem
1486 1265 1496 1300 :
1523 1250 1876 1316 Quzzitititas
1896 1251 1959 1302 in
1978 1264 2105 1301 san-

511 1337 682 1401 guine
697 1338 973 1400 meo,dum
991 1338 1246 1390 descendo
1259 1339 1738 1406 incorruptionem
1756 1340 2100 1406 ?(Psat.xx1x,

512 1418 566 1487 8,
593 1420 701 1487 10.)
743 1423 1132 1478 Obedientiam
1167 1424 1444 1495 siquidem
1474 1425 1562 1480 sui
1587 1425 1792 1480 laboris
1812 1430 1980 1496 atque
2007 1425 2108 1478 hu-

513 1511 768 1566 militatis
798 1519 1167 1584 repraesentat
1189 1515 1304 1568 Deo
1320 1515 1494 1581 Patri,
1512 1520 1570 1569 et
1587 1516 1748 1570 offert
1771 1516 1831 1570 in
1860 1514 2104 1586 pretium

513 1606 718 1654 nostrae
739 1602 954 1669 salutis,
976 1619 1201 1657 causam
1235 1621 1383 1670 vero,
1406 1605 1520 1659 imo
1540 1605 1782 1659 fructum
1815 1621 1996 1659 causae
2020 1620 2104 1657 re-

2185 533 2379 604 ipsein
2396 549 2455 586 se
2485 530 2811 600 suscipiens,
2834 528 3047 600 potavit
3073 544 3138 580 ac
3157 527 3203 580 si
3232 528 3288 581 in
3312 528 3498 583 calamo
3523 539 3678 588 nostra

2184 621 2523 692 fragilitatis.
2557 620 2667 674 Sed
2697 635 2798 673 nos
2830 619 2880 672 ei
2911 625 3043 672 tunc
3070 617 3266 670 damus
3302 618 3598 686 myrrhatum
3622 622 3679 674 vi-

2183 727 2318 765 num
2349 709 2539 764 bibere
2567 715 2736 780 atque
2757 712 2976 761 acetum
2996 723 3120 760 cum
3145 705 3270 760 felle
3291 706 3683 777 mistum,quando

2183 817 2312 856 eum
2340 799 2632 872 conSOpire
2658 797 2938 852 credimus
2966 812 3036 849 ne
3065 795 3213 848 mala
3236 801 3415 848 nostra
3442 795 3684 852 videat.Sed

2185 895 2458 960 quantum
2478 889 2550 942 ad
2569 904 2689 952 nos,
2711 886 2842 957 quia
2861 885 3113 938 laesiones
3133 884 3184 937 ei
3207 883 3493 943 inferimus.
3508 884 3583 938 ille
3594 901 3683 939 cum

2183 984 2470 1048 gustasset
2491 977 2893 1032 mortalitatem
2924 981 3194 1037 nostram,
3228 972 3522 1042 hujusmodi
3545 979 3684 1043 potum

2186 1084 2354 1138 quem
2383 1067 2686 1131 offerimus,
2706 1064 2888 1118 noluit
2901 1062 3106 1116 bibere.
3133 1063 3257 1116 Non
3277 1061 3401 1132 quia
3418 1061 3576 1114 vinum
3587 1070 3683 1126 erat,

2184 1157 2283 1210 sed
2321 1157 2454 1228 quia
2481 1173 2605 1210 cum
2637 1155 2765 1210 felle
2794 1153 3024 1206 mistum
3051 1157 3193 1216 erat,
3242 1156 3296 1205 et
3326 1151 3497 1205 vinum
3522 1151 3687 1215 laetitia,

2187 1243 2335 1317 quod
2363 1245 2422 1299 in
2452 1244 2610 1299 nobis
2640 1250 2780 1309 erat,
2807 1248 2988 1298 totum
3017 1239 3334 1294 amaritudo
3361 1239 3546 1311 peccati
3559 1256 3692 1293 corru-

2185 1339 2364 1406 perat.
2392 1334 2502 1388 Sed
2530 1340 2595 1388 ut
2613 1328 3006 1388 ostenderetur
3032 1329 3340 1384 sinceritati
3367 1327 3508 1382 bona“:
3532 1333 3690 1380 natura:

2185 1423 2592 1478 amaritudines
2612 1422 2874 1476 vitiorum
2907 1436 3018 1475 non
3047 1415 3305 1473 debuisse
3332 1416 3693 1478 admisceri,cum

2181 1517 2466 1584 gustasset
2483 1513 2660 1584 ipsam
2687 1502 3311 1581 corruptionem,noluit
3321 1501 3490 1559 bibere
3509 1503 3623 1575 quod
3634 1505 3697 1557 ad-

2185 1601 2416 1656 mistum
2442 1607 2582 1666 erat,
2605 1600 2701 1654 sed
2731 1599 3113 1654 sinceritatem
3146 1602 3359 1652 natura:
3387 1587 3694 1664 snscipiens,in

515 1687 706 1757 quirit,
738 1695 802 1742 ut
831 1691 1183 1745 commendet
1195 1692 1308 1746 Deo
1328 1692 1502 1758 Patri,
1527 1697 1708 1747 totum
1727 1693 1997 1765 quidquid
2020 1699 2107 1747 est
2121 1763 2150 1765 _
2187 1708 2299 1762 qua
2325 1691 2433 1744 ista
2453 1690 2728 1762 perferret
2742 1706 2864 1760 quae
2881 1693 3303 1752 nostrasunt,et
3322 1685 3565 1754 afﬂigeret
3575 1683 3694 1748 cruci;

512 1774 673 1842 illud,
706 1793 808 1831 cur
833 1796 1010 1850 usque
1040 1781 1108 1833 ad
1139 1781 1284 1834 hanc
1313 1788 1553 1836 mortem
1583 1763 1817 1837 venerit.
1861 1763 1991 1837 llaec
2018 1763 2252 1835 id-Bac
2279 1781 2538 1851 deinceps
2564 1780 2622 1834 in
2651 1796 2710 1834 se
2740 1783 3103 1845 monstraret,
3150 1775 3298 1848 quod
3338 1775 3449 1830 sine
3492 1772 3694 1827 amaritu-

513 1863 660 1918 circo
688 1867 957 1937 prolixius
985 1868 1240 1933 dixerim,
1270 1876 1331 1924 ut
1365 1887 1531 1924 nemo
1576 1887 1843 1940 magnum
1883 1869 2105 1940 pietatis

511 1963 925 2010 sacramentum
951 1957 1022 2010 ad
1034 1957 1382 2029 impietatem
1395 1965 1718 2030 retorqueat
1738 1958 2104 2013 inﬁdelitatis.

514 2041 790 2105 Quoniam
826 2046 1079 2115 ejusdem
1109 2064 1210 2100 vox
1236 2054 1322 2102 est
1351 2054 1520 2119 atque
1553 2065 1737 2103 sermo
1781 2048 2107 2102 derelictum

511 2146 571 2184 se
591 2136 986 2204 conquerentis
1000 2142 1057 2190 et
1075 2153 1135 2189 se
1160 2153 1396 2207 regnare
1415 2138 2108 2208 proﬁtentis.Quapropter

514 2239 680 2278 nemo
704 2225 867 2279 ﬁdem
886 2233 1134 2282 nostram
1164 2229 1512 2284 inﬁdelitatis
1534 2231 1750 2285 ratione
1764 2230 1994 2295 dividat,
2009 2228 2106 2283 sed

514 2313 885 2370 conﬁteamur
913 2333 982 2370 ex
1006 2323 1124 2371 toto
1151 2319 1340 2384 corde,
1365 2319 1496 2389 quia
1520 2319 1668 2372 idem
1691 2333 1796 2384 est,
1829 2319 2024 2372 eodem
2049 2318 2106 2372 in

514 2404 626 2453 tem
633 2404 890 2474 pore,qui
904 2413 1155 2460 mortuus
1167 2413 1223 2461 et
1243 2408 1338 2478 qui
1360 2407 1757 2462 immortaliter
1771 2413 1988 2478 regnat.
2005 2408 2106 2462 Se-

516 2488 706 2559 quitur
730 2509 742 2544 :
775 2493 1012 2559 Quidam
1041 2500 1225 2548 autem
1257 2499 1395 2559 ittic,
1419 2501 1706 2557 slantes.et
1726 2497 2008 2550 audientes
2026 2497 2109 2549 di-

515 2578 704 2633 cebant
725 2596 741 2631 :
760 2581 945 2635 Etiam
963 2591 1112 2640 vocat
1134 2587 1251 2638 iste.
1281 2585 1424 2655 Ergo
1445 2601 1571 2638 cum
1590 2585 1727 2639 dicit
1741 2586 2108 2657 quidam,non

514 2681 710 2722 omnes
731 2670 849 2724 vult
875 2670 1132 2742 intelligi.
1178 2672 1304 2738 Sed,
1339 2679 1404 2726 ut
1431 2672 1695 2738 arbitror,
1730 2674 1956 2744 quidam
1987 2673 2108 2727 fue-

514 2763 650 2810 runt
695 2774 758 2812 ex
806 2759 1076 2814 militibus
1119 2762 1521 2829 Romanorum,
1575 2779 1685 2817 non
1735 2763 2112 2834 intelligentes

514 2848 916 2918 proprietatem
967 2849 1224 2905 Hebraici
1274 2852 1582 2919 sermonis;
1624 2852 1721 2906 sed
1756 2869 1822 2905 ex
1851 2869 1916 2906 eo
1961 2853 2108 2923 quod

514 2934 673 3002 dixit,
706 2938 817 3003 Eli,
847 2939 958 3004 Eli,
984 2938 1258 3008 putabant
1277 2956 1405 2993 eum
1428 2940 1606 2993 Eliam
1627 2941 2038 2995 vocasse.Unde
2052 2946 2109 2994 et

517 3024 612 3077 alii
640 3025 901 3079 dicebant
925 3045 936 3080 :
972 3028 1105 3082 Sine
1127 3030 1411 3082 videamus
1423 3045 1499 3082 an
1529 3032 1714 3082 veniat
1737 3030 1890 3082 Etias
1911 3035 1959 3083 et
1979 3032 2106 3083 tibe-

2187 1870 2317 1923 dine
2346 1869 2558 1941 peccati
2577 1875 2746 1939 atque
2775 1864 3549 1938 corruptionis,immortalitas
3563 1879 3696 1916 resur-

2186 1959 2440 2028 gentium
2464 1958 2651 2013 futura
2672 1963 2836 2011 esset.
2860 1957 2994 2021 Quae
3015 1955 3281 2026 quoniam
3311 1952 3647 2007 immortalitas
3660 1951 3696 2003 in

2188 2048 2334 2101 vasis
2354 2054 2651 2102 coacuerat
2666 2045 2896 2100 humani
2910 2043 3513 2116 generis,reparaturin
3521 2041 3697 2095 Christo.

2189 2137 2437 2191 Sollicite
2465 2136 2835 2201 considerate,
2861 2151 3067 2205 quaeso,
3101 2150 3228 2204 quae
3247 2138 3530 2186 narrantur
3545 2136 3590 2182 et
3601 2129 3700 2181 facta

2189 2231 2321 2280 sunt
2346 2226 2406 2280 in
2438 2226 2661 2280 Christo
2689 2241 2870 2295 neque
2891 2223 3103 2294 aliquid
3130 2223 3259 2289 vile,
3285 2226 3381 2276 aut
3403 2237 3462 2274 ex
3479 2223 3639 2273 eventu
3657 2233 3700 2269 ea

2189 2315 2490 2385 contigisse
2513 2313 2772 2368 aestimes.
2783 2313 2828 2367 Ο
2842 2312 3138 2377 homo,sed
3157 2311 3346 2365 omnia
3357 2325 3417 2363 ex
3433 2305 3701 2379 providentia

2190 2404 2754 2475 sicpraaparatasunt,
2768 2406 2936 2473 atque
2960 2401 3248 2467 ordinata,
3266 2405 3330 2454 ut
3347 2416 3407 2452 ex
3427 2396 3570 2452 rebus
3583 2395 3702 2466 gestis

2192 2494 2608 2564 complerentur
2635 2490 2964 2562 prophetiae,
2989 2495 3046 2544 et
3069 2506 3137 2543 ex
3165 2488 3290 2560 ipsa
3313 2486 3578 2560 praphetia
3591 2483 3703 2536 Chri-

2192 2588 2313 2636 stus
2342 2583 2400 2635 in
2429 2597 2596 2635 carne
2625 2580 3048 2646 ostenderetur;
3074 2595 3144 2632 ex
3164 2579 3288 2650 ipsa
3304 2593 3426 2631 vero
3438 2573 3700 2629 ostensione.

2192 2688 2385 2725 rerum
2415 2687 2596 2724 causa;
2625 2676 2682 2724 et
2711 2685 2883 2740 opera
2917 2669 3200 2723 factorum
3230 2667 3700 2720 demonstrarentur.

2191 2758 2457 2829 Alioquin
2487 2758 2557 2812 ad
2587 2774 2826 2823 crucem,
2851 2757 3003 2811 unde
3041 2755 3308 2810 acetum?
3343 2753 3490 2809 Unde
3512 2745 3707 2821 spongia?

2192 2848 2278 2901 vel
2307 2847 2364 2901 in
2384 2847 2485 2900 tali
2515 2847 2917 2918 exspectaculo,
2931 2846 3081 2900 unde
3095 2845 3292 2899 vinum
3306 2834 3707 2915 myrrhntumh'el

2190 2937 2338 2991 unde
2364 2941 2449 2990 tot
2477 2936 2714 2990 calami?
2741 2935 2862 2989 Nisi
2888 2935 3020 3007 quia
3048 2935 3128 2988 sic
3159 2934 3351 2988 omnia
3377 2931 3604 2986 ordinata
3617 2928 3710 2978 sunt

2188 3042 2224 3079 a
2252 3026 2386 3092 Deo,
2414 3031 2478 3080 ut
2517 3030 2570 3079 et
2600 3025 2862 3079 adessent
2885 3030 3088 3095 praesto
3118 3040 3188 3077 ex
3218 3023 3416 3094 quibus
3435 3021 3602 3074 ﬁerent
3624 3028 3710 3084 qua:

515 3118 755 3166 retcmn.
779 3113 937 3177 Quod
953 3115 996 3167 si
1016 3115 1694 3170 Judaeosintellexerimus
1716 3117 1853 3171 talia
1877 3118 2103 3184 dixisse,
2124 3123 2168 3182 ο
2191 3115 2458 3185 praedicta
2495 3121 2676 3180 erant,
2709 3120 2766 3168 et
2800 3121 2937 3168 tunc
2964 3115 3186 3180 ﬁerent,
3220 3111 3438 3183 quando
3465 3103 3709 3179 oportebat.

515 3215 618 3254 nec
647 3201 854 3255 mirum
879 3202 926 3256 si
951 3220 1105 3257 more
1125 3205 1288 3258 solito
1309 3205 1522 3258 iaciunt
1541 3211 1606 3259 ut
1623 3206 2109 3261 Dominumimbe—

513 3289 763 3344 cillitatis
781 3307 894 3345 suae
914 3291 1371 3365 infament,quasi
1384 3294 1443 3347 in
1464 3295 1595 3349 Elia:
1609 3295 1874 3349 auxilium
1892 3296 2106 3352 invoca-

517 3377 675 3432 verit.
700 3379 769 3433 Et
794 3379 896 3434 hoc
925 3386 987 3435 ut
1016 3381 1282 3437 Romanis
1311 3383 1690 3439 nescientibus
1706 3386 2105 3455 prOprietatem

512 3465 806 3522 verborum
831 3471 1205 3540 persuadeant
1230 3471 1517 3526 inﬁrmum
1538 3490 1666 3528 eum
1692 3474 1983 3546 fuisse,qui
2001 3474 2108 3529 sibi

513 3571 627 3611 non
654 3558 900 3628 potuerit
919 3559 1230 3614 subvenire.
1265 3561 1374 3615 Sed
1406 3567 1463 3615 ct
1487 3579 1607 3627 nos,
1656 3563 1790 3633 quia
1817 3563 1994 3618 factus
2024 3570 2109 3618 est

513 3642 675 3699 nobis
693 3646 950 3702 Christus
970 3648 1372 3714 via,discamus
1401 3651 1600 3704 saltem
1631 3649 1687 3704 in
1718 3652 2106 3723 extremis,pro

511 3735 726 3789 cunctis
749 3734 1210 3792 tribulationibus
1240 3738 1466 3804 nostris,
1484 3756 1690 3809 magna
1709 3756 1840 3794 voce
1861 3741 2104 3796 clamare

512 3822 582 3876 ad
606 3823 924 3891 Dominum,
950 3843 1062 3881 non
1074 3843 1212 3882 sono
1233 3827 1511 3896 vocis,sed
1537 3829 1779 3882 clamore
1799 3830 1982 3884 cordis
1996 3830 2104 3884 sic-

509 3911 594 3967 uti
622 3913 820 3968 Jonam
849 3915 918 3969 de
947 3923 1139 3970 ventre
1169 3917 1275 3970 ceti
1304 3918 1575 3971 clamasse
1603 3917 1863 3988 legimus.
1881 3920 2106 3974 Interea

508 4017 716 4072 negare
753 4020 865 4058 non
884 4021 1201 4075 possumus,
1224 4007 1356 4077 quia
1377 4023 1615 4077 magnus
1641 4008 1854 4061 clamor
1881 4007 2003 4074 fuit,
2036 4014 2101 4062 ut

511 4088 580 4142 de
596 4097 788 4146 ventre
799 4093 906 4146 ceti
927 4095 1219 4150 audiretur
1231 4096 1289 4151 in
1304 4097 1523 4162 coelo,et
1534 4096 1602 4150 de
1619 4096 1894 4167 profundo
1913 4097 2094 4151 inferi.

514 4177 624 4232 Sed
644 4183 825 4250 major
845 4183 1052 4236 Christi
1073 4184 1367 4238 omninoin
1389 4201 1551 4238 cruce
1571 4185 1932 4256 fuit,pr0pter
1946 4201 2102 4255 mag-

513 4265 828 4321 nitudinem
860 4286 1049 4324 rerum
1072 4289 1194 4341 quae
1211 4273 1499 4343 completa:
1516 4280 1649 4326 sunt
1673 4274 1730 4328 in
1765 4274 2010 4334 Christo,
2044 4281 2101 4328 et

511 4359 741 4425 propter
763 4373 1032 4427 magnum
1052 4359 1311 4413 aﬂ‘ectum
1325 4361 1650 4415 voluntariae
1661 4363 1934 4432 passionis
1955 4364 2094 4433 ejus.

2188 3206 2257 3259 Et
2284 3204 2343 3258 in
2369 3203 2454 3258 his
2481 3203 2648 3258 rebus
2677 3220 2743 3257 ex
2772 3203 2974 3274 quibus
3004 3219 3129 3273 quae
3156 3201 3382 3264 ﬁebant,
3409 3205 3461 3253 et
3487 3213 3518 3250 a
3543 3193 3708 3265 quibus,

2189 3293 2387 3364 utique
2409 3273 2867 3364 praedicarentur.
2893 3292 3037 3345 Nam
3069 3291 3310 3361 spongia
3336 3289 3428 3342 illa
3459 3281 3574 3357 quid
3601 3273 3711 3334 aliud

2191 3398 2360 3453 quam
2390 3382 2539 3453 ipsos
2578 3381 2800 3435 Judaaos
2827 3379 3148 3452 ﬁgurabat?
3179 3378 3439 3451 Quisquis
3464 3371 3712 3430 considerat

2190 3471 2435 3542 spongiae
2463 3475 2745 3537 naturam,
2775 3485 2942 3540 quam
2972 3485 3280 3524 cavernosa
3307 3469 3396 3533 sit,
3420 3479 3569 3536 quam
3591 3455 3713 3514 tumi-

2189 3559 2280 3625 da,
2312 3565 2369 3614 et
2394 3558 2610 3625 inﬂata,
2639 3575 2807 3630 quam
2833 3558 3015 3612 mollis
3059 3574 3126 3611 ac
3152 3557 3386 3628 fragilis,
3415 3561 3466 3609 et
3505 3550 3708 3606 resoluta,

2188 3653 2374 3719 potest
2400 3665 2702 3718 agnoscere
2729 3647 2861 3720 quid
2881 3647 3178 3717 signiticet;
3209 3664 3334 3719 quae
3354 3646 3476 3699 licet
3505 3642 3710 3695 humores

2187 3737 2246 3791 in
2274 3754 2333 3791 se
2362 3737 2558 3792 inﬂata
2584 3737 2789 3798 trahat,
2823 3736 2933 3790 cito
2959 3737 3244 3791 evanescit
3255 3742 3312 3791 et
3331 3726 3708 3790 evomitomniaa

2195 3833 2239 3892 ι
2262 3834 2298 3891 Ι
2318 3832 2431 3892 δι
2475 3843 2556 3890 se,
2587 3843 2848 3898 expressa
2878 3843 2889 3879 ;
2917 3825 2994 3880 sic
3019 3831 3076 3880 et
3100 3825 3282 3880 Judaai
3312 3841 3407 3879 seu
3436 3819 3635 3894 quilibet
3649 3822 3709 3867 tu-

2184 3915 2344 3983 midi,
2375 3915 2470 3985 qui
2497 3915 2639 3968 nihil
2659 3915 2812 3969 aliud
2828 3914 2885 3968 in
2915 3931 2976 3968 se
2994 3920 3206 3985 gerunt
3230 3931 3395 3985 quam
3412 3916 3604 3966 acetum
3621 3919 3708 3975 peo-

2183 4003 2294 4056 cati
2315 4008 2369 4056 et
2382 4001 2776 4074 corruptionis,
2797 4018 3021 4056 omnem
3045 4002 3387 4071 ﬂagitiorum
3404 3995 3707 4054 colluvionem

2180 4091 2240 4146 in
2267 4109 2328 4146 se
2357 4092 2666 4158 trahentes,
2691 4108 2830 4162 quos
2857 4091 2915 4146 in
2935 4091 3151 4145 calamo
3172 4087 3483 4160 fragilitatis
3507 4099 3603 4137 sua
3619 4079 3707 4148 ipsa

2181 4180 2443 4252 superbia
2463 4180 2648 4250 erigit,
2671 4187 2728 4234 et
2751 4180 2798 4234 si
2829 4181 2961 4252 quid
2967 4180 3120 4250 piam
3139 4179 3353 4233 fuerint
3363 4170 3704 4246 depressi,mox

2182 4269 2385 4324 intima
2411 4276 2728 4323 evomentes
2758 4268 3045 4334 sua,vacui
3066 4271 3395 4322 remaneant
3407 4281 3468 4319 ac
3494 4263 3631 4315 leves.
3652 4257 3708 4308 AC

2183 4375 2286 4429 per
2313 4359 2419 4413 hoc
2443 4358 2548 4429 ipsi
2579 4363 2712 4412 sunt
2747 4358 2842 4428 qui
2864 4358 3077 4430 seipsos
3097 4359 3342 4411 oﬂ‘erunt
3361 4356 3417 4409 in
3440 4349 3610 4406 mortis
3633 4358 3705 4416 pO-

582 4443 855 4499 Continuo
880 4461 1113 4499 currens
1141 4462 1288 4498 unus
1317 4463 1384 4499 ex
1409 4449 1506 4509 eis,
1529 4453 2100 4518 acceptamspongiam
2119 4443 2166 4501 D
2183 4449 2390 4511 culum,
2420 4464 2455 4500 a
2483 4446 2685 4518 quibus
2701 4454 2758 4501 et
2782 4447 2840 4500 in
2857 4446 3058 4518 quibus
3081 4463 3235 4500 mors
3255 4442 3470 4500 Domini
3485 4436 3708 4494 ministra-

512 4533 759 4600 implwit
778 4540 952 4599 aceto;
980 4539 1027 4588 et
1058 4537 1319 4602 imposuit
1354 4536 1654 4599 arundini,
1685 4542 1734 4589 et
1763 4539 1928 4591 dabat
1952 4542 2005 4592 ei
2025 4542 2101 4592 bi-

513 4621 788 4676 bere.Haec
817 4623 942 4677 ideo
971 4623 1120 4685 fecit,
1140 4624 1272 4695 quia
1295 4626 1457 4695 juxta
1479 4625 1752 4679 Joannem
1776 4626 2102 4694 dixerat,Si-

515 4710 608 4761 tio.
641 4709 765 4779 Ipse
797 4727 924 4764 vero
949 4713 1053 4766 hoc
1095 4711 1221 4767 ideo
1250 4713 1408 4778 dixit,
1440 4719 1506 4767 ut
1535 4713 1949 4785 complerentur
1988 4732 2103 4769 om-

513 4797 740 4867 niaquaa
758 4799 1023 4868 pradicta
1041 4808 1174 4856 sunt
1200 4802 1269 4856 de
1297 4802 1392 4856 illo
1415 4821 1427 4869 ;
1460 4807 1523 4856 ut
1550 4807 1637 4856 est
1664 4803 1803 4857 illud
1829 4823 1840 4857 :
1867 4805 1935 4858 Et
1950 4805 2102 4858 dedc-

511 4891 651 4940 runt
666 4890 728 4940 in
756 4904 930 4942 escam
961 4907 1140 4945 meam
1167 4894 1264 4959 fel,
1289 4897 1337 4946 et
1375 4898 1414 4957 ι
1443 4897 1622 4957 [80
1648 4893 1711 4945 in
1746 4895 1844 4946 siti
1867 4909 1984 4946 mea
2012 4910 2101 4962 po-

513 4979 771 5030 taverunt
801 4995 886 5031 me
911 4986 1072 5033 aceto.
1104 4981 1277 5035 Aceto
1307 4997 1440 5050 ergo
1468 4997 1647 5052 usque
1677 4981 1736 5034 in
1764 4981 2097 5036 hodiernum

510 5063 685 5130 diem,
710 5065 888 5121 Judaei
918 5073 973 5121 et
995 5085 1188 5123 omnes
1217 5069 1488 5123 increduli
1523 5069 1826 5124 Dominicae
1847 5085 2100 5124 resurre-

507 5155 727 5222 ctionis,
761 5161 817 5210 et
835 5156 960 5210 felle
991 5162 1189 5227 potant
1212 5157 1545 5226 Dominum;
1571 5158 1698 5213 felle
1717 5158 1928 5212 scilicet
1950 5176 2102 5214 ama-

510 5243 776 5299 ritudinis
803 5245 1065 5300 vitiorum
1097 5253 1154 5300 et
1183 5253 1338 5301 aceto
1366 5247 1732 5302 inﬁdelitatis.
1773 5248 1917 5312 Quia
1954 5249 2100 5303 sicut

509 5347 612 5404 per
637 5333 831 5387 vinum
859 5351 1064 5389 novum
1092 5334 1302 5388 honore
1331 5341 1389 5389 et
1421 5335 1597 5390 virtus
1636 5335 1963 5406 designatur
1990 5337 2099 5390 im-

510 5423 890 5488 mortalitatis,
917 5423 997 5478 ita
1033 5430 1088 5478 et
1117 5440 1217 5494 per
1238 5430 1460 5478 acetum
1489 5425 1773 5496 corruptio
1813 5426 2095 5480 vitiorum.

509 5509 655 5566 Nam
688 5509 878 5565 vinum
921 5529 1024 5583 per
1061 5512 1254 5566 vitium
1285 5518 1343 5567 et
1378 5512 1654 5566 incuriam
1681 5513 2006 5585 frequenter
2042 5515 2102 5570 in

508 5599 654 5662 vasis
683 5599 916 5663 accessit
950 5619 962 5656 :
995 5601 1075 5658 sic
1100 5606 1157 5659 et
1174 5607 1379 5666 natura
1397 5602 1664 5670 humana,
1687 5619 1814 5658 cum
1844 5604 1902 5658 in
1921 5603 2102 5660 Adam

2180 4542 2292 4592 tur.
2327 4537 2460 4600 Quae
2489 4535 2615 4589 ideo
2638 4535 2849 4590 bibitur
2876 4552 2911 4589 a
2934 4535 3269 4603 Domino,ut
3287 4533 3556 4587 aboleatur
3572 4526 3624 4616 in
3646 4535 3709 4616 ea:

2183 4627 2350 4691 lamo,
2377 4631 2434 4679 et
2455 4625 2525 4678 de
2553 4641 2784 4695 corpore
2811 4623 3179 4678 absorbeatur
3211 4625 3468 4678 humano.
3491 4615 3613 4681 Quia
3628 4609 3706 4664 nisi

2185 4714 2441 4769 Christus
2469 4713 2605 4767 vitia
2631 4718 2825 4766 nostra
2857 4713 2914 4766 in
2943 4729 3106 4766 cruce
3134 4711 3517 4771 absorbuisset,
3558 4717 3640 4757 nos
3661 4712 3708 4750 ac

2183 4802 2230 4856 si
2251 4802 2468 4856 arundo
2500 4818 2689 4864 vacua,
2722 4807 2779 4854 et
2796 4801 3031 4872 spongia
3054 4801 3220 4872 plena
3244 4799 3434 4854 mortis
3456 4790 3625 4867 poculo
3647 4800 3709 4838 re-

2182 4890 2770 4946 mansissemus.Unde
2801 4889 2932 4960 quia
2958 4896 3075 4943 tam
3105 4890 3328 4960 fragiles
3355 4901 3550 4946 sumus,
3563 4886 3706 4933 trans-

2180 4981 2482 5035 fundamus
2501 4980 2692 5034 omnia
2711 4979 2891 5033 cordis
2912 4979 3088 5033 nostri
3110 4980 3308 5033 intima
3347 4976 3414 5030 ad
3444 4970 3704 5028 Christum;

2181 5072 2554 5142 primum,per
2573 5069 3093 5140 baptismum,quod
3118 5068 3290 5122 semel
3306 5065 3535 5125 fecimus,
3548 5050 3706 5112 deinde

2182 5141 2430 5231 quotidie
2443 5175 2544 5229 per
2554 5157 3330 5228 pmnitentiammtdeleantur
3343 5155 3396 5207 in
3412 5164 3556 5205 cruce
3570 5141 3707 5237 ipsius

2182 5254 2375 5303 nostra
2399 5253 2644 5318 peccata,
2681 5251 2738 5300 et
2765 5245 3132 5300 absorbeatur
3162 5263 3260 5317 per
3285 5245 3459 5314 ipsum
3503 5248 3629 5290 mors
3660 5241 3702 5279 In

2181 5337 2428 5391 victoria.
2478 5336 2682 5390 Audite
2726 5351 2994 5405 magnum
3021 5340 3078 5388 et
3102 5330 3421 5389 admirabile
3446 5330 3705 5410 sacramen-

2180 5432 2322 5480 tum.
2359 5427 2494 5480 Ecce
2525 5431 2588 5480 ut
2615 5423 2756 5477 bibit
2799 5429 3042 5490 acetum,
3075 5424 3220 5495 quod
3268 5425 3385 5475 erat
3423 5416 3474 5470 in
3516 5417 3702 5482 spoilsla

2182 5519 2501 5586 porrectum
2520 5514 2626 5568 sibi
2648 5514 2706 5570 in
2731 5515 3129 5584 calamo,juxta
3149 5513 3314 5567 alium
3341 5500 3698 5597 evangelistam,

2183 5604 2327 5659 dixit
2355 5602 2802 5658 consummatam
2830 5603 3323 5659 est.Consummata
3342 5604 3558 5662 namque
3580 5592 3626 5639 in
3650 5592 3700 5631 eo
