3918 6166
150 237 247 294 961

843 233 1224 291 EXPOSITIO
1261 235 1340 292 IN
1377 233 1820 294 MA'I‘THIEUM.
1854 268 1919 280 —
1951 233 2091 296 LIB.
2133 235 2257 310 XII,
2299 239 2456 300 CAP.
2499 237 2720 303 XXVII.

3306 255 3414 316 962

151 367 283 416 sunt
309 361 515 427 omnia,
549 375 616 415 eo
645 359 793 430 quod
823 363 1115 430 assumpta
1151 360 1493 416 mortalitate
1518 367 1732 429 nostra,
1753 365 1800 422 Α
1821 367 1924 416 tem
1948 363 2111 418 habeo
2123 368 2368 434 ponendi
2383 370 2640 424 animam
2661 379 2918 440 meam,et
2936 377 3141 432 iterum
3155 383 3413 436 sumendi

149 451 437 523 impletum
466 454 614 504 esset
642 448 992 519 mysterium,
1029 453 1094 503 ut
1119 448 1238 520 ipse
1266 449 1326 504 in
1354 467 1519 505 cruce
1547 469 1648 522 per
1675 469 1735 506 se

147 544 394 610 portaret
421 539 610 592 omnia
630 544 834 592 nostra:
863 537 1236 608 corruptionis
1257 539 1504 611 vulnera.
1527 541 1596 594 Et
1611 539 1736 594 ideo

147 645 290 683 unus
313 634 398 682 est
420 626 518 698 qui
547 625 788 680 accurrit
813 626 1063 680 nesciens
1085 633 1520 693 sacramentum,
1553 633 1610 681 et
1637 627 1738 682 im-

148 717 315 788 plevit
335 733 602 786 magnum
633 715 984 786 mysterium,
1009 715 1066 769 in
1086 732 1196 785 quo
1216 717 1604 787 compleantur
1623 733 1739 770 om-

147 806 252 860 nia.
281 805 555 869 Quoniam
585 805 692 858 iste
722 821 867 858 unus
886 803 1074 858 unitas
1101 821 1297 859 eorum
1318 805 1739 876 omnium,quo—

147 911 266 949 rum
298 893 663 948 acerbitatem
694 899 750 947 et
777 893 1190 964 corruptionem
1216 893 1504 949 absorbuit
1532 900 1589 949 et
1607 911 1736 948 eva-

146 984 327 1038 cuavit
354 983 650 1039 Dominus.
688 983 765 1036 Ex
797 982 1000 1054 quibus
1028 999 1128 1053 per
1167 983 1413 1054 gratiam
1453 984 1739 1038 exhaustis

145 1072 399 1126 omnibus
428 1071 576 1126 vitiis
604 1071 1048 1126 immortalitatis
1072 1073 1191 1127 sola
1219 1073 1413 1127 lietitia
1439 1073 1734 1128 remansit.

145 1161 207 1215 Et
233 1167 454 1214 acetum
482 1161 629 1232 quod
651 1167 896 1225 acuerat,
924 1161 1090 1216 rediit
1108 1161 1166 1215 in
1182 1168 1463 1228 naturam,
1479 1168 1536 1216 et
1555 1167 1736 1217 trans-

142 1249 320 1304 fusum
352 1250 519 1304 estin
551 1267 754 1321 corpus
791 1249 1016 1317 Christi,
1063 1256 1121 1304 et
1159 1249 1368 1305 factum
1415 1255 1500 1305 est
1542 1252 1733 1306 vinum

141 1356 359 1404 novum,
414 1338 604 1393 vinum
641 1339 1040 1409 jocunditatis;
1082 1356 1148 1394 eo
1179 1341 1329 1411 quod
1361 1340 1524 1394 fluxit
1559 1341 1628 1395 de
1667 1358 1732 1395 eo

139 1428 387 1499 palmite,
419 1428 516 1499 qui
555 1433 641 1482 est
681 1427 809 1482 vitis
838 1445 986 1482 vera.
1019 1429 1178 1492 Quod
1207 1444 1342 1482 sane
1371 1428 1560 1483 vinum
1597 1427 1736 1483 bibit

133 1517 246 1586 jam
273 1533 405 1570 cum
445 1516 562 1570 suis
609 1533 814 1571 novum
844 1516 902 1570 in
950 1533 1123 1587 regno
1171 1517 1354 1572 Patris
1403 1517 1508 1584 sui,
1551 1535 1732 1590 neque

140 1605 372 1659 ulterius
399 1604 709 1660 bibiturum
739 1612 824 1660 est
852 1623 918 1660 ex
947 1623 1036 1672 eo,
1068 1607 1215 1677 quod
1246 1612 1494 1674 acuerat,
1521 1608 1590 1661 de
1621 1625 1732 1678 quo

140 1693 382 1764 suscepit
408 1693 513 1747 hoc
542 1695 802 1764 poculum
830 1696 1048 1749 mortis.

200 1786 357 1838 Jesus
386 1788 592 1848 autem,
638 1786 843 1838 iterum
869 1787 1118 1838 clamans
1149 1801 1268 1838 voce
1295 1801 1521 1852 magna,
1549 1787 1730 1839 emisit

137 1875 417 1941 spiritum.
436 1872 666 1927 Poterat
690 1889 823 1944 ergo
850 1873 956 1928 hoc
978 1874 1097 1928 loco
1121 1889 1280 1928 error
1294 1890 1396 1928 nos
1416 1873 1724 1946 subripere,

140 1961 262 2030 quid
305 1963 477 2016 Jesus
522 1961 847 2016 clamaverit
885 1963 1048 2032 juxta
1097 1962 1444 2028 Matthaum,
1491 1979 1616 2017 cum
1648 1963 1732 2017 ait

139 2050 333 2105 iterum
354 2051 628 2106 clamasse
649 2051 950 2117 illum,nisi
970 2052 1146 2106 Lucas
1178 2051 1559 2123 eXpressisset,
1595 2050 1730 2123 quid

139 2139 474 2206 clamaverit,
507 2140 561 2194 id
590 2146 694 2205 est,
718 2143 900 2205 Pater,
935 2143 997 2194 in
1025 2157 1228 2194 manus
1260 2147 1382 2194 tuas
1413 2143 1730 2196 commendo

138 2231 395 2296 spiritum
423 2245 626 2282 meum.
658 2228 924 2299 Alioquin
951 2229 1170 2283 facilius
1191 2230 1510 2299 ignorantia
1537 2235 1730 2284 nostra

139 2317 358 2381 diceret,
384 2317 639 2371 eamdem
663 2334 853 2371 vocem
884 2318 1153 2372 clamasse
1179 2318 1406 2384 iterum,
1432 2335 1601 2389 quam
1632 2337 1729 2373 su-

138 2421 229 2474 pra
248 2405 594 2459 clamaverat
621 2404 838 2458 dicens:
868 2406 1008 2458 Deus
1042 2421 1214 2469 meus,
1245 2407 1384 2459 Deus
1415 2423 1586 2470 meus,
1616 2412 1724 2466 etc.

139 2494 284 2547 Nunc
307 2500 505 2548 autem
531 2493 844 2564 intelligere
875 2499 1097 2564 oportet
1123 2494 1257 2564 quia
1288 2510 1391 2548 vox
1409 2494 1535 2557 ista,
1557 2511 1726 2565 quam

140 2582 331 2638 iterum
386 2583 654 2637 clamavit
695 2583 958 2637 emittens
1006 2582 1290 2654 spiritum,
1319 2583 1444 2654 ipsa
1488 2583 1596 2637 fuit
1625 2600 1726 2637 vox

143 2688 294 2741 quam
318 2673 506 2726 Lucas
533 2671 668 2726 dicit
693 2672 964 2726 clamasse
1001 2689 1012 2725 :
1047 2673 1228 2738 Pater,
1264 2674 1325 2725 in
1357 2689 1560 2726 manus
1601 2677 1724 2726 tuas

142 2764 446 2816 commendo
486 2764 752 2830 spiritum
795 2778 1001 2815 meum.
1047 2761 1156 2815 Sed
1198 2761 1404 2815 iterum
1449 2761 1596 2832 quod
1621 2763 1720 2828 ait,

143 2868 238 2904 non
273 2851 342 2906 ad
389 2851 500 2904 hoc
538 2850 891 2904 referendum
933 2855 970 2915 Ι
996 2854 1174 2915 ,επ
1216 2856 1318 2917 est,
1371 2855 1435 2904 ut
1479 2850 1723 2921 idipsum

141 2940 468 3006 clamaverit,
489 2940 586 2993 sed
607 2939 676 2993 ad
697 2939 801 2993 hoc
821 2939 953 3010 quia
981 2939 1188 2994 iterum
1209 2939 1490 3005 clamavit,
1524 2945 1582 2993 et
1612 2956 1723 2994 non

1816 468 1936 505 eam
1958 455 2138 518 (Joan.
2169 471 2220 519 x,
2259 452 2364 521 18).
2399 457 2712 530 Utrumque
2747 479 2879 533 ergo
2903 463 2961 518 in
2990 466 3110 535 ejus
3137 474 3412 538 potestate

1815 540 1940 606 fuit,
1974 547 2032 595 et
2058 543 2281 612 quando
2305 544 2495 611 voluit,
2541 563 2890 605 reassumere
2919 569 3063 619 eam,
3093 555 3224 626 quia
3245 563 3414 627 pote-

1820 635 1936 683 stas
1963 629 2150 684 Patris
2176 637 2233 685 et
2254 633 2380 687 Filii
2409 651 2523 689 una
2551 643 2654 691 est.
2689 640 2757 692 Et
2786 639 2910 695 ideo
2932 659 3043 698 non
3069 651 3225 700 extra
3253 664 3413 702 suam

1819 724 2175 789 potestatem,
2200 738 2322 775 eam
2346 723 2551 790 emisit,
2579 743 2703 780 cum
2727 745 2852 782 eam
2875 730 2932 784 in
2952 733 3228 800 manibus,
3245 735 3301 789 id
3329 743 3416 791 est

1818 801 1877 856 in
1905 808 2182 874 potestate
2240 807 2444 873 Patris,
2495 813 2922 878 commendavit,
2957 817 3092 886 quia
3141 821 3235 890 qui
3283 838 3410 877 eam

1819 893 2302 964 commendatipse
2317 899 2826 971 estunusidemque
2847 903 3102 960 Christus
3117 907 3403 966 Dominus.

1818 980 2080 1034 Animam
2101 981 2378 1053 siquidem
2400 989 2753 1043 commendat
2779 991 2953 1058 Patri,
2984 1001 3047 1048 ut
3073 1013 3200 1050 caro
3218 999 3410 1052 trada-

1819 1073 1915 1123 tur
1941 1071 2128 1126 morti.
2161 1073 2310 1128 Mors
2353 1081 2539 1129 autem
2591 1084 2695 1143 est,
2729 1079 2874 1134 sicut
2910 1083 3190 1154 sapientes
3225 1087 3410 1142 saeculi

1817 1157 2029 1222 dicunt.
2063 1163 2343 1232 separatio
2373 1164 2573 1218 animae
2601 1183 2636 1219 a
2663 1183 2913 1238 corpore,
2948 1177 3004 1225 et
3031 1172 3136 1228 hoc
3164 1181 3248 1228 est
3267 1176 3407 1230 sim-

1816 1247 2036 1317 pliciter
2065 1251 2226 1303 mori.
2260 1251 2368 1305 Sed
2411 1253 2574 1323 longe
2603 1255 2753 1309 aliud
2787 1263 2874 1312 est
2901 1276 3105 1331 magna
3136 1281 3265 1318 voce
3290 1265 3406 1320 cla-

1817 1352 1973 1390 mare
2000 1338 2284 1393 Christum
2315 1344 2371 1394 et
2408 1341 2666 1397 emittere
2696 1344 2977 1414 spiritum.
3011 1350 3155 1405 sicut
3183 1353 3410 1424 exponit

1817 1425 2132 1491 Matthzeus,
2183 1433 2283 1482 aut
2323 1429 2596 1500 expirare,
2631 1431 2775 1486 sicut
2812 1439 3054 1491 testatur
3081 1440 3277 1507 Lucas,
3309 1449 3411 1497 aut

1815 1514 2058 1581 tradere,
2082 1516 2225 1570 sicut
2241 1517 2322 1570 ait
2340 1519 2583 1574 Joannes
2609 1541 2622 1584 ;
2657 1537 2758 1575 nec
2781 1522 3001 1590 alicubi,
3037 1543 3219 1598 neque
3244 1530 3410 1587 alicui

1816 1602 1998 1669 alteri,
2022 1621 2190 1674 quam
2219 1605 2277 1659 in
2297 1607 2556 1662 manibus
2579 1610 2779 1667 l’atris.
2805 1613 2948 1666 Nam
2980 1616 3124 1669 mori
3156 1619 3408 1674 omnium

1755 1691 2110 1779 Bhominum
2142 1699 2244 1760 est,
2277 1695 2448 1750 etiam
2498 1699 2796 1766 malorum,
2842 1703 3106 1772 quoniam
3157 1708 3410 1763 omnium

1816 1780 2016 1835 animae
2045 1798 2268 1836 reorum
2299 1790 2356 1838 et
2384 1793 2705 1841 sanctorum
2737 1796 3072 1859 separantur
3094 1809 3128 1847 a
3153 1812 3408 1867 corpore.

1812 1869 1947 1933 Quae
1969 1887 2079 1924 non
2099 1877 2334 1942 possunt
2361 1873 2546 1928 dicere
2571 1880 2687 1928 tam
2710 1875 2883 1930 libere
2903 1895 2935 1932 a
2953 1879 3171 1936 vinculo
3199 1887 3410 1954 peccati

1809 1973 1992 2028 neque
2002 1964 2116 2013 tam
2135 1959 2401 2016 absolute.
2415 1968 2689 2032 potestate
2700 1965 2868 2019 suain
2883 1966 3142 2023 libertate
3167 1977 3203 2036 |
3228 1979 3266 2038 ι
3285 1978 3409 2040 83

1809 2048 2024 2118 gratiae,
2059 2065 2181 2120 quae
2210 2049 2349 2104 dixit
2375 2051 2631 2106 Christus
2662 2053 2851 2108 exiens
2901 2055 2970 2109 de
3011 2073 3242 2128 corpore
3279 2075 3401 2126 suo,

1811 2136 1872 2190 in
1901 2138 2168 2208 mysterio
2185 2155 2296 2192 non
2315 2138 2524 2193 divisus
2543 2158 2577 2194 a
2596 2159 2674 2207 se,
2695 2159 2877 2213 neque
2905 2144 3240 2216 tripertitus.
3265 2147 3408 2213 Quia

1813 2225 1909 2296 qui
1938 2226 2103 2280 solvit
2128 2229 2338 2293 Iesum,
2367 2228 2458 2282 hic
2483 2245 2595 2283 non
2626 2235 2712 2284 est
2739 2232 2877 2301 ejus.
2915 2233 2980 2287 Et
3009 2234 3143 2304 quia
3169 2253 3282 2290 non
3321 2243 3409 2293 est

1812 2314 2047 2380 solutus,
2080 2332 2262 2386 neque
2289 2316 2498 2371 divisus
2527 2335 2562 2371 a
2592 2336 2670 2384 se,
2717 2319 2773 2373 id
2815 2327 2901 2374 est
2944 2322 3004 2376 in
3033 2323 3249 2380 unitate
3277 2343 3407 2381 cum

1811 2402 1977 2457 Patre
2029 2404 2085 2458 in
2146 2404 2336 2459 anima
2383 2422 2552 2476 quam
2608 2408 2795 2462 emisit
2837 2426 2871 2463 a
2923 2428 3173 2483 corpore,
3215 2414 3272 2468 id
3322 2419 3408 2470 est

1808 2491 1867 2546 in
1922 2510 2153 2564 corpore
2209 2495 2267 2549 in
2319 2512 2428 2566 quo
2477 2497 2730 2567 sepultus
2787 2505 2873 2552 est
2920 2499 2978 2554 in
3029 2503 3303 2572 sepulcro,
3347 2503 3405 2558 id

1809 2585 1891 2634 est
1940 2581 1999 2636 in
2049 2599 2115 2636 ea
2156 2583 2334 2637 forma
2377 2584 2438 2638 in
2485 2601 2596 2656 qua
2636 2603 2761 2640 cum
2821 2587 2988 2643 Patre
3017 2595 3073 2643 et
3132 2591 3187 2644 in
3237 2593 3407 2648 Patre

1808 2674 1896 2723 est
1941 2670 2148 2742 ubique
2182 2678 2354 2727 totus.
2389 2674 2600 2728 Idcirco
2631 2675 2762 2745 quia
2804 2677 2934 2731 talis
2961 2682 3264 2750 tantusque
3297 2685 3401 2747 est,

1807 2775 2076 2828 magnum
2131 2762 2462 2832 mysterium
2522 2768 2626 2829 est,
2683 2781 2888 2834 magna
2945 2782 3074 2820 voce
3139 2769 3402 2836 clamare,

1809 2853 1867 2900 et
1888 2847 1965 2901 sic
1994 2849 2251 2903 emittere
2301 2850 2582 2921 spiritum,
2627 2851 2711 2904 vel
2742 2852 2801 2905 in
2832 2869 3002 2908 manu
3043 2855 3144 2909 Dei
3182 2857 3406 2912 tradere

1809 2935 2087 3006 spiritum,
2116 2937 2171 2992 id
2201 2944 2286 2992 est
2311 2939 2577 2993 animam.
2612 2940 2788 3004 Quem
2816 2958 2926 2996 non
2955 2959 2990 2996 a
3017 2943 3198 3015 seipso
3212 2946 3407 3001 dissol-

142 3029 503 3099 qualicunque
544 3043 694 3094 voce,
724 3028 821 3082 sed
852 3043 1060 3098 magna
1085 3027 1288 3082 iterum
1313 3046 1326 3095 ;
1360 3028 1493 3098 quia
1521 3045 1727 3098 magna
1749 3024 1908 3098 cvit,
1940 3042 2121 3097 neque
2150 3044 2350 3099 corpus
2371 3029 2519 3100 quol
2550 3028 2606 3082 in
2631 3035 2866 3084 mortem
2886 3031 2968 3085 ire
2998 3033 3272 3103 permisit.
3293 3035 3406 3090 Cu-

142 3122 287 3170 estet
315 3115 600 3170 inetlabile
628 3116 775 3186 quod
804 3115 1082 3170 clamavit.
1116 3116 1486 3170 Commendat
1530 3123 1722 3170 autem
1799 3115 1892 3184 jus
1923 3115 2054 3185 quia
2076 3133 2277 3187 corpus
2307 3125 2591 3172 mortuum
2624 3125 2725 3184 est,
2754 3124 2883 3189 jure
2914 3121 3171 3177 Christus
3199 3124 3300 3178 Dei
3321 3125 3407 3179 Fi-

141 3221 394 3276 magnum
451 3205 768 3276 depositum
813 3205 929 3259 Deo
959 3204 1132 3271 Patri,
1165 3204 1226 3258 in
1266 3206 1426 3276 cujus
1465 3205 1724 3260 manibus

141 3300 256 3348 sunt
269 3295 482 3349 omnia.
509 3295 576 3348 Et
595 3293 736 3348 bene
755 3294 1182 3348 commendatur
1199 3293 1428 3364 spiritus
1449 3294 1578 3348 Filii
1598 3295 1726 3348 cha-

142 3383 343 3438 rissimo
363 3384 523 3439 Patri
542 3403 554 3436 :
575 3384 708 3454 quia
726 3382 784 3437 in
800 3387 1004 3437 natura
1026 3382 1208 3436 Patris
1237 3383 1379 3436 nihil
1396 3383 1619 3437 charius
1641 3389 1727 3437 est

144 3490 293 3542 quam
319 3474 522 3539 Filius,
553 3472 699 3527 sicut
725 3488 827 3526 nec
857 3472 918 3525 in
943 3471 1083 3526 Filio
1112 3471 1323 3542 aliquid
1346 3472 1532 3542 majus
1557 3488 1724 3542 quam
1755 3477 1763 3489 '

143 3561 308 3618 Pater.
337 3562 621 3627 Quoniam
651 3561 834 3615 Patris
859 3566 917 3614 et
942 3559 1066 3614 Filii
1089 3577 1202 3614 una
1225 3565 1312 3614 est
1334 3565 1556 3625 natura,
1589 3577 1726 3614 una-

144 3667 236 3719 que
263 3650 581 3722 aequalitas,
609 3656 666 3704 et
693 3667 806 3704 una
834 3649 1055 3703 dilectio
1091 3649 1331 3720 Spiritus
1360 3649 1558 3703 sancti.
1592 3649 1723 3704 Ideo

144 3736 266 3793 bene
320 3739 597 3812 quidquid
649 3738 799 3793 Patri
843 3737 1272 3792 commendatur
1315 3755 1350 3792 a
1398 3737 1554 3803 Filio,
1610 3754 1725 3792 non

146 3828 423 3894 amittitur,
448 3828 546 3882 sed
567 3834 840 3882 servatur.
873 3827 1089 3880 Bonum
1121 3843 1253 3898 ergo
1283 3827 1597 3898 depositum
1618 3832 1721 3893 est,

150 3915 332 3971 bonum
381 3917 589 3988 pignus
633 3916 863 3987 spiritus
893 3915 1019 3970 Filii
1051 3915 1146 3986 qui
1177 3915 1622 3970 commendatur.
1657 3916 1726 3969 Et

147 4003 253 4059 ideo
265 4023 494 4060 securus
504 4005 638 4058 olim
657 4005 760 4059 ait:
777 4006 900 4059 Non
918 4006 1064 4058 deret
1072 4008 1261 4072 inques
1277 4007 1530 4058 animam
1546 4021 1723 4058 meam

148 4095 197 4146 in
216 4096 455 4162 inferno,
481 4112 578 4148 nec
595 4096 749 4148 dabis
762 4100 1018 4147 sanctum
1039 4099 1200 4146 tuum
1221 4095 1404 4147 videre
1423 4095 1728 4161 corruptio-

148 4197 256 4234 nem
299 4185 474 4254 (Psal.
527 4199 620 4250 xv,
676 4180 781 4251 lO).
816 4182 1103 4236 Christum
1150 4187 1341 4236 autem
1384 4181 1485 4235 Dei
1523 4180 1724 4234 Filium

148 4271 314 4324 nullus
339 4272 495 4343 capit
512 4271 657 4325 alius
672 4287 840 4342 quam
869 4271 1039 4324 Pater
1063 4289 1075 4336 ;
1099 4276 1157 4324 et
1174 4270 1301 4324 ideo
1321 4286 1587 4339 magnum
1611 4269 1724 4340 spi-

1805 3203 1913 3258 lius
1943 3209 2197 3259 mortuus
2229 3205 2286 3259 in
2312 3212 2662 3261 sacramento
2687 3214 2889 3263 nostrae
2928 3211 3126 3265 salutis
3151 3217 3406 3268 mortuus

1808 3298 1865 3346 et
1893 3293 2146 3364 sepultus
2175 3299 2277 3347 est.
2307 3294 2452 3357 Quid
2483 3312 2616 3365 ergo
2646 3296 2797 3350 aliud
2824 3302 2910 3351 est
2937 3298 3207 3354 inclinare
3234 3312 3408 3372 caput

1808 3387 1865 3436 et
1887 3382 2109 3435 tradere
2133 3381 2393 3452 spiritum
2415 3383 2530 3436 Deo
2559 3384 2714 3438 Patri
2733 3388 3209 3454 commendatum,
3233 3406 3402 3460 quam

1806 3469 1944 3524 illud
1986 3470 2224 3540 explere,
2283 3472 2599 3524 Potestatem
2649 3473 2813 3526 habeo
2860 3478 3104 3542 ponendi
3142 3480 3401 3532 animam

1807 3575 2006 3622 meam;
2031 3564 2088 3611 et
2106 3558 2254 3629 quod
2275 3558 2332 3611 in
2354 3558 2577 3612 Psalmo
2599 3559 2823 3626 dicitur,
2839 3563 2906 3615 In
2913 3579 3044 3630 pace
3059 3567 3121 3617 in
3136 3566 3401 3632 idipsum,

1807 3649 2084 3702 dormiam
2115 3652 2164 3701 et
2182 3649 2518 3714 requiescam
2543 3653 2566 3700 ?
2591 3650 2750 3706 (Psal.
2784 3663 2860 3714 Iv,
2893 3647 2969 3716 9.)
2991 3652 3250 3705 Securior
3269 3669 3403 3723 ergo
3455 3640 3457 3642 l

1809 3735 2063 3789 Christus
2091 3734 2149 3787 in
2176 3735 2280 3788 hoc
2309 3750 2506 3788 somno
2547 3734 2761 3801 mortis,
2807 3753 2974 3806 quam
3003 3755 3106 3792 nos
3135 3739 3193 3792 in
3223 3741 3402 3810 quoti-

1807 3823 1995 3892 diano,
2025 3823 2085 3877 in
2124 3840 2256 3894 pace
2285 3823 2588 3883 dormiens.
2631 3823 2922 3894 requievit.
2970 3827 3039 3880 Et
3079 3833 3269 3881 tamen
3296 3829 3402 3884 hoc

1806 3912 1932 3966 ideo
1972 3911 2120 3981 fecit,
2159 3918 2223 3966 ut
2267 3929 2369 3965 nos
2397 3911 2660 3965 invitaret
2688 3912 2758 3965 ad
2788 3913 3044 3967 eamdem
3073 3931 3284 3985 pacem,
3328 3918 3400 3972 ad

1807 4001 2060 4055 eamdem
2087 4017 2241 4072 spem
2262 3999 2614 4053 dormitionis
2644 4005 2700 4053 et
2722 4001 2953 4070 requiei,
2978 4008 3032 4055 et
3053 4003 3123 4056 ad
3144 4005 3398 4060 eamdem

1805 4089 2042 4159 gloriam
2089 4087 2532 4143 resurrectionis.
2575 4089 2881 4159 Propterea
2927 4096 2984 4143 et
3029 4107 3151 4155 nos,
3198 4092 3400 4148 fratres

1807 4177 2138 4244 charissimi,
2186 4177 2233 4230 si
2281 4176 2657 4231 intelleximus
2706 4177 2840 4247 quid
2885 4178 2962 4232 sit
3006 4180 3264 4235 emittere
3314 4184 3400 4237 vel

1807 4266 2032 4320 tradere
2060 4266 2318 4338 spiritum
2346 4265 2405 4320 in
2435 4265 2696 4319 manibus
2741 4266 2944 4333 Patris,
2992 4267 3318 4325 festinemus
3346 4278 3404 4326 et

147 4357 320 4425 ritum,
351 4361 413 4414 in
441 4376 552 4431 quo
583 4365 717 4414 sunt
744 4377 938 4414 omnes
965 4359 1218 4413 thesauri
1241 4358 1526 4430 sapientiae
1557 4363 1725 4429 atque
1747 4347 1910 4409 Dnos
1934 4356 2104 4409 vitam
2130 4360 2380 4409 nostram
2400 4370 2640 4421 servare,
2662 4359 2724 4408 ut
2753 4360 2810 4409 et
2837 4371 2939 4410 nos
2954 4356 3012 4410 in
3039 4359 3190 4412 exitu
3211 4367 3403 4415 nostro

150 4447 376 4504 scientia:
398 4465 607 4520 magno
627 4450 742 4504 Deo
758 4449 908 4504 Patri
935 4448 1311 4502 commendat.
1336 4448 1403 4501 Et
1424 4450 1608 4501 emisit
1620 4450 1729 4516 spi-

150 4538 328 4590 ritum.
360 4538 565 4592 Emisit
588 4539 803 4609 utique,
823 4544 881 4592 et
907 4554 1019 4592 non
1039 4536 1245 4591 amisit.
1279 4536 1552 4600 Quoniam
1575 4536 1727 4591 aliud

149 4631 222 4678 est
254 4628 515 4682 emittere
541 4627 626 4694 vel
642 4627 864 4681 tradere
883 4626 1164 4698 spiritum,
1196 4625 1341 4680 sicut
1361 4625 1602 4680 Joannes
1624 4624 1723 4691 ait,

145 4714 274 4782 quod
290 4718 566 4770 inclinato
586 4719 759 4784 capite
781 4717 1013 4770 tradidit
1030 4717 1317 4783 spiritum,
1336 4713 1554 4768 etaliud
1566 4713 1728 4768 amit-

144 4807 267 4856 tere.
281 4804 426 4868 Quia
446 4804 596 4875 quod
616 4804 928 4858 amittimus
940 4803 1241 4875 aliquando
1267 4803 1501 4874 perdere
1522 4802 1726 4873 proba-

145 4905 276 4945 mur.
309 4894 420 4948 Sed
452 4893 710 4949 Christus
739 4910 838 4948 seu
867 4891 1134 4959 emiserit,
1165 4908 1264 4946 seu
1292 4890 1617 4965 tradiderit,
1641 4892 1727 4946 vel

139 4979 285 5047 juxta
295 4983 505 5037 Lucam
521 4982 899 5054 exspiraverit,
922 4981 981 5036 in
992 4998 1092 5036 sua
1103 4985 1380 5052 potestate
1391 4980 1516 5047 fuit;
1545 4997 1726 5052 quan-

144 5067 223 5133 do,
250 5071 330 5124 vel
359 5088 470 5141 quo
483 5071 667 5137 modo,
694 5071 778 5124 vel
797 5070 885 5124 cui
908 5087 1073 5124 suum
1095 5069 1357 5141 spiritum
1373 5070 1728 5123 commenda-

143 5159 291 5226 verit,
306 5177 406 5214 seu
423 5160 738 5214 tradiderit.
754 5159 1017 5230 Alioquin
1033 5175 1142 5213 non
1155 5158 1308 5212 estin
1328 5164 1532 5212 natura
1551 5159 1729 5212 homi-

144 5245 192 5298 ni
217 5265 315 5318 per
359 5267 421 5303 se
464 5250 722 5304 exhalare
759 5249 1037 5320 spiritum.
1071 5249 1140 5302 Et
1164 5247 1291 5301 ideo
1320 5249 1557 5302 solerter
1584 5247 1729 5318 cogi-

142 5337 303 5389 tanda
331 5342 420 5391 est
446 5339 633 5392 unitas
670 5337 895 5393 Christi.
946 5337 1089 5392 Hinc
1137 5353 1326 5407 quaeso
1372 5336 1605 5390 audiant
1629 5335 1726 5406 qui

143 5423 330 5480 dicunt
360 5428 553 5482 Jesum
578 5427 825 5482 animam
852 5443 963 5481 non
990 5425 1272 5493 habuisse,
1301 5425 1566 5498 quoniam
1605 5425 1727 5496 ejus

142 5513 368 5583 spiritus
397 5515 586 5571 anima
609 5515 785 5589 ipsius
809 5520 913 5584 est,
945 5515 1014 5570 de
1043 5531 1155 5586 qua
1181 5512 1302 5587 ipse
1330 5513 1413 5569 ait
1443 5530 1455 5566 :
1487 5515 1727 5569 Potesta-

1809 4444 2088 4516 possimus
2115 4444 2418 4498 admodum
2449 4460 2576 4498 voce
2622 4460 2829 4514 magna
2856 4445 3118 4514 clamare,
3151 4453 3209 4501 et
3237 4448 3316 4503 sic
3343 4448 3404 4504 in

1810 4550 1944 4605 pace
1973 4526 2232 4604 spiritum
2255 4533 2531 4600 emittere,
2563 4538 2664 4586 aut
2690 4533 2960 4589 inclinare
2989 4541 3174 4606 caput,
3207 4542 3264 4592 et
3290 4543 3402 4593 tra-

1809 4623 1942 4677 dere
1970 4622 2249 4693 spiritum,
2283 4621 2544 4692 deinceps
2580 4627 2644 4675 ut
2689 4621 2745 4674 in
2790 4622 2915 4676 sinu
2944 4624 3129 4678 Patris
3157 4625 3404 4696 requies-

1808 4727 2020 4766 camus.
2054 4711 2182 4764 Haec
2210 4710 2413 4764 idcirco
2445 4709 2702 4775 dixerim,
2730 4710 3098 4779 dilectissimi,
3130 4719 3194 4767 ut
3218 4713 3277 4769 in
3318 4720 3404 4770 ta-

1807 4800 1952 4854 libus
1982 4817 2104 4871 quaa
2133 4798 2500 4853 humanitatis
2541 4803 2690 4864 sunt,
2727 4815 2892 4853 nemo
2920 4799 3240 4856 inﬁrmetur
3267 4803 3396 4872 fide,

1809 4906 1991 4960 neque
2017 4888 2305 4944 Christum
2335 4888 2511 4942 Deum
2538 4887 2863 4958 tripertiens
2893 4888 3162 4945 dissolvat
3186 4891 3245 4946 in
3274 4910 3400 4948 ver-

1807 4979 1942 5032 bum
1969 4978 2238 5045 animam,
2256 4983 2314 5031 et
2339 4993 2539 5048 corpus
2562 4995 2575 5044 ;
2605 4977 2690 5030 vel
2721 4976 2873 5031 dicat
2899 4982 3081 5032 totum
3112 4980 3400 5036 Christum

1808 5068 1988 5121 Deum
2016 5065 2262 5120 Verbum
2289 5066 2347 5119 in
2377 5066 2556 5119 solum
2585 5065 2809 5136 generis
2847 5065 3080 5121 humani
3119 5069 3403 5123 hominem

1809 5161 2176 5220 contractum,
2205 5155 2302 5209 sed
2327 5159 2509 5208 totum
2539 5154 2848 5221 Christum,
2873 5155 2929 5208 in
2954 5156 3182 5226 gemina
3210 5173 3404 5228 cpera-

1808 5243 1961 5297 tione
1989 5259 2109 5309 sua,
2133 5260 2256 5312 quae
2287 5242 2472 5296 divina
2492 5248 2643 5306 sunt,
2677 5249 2733 5296 et
2767 5260 2888 5314 quae
2918 5243 3167 5297 humana
3193 5246 3406 5316 pariter

1808 5337 2153 5403 operantem,
2178 5331 2326 5402 quod
2355 5337 2439 5386 est
2468 5348 2684 5402 magnae
2710 5332 2934 5403 pietatis
2963 5339 3397 5401 sacramentum,

1807 5421 2228 5475 manifestatum
2256 5421 2315 5475 in
2352 5437 2538 5487 carne,
2562 5420 2942 5475 revelatumin
2971 5420 3191 5492 spiritu.
3209 5422 3317 5488 Qui
3347 5431 3404 5479 et

1808 5509 2070 5582 spiritum
2099 5508 2336 5565 tradidit
2355 5510 2384 5565 J
2389 5525 2517 5565 esus
2537 5509 2819 5576 Christus,
2836 5513 2894 5564 et
2919 5509 2978 5564 in
3009 5510 3268 5567 manibus
3293 5513 3401 5568 Pa-
