3918 6166
536 249 639 314 967

1299 247 1358 304 s.
1397 234 1774 303 PASCHASII
1814 235 2176 299 RADBERTI
2212 243 2518 302 ABBATIS
2556 242 3048 303 CORBEIENSIS.

3620 250 3700 308 ωδ

528 383 644 436 Dei.
679 380 788 435 Sed
815 377 948 450 quia
976 376 1159 430 emisit
1187 375 1470 443 spiritum,
1502 371 1634 442 quid
1663 369 1813 424 aliud
1842 368 1987 434 fecit,
2017 366 2190 428 nisiA
2208 375 2331 423 erat
2357 369 2506 441 quod
2535 369 2729 426 scribit
2764 369 3029 434 Joannes,
3059 382 3252 438 rogare
3277 373 3331 422 et
3357 385 3524 440 preces
3553 373 3710 429 otl‘em

528 470 662 542 quia
693 475 952 523 mortuus
973 464 1094 520 est?
1119 462 1277 527 Quod
1301 461 1346 515 si
1376 461 1481 514 hoc
1503 460 1683 514 solum
1714 463 1878 524 esset,
1910 463 1968 511 et
1988 455 2129 510 nihil

530 561 682 614 ultra
711 559 768 612 in
789 575 854 611 eo
886 553 1140 610 mirabile
1173 555 1487 622 appareret,
1513 565 1802 619 nunquam
1830 546 2129 618 Apostolus

531 646 900 717 diceret,quia
915 650 1020 697 tres
1037 643 1278 707 suntqui
1295 641 1670 691 testimonium
1694 639 1830 690 dant
1849 651 2010 704 super
2029 640 2131 688 ter-

526 752 651 790 ram
670 738 724 805 (1
735 738 896 788 Joan.
912 749 962 795 v,
989 732 1064 798 7),
1083 728 1276 796 utique
1295 725 1517 779 Christo
1539 725 1671 796 quia
1685 725 1834 779 Deus
1853 729 1956 784 est,
1972 722 2132 794 spiri-

526 830 636 889 tus,
655 821 902 892 sanguis,
923 824 980 872 et
999 832 1162 886 aqua.
1188 814 1429 885 Spiritus
1442 831 1670 884 prorsus
1687 830 1850 884 quem
1863 811 2133 877 emisit,et

525 910 752 980 sanguis
765 914 822 962 et
841 905 1134 977 aqua,ipso
1157 908 1380 957 mortuo
1395 919 1517 973 qua:
1530 903 1598 956 de
1617 903 1790 955 latere
1807 901 1926 969 ejus
1936 906 2132 953 contra

523 1004 786 1053 naturam
813 996 1120 1048 humanam
1144 992 1198 1045 in
1223 1001 1575 1046 sacramento
1605 988 2004 1059 redemptionis
2025 1003 2127 1041 no-

528 1093 658 1141 strae
678 1088 1001 1139 manarunt.
1017 1081 1125 1135 Sed
1143 1080 1276 1151 quia
1295 1079 1364 1134 de
1381 1079 1581 1151 spiritu
1601 1095 1750 1134 nunc
1768 1077 2128 1148 agitur,quae—

524 1174 762 1230 rendum
817 1171 1097 1243 quomodo
1137 1175 1195 1223 et
1249 1169 1397 1240 quod
1455 1166 1836 1222 testimonium
1884 1165 2119 1219 dederit.

524 1263 669 1317 Nam
695 1260 1087 1316 testimonium
1120 1275 1232 1313 non
1263 1257 1414 1312 aliud
1435 1257 1716 1311 credimus
1746 1255 1983 1320 dedisse,
2014 1254 2122 1308 nisi

532 1357 572 1418 Ι
599 1358 634 1418 Ι
653 1356 779 1417 89
799 1350 932 1420 quia
955 1348 1212 1403 Christus
1232 1348 1380 1401 Deus
1403 1362 1568 1400 verax
1588 1351 1690 1399 est.
1713 1344 1821 1399 Sed
1844 1343 2122 1415 quomodo

521 1441 627 1494 hoc
655 1439 891 1505 dederit,
923 1455 1014 1491 res
1061 1453 1172 1490 non
1201 1437 1257 1490 in
1299 1441 1493 1506 aperto
1525 1440 1628 1499 est,
1676 1434 1783 1487 nisi
1822 1434 1964 1487 forte
1992 1432 2125 1503 quia

522 1529 581 1584 in
606 1529 762 1583 vultu
781 1529 904 1597 ejus
934 1532 1092 1580 tanta
1124 1531 1246 1580 erat
1271 1523 1548 1585 alacritas,
1571 1529 1841 1593 tantaque
1872 1521 2118 1586 claritas,

521 1631 586 1672 ut
609 1624 835 1688 possent
863 1633 1056 1669 omnes
1091 1613 1426 1684 intelligere,
1461 1612 1593 1684 quia
1623 1629 1726 1666 sua
1771 1617 1970 1682 sponte
1999 1626 2121 1664 mo-

2210 458 2390 512 Pilato
2419 465 2482 513 ut
2509 463 2910 528 frangerentur
2937 472 3128 511 eorum
3169 472 3354 522 crura,
3380 466 3615 530 quatenus
3637 480 3712 533 per

2211 547 2314 602 hoc
2341 565 2491 603 mors
2519 548 2684 603 citius
2711 551 3050 612 occurreret,
3077 546 3263 616 sicque
3283 547 3642 617 deponerentur
3663 553 3714 605 de

2210 635 2363 707 ligno
2381 644 2610 709 prepter
2639 635 2963 702 Sabbatum,
2989 640 3132 689 teste
3161 635 3507 706 Evangelista,
3528 655 3584 691 ne
3600 657 3652 693 eo
3673 641 3716 695 in

2211 725 2301 779 die
2330 727 2637 797 penderent
2665 726 2720 780 in
2751 742 2932 779 cruce.
2988 725 3097 779 Sed
3137 741 3258 778 cum
3288 725 3718 796 frangerentureo-

2212 831 2338 868 rum
2366 832 2548 880 crura,
2583 815 2676 886 qui
2707 813 2952 868 crucifixi
2974 819 3138 867 erant
3163 830 3287 867 cum
3315 831 3395 880 eo,
3424 821 3475 868 et
3499 816 3719 871 venissent

2211 904 2280 957 ad
2303 905 2513 968 Jesum,
2543 921 2654 957 non
2683 905 2971 971 fregerunt
3004 906 3119 970 ejus
3143 919 3330 967 crura,
3373 903 3498 974 quia
3523 905 3620 975 ipse
3635 907 3720 975 jam

2211 992 2473 1063 spiritum
2505 993 2789 1046 emiserat.
2818 992 3055 1062 Propter
3082 991 3228 1062 quod
3259 1007 3449 1045 novum
3478 999 3528 1046 et
3553 993 3720 1047 inaudi-

2208 1088 2330 1136 tum
2359 1081 2466 1136 fuit
2505 1083 2607 1134 hoc
2636 1081 2987 1144 miraculum,
3013 1096 3124 1133 non
3173 1081 3350 1134 solum
3378 1081 3645 1135 centurioni
3681 1091 3720 1137 et

2207 1171 2294 1224 his
2325 1171 2420 1242 qui
2449 1187 2576 1224 cum
2609 1187 2673 1224 eo
2716 1175 2895 1234 erant,
2931 1169 3295 1223 verumetiam
3324 1175 3378 1223 et
3405 1169 3580 1223 Pilato.
3605 1171 3718 1225 L'nde

2205 1276 2332 1313 cum
2386 1259 2636 1314 audisset
2664 1259 2876 1313 Pilatus
2929 1258 3153 1329 Joseph,
3197 1258 3341 1328 quod
3373 1259 3483 1328 jam
3524 1267 3718 1314 mortuus

2205 1353 2376 1413 esset,
2409 1349 2719 1402 admiratus
2749 1347 2927 1411 valde,
2963 1353 3105 1400 teste
3143 1347 3347 1411 Marco,
3369 1348 3560 1400 vocavit
3581 1353 3718 1402 centu-

2205 1437 2420 1491 rionem
2452 1443 2510 1491 et
2539 1437 2908 1507 interrogavit
2937 1438 2984 1490 si
3009 1453 3138 1490 vere
3166 1442 3415 1490 mortuus
3436 1441 3578 1490 esset.
3610 1436 3717 1500 Qua-

2204 1532 2434 1597 propter
2462 1527 2611 1580 inter
2629 1532 2829 1581 caetera
2852 1525 3124 1579 miracula
3145 1541 3268 1595 quae
3280 1525 3422 1578 facta
3437 1533 3552 1578 sunt
3571 1525 3617 1578 in
3634 1543 3719 1596 pas-

2205 1615 2362 1669 sione
2393 1615 2618 1676 Christi,
2652 1631 2764 1669 non
2793 1615 2899 1668 hoc
2922 1614 3222 1668 minimum
3253 1631 3363 1684 prae
3381 1613 3609 1667 omnibus
3629 1614 3718 1667 fuit.

522 1683 794 1772 riebatur,
823 1711 1092 1776 tantaque
1118 1721 1217 1757 vox
1248 1683 1367 1773 ejus
1387 1683 1588 1768 fuerat,
1622 1718 1748 1755 cum
1774 1701 1854 1754 ait
1889 1719 1901 1754 :
1937 1683 2181 1765 Pater,B
2205 1704 2281 1757 Ex
2311 1720 2421 1774 quo
2451 1704 2764 1758 admiratus
2813 1703 3084 1765 centurio,
3117 1708 3166 1755 et
3220 1683 3320 1770 qui
3346 1719 3464 1755 cum
3507 1720 3556 1756 eo
3587 1709 3718 1761 erant,

523 1800 587 1851 in
610 1813 811 1850 manus
833 1800 958 1848 tuas
976 1793 1290 1848 com-mendo
1309 1794 1575 1860 spiritum
1596 1807 1798 1853 meum,
1823 1794 1887 1843 ut
1914 1805 2120 1859 cogno-

523 1889 744 1941 scerent
763 1883 989 1953 singuli,
1016 1882 1161 1952 quod
1184 1898 1295 1934 non
1319 1879 1689 1934 humanitatis
1711 1883 1859 1932 esset
1877 1883 2115 1940 tantum,

520 1991 713 2029 verum
745 1973 915 2027 etiam
939 1977 996 2025 et
1022 1968 1330 2024 divinitatis
1349 1968 1583 2022 haberet
1607 1967 1934 2039 mysterium
1964 1966 2123 2022 Unde

519 2069 578 2118 et
605 2080 731 2118 cum
771 2066 1006 2124 orasset,
1040 2075 1167 2114 mox
1195 2075 1260 2112 ac
1302 2057 1349 2111 si
1379 2057 1595 2128 sopitus
1631 2073 1826 2110 somno
1855 2056 2006 2126 pacis
2037 2058 2121 2109 in-

519 2156 728 2208 clinato
759 2154 931 2220 capite
962 2150 1196 2203 tradidit
1235 2150 1515 2215 spiritum.
1563 2146 1965 2199 Verumtamen
2014 2143 2120 2198 etsi

521 2242 762 2296 multum
781 2239 1050 2294 indicium
1069 2235 1274 2290 claruit
1297 2235 1354 2288 in
1374 2251 1459 2297 eo,
1477 2235 1624 2305 quod
1654 2233 1932 2288 FiliusDei
1949 2239 2115 2299 esset,

523 2330 580 2384 in
611 2329 828 2394 habitu,
872 2327 931 2380 in
968 2342 1115 2390 voce,
1149 2325 1208 2378 in
1258 2323 1546 2377 intellectu
1579 2322 1746 2393 vocis,
1799 2328 1886 2376 est
1927 2327 2118 2376 tamen

521 2419 674 2474 aliud
704 2416 851 2488 quod
882 2415 1119 2484 majores
1142 2413 1319 2467 nostri
1343 2412 1592 2466 tradunt.
1611 2411 1754 2475 Quia
1773 2411 2118 2465 consuetudo

522 2513 646 2562 erat
674 2507 1076 2566 Romanorum,
1107 2508 1165 2557 et
1192 2501 1445 2556 omnium
1491 2517 1687 2556 eorum
1731 2500 1826 2571 qui
1867 2500 2117 2570 ﬂagella-

520 2596 658 2651 bant
685 2613 780 2650 eos
819 2593 914 2664 qui
943 2591 1427 2662 cruciﬁgebantur,
1461 2590 1852 2662 percutiebant
1888 2591 2116 2662 quidem

519 2703 615 2740 eos
634 2685 900 2756 primum,
925 2682 1020 2752 qui
1048 2698 1148 2752 pro
1167 2680 1282 2734 suis
1312 2679 1613 2734 sceleribus
1643 2679 1983 2733 tenebantur
2011 2679 2113 2744 rei,

519 2780 576 2829 et
598 2773 789 2828 multis
802 2769 1162 2826 macerabant
1179 2769 1482 2840 suppliciis,
1500 2786 1570 2822 ne
1591 2770 1859 2838 majorem
1880 2768 2120 2822 sustine-

518 2870 640 2918 rent
669 2861 1001 2924 cruciatum,
1027 2859 1157 2930 quia
1185 2863 1310 2929 post
1334 2857 1768 2924 crucifixionem,
1793 2874 1919 2910 cum
1941 2859 2118 2912 multo

516 2953 708 3008 dolore
739 2951 1050 3020 longiorem
1107 2953 1164 3002 et
1219 2947 1454 3000 nimium
1486 2945 1840 3000 sustinebant
1864 2951 2118 3000 tormen-

2203 1793 2374 1846 etiam
2406 1793 2584 1846 Pilato
2615 1791 2966 1856 nuntiarunt,
2985 1808 3099 1862 prae
3121 1796 3351 1862 stupore
3376 1796 3430 1846 et
3447 1791 3650 1845 novitate
3667 1790 3719 1843 rei

2204 1899 2326 1952 quia
2355 1881 2649 1936 acciderat.
2684 1882 2808 1935 Non
2833 1887 2920 1934 est
2947 1886 3139 1933 tamen
3165 1880 3500 1934 contrarium
3522 1880 3643 1951 quod
3663 1879 3721 1932 hic

2205 1971 2498 2025 Matthazus
2540 1973 2652 2024 viso
2681 1975 2838 2024 terra:
2867 1975 3040 2031 motu,
3072 1974 3120 2023 et
3151 1971 3240 2022 his
3277 1985 3391 2038 qua:
3418 1971 3552 2035 facta
3589 1973 3717 2033 emat,

2201 2059 2336 2112 dicit
2363 2059 2704 2113 admiratum
2731 2057 3138 2123 centurionem,
3161 2063 3212 2111 et
3240 2061 3338 2126 qui
3364 2075 3482 2110 cum
3508 2075 3556 2111 eo
3579 2062 3717 2121 erant;

2202 2147 2467 2218 quoniam
2493 2147 2642 2201 inter
2667 2147 2762 2201 illa
2788 2164 2910 2218 qua;
2934 2147 3083 2200 facta
3111 2151 3249 2200 sunt
3269 2154 3400 2200 tunc
3425 2152 3531 2199 tam
3551 2143 3720 2199 mirabi-

2200 2236 2348 2298 liter,
2381 2236 2550 2290 ctiam
2581 2237 2704 2307 ipsa
2735 2252 2887 2290 mors
2917 2235 3195 2289 mirabilis
3232 2234 3440 2289 exstitit
3465 2233 3716 2297 Salvatoris,

2199 2325 2367 2395 plena
2393 2325 2644 2395 potentia
2663 2324 2766 2378 Dei
2795 2330 2852 2378 et
2870 2329 3117 2394 stupore.
3146 2323 3310 2378 Unde
3331 2323 3456 2393 quia
3477 2322 3615 2393 plura
3628 2324 3718 2374 sunt

2201 2419 2257 2467 et
2299 2413 2554 2484 grandia,
2588 2412 2825 2467 liberum
2874 2412 2981 2467 fuit
3020 2412 3386 2466 narrantibus
3421 2409 3716 2481 evangelistis.

2200 2501 2332 2572 quid
2363 2502 2598 2572 quisque
2628 2501 3029 2556 miraculorum
3049 2516 3487 2555 commemorare
3501 2497 3715 2552 voluisset.

2199 2591 2285 2644 vel
2315 2591 2448 2660 quid
2481 2607 2546 2644 ex
2578 2590 2856 2655 omnibus,
2898 2607 2996 2644 eos
3041 2590 3137 2660 qui
3192 2590 3443 2644 viderant
3484 2587 3720 2642 admiratos

2199 2679 2391 2734 fuisse.
2417 2680 2693 2743 Quoniam
2722 2679 2779 2732 in
2809 2679 2964 2733 nullo
2995 2679 3355 2749 evangelista:
3387 2676 3642 2732 dissentire
3663 2674 3717 2724 vi-

2200 2768 2423 2834 dentur,
2455 2785 2582 2822 cum
2610 2768 2754 2822 alius
2776 2768 2914 2822 illud
2945 2767 3082 2822 dicit
3117 2767 3294 2821 fuisse
3327 2765 3646 2820 admiratum.
3669 2761 3720 2815 Eo

2202 2857 2349 2927 quod
2379 2857 2568 2911 omnia
2587 2857 2791 2928 singuli
2815 2856 3014 2910 merito
3035 2861 3172 2909 sunt
3195 2855 3469 2918 admirati,
3489 2860 3539 2907 et
3561 2850 3723 2921 singula

2201 2962 2436 3016 quaeque
2473 2963 2686 3001 omnes.
2722 2945 2857 3010 Quis
2912 2945 3063 2999 enim
3105 2962 3222 2999 non
3260 2949 3474 3015 poterat
3499 2938 3720 3001 admirari,

515 3048 657 3104 tum,
691 3039 737 3094 si
761 3055 874 3094 non
917 3038 1073 3108 prius
1111 3035 1496 3090 cruciarentur
1522 3034 1625 3089 sub
1654 3035 1871 3088 alarum
1902 3042 1959 3089 et
1987 3052 2118 3090 ner-
2137 3037 2179 3096 C
2202 3035 2424 3106 quando
2446 3035 2696 3090 ascendit
2722 3035 2779 3088 in
2802 3051 2983 3100 cruce,
3001 3035 3150 3105 quod
3173 3033 3360 3088 subito
3383 3039 3488 3088 tam
3513 3027 3724 3085 horrenda

515 3146 712 3184 verum
742 3125 1192 3200 percussionibus
1218 3142 1231 3191 ;
1263 3123 1358 3178 sed
1391 3123 1523 3194 quia
1569 3123 1628 3178 in
1657 3125 1684 3178 J
1692 3141 1791 3178 esu
1821 3124 1935 3178 ista
1962 3125 2117 3195 prius

517 3234 632 3272 non
657 3217 882 3270 fuerant
909 3215 1073 3279 facta,
1097 3230 1163 3267 eo
1194 3211 1343 3282 quod
1364 3211 1577 3264 Pilatus
1591 3215 1775 3264 volens
1804 3215 2116 3280 satis/abere

516 3306 713 3377 populo
740 3304 996 3358 universo
1017 3302 1112 3373 qui
1137 3301 1477 3355 clamaverat
1501 3316 1512 3350 :
1536 3299 1821 3367 Cruciﬁgc,
1837 3303 2111 3367 cruciﬂge,

516 3394 831 3464 timensque
873 3392 1179 3446 tumultum
1211 3405 1426 3454 eorum,
1474 3403 1584 3441 non
1607 3387 1777 3457 jussit
1804 3405 1871 3441 ea
1899 3389 1953 3442 in
1983 3390 2115 3444 Jesu

517 3480 638 3534 fieri
664 3486 727 3534 ut
753 3479 862 3534 cito
893 3484 1209 3532 moreretur
1244 3476 1302 3530 in
1333 3492 1513 3530 cruce.
1549 3475 1691 3539 Quia
1735 3475 1936 3546 quibus
1965 3494 2114 3532 mors

515 3570 822 3624 accelerata
850 3584 961 3622 non
992 3571 1139 3620 esset
1166 3565 1224 3618 in
1249 3581 1412 3619 cruce
1437 3563 1693 3618 solebant
1721 3565 1903 3618 vivere
1934 3582 2112 3637 usque

514 3657 572 3713 in
604 3657 877 3723 triduum,
909 3655 1080 3709 etiam
1110 3660 1168 3708 et
1195 3670 1374 3724 usque
1418 3653 1476 3707 in
1525 3652 1908 3724 quatriduum.
1949 3655 2111 3709 Jesus

515 3753 704 3802 autem
737 3763 864 3801 cum
917 3761 1028 3799 non
1058 3744 1258 3798 fuisset
1284 3743 1440 3813 prius
1468 3741 1549 3796 ita
1570 3758 1886 3813 percussus,
1917 3760 2108 3813 spera-

520 3835 686 3890 batur
713 3835 808 3890 diu
848 3833 1098 3905 pendens
1135 3832 1190 3885 in
1223 3847 1384 3885 cruce
1435 3831 1634 3896 vivere,
1667 3836 1724 3884 et
1750 3831 1966 3901 majora
1992 3832 2111 3902 pati

513 3931 822 3981 tormenta.
861 3923 970 3979 Sed
1001 3923 1132 3994 quia
1155 3926 1385 3975 venerat
1428 3920 1568 3974 hora
1594 3921 1716 3990 ejus
1740 3920 1823 3974 uti
1856 3927 1982 3991 post
2007 3920 2110 3974 tri-

513 4013 687 4070 duum
739 4013 797 4066 in
828 4012 1010 4084 prima
1053 4008 1280 4065 Sabbati
1311 4013 1649 4078 resurgeret,
1689 4007 1868 4061 oravit
1905 4008 1975 4061 ad
2002 4008 2110 4061 Pa-

513 4109 658 4157 trem
691 4107 748 4156 et
779 4101 1073 4155 exauditus
1095 4105 1199 4163 est,
1227 4103 1395 4168 atque
1415 4104 1479 4151 ut
1496 4096 1756 4151 clamavit
1774 4096 2001 4167 paciﬁce
2025 4113 2108 4150 re-

515 4197 711 4262 ceptus
737 4195 840 4252 est,
862 4187 1022 4258 quasi
1047 4191 1382 4257 potestatem
1400 4185 1611 4240 habens
1632 4202 1839 4256 ponere
1860 4186 2106 4239 animam

515 4295 696 4332 suam.
721 4277 791 4330 Et
818 4276 943 4330 ideo
973 4277 1245 4328 inclinato
1264 4277 1436 4341 capite
1457 4274 1637 4341 (Cant.
1655 4292 1692 4339 1,
1715 4275 1790 4341 7),
1824 4275 1902 4328 sic
1925 4275 2107 4344 posuit

2200 3142 2308 3179 nox
2337 3125 2569 3180 meridie
2599 3126 2841 3180 occurrit
2869 3142 3038 3196 super
3080 3130 3297 3178 terram
3320 3124 3346 3176 7
3384 3123 3478 3177 Vel
3505 3121 3610 3192 quis
3645 3133 3723 3171 non

2199 3213 2383 3282 potius
2398 3213 2816 3284 obstupesceret
2833 3213 2890 3266 in
2911 3214 3050 3266 hora
3062 3213 3291 3284 quando
3311 3211 3489 3266 emisit
3504 3207 3720 3280 spiritum,

2197 3301 2345 3371 quod
2366 3306 2483 3354 tam
2513 3317 2715 3355 serena
2740 3301 2834 3354 lux
2863 3300 3073 3354 rediit?
3101 3301 3286 3364 Quam
3319 3315 3487 3370 usque
3507 3297 3555 3350 in
3577 3296 3721 3348 horam

2195 3405 2403 3443 nonam
2435 3390 2659 3460 quando
2707 3389 2894 3444 emisit
2939 3389 3224 3459 spiritum,
3272 3389 3488 3443 easdem
3521 3383 3722 3439 tenebras

2193 3478 2365 3532 fuisse
2390 3478 2748 3533 manifestum
2778 3483 2887 3535 est.
2925 3478 3079 3531 Tunc
3097 3484 3292 3532 autem
3313 3482 3369 3531 et
3395 3480 3558 3530 velum
3584 3471 3723 3539 templi

2193 3570 2422 3621 scissum
2451 3572 2545 3632 est,
2570 3571 2627 3621 et
2659 3572 2807 3621 terra
2833 3566 3067 3621 tremuit
3091 3583 3252 3620 more
3281 3565 3514 3627 insolito,
3542 3568 3589 3616 et
3609 3574 3720 3614 com-

2193 3661 2346 3709 mota
2372 3661 2474 3721 est,
2502 3662 2668 3724 petra:
2695 3672 2918 3727 quoque
2946 3658 3116 3709 scissae
3154 3661 3309 3720 sunt,
3351 3661 3401 3708 et
3431 3652 3719 3706 monumenta

2191 3749 2381 3811 aperta
2411 3749 2785 3798 mortuorum.
2833 3745 2902 3798 Et
2931 3744 3055 3798 ideo
3087 3744 3281 3799 videns
3309 3741 3562 3803 centurio,
3586 3744 3632 3792 et
3655 3735 3718 3807 qui

2191 3847 2317 3884 cum
2338 3849 2404 3886 eo
2433 3837 2596 3886 erant
2622 3838 3024 3898 terraemotum,
3048 3849 3112 3886 ex
3139 3833 3232 3887 his
3262 3849 3383 3902 quae
3409 3830 3594 3885 ﬁebant
3631 3827 3720 3879 hor-

2191 3919 2397 3984 ribilia,
2428 3937 2540 3974 non
2589 3922 2770 3975 solum
2799 3921 2986 3976 mirati
3028 3929 3181 3984 sunt,
3234 3921 3332 3976 sed
3377 3925 3432 3974 et
3472 3917 3720 3972 timuerunt

2190 4009 2350 4063 valde
2377 4009 2626 4064 dicentes
2659 4024 2670 4057 :
2731 4012 2851 4064 Vere
2880 4011 2979 4064 Dei
3009 4011 3190 4065 Filius
3219 4015 3336 4064 erat
3385 4012 3492 4062 iste.
3531 4003 3661 4070 Quod
3687 4000 3717 4052 si

2190 4113 2318 4150 vere
2366 4098 2467 4152 Dei
2495 4098 2669 4152 Filius
2698 4104 2837 4165 erat,
2871 4099 3068 4170 utique
3100 4099 3335 4154 desiisse
3379 4113 3484 4152 non
3510 4096 3717 4166 poterat:

2191 4187 2325 4256 quia
2353 4187 2501 4256 quod
2529 4203 2655 4241 vere
2675 4194 2778 4250 est,
2806 4188 2957 4242 idem
2981 4188 3212 4243 omnino
3241 4203 3460 4258 semper
3479 4191 3569 4240 est.
3590 4183 3719 4236 Inter-

2191 4291 2259 4328 ea
2287 4275 2542 4330 centurio
2570 4276 2695 4341 iste,
2739 4282 2798 4330 et
2843 4277 2938 4347 qui
2966 4294 3093 4331 cum
3133 4293 3200 4331 eo
3251 4277 3352 4331 Dei
3387 4275 3570 4330 Filium
3591 4267 3718 4324 confi-

513 4382 638 4420 eam
669 4363 889 4436 quando
917 4360 1111 4416 voluit.
1143 4365 1202 4413 et
1228 4360 1504 4428 quomodo
1531 4361 1722 4416 voluit.
1740 4362 1898 4424 Quod
1916 4350 2171 4432 prodi-D
2191 4369 2403 4424 tentur,
2428 4365 2595 4418 ﬁdem
2621 4365 2930 4435 gentium]
2953 4370 3122 4432 [9|
3155 4368 3571 4437 praemonstrant
3586 4364 3632 4412 et
3652 4370 3717 4407 ve.

511 4455 668 4527 gium
725 4457 920 4507 contra
974 4447 1229 4503 omnium
1278 4463 1473 4500 eorum
1518 4449 1980 4504 consuetudinem
2013 4449 2110 4520 qui

512 4541 910 4600 cruciabantur
936 4539 996 4592 in
1024 4552 1205 4601 cruce,
1238 4534 1429 4588 videns
1461 4535 1747 4601 Centurio,
1777 4537 1950 4592 dixit:
1988 4541 2109 4594 Vere

510 4635 600 4688 hic
627 4634 784 4687 homo
814 4633 933 4684 erat
953 4629 1140 4682 Filius
1170 4627 1284 4714 [ξεί.
1313 4624 1646 4679 Miraculum
1670 4625 1819 4680 enim
1841 4644 2108 4698 magnum

509 4721 635 4787 fuit,
666 4720 797 4792 quia
825 4723 949 4789 post
983 4721 1100 4770 tres
1125 4714 1292 4768 horas
1322 4719 1578 4785 receptus
1608 4720 1710 4779 est,
1737 4716 1831 4786 qui
1862 4717 2004 4770 forte
2024 4716 2108 4770 bi-

509 4811 685 4866 duum
713 4809 800 4862 vel
827 4806 1076 4861 triduum
1092 4804 1340 4859 victurus
1368 4810 1516 4858 esset
1548 4803 1605 4857 in
1636 4821 1818 4870 cruce,
1838 4805 1885 4859 si
1915 4822 2106 4860 secun-

511 4900 644 4955 dum
676 4895 1138 4952 consuetudinem
1169 4910 1363 4948 eorum
1410 4893 1620 4948 viveret
1657 4893 1755 4963 qui
1798 4894 2106 4964 suspende-

2191 4469 2315 4506 ram
2346 4453 2532 4520 fidem;
2564 4454 2714 4524 quia,
2748 4459 2813 4508 ut
2840 4455 3060 4508 Marcus
3091 4455 3191 4517 ait,
3224 4473 3353 4510 eum
3388 4457 3550 4510 Deum
3577 4453 3622 4502 et
3643 4445 3717 4497 h0-

2191 4541 2403 4595 minem
2441 4544 2755 4608 confitetur,
2789 4543 2868 4596 ita
2897 4543 3088 4598 dicens
3117 4562 3129 4596 :
3173 4547 3296 4600 Vere
3319 4547 3468 4599 homo
3486 4544 3565 4595 hic
3585 4536 3716 4591 Filius

2191 4632 2288 4684 Dei
2314 4636 2451 4684 erat.
2484 4629 2564 4684 De
2598 4648 2707 4702 quo
2737 4632 2915 4685 Lucas
2943 4632 3023 4686 ait
3068 4633 3216 4703 quod
3251 4633 3464 4694 dixerit,
3493 4627 3604 4700 quia
3628 4634 3714 4676 τεν(

2190 4720 2278 4773 hic
2306 4720 2464 4773 homo
2518 4719 2700 4786 iustus
2729 4726 2866 4774 erat.
2919 4722 3030 4776 Seu
3067 4722 3199 4792 quia
3248 4728 3536 4792 utrumque
3560 4715 3617 4768 de
3646 4708 3714 4762 illo

2189 4807 2468 4874 dixerunt,
2499 4825 2566 4863 eo
2608 4809 2756 4879 quod
2799 4814 2856 4863 et
2901 4811 3070 4864 homo
3115 4817 3240 4866 erat
3267 4828 3331 4865 ac
3354 4813 3527 4880 justus
3551 4808 3598 4857 et
3620 4810 3713 4850 vere

2187 4897 2289 4951 Dei
2319 4897 2511 4954 Filius.
2562 4898 2648 4951 Ad
2689 4913 2859 4952 unam
2909 4899 3114 4970 quippe
3155 4899 3499 4958 sententiam,
3527 4898 3713 4956 utra‘luc

509 4988 733 5043 bantur.
760 4985 976 5041 Idcirco
1005 5000 1275 5054 magnum
1298 4983 1475 5038 visum
1498 4990 1583 5037 est
1595 4983 1919 5038 Centurioni
1941 4983 2104 5039 bene-
2184 4986 2351 5040 verba
2383 4992 2742 5051 concurrunt,
2769 4993 2826 5040 et
2844 4987 2913 5040 ad
2935 5003 3102 5041 unam
3126 4988 3313 5042 fidem.
3337 4989 3445 5042 Nec
3461 4980 3587 5054 quod
3605 4976 3711 5029 alius

514 5077 701 5133 ﬁcium
721 5074 824 5130 Dei
852 5074 1022 5128 fuisse
1053 5073 1199 5144 quod
1230 5073 1532 5142 exspiravit
1557 5079 1673 5127 tam
1704 5072 1904 5135 cito,et
1924 5074 2102 5144 magis
2183 5075 2381 5144 tacuit,
2412 5076 2500 5130 hic
2543 5076 2730 5142 homo,
2777 5080 2836 5130 et
2859 5076 3001 5130 alius
3030 5077 3186 5141 dixit,
3220 5077 3336 5131 ullo
3365 5073 3518 5129 modo
3543 5071 3712 5122 contra-

507 5185 572 5222 ex
604 5166 806 5221 merito
836 5163 1104 5218 orationis
1131 5162 1270 5231 ejus,
1304 5178 1472 5232 quam
1504 5179 1570 5216 ex
1595 5162 1860 5216 violentia
1897 5164 2096 5218 crucis.
2183 5165 2329 5219 rium
2362 5171 2464 5219 est.
2491 5165 2599 5220 Sed
2615 5165 2694 5219 sic
2724 5171 2847 5220 erat
2867 5165 3426 5236 qualitercunqueille
3445 5151 3706 5215 crediderit

509 5254 771 5326 Alioquin
800 5253 846 5306 si
876 5253 1084 5305 factum
1114 5249 1310 5303 fuisset
1338 5250 1484 5304 circa
1538 5267 1738 5321 corpus
1764 5252 1794 5304 J
1799 5268 1898 5305 esu
1938 5253 2099 5322 juxta
2180 5261 2246 5310 ut
2273 5271 2495 5326 semper
2523 5253 2670 5308 idem
2702 5254 2795 5319 sit,
2830 5260 2887 5307 et
2912 5271 3023 5308 non
3054 5254 3197 5309 sicut
3225 5271 3350 5308 eum
3373 5253 3504 5306 forte
3529 5249 3707 5326 putasse

507 5343 967 5399 consuetudinem
997 5356 1189 5393 eorum
1219 5355 1358 5410 quos
1386 5340 1494 5394 cito
1523 5339 1800 5409 deponere
1842 5340 2102 5395 volebant
2185 5325 2412 5407 dicitur,
2439 5348 2505 5397 ut
2533 5359 2644 5397 non
2675 5359 2804 5396 vere
2833 5343 2934 5397 Dei
2954 5343 3156 5397 Filium
3177 5359 3306 5396 eum
3331 5334 3613 5395 crediderit,
3633 5325 3705 5381 sed

507 5431 578 5487 de
607 5448 790 5496 cruce,
819 5429 950 5501 quid
975 5443 1200 5482 necesse
1214 5427 1322 5481 fuit
1344 5432 1406 5482 ut
1439 5435 1476 5494 Ι
1505 5431 1953 5494 l90centurio
1973 5447 2102 5486 cum
2177 5435 2394 5503 justum
2425 5438 2480 5486 et
2508 5437 2786 5496 sanctum,
2819 5432 2899 5487 ita
2926 5437 2989 5486 ut
3019 5433 3178 5486 multi
3203 5431 3337 5500 justi
3360 5427 3481 5483 dicti
3508 5423 3614 5478 sunt
3631 5412 3704 5470 ﬁlii

509 5519 782 5578 militibus
809 5521 1053 5574 servaret
1092 5532 1222 5571 cum
1251 5517 1309 5572 in
1339 5533 1519 5572 cruce.
1555 5517 1654 5572 Vel
1702 5519 1834 5591 quid
1876 5538 2104 5577 necesse
2184 5521 2306 5576 Dei.
2334 5521 2735 5578 Verumtamen
2756 5520 3026 5594 quidquid
3043 5522 3262 5586 horum,
3283 5520 3372 5575 ille
3389 5511 3702 5576 senserit,nOS
