3918 6166
169 279 288 339 969
877 281 1259 339 EXPOSITIO
1299 282 1376 340 IN
1415 282 1862 340 MATTHIEUM.
1906 313 1969 324 —
2012 283 2149 339 LIB.
2193 282 2316 352 XII,
2359 284 2518 343 CAP.
2558 286 2780 343 XXVII.
3355 290 3459 349 970

164 412 327 463 recte
352 407 633 465 credimus
679 424 745 464 ac
785 408 1120 463 confitemur
1162 425 1291 462 eum
1340 427 1465 465 vere
1509 411 1687 466 Deum
1720 411 1983 472 etAerat
2007 409 2124 465 haec
2152 410 2329 465 Maria
2358 410 2428 465 de
2472 412 2923 482 magniﬁcatione
2948 414 3049 469 Dei
3078 416 3437 486 magniﬁcam

165 496 460 552 hominem
489 498 702 569 Deique
731 498 935 552 Filium
975 503 1029 551 et
1059 497 1116 551 in
1155 515 1260 552 sua
1280 499 1500 568 justitia
1525 516 1651 554 vere
1677 501 1774 570 ju-
1858 499 1988 568 quia
2031 504 2223 553 secuta
2267 498 2452 553 fuerat
2493 499 2954 570 benignissimum
2985 504 3195 567 Jesum,
3237 505 3326 558 cui
3364 522 3454 559 re-

166 585 505 641 stissimum.
532 588 617 642 Ad
648 587 911 642 ultimum
944 586 1093 640 inter
1115 592 1313 641 caetera
1344 588 1612 642 miracula
1634 589 1776 642 nihil
1860 586 2030 640 missa
2058 586 2282 641 fuerant
2319 594 2543 658 peccata
2583 591 2779 655 multa,
2810 592 2941 662 quia
2970 592 3165 646 dilexit
3193 593 3457 656 multum.

164 674 363 730 minus
392 676 595 731 claruit
632 676 771 731 illud
821 682 1117 747 postquam
1149 676 1420 731 Dominus
1451 678 1772 742 resurrexit,
1862 680 1919 729 et
1939 675 2296 730 ministrabat
2318 677 2368 731 ei
2396 679 2671 749 praecipue
2692 679 2839 733 inter
2858 697 3077 748 omnes;
3109 687 3165 735 et
3180 688 3461 753 exspecta-

166 765 311 835 quia
340 765 520 829 multi,
544 770 645 835 qui
663 768 1031 825 dormierant,
1055 773 1420 820 surrexerunt
1444 772 1491 820 et
1510 783 1779 835 apparue-
1860 762 1958 817 bat
1986 764 2131 818 sicut
2157 765 2516 835 Evangelium
2539 768 2804 833 declarat,
2833 771 3163 841 mysterium
3186 771 3460 841 passionis

166 859 315 907 runt
347 858 557 908 multis.
594 855 707 909 Nec
735 860 926 908 tamen
966 853 1242 917 omnibus,
1289 855 1382 908 sed
1430 854 1518 909 his
1556 860 1777 909 tantum
1864 853 2073 907 Christi
2122 870 2187 907 ac
2231 856 2676 921 resurrectionis,
2728 859 2970 929 amplius
3010 876 3122 930 prae
3175 859 3453 914 omnibus.

169 941 274 1013 qui
306 941 461 1013 digni
492 949 654 997 erant
694 942 831 997 talia
860 943 1064 1007 videre,
1099 950 1163 997 ut
1190 950 1377 997 essent
1404 950 1575 998 testes
1604 961 1636 997 a
1667 944 1781 998 Deo
1866 942 2001 996 Erat
2028 948 2084 995 et
2111 943 2261 996 inter
2288 943 2389 997 has
2414 944 2721 1016 praecipuas
2742 947 2920 1001 Maria
2938 948 3129 1001 Jacobi
3151 949 3385 1003 minoris
3402 957 3459 1003 et

167 1030 559 1102 praeordinati.
585 1032 745 1087 Unde
775 1038 1000 1103 oportet
1027 1031 1361 1102 intelligere,
1391 1032 1524 1103 quia
1544 1033 1691 1086 sicut
1712 1033 1781 1086 de

170 1118 266 1173 his
324 1135 436 1175 non
473 1127 608 1175 sunt
648 1120 857 1193 scripta
905 1121 1115 1185 omnia,
1151 1120 1353 1192 quibus
1383 1121 1484 1175 visi
1512 1127 1663 1187 sunt,
1698 1122 1782 1175 vel

170 1209 451 1281 quandiu,
483 1210 591 1264 nisi
630 1210 766 1281 quia
806 1217 1077 1265 venerunt
1125 1214 1187 1264 in
1230 1215 1421 1265 sancta
1459 1214 1694 1276 civitate,
1735 1217 1784 1265 et

168 1305 569 1368 apparuerunt
586 1301 782 1353 multis
801 1320 815 1353 :
837 1299 917 1353 ita
932 1315 1035 1353 nec
1055 1299 1123 1354 de
1147 1299 1557 1354 resurrectione
1578 1299 1784 1354 Christi

169 1387 375 1443 omnia
401 1388 606 1442 litteris
627 1394 760 1442 sunt
778 1387 1144 1441 contradicta.
1164 1387 1322 1452 Quod
1346 1387 1544 1458 probat
1568 1393 1787 1459 aposto-

170 1476 266 1530 lus
292 1476 503 1530 Paulus
532 1494 660 1531 cum
688 1479 787 1541 ait,
819 1475 950 1547 quia
980 1479 1127 1529 risus
1156 1482 1229 1530 est
1268 1478 1459 1541 simul,
1488 1483 1783 1548 postquam

168 1565 515 1631 resurrexit,
546 1562 847 1635 plusquam
898 1568 1215 1634 quingentis
1256 1568 1533 1632 fratribus
1561 1568 1615 1634 (Ι
1659 1569 1781 1623 Cor.

170 1667 272 1719 xv,
306 1650 388 1722 6).
423 1652 637 1708 Idcirco
678 1653 795 1707 haec
836 1652 1092 1710 dixerim.
1127 1658 1191 1706 ut
1233 1652 1512 1723 intelligat
1541 1654 1786 1724 prudens

169 1742 409 1797 animus
436 1742 585 1813 quod
611 1759 721 1796 non
745 1741 935 1795 omnia
960 1741 1264 1795 Salvatoris
1287 1742 1559 1796 miracula
1580 1743 1789 1815 scripta
1806 1726 1849 1784 Β

172 1836 337 1898 sunt,
371 1848 554 1902 neque
584 1836 847 1885 enarrata
876 1847 1000 1901 quae
1030 1831 1225 1901 gessit,
1254 1831 1349 1885 sed
1382 1848 1558 1903 pauca
1577 1832 1646 1887 de
1671 1832 1791 1903 plu-

175 1921 370 1985 rimis,
401 1920 754 1975 solummodo
786 1925 851 1974 ut
872 1920 1186 1974 credamus.

249 2009 440 2065 Erant
469 2016 653 2064 autem
684 2011 764 2063 ibi
797 2013 1053 2063 mulieres
1080 2010 1285 2074 multae,
1311 2025 1345 2063 a
1376 2012 1550 2078 longe,
1575 2027 1691 2079 qua:
1717 2026 1793 2063 se-

177 2103 323 2153 cuta
350 2101 579 2165 fuerant
610 2101 797 2153 Jesum
820 2115 854 2152 α
885 2099 1111 2153 ϐαιίιιτα
1139 2101 1525 2152 ministrantes
1545 2101 1597 2151 ei
1642 2100 1794 2152 Inter

176 2204 325 2256 quas
370 2192 489 2240 erat
518 2188 703 2241 Maria
731 2188 1070 2254 Magdalcnc,
1118 2193 1166 2240 et
1207 2188 1388 2241 Maria
1417 2189 1606 2241 Jacobi
1633 2192 1681 2240 et
1708 2189 1795 2240 .Io-

176 2277 311 2346 seph
348 2281 543 2342 mater,
582 2282 631 2329 et
662 2281 839 2329 mater
870 2278 1120 2343 ﬁliorum
1146 2278 1398 2329 Zcbcdaei.
1437 2277 1517 2330 De
1547 2276 1634 2329 his
1662 2293 1794 2346 ergo

178 2364 523 2420 mulieribus
544 2382 748 2435 magna
773 2382 942 2436 quam
975 2382 1123 2436 saepe
1154 2364 1496 2434 ambiguitas
1526 2364 1793 2429 nascitur,

179 2454 340 2510 sicut
376 2460 433 2509 et
472 2454 528 2508 in
568 2454 709 2509 loco.
746 2455 879 2509 Ecce
919 2453 1016 2508 ubi
1064 2454 1359 2509 Matthzeus
1393 2454 1529 2507 dicit
1560 2460 1796 2507 matrem

179 2545 439 2599 ﬁliorum
468 2542 717 2598 Zebedaei
750 2543 921 2597 fuisse
947 2560 1071 2597 cum
1106 2543 1336 2614 reliquis
1379 2542 1614 2607 duabus,
1656 2543 1800 2596 Mar-

182 2650 286 2689 cus
330 2632 554 2687 Salome
587 2632 743 2687 illam
786 2632 957 2686 fuisse
1004 2637 1427 2686 commemorat.
1464 2633 1579 2686 Nec
1626 2631 1800 2701 igitur

184 2723 427 2784 mirum,
448 2739 572 2776 cum
596 2722 820 2793 utrique
842 2738 1059 2783 eorum,
1082 2721 1212 2775 licet
1232 2729 1345 2775 tres
1368 2720 1798 2785 nominaverint,

187 2811 390 2884 plures
422 2810 591 2865 fuisse
638 2810 944 2873 insinuant,
981 2827 1104 2880 quae
1132 2810 1355 2864 fuerant
1383 2826 1509 2864 eum
1540 2816 1741 2864 secutae
1770 2825 1804 2862 a

189 2900 452 2963 Galilaaa,
486 2905 542 2954 et
589 2906 753 2954 erant
797 2899 1133 2968 aspicientes
1163 2899 1232 2953 de
1273 2900 1457 2969 longe,
1489 2900 1635 2953 inter
1664 2916 1803 2969 quas

190 2996 366 3045 erant
394 2989 515 3042 ista:
545 2994 678 3053 tres,
711 2988 779 3042 de
809 2987 1011 3059 quibus
1040 2988 1336 3042 Matthzeus
1365 2988 1533 3054 dicit;
1578 3004 1716 3058 quas
1747 2992 1804 3041 et

1864 1030 2068 1102 Joseph
2099 1037 2297 1098 mater,
2328 1049 2448 1103 quae
2467 1033 2573 1087 fuit
2600 1050 2758 1088 soror
2777 1036 2965 1090 Mariae
2993 1036 3190 1090 matris
3210 1038 3451 1103 Domini,

1865 1124 1921 1172 et
1951 1124 2254 1173 matertera
2284 1120 2511 1186 Christi,
2543 1138 2665 1192 qum
2694 1129 2751 1176 et
2796 1123 2919 1194 ipsa
2950 1141 3155 1195 magna
3179 1125 3237 1178 in
3281 1126 3456 1195 prole,

1865 1209 1962 1262 sed
2015 1210 2194 1279 major
2228 1209 2287 1263 in
2339 1210 2655 1264 sanctitate.
2689 1211 2823 1275 Quae
2870 1229 3110 1284 sequens
3156 1214 3458 1268 Dominum

1867 1297 2048 1368 magis
2077 1298 2277 1352 affectu
2325 1299 2530 1353 mentis
2567 1315 2633 1353 ex
2662 1300 2938 1355 desiderio
2967 1302 3257 1370 virtutum,
3291 1320 3459 1373 quau.

1868 1404 2058 1441 amore
2099 1388 2322 1453 carnis;
2380 1393 2437 1442 et
2483 1388 2838 1442 ministrabat
2884 1390 3122 1443 Domino
3165 1406 3343 1460 usque
3390 1392 3463 1445 ad

1868 1477 2064 1530 mortis
2095 1478 2413 1532 articulum.
2440 1477 2548 1531 Sed
2579 1478 2954 1549 Hieronymus
2983 1479 3228 1533 scribens
3259 1480 3329 1533 ad
3361 1480 3468 1533 He-

1868 1565 2077 1620 dibiam
2126 1567 2195 1621 de
2246 1567 2333 1620 his
2380 1566 2591 1632 Mariis,
2632 1567 2768 1622 dicit
2811 1573 3205 1622 marterteram
3244 1567 3467 1621 Domini

1868 1654 2103 1708 Mariam
2126 1655 2383 1727 Cleophze
2411 1656 2599 1710 fuisse.
2626 1656 2785 1720 Quod
2817 1658 2863 1710 si
2893 1657 2973 1711 ita
2999 1663 3101 1723 est,
3137 1657 3321 1711 videat
3348 1657 3467 1728 ipse

1872 1745 2150 1813 quomodo
2173 1744 2341 1798 Jacob
2370 1752 2426 1798 et
2455 1746 2659 1815 Joseph
2691 1744 2893 1799 fratres
2922 1746 3144 1800 Domini
3174 1747 3467 1813 dicantur;

1872 1832 1979 1885 nisi
2013 1834 2145 1903 quia
2189 1834 2485 1904 propinqui
2517 1835 2635 1902 ejus
2684 1839 2847 1887 erant
2874 1851 2939 1887 ex
2991 1851 3176 1899 carne,
3211 1851 3276 1889 eo
3320 1835 3469 1906 quod

1874 1926 2077 1983 essent,
2113 1926 2178 1973 ut
2212 1920 2515 1989 credimus,
2548 1921 2735 1974 Maria:
2779 1921 2988 1974 sororis
3023 1922 3219 1976 matris
3250 1922 3474 1976 Domini

1875 2007 1994 2061 ﬁlii.
2021 2008 2089 2061 Et
2120 2007 2279 2060 multi
2309 2008 2389 2061 ita
2412 2008 2787 2069 consentiunt,
2812 2010 3066 2079 quamvis
3088 2011 3353 2081 praefatus
3381 2011 3479 2064 do-

1875 2102 1996 2150 ctor
2030 2111 2095 2148 eo
2125 2095 2183 2148 in
2216 2095 2335 2149 loco
2374 2096 2478 2150 hoc
2520 2096 2902 2151 contradicere
2930 2098 3203 2152 videatur.
3248 2099 3383 2153 Erat
3420 2105 3477 2153 et

1876 2184 2045 2239 tertia
2072 2184 2220 2238 inter
2248 2185 2387 2239 alias
2416 2185 2693 2257 praecipua
2724 2191 2905 2240 mater
2947 2194 2978 2251 Ι
3008 2191 3186 2252 [93
3228 2187 3474 2242 filiorum

1876 2273 2142 2330 Zebedzei.
2174 2274 2270 2344 qui
2296 2274 2487 2328 relicto
2517 2275 2654 2335 viro,
2690 2275 2775 2328 vel
2806 2280 3253 2336 mortuo,secuta
3273 2282 3357 2330 est
3379 2277 3474 2331 Je-

1880 2380 2024 2429 sum,
2048 2362 2415 2417 nihilominus
2436 2363 2493 2417 in
2525 2364 2811 2435 mysterio,
2842 2365 3002 2434 cujus
3023 2365 3123 2418 filii
3147 2366 3326 2419 vocati
3345 2371 3476 2420 sunt

1882 2452 1983 2505 ﬁlii
2022 2452 2274 2505 tonitrui.
2308 2453 2467 2506 Unde
2513 2459 2571 2507 et
2611 2454 2732 2523 ipsa
2777 2454 2921 2507 forte
2962 2460 3193 2525 propter
3221 2455 3390 2509 fidem
3419 2463 3482 2510 et

1881 2546 2134 2594 sanctam
2163 2541 2335 2594 vitam
2378 2541 2642 2595 Tonitrus
2669 2541 3007 2608 vocabatur;
3057 2559 3169 2596 non
3209 2544 3341 2614 quia
3379 2546 3481 2598 ﬁlii

1882 2634 2015 2683 sunt
2042 2630 2121 2683 ita
2162 2631 2361 2697 vocati,
2414 2631 2511 2684 sed
2552 2630 2682 2701 quia
2719 2631 2840 2700 ipsa
2870 2630 2940 2684 ab
2985 2632 3181 2685 eodem
3229 2633 3479 2688 tonitruo

1884 2717 2091 2772 Christi
2120 2718 2304 2772 fuerat
2332 2718 2573 2772 excitata
2606 2725 2669 2772 ut
2697 2725 3028 2789 sequeretur
3056 2736 3183 2774 eum
3226 2728 3281 2774 et
3309 2722 3481 2775 mini-

1884 2813 2108 2873 straret,
2141 2814 2465 2875 exspectans
2511 2824 2633 2878 quae
2673 2813 2832 2877 gesta
2860 2807 3083 2861 fuerant
3111 2808 3259 2862 circa
3288 2810 3481 2863 Domi-

1885 2913 2042 2959 num,
2068 2898 2226 2966 cujus
2264 2896 2361 2949 ﬁlii
2392 2903 2526 2950 sunt
2552 2895 2789 2951 Jacobus
2819 2902 2874 2950 et
2902 2898 3163 2951 Joannes.
3185 2898 3293 2961 Qui
3321 2898 3483 2953 nimi-

1886 3003 2010 3039 rum
2039 2986 2282 3040 Joannes
2316 2986 2464 3039 filius
2494 2985 2729 3039 tonitrui
2759 2985 2971 3039 audivit
2999 2993 3056 3039 et
3102 2987 3221 3057 ipse
3267 2994 3481 3058 septem

189 3080 426 3135 Marcus
449 3078 709 3132 similiter
727 3079 999 3143 nominat,
1020 3078 1126 3132 nisi
1159 3078 1291 3149 quia
1316 3094 1417 3148 pro
1449 3083 1627 3131 matre
1658 3078 1803 3130 tilio-
1826 3082 1868 3140 Ο
1884 3075 2119 3129 tonitrui
2143 3075 2326 3140 verba,
2348 3091 2472 3145 qua:
2495 3075 2654 3145 quasi
2674 3074 3065 3140 eminentiora,
3091 3076 3224 3146 quia
3241 3076 3485 3131 mundus

189 3184 326 3224 rum
373 3166 619 3222 Zebedzei
652 3168 873 3223 Salome
902 3184 965 3221 ac
1013 3168 1060 3221 si
1100 3168 1334 3222 alteram
1368 3167 1542 3238 ponit.
1577 3166 1807 3221 Poterat
1889 3163 2158 3234 nequibat
2180 3181 2397 3233 capere,
2427 3165 2649 3233 jussum
2688 3168 2775 3218 est
2802 3164 2853 3217 ei
2894 3180 2965 3217 ne
3006 3164 3290 3219 scriberet.
3327 3165 3486 3220 Unde

192 3259 357 3314 enim
387 3258 508 3312 ﬁeri
538 3263 603 3311 ut
622 3263 678 3311 et
698 3257 795 3311 illa
815 3264 963 3312 esset
983 3274 1106 3327 quae
1130 3257 1198 3310 de
1218 3256 1306 3310 his
1330 3256 1539 3319 multis,
1562 3273 1596 3309 a
1622 3256 1806 3309 Marco
1890 3253 2055 3306 liceat
2081 3252 2316 3322 opinari,
2353 3258 2415 3305 ut
2444 3252 2705 3314 diximus,
2738 3268 2802 3305 ac
2828 3252 3014 3306 dicere
3059 3269 3263 3307 nomen
3291 3254 3488 3308 matris

194 3348 375 3403 tertia
398 3352 719 3419 poneretur.
756 3353 789 3412 |
822 3351 996 3412 [92
1017 3346 1109 3400 Nil
1139 3346 1288 3400 enim
1318 3346 1553 3399 interest
1581 3344 1649 3398 ad
1673 3344 1810 3398 veri-
1890 3341 2130 3394 filiorum
2170 3340 2440 3401 Zebedzei,
2469 3340 2618 3410 quod
2666 3340 2787 3411 ipsa
2824 3341 2916 3405 sit,
2948 3358 3069 3411 qua:
3098 3358 3131 3394 a
3158 3342 3345 3396 Marco
3385 3343 3486 3397 Sa-

195 3443 383 3493 tatem
411 3454 549 3508 quas
580 3436 844 3491 mulieres
876 3436 1020 3489 idem
1060 3435 1288 3507 pariter,
1322 3452 1461 3505 quas
1508 3434 1712 3503 singuli
1743 3451 1809 3487 ex
1891 3429 2038 3483 lome
2064 3434 2311 3493 vocatur,
2341 3428 2604 3498 quoniam
2644 3434 2911 3499 utrasque
2942 3429 3251 3499 praecipuas
3278 3428 3490 3500 absque

198 3527 288 3582 his
322 3524 587 3580 omnibus
612 3526 1041 3579 nominaverint.
1076 3525 1405 3595 Suspicatur
1452 3530 1640 3577 tamen
1689 3522 1810 3576 Ori-
1892 3517 2061 3571 dubio
2090 3517 2237 3570 inter
2266 3526 2494 3571 caeteras
2526 3523 2761 3587 uterque
2791 3518 3132 3585 evangelista
3167 3535 3231 3571 ex
3262 3519 3489 3572 nomine

198 3633 383 3688 genes
423 3614 677 3668 eamdem
711 3614 932 3668 Salome
972 3613 1140 3667 fuisse
1170 3619 1408 3666 matrem
1439 3612 1681 3665 ﬁliorum
1710 3612 1809 3664 Ze-
1892 3605 2222 3675 designavit.
2257 3606 2325 3659 Et
2362 3606 2487 3658 ideo
2529 3606 2670 3658 forte
2704 3606 2925 3659 Salome
2954 3613 3196 3671 vocatur,
3233 3608 3364 3677 quia
3394 3608 3490 3661 Sa-

201 3703 407 3763 bedmi.
442 3721 564 3774 quae
598 3704 726 3773 jure
757 3703 836 3756 ita
865 3709 1111 3756 vocatur.
1162 3702 1369 3757 Multa).
1414 3700 1615 3771 inquit.
1650 3704 1812 3753 erant
1894 3695 2039 3748 lomc
2063 3698 2289 3762 paciﬁca
2316 3694 2737 3764 interpretatur.
2763 3694 2921 3748 Unde
2952 3696 3085 3764 quia
3112 3696 3341 3765 reliqua:
3366 3696 3489 3749 duae

201 3799 596 3866 exspectantes
615 3792 683 3846 ad
709 3808 929 3845 crucem
950 3792 1163 3856 Jesum,
1189 3791 1287 3845 sed
1309 3790 1378 3844 de
1402 3790 1488 3843 his
1519 3788 1807 3860 praecipuae
1895 3784 2084 3854 magni
2106 3783 2291 3837 meriti
2313 3790 2494 3850 erant,
2516 3800 2628 3837 non
2653 3783 2932 3837 immerito
2954 3785 3223 3854 suspicor.
3248 3791 3303 3838 et
3347 3784 3490 3838 hanc

201 3883 513 3939 nominatae
553 3886 703 3947 sunt,
737 3881 898 3951 quasi
927 3878 1197 3934 attentius
1239 3895 1367 3932 eum
1401 3884 1715 3949 spectantes
1753 3882 1810 3930 et
1889 3873 2137 3935 tertiam,
2171 3872 2350 3942 ipsam
2382 3888 2503 3925 esse
2533 3878 2771 3925 matrem
2802 3871 3044 3925 filiorum
3075 3870 3339 3937 Zebedaai,
3367 3888 3489 3942 quae

202 3971 457 4043 amplius
477 3970 529 4025 ei
550 3968 1171 4034 ministrantes,melius
1188 3972 1245 4021 et
1264 3967 1560 4039 perfectius
1578 3983 1811 4037 sequen-
1890 3960 2040 4032 apud
2082 3960 2333 4014 Marcum
2379 3966 2436 4014 et
2464 3960 2586 4031 ipsa
2612 3960 2780 4014 tertia
2811 3960 3032 4014 Salome
3063 3965 3322 4028 vocatur;
3366 3976 3489 4031 qua:

203 4066 309 4116 tes.
351 4060 499 4124 Quia
524 4058 942 4114 consuetudinis
984 4057 1189 4112 Judaaaz
1218 4056 1343 4122 fuit,
1375 4073 1477 4111 nec
1505 4054 1810 4110 ducebatur
1892 4055 2095 4105 secuta
2148 4050 2372 4104 fuerant
2424 4066 2457 4102 a
2511 4048 2739 4103 Galilma
2780 4048 3244 4119 benignissimum
3273 4050 3484 4113 Jesum,

202 4150 261 4204 in
281 4149 514 4220 culpam
543 4163 698 4202 more
718 4147 949 4217 antiquo
970 4145 1120 4200 illius
1139 4144 1343 4216 gentis,
1367 4151 1431 4198 ut
1459 4143 1722 4198 mulieres
1741 4143 1811 4198 de
1893 4139 2255 4194 ascendentes
2284 4155 2409 4193 cum
2442 4155 2507 4192 eo
2538 4138 2596 4191 in
2644 4138 3016 4204 Hierusalem,
3055 4144 3120 4192 ut
3163 4138 3332 4193 simul
3360 4155 3489 4194 cum

202 4236 543 4293 substantiis
580 4236 697 4291 suis
740 4236 950 4290 victum
993 4240 1163 4305 atque
1192 4231 1454 4287 vestitum
1483 4232 1599 4286 suis
1641 4232 1810 4287 mini-
1891 4228 1989 4283 illo
2016 4228 2229 4283 Pascha
2253 4232 2504 4297 agerent.
2538 4228 2649 4281 Iste
2678 4226 2829 4281 enim
2859 4226 2987 4280 finis
3013 4243 3205 4282 eorum
3237 4228 3489 4283 omnium

205 4331 461 4382 strarent
476 4324 929 4398 prteceptoribus.
946 4322 1103 4388 Quod
1130 4322 1261 4394 quia
1285 4321 1609 4376 scandalum
1630 4321 1875 4419 facereD
1893 4323 1998 4384 est,
2023 4316 2119 4388 qui
2148 4316 2433 4371 Galilaeam
2467 4316 2722 4385 gentium
2748 4315 3073 4387 relinquunt
3099 4322 3157 4371 et
3178 4322 3491 4388 sequuntur

206 4420 437 4488 poterat
463 4414 521 4470 in
548 4415 828 4487 gentibus,
870 4412 1138 4485 abjecisse
1184 4428 1244 4466 se
1291 4417 1566 4466 memorat
1604 4411 1811 4466 Paulus
1829 4405 1872 4419 ”
1893 4407 2215 4474 Dominum,
2247 4411 2312 4461 ut
2339 4421 2448 4461 non
2478 4405 2659 4461 solum
2688 4405 2993 4460 ascendant
3021 4405 3077 4460 in
3118 4405 3484 4471 Hierusalem,

207 4503 531 4576 apostolus:
566 4503 838 4572 Nunquid
860 4518 971 4555 non
989 4502 1250 4555 habemus
1274 4503 1587 4569 potestatem
1601 4515 1808 4553 sorores
1891 4513 2087 4551 verum
2118 4496 2288 4550 etiam
2318 4512 2444 4550 cum
2475 4495 2696 4551 Christo
2725 4494 3087 4549 ascendentes
3116 4494 3173 4548 in
3214 4509 3360 4559 eam,
3392 4511 3486 4548 ve-

207 4595 481 4647 mulieres
507 4591 977 4653 circumducendi,
1011 4591 1153 4643 sicut
1182 4593 1231 4642 et
1260 4590 1440 4643 caeteri
1465 4590 1694 4656 apostoli
1724 4586 1810 4641 fa-
1892 4602 2019 4640 rum
2058 4585 2266 4655 pascha
2309 4583 2608 4647 celebrent.
2642 4589 2919 4654 quatenus
2956 4582 3254 4636 Dominum
3298 4598 3487 4637 resur-

209 4681 412 4737 ciunt?
441 4680 495 4749 (Ι
519 4680 639 4736 Cor.
685 4695 758 4744 1x,
791 4678 875 4748 5.)
903 4677 1037 4742 Quae
1068 4677 1312 4748 profecto
1341 4676 1603 4731 mulieres
1643 4674 1811 4729 mini-

208 4769 475 4826 strabant
503 4768 737 4824 Domino
758 4767 827 4822 de
855 4766 1170 4822 substantia
1203 4783 1322 4829 sua,
1347 4772 1404 4820 et
1432 4764 1813 4837 sequebantur

211 4876 344 4915 eum
376 4864 608 4931 propter
625 4857 934 4912 doctrinam
957 4862 1229 4911 sanctam.
1250 4856 1374 4911 Non
1396 4855 1544 4926 quod
1574 4854 1660 4909 his
1689 4870 1814 4924 ege-

210 4955 302 5005 ret
343 4947 640 5011 Dominus,
671 4946 768 5002 sed
798 4951 862 5001 ut
902 4951 1100 5017 typum
1131 4945 1451 4999 ostenderet
1482 4960 1546 4998 ac
1575 4942 1810 4997 formam

210 5037 621 5109 magistrorum
666 5035 1041 5107 sequentium,
1074 5051 1139 5089 eo
1171 5034 1317 5105 quod
1348 5034 1493 5088 victu
1523 5038 1691 5104 atque
1728 5030 1815 5086 ve-

210 5132 356 5186 stitu
377 5147 440 5185 ex
464 5129 865 5201 discipulorum
890 5126 1158 5198 obsequio
1181 5126 1386 5181 debent
1405 5143 1525 5180 esse
1545 5124 1811 5179 contenti.

213 5221 329 5276 Sed
385 5218 675 5273 videamus
724 5217 917 5288 quales
965 5216 1225 5270 habuerit
1262 5215 1491 5270 comites
1538 5215 1811 5270 Salvator.

211 5309 457 5367 Mariam
490 5324 731 5378 namque
759 5306 1146 5376 Magdalenam
1176 5305 1244 5359 de
1275 5322 1384 5376 qua
1413 5310 1627 5375 septem
1669 5304 1816 5357 exie-

1890 4681 2138 4747 gentem,
2174 4690 2368 4728 rursus
2398 4673 2455 4727 in
2483 4672 3035 4742 transmigrationem
3066 4671 3177 4726 laeti
3207 4671 3448 4727 videant.

1966 4764 2102 4820 Cum
2127 4779 2244 4817 sero
2272 4767 2455 4816 autem
2481 4763 2693 4827 factum
2722 4767 2866 4823 esset,
2891 4764 3037 4814 venit
3062 4761 3220 4815 homo
3258 4763 3489 4831 quidam

1894 4855 2040 4908 dives
2057 4854 2127 4907 ab
2151 4852 2491 4915 Arimathia,
2517 4852 2739 4904 nomine
2762 4850 2969 4918 Joseph,
2996 4852 3095 4918 qui
3120 4856 3166 4903 et
3198 4853 3311 4919 ipse
3329 4853 3489 4906 disci-

1890 4946 2060 5013 pulus
2080 4944 2199 4996 erat
2216 4941 2362 4995 Jesu.
2380 4940 2480 4995 Hic
2497 4940 2715 4993 accessit
2736 4940 2811 4991 ad
2830 4939 3095 5004 Pilatum,
3121 4943 3172 4992 et
3194 4942 3353 5007 petiit
3374 4956 3490 4994 eor-

1896 5049 1997 5101 pus
2016 5034 2163 5087 Jesu.
2193 5031 2343 5084 Tunc
2360 5029 2757 5095 Pilatusjussit
2784 5028 2943 5079 reddi
2962 5042 3174 5095 corpus.
3198 5027 3358 5081 Dives
3387 5044 3489 5082 au-

1899 5126 2009 5175 tem
2027 5119 2249 5188 dicitur,
2267 5135 2376 5172 non
2400 5134 2499 5187 per
2512 5115 2839 5186 jactantiam
2858 5115 3163 5186 scriptoris,
3184 5121 3243 5169 ut
3260 5116 3486 5170 divitem

1897 5227 1995 5264 seu
2016 5208 2256 5263 nobilem
2280 5206 2488 5261 referat
2507 5204 2839 5275 discipulum
2868 5204 3187 5267 Salvatoris,
3213 5221 3339 5258 cum
3371 5205 3490 5276 ipse

1899 5298 2049 5353 dicat
2081 5317 2091 5351 :
2130 5299 2255 5351 Nisi
2291 5298 2415 5364 quis
2448 5297 2854 5348 renuntiaverit
2885 5297 3140 5347 omnibus
3165 5311 3284 5362 qua?
3320 5298 3491 5363 possi-

211 5404 349 5452 rant
399 5396 696 5461 daemonia,
746 5412 871 5466 quae
921 5413 952 5449 a
992 5394 1250 5465 Magdalo
1280 5394 1417 5457 vico,
1457 5394 1539 5447 vel
1588 5393 1725 5455 luco,
1762 5392 1818 5445 in
1900 5391 2004 5448 det,
2042 5404 2151 5440 non
2194 5390 2359 5453 potest
2404 5402 2555 5437 meus
2602 5401 2705 5437 esse
2742 5385 3019 5452 dicipulus
3052 5384 3177 5439 (Luc
3242 5401 3342 5443 xw,
3380 5383 3488 5451 33).

214 5503 329 5558 quo
362 5491 488 5541 orta
532 5484 734 5547 fuerat,
770 5484 1102 5537 conveniens
1147 5482 1280 5537 satis
1309 5482 1413 5536 sibi
1443 5481 1613 5536 traxit
1641 5467 1818 5551 agno-

1902 5477 2008 5533 Sed
2023 5475 2389 5530 utostendere
2401 5490 2626 5528 causam
2642 5489 2814 5544 quare
2827 5471 3049 5526 aPilato
3064 5473 3492 5545 potueritimpe-

212 5591 374 5632 men.
397 5575 576 5631 Porro
606 5573 870 5646 Magdalu
897 5573 1304 5647 interpretatur
1330 5573 1724 5643 magniﬁcatio.
1755 5570 1823 5626 Et
1902 5573 2052 5623 trare
2072 5582 2274 5638 corpus
2294 5565 2321 5621 J
2328 5581 2427 5620 esu
2462 5562 2546 5620 vel
2566 5561 2715 5621 unde
2734 5576 3017 5617 accessum
3034 5560 3105 5615 ad
3136 5578 3266 5617 eum
3288 5562 3492 5617 habue-

465 5676 734 5738 PATROL.
781 5674 959 5735 CXX.

3180 5660 3252 5724 31
