3918 6166
497 275 596 333 ςηι
1262 275 1320 329 s.
1364 272 1739 328 PASCHASII
1780 268 2138 327 RADBERTI
2176 270 2479 327 ABBATIS
2520 271 3012 328 CORBEIENSIS.
3591 283 3669 340 9n

493 401 605 463 rit;
637 400 879 469 primum
898 400 1059 467 juxta
1072 400 1342 459 Marcum,
1361 398 1494 469 quia
1518 398 1743 452 decurio
1764 403 1902 461 erat,
1924 398 1977 452 id
2000 402 2085 451 est
2101 404 2148 462 Α
2170 399 2401 451 ητίννὴᾱε
2430 404 2477 451 et
2505 404 2649 452 atoes
2672 403 2833 467 quasi
2858 401 3033 453 libras
3060 406 3267 453 centum
3296 403 3452 456 (Joan.
3471 421 3564 466 nx,
3589 404 3672 470 39,.

491 490 561 543 de
587 489 780 542 ordine
803 487 970 542 curiae
1003 489 1163 559 cujus
1187 489 1430 543 ofﬁcium
1460 489 1912 553 administrabat,
1935 488 2083 542 unde
2165 486 2379 540 Deinde
2413 486 2673 557 adjungit
2703 493 2758 541 et
2788 488 2934 541 hunc
2976 489 3197 559 JOs'eph,
3228 505 3288 542 ac
3317 489 3435 544 dicit
3459 494 3578 562 quod
3602 512 3674 549 ac-

489 583 547 632 et
574 577 797 631 curialis
826 577 1136 639 dicebatur,
1159 578 1214 632 id
1241 584 1325 633 est
1343 585 1571 633 senator
1587 580 1774 641 curiae,
1796 578 1940 648 quod
1972 594 2085 631 me-
2163 577 2413 646 ceperint
2441 594 2642 648 corpus
2669 578 2799 631 Jesu
2830 583 2887 631 et
2918 577 3212 648 ligaverint
3239 595 3358 633 eum
3385 582 3542 635 linteis
3581 600 3677 638 cum

486 666 596 720 lius
648 666 707 720 in
740 668 930 721 Graeco
977 667 1217 722 habetur
1270 665 1503 740 εὖχήμων
1552 668 1828 737 βουλευτὴς,
1863 668 1967 721 hoc
1996 672 2083 721 est
2161 667 2523 731 aromatibus,
2550 668 2689 719 sicut
2719 683 2833 720 mos
2872 672 2944 720 est
2982 668 3185 720 Judzis
3211 671 3433 735 sepelire.
3463 669 3589 732 Erat,
3614 671 3678 725 in-

485 756 856 813 consiliarius.
892 757 1023 827 quia
1052 757 1387 829 procumbat
1421 757 1651 811 consilia
1679 757 1861 810 civilia
1889 763 1946 811 et
1974 774 2081 827 pu-
2163 753 2302 824 quit,
2335 757 2399 807 in
2430 759 2539 808 loco
2570 758 2667 808 ubi
2702 758 3005 823 cruciﬁxus
3034 761 3109 810 est
3148 755 3416 817 Dominus,
3447 759 3619 825 hortus,
3644 765 3678 813 et

485 844 666 912 blica;
713 846 914 901 deinde
943 848 1075 917 quia
1105 854 1226 901 erat
1250 847 1403 901 dives
1433 852 1491 900 et
1519 847 1738 909 nobilis,
1772 847 2076 900 secundum
2162 845 2225 895 in
2245 844 2401 896 horto
2420 849 2841 897 monumentum
2866 861 3089 909 novum,
3115 849 3175 899 in
3212 863 3311 914 quo
3336 848 3551 900 nondum
3571 851 3682 916 quis-

483 935 699 988 natales
727 953 878 992 suos.
911 936 1171 1006 Alioquin
1202 936 1464 1007 pauperis
1493 942 1549 989 et
1576 936 1773 1005 ignoti,
1806 952 1917 989 non
1959 941 2081 989 erat
2160 948 2329 999 quam
2359 936 2567 1000 positus
2592 936 2798 1000 fuerat.
2826 934 2953 988 Haec
2980 934 3188 988 idcirco
3217 935 3451 999 dixerim,
3481 941 3535 989 ut
3556 952 3682 989 unus-

481 1023 761 1078 facultatis
790 1025 861 1078 ad
892 1026 1134 1079 Pilatum
1164 1026 1457 1097 praesidem
1488 1025 1753 1080 Romanae
1785 1026 2079 1096 potestatis
2163 1021 2398 1092 quisque
2424 1023 2642 1092 plenius
2671 1024 3024 1078 considerare
3051 1026 3289 1091 studeat,
3313 1025 3486 1096 quales
3502 1024 3578 1079 isti
3604 1025 3682 1080 duo

481 1114 766 1179 accedere,
803 1120 838 1179 |
866 1119 1043 1178 I94
1076 1118 1133 1167 et
1161 1113 1408 1168 cruciﬁxi
1438 1130 1658 1185 corpus,
1692 1114 1761 1169 de
1786 1131 1896 1185 quo
1922 1120 2080 1168 tanta
2162 1110 2264 1164 sub
2288 1110 2558 1165 absconso
2578 1112 2771 1166 habitu
2799 1119 2963 1167 erant
2995 1113 3269 1184 discipuli,
3293 1116 3371 1169 vel
3397 1131 3505 1169 cum
3525 1125 3682 1185 quanto

479 1219 666 1258 coram
691 1203 906 1257 cunctis
926 1203 1264 1274 adjudicata,
1288 1204 1375 1257 vel
1401 1220 1571 1275 super
1590 1221 1755 1275 quem
1782 1209 1941 1258 tanta
1963 1204 2079 1258 fue-
2159 1200 2371 1254 honore
2400 1207 2456 1254 et
2504 1203 2815 1259 reverentia
2846 1208 3220 1274 procurarunt
3266 1202 3491 1257 cilicium
3524 1203 3683 1258 timeris

478 1298 607 1347 rant
628 1292 929 1360 declarata,
947 1292 1279 1364 impetrare;
1312 1287 1409 1364 qui
1428 1294 1536 1347 fuit
1559 1300 1623 1348 ut
1642 1294 1848 1348 dicitur
1865 1296 1934 1348 ab
1951 1296 2076 1348 Ari-
2160 1290 2396 1357 Christi;
2429 1307 2499 1344 ne
2531 1291 2672 1345 forte
2714 1292 2862 1363 quod
2892 1294 3135 1347 Joannes
3164 1292 3370 1364 aliquid
3409 1293 3519 1364 plus
3543 1302 3685 1348 narrat

477 1383 708 1436 mathia.
743 1383 872 1452 Ipsa
899 1387 984 1436 est
1011 1382 1371 1436 Ramathaim
1400 1382 1593 1437 civitas
1622 1383 1865 1437 Helcane
1894 1389 1951 1437 et
1981 1384 2077 1438 Sa-
2159 1393 2327 1447 quam
2349 1379 2554 1445 caeteri,
2584 1395 2899 1449 repugnare
2940 1381 3198 1435 videatur
3226 1398 3334 1435 non
3382 1386 3517 1436 recte
3536 1381 3687 1436 intelli-

474 1471 677 1526 muelis
697 1471 754 1524 in
776 1471 1003 1540 regione
1022 1472 1355 1526 Thamutica
1368 1474 1529 1541 juxta
1550 1472 1874 1543 Diospolim.
1895 1472 2073 1537 Quem
2155 1466 2445 1536 gentibus.
2483 1468 2623 1531 QUia
2654 1468 2756 1522 etsi
2777 1469 2858 1522 illi
2887 1469 2956 1524 de
2976 1470 3281 1524 Nicodemo
3297 1476 3581 1535 tacuerunt,
3607 1487 3686 1524 non

474 1560 695 1615 noveris
726 1560 893 1614 talem
924 1566 1256 1632 tantumque
1284 1560 1354 1615 ob
1384 1561 1487 1615 hoc
1514 1578 1549 1615 a
1576 1562 1815 1616 Domino
1843 1563 2071 1633 przeele-
2154 1562 2348 1609 tamen
2390 1573 2424 1610 ιι
2469 1557 2586 1611 solo
2624 1558 2830 1629 Joseph
2877 1576 3006 1613 eum
3053 1561 3335 1631 sepultum
3378 1560 3684 1625 atlirmarunt,

473 1655 646 1714 ctum,
677 1654 733 1703 et
763 1649 1201 1720 praeordinatum
1227 1649 1285 1704 in
1314 1655 1553 1720 utraque
1576 1656 1754 1722 parte,
1781 1656 1845 1704 ut
1865 1651 2071 1721 dignus
2155 1645 2409 1715 quamvis
2436 1652 2656 1700 tantum
2688 1648 2861 1701 solius
2886 1650 3464 1703 commemorationem
3491 1649 3684 1702 fecerint.

473 1743 621 1793 esset
650 1743 807 1792 tanto
836 1754 1066 1791 munere
1091 1743 1238 1809 apud
1261 1738 1566 1809 principem
1593 1746 1927 1810 tantumque
1953 1740 2069 1794 ofﬁ-
2088 1722 2129 1778 Β
2154 1734 2348 1804 Neque
2381 1734 2438 1788 in
2466 1752 2531 1789 eo
2559 1735 2878 1807 discrepare
2910 1737 3195 1803 videntur,
3227 1738 3371 1810 quod
3395 1737 3572 1809 Joseph
3594 1753 3686 1791 eum

471 1827 618 1883 cium
651 1828 953 1899 sepultum
984 1827 1222 1881 Domino
1253 1827 1531 1881 exhibere.
1564 1829 1724 1883 Unde
1765 1836 1822 1883 et
1850 1830 2071 1883 Marcus
2155 1823 2212 1876 in
2234 1840 2347 1877 una
2373 1830 2591 1878 tantum
2618 1826 2851 1880 sindone
2869 1826 3166 1882 involvisse
3189 1828 3408 1889 dicitur,
3438 1827 3688 1881 etJoannes

470 1917 589 1971 ait:
638 1918 783 1971 Venit
810 1917 999 1985 Joseph
1027 1919 1095 1969 ab
1124 1918 1445 1970 Arimathia
1471 1919 1672 1971 nobilis
1695 1921 1940 1972 decurio.
1976 1922 2074 1987 qui
2154 1913 2582 1968 linteaminibus
2636 1914 2946 1970 involutum
2997 1934 3233 1973 narrare
3278 1917 3540 1989 Ρνοῦθῐυι·⁸
3589 1914 3692 1979 Ουίδ

468 2011 517 2061 et
546 2009 655 2075 ipse
682 2012 993 2074 exspectans
1030 2011 1146 2059 erat
1185 2022 1419 2072 regnum
1449 2008 1563 2071 Dei,
1597 2013 1644 2060 et
1685 2009 1950 2061 audacter
1980 2011 2071 2061 τή-
2156 2009 2376 2072 poterat
2424 2010 2480 2057 et
2526 2002 2862 2060 Nic'odemus
2907 2006 3017 2059 alia
3055 2007 3427 2077 superaddere
3461 2004 3682 2059 linteami-

470 2097 1007 2149 troivitadPilatum
1030 2100 1077 2147 et
1095 2098 1251 2163 petiit
1275 2112 1468 2162 corpus
1486 2098 1611 2149 Jesu
1630 2096 1928 2169 (.llarc.xv,
1953 2095 2063 2161 43).
2152 2108 2223 2144 na
2269 2091 2338 2145 οἱ)
2381 2095 2747 2148 reverentiam
2797 2101 2855 2149 et
2893 2095 3142 2149 Studium
3178 2095 3493 2151 honestatis-
3522 2095 3681 2158 Quam-

466 2186 620 2240 Alias
651 2194 837 2238 autem
871 2186 976 2238 nisi
1010 2192 1159 2239 esset
1188 2202 1403 2255 magnae
1424 2186 1714 2257 dignitatis
1744 2188 1930 2251 homo,
1954 2204 2066 2241 non
2150 2180 2230 2233 vis
2261 2187 2319 2234 et
2347 2192 2577 2253 prapter
2600 2184 2889 2238 sudarium
2915 2192 2972 2237 et
3002 2185 3248 2242 institas.
3279 2186 3471 2257 quibus
3494 2192 3631 2255 caput
3644 2189 3683 2237 et

466 2274 546 2329 ita
566 2276 636 2328 de
657 2291 722 2328 eo
742 2275 1038 2328 diceretur.
1059 2275 1126 2328 Et
1146 2275 1253 2328 nisi
1278 2277 1507 2345 majoris
1527 2282 1674 2330 esset
1693 2277 1838 2348 apud
1864 2278 2059 2339 Deum,
2149 2275 2326 2323 totum
2360 2288 2562 2341 corpus
2592 2273 2882 2342 alligatum
2907 2280 3009 2337 est,
3037 2280 3190 2329 recte
3210 2275 3342 2347 quia
3361 2275 3425 2329 de
3452 2275 3550 2328 lino
3564 2279 3682 2326 erant

466 2380 821 2435 nequaquam
872 2364 1015 2417 tanti
1071 2364 1256 2418 meriti
1308 2365 1477 2418 fuisse
1528 2365 1872 2419 laudaretur,
1931 2366 2064 2419 Erat
2146 2358 2225 2411 ita
2256 2368 2427 2429 queat
2455 2360 2585 2425 dici,
2610 2361 2828 2415 etiamsi
2848 2379 2962 2416 una
2983 2363 3223 2418 sindone
3246 2361 3682 2425 fueratinvolutns,

469 2453 637 2519 enim,
666 2452 868 2524 inquit,
895 2455 986 2506 vir
1005 2455 1175 2506 bonus
1195 2458 1244 2506 et
1272 2456 1473 2521 justus,
1500 2454 1633 2525 quia
1661 2460 1719 2507 et
1748 2455 1866 2525 ipse
1895 2454 2063 2508 disci-
2148 2447 2295 2516 quod
2320 2447 2506 2502 linteis
2527 2454 2602 2501 snt
2625 2450 2907 2520 alligatus.
2926 2452 3330 2507 Verumtamen
3352 2453 3522 2506 nullus
3539 2466 3684 2504 eorum

464 2541 630 2613 pulus
660 2547 783 2595 erat
806 2541 1130 2601 Salvatoris,
1156 2542 1286 2595 licet
1314 2541 1692 2603 absconditus,
1712 2549 1935 2612 propter
1961 2560 2068 2597 me-
2150 2535 2301 2590 aliud
2332 2539 2688 2592 commendat
2707 2556 2876 2610 quam
2908 2540 3114 2609 linteis,
3137 2543 3224 2596 vel
3248 2559 3361 2597 una
3381 2541 3588 2596 sindone
3602 2556 3686 2594 cor-

466 2635 584 2684 ium
605 2632 947 2684 Judaeorum.
977 2630 1138 2685 Unde
1169 2647 1277 2684 non
1306 2630 1587 2685 immerito
1610 2637 1795 2686 movet
1819 2631 2065 2702 aliquem
2150 2640 2253 2694 pus
2304 2625 2525 2679 Domini
2593 2626 2934 2691 ObVOIUtum.
2994 2631 3254 2700 quamvis
3316 2631 3502 2685 divités
3550 2636 3689 2684 essent

462 2736 563 2774 cur
581 2719 676 2772 ille
696 2719 788 2790 qui
810 2725 1038 2790 propter
1056 2719 1317 2773 timorem
1339 2721 1658 2775 Judzeorum
1684 2725 1923 2775 occultus
1945 2727 2068 2776 erat
2149 2714 2307 2767 valde
2328 2715 2424 2784 qui
2448 2716 2745 2786 sepeliunt-
2772 2718 3012 2789 Ipsaque
3037 2727 3308 2775 narratur
3335 2720 3527 2775 mundo
3543 2719 3687 2783 ἷυὶεεθς

462 2808 789 2879 discipulus,
833 2809 918 2861 vel
962 2809 1242 2879 quomodo
1273 2826 1445 2863 ausus
1495 2810 1568 2864 sit
1625 2816 1813 2880 petere
1865 2827 2066 2882 corpus
2150 2803 2284 2873 (lilia
2320 2804 2553 2873 dignum
2582 2811 2703 2859 erat
2734 2810 2796 2859 ut
2824 2807 3263 2864 mundissimum
3303 2827 3494 2881 corpus
3520 2806 3691 2864 Domini

462 2899 614 2959 Jesu,
640 2898 783 2968 quod
819 2897 1007 2951 nullus
1029 2914 1223 2951 eorum
1247 2898 1340 2968 qui
1377 2916 1503 2952 eum
1536 2899 1721 2969 palam
1758 2899 2066 2970 sequeban-
2149 2892 2357 2945 mundo
2388 2892 2762 2948 involveretur
2792 2895 2984 2949 linteo.
3007 2896 3074 2950 Et
3098 2914 3168 2951 ex
3198 2899 3435 2971 simplici
3462 2898 3692 2970 sepultura

463 2993 560 3042 tur
588 3003 762 3067 ausus
808 2993 894 3040 est
939 2987 1140 3040 facere.
1174 2987 1333 3042 Unde
1379 2988 1828 3058 intelligendum,
1861 2988 2067 3042 ﬁducia
2148 2981 2371 3035 Domini
2418 2982 2648 3037 ambitio
2694 2984 3099 3040 condemnatur
3145 2987 3404 3053 divitum,
3440 2988 3523 3060 qui
3548 2985 3692 3041 necin

463 3075 756 3146 dignitatis
787 3092 900 3129 suae
930 3075 1032 3128 hoc
1062 3076 1274 3130 iecisse.
1315 3093 1425 3147 qua
1447 3078 1731 3147 praeditus,
1751 3084 1967 3148 poterat
1989 3078 2066 3131 fa-
2084 3079 2125 3137 C
2149 3071 2385 3125 tumulis
2411 3072 2632 3142 quidem
2664 3074 2859 3128 volunt
2891 3091 3079 3129 carere
3100 3075 3333 3141 divitiis,
3361 3077 3449 3131 ubi
3472 3075 3692 3131 munditia

466 3164 764 3218 miliariter
794 3163 1004 3216 intrare
1033 3164 1100 3217 ad
1135 3164 1398 3225 Pilatum,
1430 3183 1495 3219 eo
1527 3167 1672 3237 quod
1719 3167 2063 3221 honorabilis
2149 3160 2357 3231 peccati
2392 3162 2570 3232 magis
2600 3164 2940 3234 requirenda
2969 3182 3141 3235 quam
3173 3166 3398 3223 divitiae.
3416 3167 3515 3222 Sed
3538 3180 3691 3235 corpus

465 3261 612 3309 esset
654 3252 932 3317 omnibus,
992 3269 1057 3305 ac
1113 3253 1396 3308 liberalius
1447 3255 1767 3324 impetrare.
1819 3257 1902 3310 Ad
1963 3257 2067 3310 hoc
2146 3251 2277 3304 Jesu
2303 3252 2478 3321 magis
2501 3255 2801 3324 praestabat
2822 3256 3374 3329 munditiam,quam
3399 3258 3521 3313 illud
3540 3269 3692 3325 exquo

466 3343 672 3414 quippe
694 3359 758 3395 ex
783 3342 1127 3412 providentia
1164 3343 1256 3395 Dei
1285 3344 1417 3397 olim
1440 3344 1646 3398 electus
1675 3350 1798 3398 erat
1825 3345 2065 3416 discipu-
2146 3340 2455 3394 involutum
2495 3349 2645 3408 erat;
2694 3345 2826 3414 quia
2869 3363 3220 3417 quaecunque
3252 3349 3508 3419 tangebat
3543 3352 3695 3401 auctor

466 3433 572 3494 lus,
607 3433 662 3485 in
695 3438 935 3486 tantum.
977 3440 1040 3485 ut
1084 3433 1334 3486 nonnulli
1378 3434 1584 3496 dicant,
1618 3435 1687 3487 de
1716 3451 1781 3488 eo
1819 3434 2061 3504 primum
2146 3429 2288 3494 Vitae,
2314 3430 2501 3484 omnia
2536 3449 2682 3486 nova
2708 3432 2914 3488 ﬁebant
2944 3443 3000 3489 et
3032 3438 3267 3491 munda.
3310 3439 3375 3492 Et
3402 3438 3516 3491 ideo
3538 3450 3692 3507 quam-

467 3522 740 3593 psalmum
769 3540 891 3575 essv
912 3530 1197 3579 cantatum
1225 3541 1236 3574 :
1269 3524 1455 3575 Beatus
1480 3528 1569 3576 vir
1590 3526 1690 3590 qui
1711 3541 1815 3575 mm
1840 3526 1978 3577 abiit
2000 3528 2064 3578 in
2146 3517 2285 3572 bene
2324 3528 2751 3576 monumentum
2800 3522 2933 3578 illud
2974 3541 3181 3580 novum
3227 3526 3398 3581 fuisse
3426 3527 3620 3588 dicitur,
3651 3522 3694 3575 in

424 3648 429 3653 ο
466 3615 694 3667 consitio
727 3615 1049 3679 impiorum,
1083 3629 1147 3665 ac
1177 3612 1392 3681 reliqua
1425 3615 1569 3677 (Psal
1625 3629 1658 3671 ι,
1700 3613 1762 3673 l).
1799 3612 1903 3676 Qui
1936 3629 2059 3666 cum
2146 3608 3693 3685 quo,juxtaJoannem,nondumquisquampom'tusfurrat,

466 3709 630 3759 esset,
674 3707 736 3755 ut
764 3701 842 3754 ita
869 3701 1072 3764 dicam,
1115 3707 1341 3755 senator
1369 3700 1710 3761 Judmorum,
1743 3717 1806 3753 ac
1836 3700 2062 3754 decurio
2145 3697 2287 3763 quod
2316 3700 2589 3753 excitarat
2625 3703 2689 3753 in
2728 3707 2903 3769 petra.
2938 3704 3095 3767 Quod
3137 3705 3267 3760 ideo
3309 3712 3423 3761 tam
3451 3705 3696 3775 diligenter

469 3790 803 3860 reipublicae,
828 3790 1042 3844 facilius
1068 3789 1370 3860 impetrare
1401 3788 1583 3859 potuit
1622 3789 1766 3858 quod
1805 3788 2052 3859 petebat.
2146 3786 2539 3841 commendare
2571 3788 2789 3843 videtur
2818 3790 3194 3863 Evangelista,
3224 3812 3295 3849 ne
3318 3796 3461 3850 ullus
3487 3794 3694 3848 adversa-

468 3880 573 3934 Cui
600 3880 832 3944 Pilatus,
865 3896 1068 3933 vocans
1107 3879 1177 3932 ad
1208 3895 1266 3932 se
1294 3878 1454 3931 illum
1483 3876 1888 3943 centurionem,
1922 3877 2065 3931 sicut
2146 3872 2359 3927 riorum
2383 3879 2702 3948 contingere
2721 3887 2908 3951 queat,
2928 3884 3072 3952 quod
3097 3882 3293 3939 nullus
3313 3886 3521 3939 alterex
3538 3895 3695 3937 eosur-

468 3968 689 4023 Marcus
717 3976 927 4027 narrat.
965 3969 1059 4039 qui
1096 3967 1440 4021 custodierat
1478 3966 1666 4021 Jesum
1698 3966 1758 4020 in
1787 3983 1965 4032 cruce,
2011 3972 2068 4021 et
2146 3962 2290 4015 rexit
2307 3969 2759 4032 monumento,in
2776 3987 2885 4040 quo
2908 3971 3094 4026 nullus
3110 3974 3320 4029 melius
3336 3990 3568 4045 unquam
3586 3968 3696 4042 posi-

471 4056 757 4110 admirans
801 4056 1106 4127 plurimum
1154 4054 1535 4126 interrogabat
1579 4055 1647 4109 de
1687 4072 1771 4120 eo,
1806 4072 1870 4110 ac
1896 4058 2066 4125 jussit
2149 4056 2240 4105 tus
2262 4053 2550 4123 probatur.
2566 4057 2682 4111 Nec
2705 4059 2809 4111 hoc
2830 4059 3024 4131 itaque
3040 4061 3280 4119 fortuitu
3304 4064 3506 4119 factum
3525 4060 3697 4115 videtur

474 4144 629 4196 reddi
659 4159 874 4210 corpus.
900 4144 1009 4197 Iste
1039 4160 1170 4197 vero
1192 4143 1444 4214 quamvis
1466 4144 1621 4213 prius
1642 4149 1789 4197 esset
1819 4145 2069 4199 occultus
2150 4156 2332 4211 neque
2363 4159 2427 4196 ex
2445 4151 2665 4213 eventu,
2685 4148 2833 4218 quod
2868 4158 2901 4214 |
2932 4159 2963 4216 |
2979 4155 3111 4217 96
3130 4169 3265 4208 eum
3297 4156 3517 4209 involvit
3542 4154 3595 4205 in
3616 4151 3703 4202 sin-

476 4229 685 4284 Christi
715 4230 1038 4302 discipulus,
1083 4248 1148 4286 ac
1185 4231 1389 4285 soleret
1427 4232 1485 4285 in
1532 4232 1809 4287 audiendo
1840 4232 2071 4288 verbum
2151 4232 2287 4285 done
2332 4236 2564 4300 munda,
2593 4241 2643 4289 et
2667 4241 2849 4305 posuit
2897 4242 2960 4293 in
2997 4250 3360 4299 monumento
3400 4260 3559 4301 noro:
3604 4236 3704 4311 quia

475 4320 595 4385 Dei,
623 4336 816 4375 eorum
845 4320 1168 4374 inimicitias
1198 4320 1392 4385 vitare,
1419 4337 1547 4374 mox
1572 4321 1631 4375 in
1660 4328 1908 4377 extremo
1933 4329 2074 4378 tem-
2153 4321 2183 4375 J
2188 4337 2314 4375 esus
2345 4338 2456 4377 non
2503 4324 2895 4397 consepelitur,
2927 4328 3036 4382 nisi
3083 4330 3144 4384 in
3174 4333 3345 4388 corde
3373 4349 3524 4397 novo,
3553 4335 3602 4384 et
3625 4326 3705 4380 ﬁde

475 4409 629 4482 poris
656 4409 793 4465 fecit
820 4410 1008 4481 palam
1038 4425 1164 4463 cum
1206 4408 1359 4462 omni
1386 4409 1695 4480 diligentia,
1738 4413 1886 4482 quod
1917 4414 2072 4484 prius
2089 4398 2138 4456 D
2159 4411 2544 4480 mundissima,
2569 4431 2679 4486 qua
2700 4421 3016 4486 purgantur
3033 4419 3207 4474 corda
3226 4408 3706 4482 credentiquuod

479 4501 757 4555 occultum
781 4498 1057 4563 servabat,
1083 4504 1140 4552 et
1157 4497 1408 4552 exhibuit
1430 4498 1817 4554 liberalissime
1833 4502 2079 4556 officium
2162 4507 2592 4557 monumentum
2614 4519 2901 4574 nunquam
2923 4506 3219 4569 exciditur,
3248 4510 3358 4565 nisi
3380 4511 3437 4565 in
3457 4515 3598 4581 petra
3614 4518 3705 4575 qua

479 4588 712 4653 funeris,
740 4588 879 4642 nihil
911 4604 1114 4642 curans
1145 4587 1213 4641 de
1238 4588 1555 4642 Judaeorum
1586 4589 1911 4656 offensione,
1938 4608 2077 4662 quo-
2163 4589 2418 4644 Christus
2467 4598 2569 4658 est,
2612 4594 2950 4661 ﬁrmissima,
2995 4596 3100 4651 etsi
3143 4599 3204 4652 in
3247 4600 3451 4654 nostris
3492 4593 3704 4652 cordibus

480 4678 629 4731 niam
648 4678 835 4746 justus
855 4682 995 4733 erat.
1023 4682 1080 4730 et
1099 4677 1231 4748 quia
1244 4677 1430 4746 justus
1456 4678 1580 4732 ideo
1602 4678 1685 4731 vir
1706 4679 1900 4733 bonus.
1920 4680 2079 4735 Unde
2162 4679 2278 4733 haec
2308 4681 2599 4751 sepultura
2619 4683 2827 4737 Christi
2854 4702 2918 4738 ac
2942 4685 2989 4739 si
3015 4686 3069 4740 in
3092 4704 3233 4759 rupe
3254 4689 3541 4743 durissima
3562 4681 3708 4758 praeci-

481 4783 547 4820 eo
578 4766 708 4837 quia
754 4769 924 4820 bonus
971 4773 1019 4820 et
1054 4771 1259 4835 justus,
1294 4766 1566 4820 intellexit
1609 4785 1668 4821 se
1712 4769 1779 4821 ad
1826 4769 1930 4822 hoc
1958 4786 2078 4823 esse
2162 4767 2344 4828 datur,
2382 4769 2437 4823 in
2467 4788 2576 4841 quo
2606 4788 2807 4844 corpus
2836 4774 3043 4829 Christi
3072 4784 3335 4846 ponatur.
3363 4778 3427 4833 Et
3448 4778 3565 4831 hinc
3584 4786 3708 4844 opor-

483 4856 743 4915 electum,
780 4863 843 4910 ut
872 4856 1058 4910 tali‘in
1089 4862 1362 4928 tempore,
1395 4856 1539 4911 tanti
1571 4858 1818 4911 muneris
1847 4859 2079 4913 devotus
2162 4862 2243 4910 tet
2271 4859 2516 4921 credere,
2538 4862 2684 4931 quod
2707 4879 2816 4915 non
2839 4863 2931 4917 ille
2951 4881 2983 4918 a
3013 4865 3192 4927 nobis,
3220 4869 3317 4922 sed
3341 4885 3439 4922 nos
3467 4886 3498 4921 a
3523 4875 3708 4933 corpore

483 4945 731 5016 expleret
759 4945 1022 5000 ofﬁcium.
2162 4947 2594 5011 sanctiﬁcamur,
2633 4958 2696 5004 ut
2732 4953 3055 5008 mundiores
3083 4955 3281 5011 simus.
3314 4958 3362 5010 si
3402 4963 3599 5011 tantum
3624 4948 3707 5004 ﬁde

555 5037 663 5103 Qui
686 5040 893 5103 accepto
913 5051 1131 5104 corpore
1161 5038 1393 5089 involvit
1414 5037 1562 5088 illud
1580 5037 1643 5089 in
1663 5037 1893 5090 sindone
1921 5054 2082 5090 mun-
2164 5041 2316 5089 recta
2347 5043 2403 5091 et
2430 5040 2769 5094 conscientia
2790 5040 2937 5096 bona
2962 5044 3098 5098 illud
3128 5038 3709 5118 suscipimus.Alioquin

482 5128 575 5193 da,
592 5132 642 5181 et
664 5127 845 5195 posuit
864 5126 1011 5177 illud
1027 5126 1089 5177 in
1116 5130 1468 5178 monumento
1490 5140 1586 5178 suo
1602 5141 1758 5184 novo,
1780 5128 1922 5194 quod
1942 5130 2082 5180 unci-
2166 5126 2285 5179 sine
2310 5144 2540 5198 corpore
2571 5129 2773 5183 Christi
2804 5133 2963 5186 vacui
3000 5140 3057 5187 et
3098 5135 3376 5190 immundi
3410 5149 3601 5189 sumus.
3627 5123 3709 5182 Sed

483 5216 637 5271 derat
664 5219 726 5270 in
744 5221 932 5284 petra;
954 5218 999 5267 et
1022 5214 1259 5267 advolvit
1277 5229 1473 5267 saxum
1499 5230 1769 5281 magnum
1788 5218 1861 5268 ad
1881 5219 2082 5271 ostium
2166 5215 2299 5285 quia
2327 5218 2739 5289 consepelimur
2767 5221 3009 5289 Christo,
3049 5222 3189 5278 forte
3237 5225 3367 5279 ideo
3412 5225 3629 5279 Joannes
3656 5214 3710 5269 8i-

486 5308 852 5369 monumenti,
871 5310 922 5357 et
939 5305 1095 5357 abiit.
1123 5308 1159 5369 |
1191 5311 1219 5365 Ι
1237 5308 1365 5367 95
1380 5302 1556 5365 Quam
1581 5320 1715 5357 sane
1736 5306 2081 5375 sepulturam
2163 5311 2404 5375 gnanter
2434 5308 2542 5361 ait:
2567 5310 2634 5362 1n
2665 5326 2769 5377 quo
2791 5312 3039 5365 nondum
3067 5315 3362 5382 quisquam
3389 5315 3581 5382 positus
3597 5309 3704 5361 erat.

482 5394 747 5458 Joannes,
783 5410 893 5448 non
934 5410 969 5446 a
1005 5392 1123 5445 solo
1153 5391 1355 5460 Joseph
1400 5389 1534 5444 dicit
1569 5399 1940 5462 procuratam,
1985 5395 2083 5449 sed
2167 5395 2257 5449 Sic
2298 5396 2448 5449 enim
2479 5397 2633 5464 dicit,
2666 5398 2720 5452 in
2752 5416 2860 5470 quo
2889 5400 3157 5469 nondum,
3186 5402 3347 5473 quasi
3376 5403 3432 5456 in
3461 5418 3521 5455 eo
3546 5393 3710 5467 aliquis

484 5480 1350 5553 etiamaNicodemo;incipiens
1370 5487 1565 5535 narrat
1584 5482 2082 5553 quodNicodemus
2163 5490 2363 5556 postea
2408 5487 2624 5558 positus
2664 5489 2757 5556 sit,
2790 5491 2940 5562 quod
2987 5492 3210 5547 omnino
3254 5509 3367 5547 non
3413 5490 3583 5555 credo,
3607 5483 3707 5558 quia

485 5574 583 5649 qui
599 5578 830 5633 venerat
846 5575 922 5631 ad
935 5575 1122 5630 Iesum
1143 5576 1292 5630 nocte
1306 5572 1562 5643 primum
1583 5571 1759 5627 ferens
1779 5575 2083 5631 misturam
2164 5574 2346 5633 adhuc
2372 5576 2539 5633 hodie
2584 5577 2721 5635 satis
2748 5578 2993 5652 gloriose
3031 5580 3346 5641 custoditur
3385 5596 3449 5640 ac
3481 5580 3709 5638 servatur.
