3918 6166
215 282 323 341 973

902 279 1282 339 EXPOSITIO
1321 282 1400 339 IN
1437 280 1883 339 MA'I‘THIEUM.
1929 309 1991 321 —-
2034 278 2170 335 LIB.
2214 278 2338 348 XII,
2381 280 2539 339 CAP.
2582 283 2805 344 XXVII.

3383 291 3487 351 974

212 407 299 463 De
323 422 431 480 quo
461 406 636 475 Isaias
674 405 843 462 dicit:
877 406 944 461 Et
973 410 1080 461 erit
1107 411 1421 477 sepulcrum
1455 413 1571 480 ejus
1601 411 1804 477 glorio-
1825 410 1875 469 Α
1895 410 1999 462 tris
2030 408 2221 473 (Marc.
2255 423 2366 475 xvr,
2401 408 2474 480 5).
2510 410 2656 475 Quia
2707 412 2976 468 nimirum
3008 414 3164 469 locus
3210 414 3489 471 Dominici

214 514 341 552 sum
369 497 499 563 (Isa.
532 510 608 561 x1,
662 493 768 562 10).
805 495 1013 550 Idcirco
1036 497 1183 568 quod
1211 499 1472 563 Joannes,
1503 516 1603 553 seu
1631 499 1810 554 Lucas

215 582 431 650 dicunt,
465 584 596 656 quia
628 584 686 639 in
738 600 802 638 eo
833 585 1083 639 nondum
1114 587 1318 658 aliquis
1345 587 1529 642 fuerat
1576 587 1809 659 positus,

214 674 401 744 magis
429 673 501 727 ad
535 674 863 741 mysterium
894 674 1248 730 referendum
1266 682 1369 731 est.
1386 677 1530 741 Quia
1546 691 1814 747 consepe-

214 761 391 816 limur
418 761 642 816 Christo
672 777 772 832 per
813 760 1153 834 baptismum
1182 763 1240 818 in
1282 770 1464 819 morte
1523 763 1717 835 ipsius.
1751 768 1817 818 ut

213 850 311 906 ille
339 851 584 923 primum
622 850 679 905 in
710 867 777 905 ea
812 868 913 922 pro
943 851 1104 906 nobis
1145 853 1398 924 sepultus
1441 854 1720 917 credatur,
1753 852 1813 906 in

214 957 330 1014 qua
350 940 601 995 nondum
631 939 927 1012 quisquam
948 959 1048 1013 pro
1076 942 1171 996 illo
1200 943 1416 1014 positus
1440 943 1642 998 fuerat.
1667 943 1812 997 Tum

213 1030 447 1086 demum
476 1029 888 1102 consepelimur
925 1031 974 1084 ei
1005 1047 1105 1103 per
1134 1031 1475 1102 baptismum
1514 1032 1573 1087 in
1633 1036 1814 1087 morte

211 1118 413 1192 ipsius,
445 1136 510 1174 ac
545 1119 592 1173 si
617 1119 676 1173 in
718 1125 1084 1174 monumento
1114 1137 1276 1186 novo,
1303 1126 1369 1175 ut
1398 1121 1661 1192 deinceps
1687 1137 1813 1175 cum

211 1207 336 1281 ipso
359 1211 421 1263 in
452 1212 688 1263 novitate
715 1211 837 1263 vitae
854 1209 1201 1263 ambulemus
1240 1212 1407 1272 (Rom.
1431 1210 1572 1276 v1.4)
1593 1255 1603 1266 .
1627 1209 1734 1266 Sed
1763 1215 1821 1264 et

212 1300 280 1352 in
295 1298 531 1352 sindone
552 1300 765 1352 munda
787 1303 921 1351 tunc
938 1298 968 1351 J
973 1314 1127 1351 esum
1149 1297 1386 1369 quisque
1399 1298 1541 1353 bene
1563 1298 1814 1365 involvit,

211 1403 342 1442 cum
374 1402 516 1458 pura
543 1404 671 1442 eum
706 1393 890 1468 mente
916 1390 974 1441 in
1022 1404 1082 1441 se
1110 1388 1469 1459 amplectitur
1497 1405 1562 1442 ac
1610 1388 1812 1458 diligit.

1891 497 2139 569 corporis
2167 497 2263 553 ubi
2292 499 2522 569 angelus
2550 500 2799 566 sedebat,
2820 502 3163 559 intrantibus
3188 503 3246 558 in
3277 504 3488 560 dextris

1896 592 2036 652 erat,
2071 603 2172 641 nec
2197 592 2388 642 tamen
2419 588 2596 643 divisa
2610 598 2772 645 erant
2792 591 2869 646 ibi
2884 592 3024 659 loca,
3043 592 3139 647 sed
3161 593 3491 647 continuata

1896 676 2013 729 haec
2042 676 2248 742 omnia,
2282 692 2384 731 nec
2417 677 2596 732 divisa
2624 677 2694 733 ab
2718 680 2974 746 invicem,
3019 687 3084 736 ut
3112 687 3241 754 pote
3270 681 3329 736 in
3378 696 3493 737 una

1898 764 2207 836 eademque
2234 771 2392 837 petra
2424 766 2623 821 excisa.
2651 768 2813 822 Nunc
2841 773 3050 835 autem,
3085 769 3233 826 sicut
3257 770 3494 826 tradunt

1895 853 1992 925 qui
2016 853 2147 908 inde
2175 853 2247 908 ad
2267 869 2368 908 nos
2396 855 2644 923 veniunt,
2670 855 2923 912 Ecclesia
2940 857 3018 912 ibi
3040 862 3128 913 est
3148 859 3342 914 eximii
3358 876 3492 933 ope-

1895 942 1990 1009 ris,
2026 943 2288 1009 rotunda,
2315 943 2521 1015 triplici
2552 945 2765 1016 pariete
2789 946 3053 1002 distincta
3076 966 3088 1016 ;
3110 948 3168 1002 in
3190 948 3350 1020 cujus
3366 966 3491 1005 me-

1896 1030 1989 1085 dio
2016 1036 2445 1086 monumentum
2473 1036 2574 1098 est,
2600 1032 2812 1088 habens
2834 1034 2904 1089 ab
2924 1035 3139 1090 oriente
3176 1036 3487 1105 ecclesiam,

1900 1136 2024 1192 quae
2047 1121 2365 1190 Golgotana
2394 1126 2622 1176 vocatur
2645 1122 2826 1177 adhuc
2844 1123 3029 1179 hodie.
3054 1122 3120 1180 In
3142 1124 3344 1198 quibus
3367 1130 3492 1199 pro-

1901 1209 2043 1264 fecto
2074 1208 2208 1263 locis
2239 1211 2417 1265 multa
2447 1210 2658 1266 fabrica
2686 1218 2771 1267 est
2794 1213 3037 1268 ecclesiis
3062 1232 3075 1279 ;
3106 1215 3384 1286 siquidem
3408 1216 3493 1271 ita

1900 1304 1964 1352 ut
1987 1314 2214 1352 cernere
2241 1298 2422 1369 possis
2450 1296 2509 1352 in
2538 1315 2603 1353 eo
2655 1299 2774 1353 loco
2818 1300 2977 1355 Isaiae
3017 1301 3339 1358 vaticinium
3371 1320 3493 1360 esse

1898 1387 2259 1457 completum,
2282 1403 2392 1456 quo
2420 1387 2499 1441 ait
2525 1405 2537 1440 :
2573 1389 2639 1442 In
2666 1390 2753 1441 die
2783 1391 2884 1442 illa
2905 1391 3076 1443 radix
3092 1393 3230 1445 Jesse
3260 1395 3362 1462 qui
3386 1399 3495 1449 stat

214 1476 294 1532 Ex
335 1493 447 1548 quo
474 1493 643 1548 quam
663 1475 803 1531 bene
829 1477 1016 1530 mosin
1036 1477 1279 1532 Ecclesia
1301 1478 1620 1539 inolevit,ut
1639 1476 1812 1531 sacri-

212 1565 408 1620 ficium
438 1565 653 1635 altaris,
680 1564 829 1635 quod
857 1571 944 1619 est
973 1582 1173 1637 corpus
1205 1566 1447 1629 Domini,
1472 1566 1660 1620 nonin
1675 1581 1813 1619 auro
1897 1571 1944 1619 et
1965 1569 2072 1619 erit
2096 1569 2409 1634 sepulcrum
2430 1569 2544 1633 ejus
2585 1568 2888 1633 gloriosum
2933 1567 3067 1636 (lsa.
3105 1580 3181 1625 x1.
3218 1565 3325 1639 10).
3354 1569 3495 1633 Quia

212 1659 377 1709 texta
420 1660 593 1721 veste,
648 1671 762 1708 non
810 1654 866 1709 in
896 1655 1092 1720 serim,
1126 1672 1307 1726 neque
1334 1655 1391 1709 in
1422 1655 1611 1726 aliquo
1642 1654 1815 1709 tincto
1898 1655 2053 1708 locus
2102 1654 2161 1708 in
2192 1670 2301 1724 quo
2346 1669 2584 1725 regnum
2612 1654 2811 1708 mortis
2845 1654 3038 1722 diruit,
3074 1657 3497 1714 memorabilem

212 1759 429 1816 panno,
445 1743 545 1797 sed
577 1743 635 1797 in
661 1743 835 1797 linteo
862 1761 1001 1815 puro
1013 1761 1077 1797 ac
1112 1744 1483 1798 mundissimo
1508 1744 1823 1797 involvatur
1846 1727 2090 1797 Bservat
2123 1741 2321 1812 judicii
2341 1744 2607 1813 palmam,
2633 1742 2776 1796 sicut
2800 1749 2857 1796 et
2880 1744 3198 1814 deprecatio
3218 1747 3494 1817 gentium,

214 1849 280 1887 ac
304 1831 642 1886 celebretur.
675 1833 791 1886 Nec
815 1832 1097 1886 immerito
1117 1833 1293 1904 igitur
1318 1833 1423 1887 hoc
1444 1833 1523 1886 ita
1543 1832 1820 1886 sancitum
1903 1849 2081 1903 usque
2112 1831 2183 1885 ad
2213 1832 2351 1885 ﬁnes
2380 1838 2543 1886 terrae
2572 1830 2631 1885 in
2661 1831 2884 1902 signum
2918 1833 3115 1887 salutis
3137 1840 3341 1890 nostra:
3370 1835 3498 1891 ubi-

214 1928 302 1976 est
332 1938 371 1975 a
390 1921 599 1975 sanctis
629 1920 881 1992 patribus
934 1921 1069 1992 quia
1118 1922 1351 1975 sindone
1380 1921 1588 1975 munda
1617 1938 1819 1992 corpus
1904 1937 2011 1992 que
2041 1923 2220 1974 ﬂoret.
2250 1920 2387 1975 Erat
2418 1926 2601 1974 autem
2633 1922 2713 1974 ibi
2755 1922 2937 1974 Maria
2967 1923 3305 1989 Magdalene,
3338 1928 3388 1977 et
3418 1928 3500 1980 al-

210 2009 446 2066 Domini
475 2010 788 2065 involutum
818 2016 923 2065 est.
940 2017 1001 2064 ut
1025 2011 1222 2065 eodem
1247 2011 1417 2065 linteo
1436 2010 1695 2075 etiam,et
1714 2011 1820 2063 hoc
1907 2015 2023 2064 tera
2064 2016 2100 2075 1
2133 2014 2308 2075 Ιθδ
2340 2010 2523 2062 Maria
2556 2011 2746 2080 (quam
2764 2016 3000 2064 matrem
3015 2009 3204 2065 Jacobi
3222 2018 3278 2066 et
3290 2012 3500 2084 Joseph

210 2117 420 2171 corpus
451 2098 947 2170 suscipiatur,etin
978 2115 1043 2153 eo
1060 2099 1390 2153 conficiatur
1411 2099 1812 2164 mundissime;
1898 2099 2089 2165 fuisse,
2142 2099 2329 2153 Marco
2358 2104 2647 2163 narrante,
2680 2097 2996 2172 didicimus)
3028 2096 3264 2155 sedentes
3304 2106 3498 2156 contra

214 2189 372 2262 quod
402 2194 461 2243 et
486 2188 624 2243 satis
652 2205 686 2242 a
715 2188 920 2243 nostris
949 2188 1194 2261 provide,
1223 2189 1294 2241 ob
1327 2188 1675 2259 mysterium,
1694 2204 1817 2242 cor-
1900 2193 2232 2257 sepulcrum.
2258 2184 2741 2259 Colligaverateas
2773 2188 2942 2242 ardor
2971 2188 3265 2244 amori‘sad
3290 2198 3501 2246 monui

214 2278 413 2351 porale
436 2283 681 2332 vocatur.
716 2277 874 2332 Unde
902 2276 1079 2331 miror
1109 2276 1205 2347 qui
1243 2277 1440 2331 dicunt
1486 2277 1590 2330 hoc
1617 2293 1820 2347 corpus
1902 2282 2154 2332 mentum
2186 2293 2412 2340 novum,
2446 2274 2677 2348 propter
2697 2292 2898 2348 corpus
2920 2278 3074 2344 Jesu,
3105 2278 3501 2334 nimihs.Nam

1897 1479 1961 1530 in
1987 1479 2211 1544 signum
2238 1480 2592 1545 populorum,
2626 1479 2807 1546 ipsum
2837 1483 3020 1545 gentes
3034 1480 3492 1550 deprecabuntur,

216 2367 436 2423 Christi
467 2382 597 2421 vere
628 2382 739 2420 non
768 2382 888 2420 esse
919 2366 1065 2438 quod
1092 2364 1160 2419 de
1191 2382 1385 2420 mensa
1402 2365 1623 2420 Domini
1643 2365 1819 2435 quoti-

216 2457 311 2512 die
342 2458 848 2519 communicamus,
880 2472 980 2509 cur
1007 2456 1111 2508 hoc
1128 2455 1366 2509 linteum
1390 2454 1469 2509 ita
1490 2471 1687 2508 vocare
1711 2454 1824 2525 pla-

217 2545 425 2611 cuerit,
472 2549 522 2599 si
569 2561 681 2599 non
724 2545 831 2598 hoc
875 2562 1077 2616 corpus
1107 2544 1316 2599 Christi
1347 2549 1450 2609 est,
1485 2543 1633 2615 quod
1658 2544 1715 2597 in
1757 2561 1822 2597 θ.»

1903 2372 1960 2421 et
1978 2367 2101 2422 duae
2131 2367 2252 2422 istae
2281 2382 2408 2421 cum
2432 2374 2610 2420 matre
2640 2366 2881 2420 ﬁliorum
2909 2367 3310 2439 Zebedaei,qu'.e
3328 2384 3503 2441 supra

1905 2457 2048 2511 forte
2105 2456 2328 2511 Salome
2374 2461 2622 2516 vocatur.
2668 2456 2843 2511 fuisse
2872 2462 3178 2511 narrantur
3221 2458 3290 2512 de
3332 2459 3502 2529 longe

1906 2550 2222 2617 spectantes
2245 2543 2524 2598 mirabilia
2555 2544 2826 2616 passionis
2861 2545 3201 2602 Christi.Sed
3224 2547 3356 2618 quia
3386 2564 3501 2603 non

219 2643 275 2691 et
301 2652 482 2706 super
510 2650 638 2689 eum
669 2634 981 2688 conficitur.
1040 2634 1198 2689 Unde
1252 2640 1309 2688 et
1338 2650 1542 2687 nomen
1585 2632 1823 2686 traxisse
1903 2641 2338 2704 permanserunt
2365 2638 2499 2694 tres,
2523 2644 2704 2705 neque
2736 2639 2915 2689 mater
2942 2635 3188 2689 filiorum
3229 2635 3498 2702 Zebedaei,

221 2723 538 2797 probatur;
588 2723 740 2794 quod
784 2721 924 2776 falso
962 2723 1188 2789 dicitur,
1211 2723 1258 2777 si
1286 2739 1400 2777 non
1428 2722 1532 2776 hoc
1564 2727 1648 2775 est
1674 2720 1822 2792 quod
1904 2739 2085 2793 neque
2117 2722 2338 2776 Salome
2366 2722 2710 2787 inscribitur.
2738 2722 2994 2778 "Forsitan
3020 2740 3153 2795 ergo
3186 2724 3309 2780 istae
3340 2725 3503 2797 quasi

219 2818 477 2868 vocatur.
522 2813 586 2866 Et
635 2814 897 2879 advolvit,
937 2811 1140 2883 inquit.
1189 2829 1387 2865 saxum
1430 2827 1696 2878 magnum
1752 2809 1826 2863 ad
1910 2812 2148 2881 majores
2173 2811 2231 2864 in
2260 2811 2553 2865 charitate.
2584 2828 2763 2883 usque
2784 2812 2853 2866 ad
2881 2814 3199 2885 sepulcrum
3227 2813 3285 2869 in
3318 2818 3500 2886 agone

218 2906 434 2957 ostium
454 2904 821 2955 monumenti.
838 2904 1055 2955 etabiit.
1076 2900 1233 2955 L’nde
1249 2898 1829 2969 daturintelligi,quia
1908 2899 2079 2954 fortes
2110 2906 2561 2971 permanserunt,
2594 2907 2651 2954 et
2690 2900 2814 2955 ideo
2841 2908 3171 2957 meruerunt
3198 2904 3391 2974 prima;
3420 2904 3502 2959 vi-

219 2996 662 3045 monumentum
691 2990 867 3045 Chisti
892 3007 1003 3044 non
1046 2989 1127 3043 ita
1155 2990 1263 3043 fuit
1290 2989 1599 3060 praecisum,
1631 2995 1696 3042 ut
1726 2990 1829 3042 hac
1908 2988 2042 3042 dere
2101 2987 2399 3043 Dominum
2449 2995 2833 3059 resurgentem
2862 3010 2873 3053 ;
2931 2990 3064 3061 quia
3097 2990 3311 3047 caeteris
3341 2991 3507 3049 relin-

218 3081 277 3134 in
297 3088 332 3145 |
367 3087 405 3145 Ι
424 3083 727 3145 θθῐθηιξι,
762 3085 1129 3133 monumenta
1156 3078 1473 3132 formantur
1488 3094 1553 3131 eo
1576 3077 1723 3149 quod
1745 3087 1888 3145 os-C
1913 3076 2231 3147 quentibus,
2265 3078 2432 3131 etiam
2463 3078 2617 3142 viris,
2648 3078 2845 3133 ﬁdeles
2897 3094 2962 3133 ac
3004 3079 3176 3135 fortes
3228 3079 3289 3135 in
3318 3081 3502 3137 ofﬁcio

220 3169 373 3224 tium
404 3168 666 3222 habuisse
698 3174 1069 3225 memoratur.
1112 3167 1253 3221 llinc
1281 3183 1473 3221 verum
1504 3183 1623 3220 esse
1653 3166 1828 3220 credi-

218 3276 355 3312 mus
379 3258 526 3329 quod
545 3257 705 3311 multi
726 3253 1083 3311 tradiderunt
1095 3256 1189 3327 qui
1211 3273 1337 3310 eum
1375 3255 1654 3321 viderunt,
1678 3254 1827 3326 quod

218 3348 431 3402 domus
460 3347 629 3415 fuerit
657 3346 900 3400 rotunda
919 3351 1044 3418 post
1069 3346 1274 3399 ostium
1300 3344 1647 3398 monumenti
1676 3343 1827 3397 intus

1912 3173 2270 3236 perseverant
2284 3165 2360 3237 pii
2386 3166 2616 3231 amoris,
2650 3170 3036 3238 exspectantes
3058 3168 3205 3239 quod
3229 3168 3499 3240 promise-

1909 3260 1997 3308 rat
2028 3254 2463 3324 benignissimus
2501 3256 2683 3309 Iesus.
2744 3256 2889 3320 Quia
2920 3254 3016 3329 qui
3061 3256 3503 3330 pe'rseveraVerit

1909 3359 2087 3415 usque
2112 3343 2169 3397 in
2199 3343 2388 3408 ﬁnem,
2421 3344 2512 3397 hic
2537 3345 2722 3398 salvus
2752 3340 2878 3399 erit.

218 3436 376 3491 infra
406 3453 605 3507 rupem
637 3434 1010 3489 vastissimam
1036 3434 1282 3505 praecisa,
1316 3438 1492 3487 tanae
1512 3432 1826 3486 altitudinis

216 3532 281 3581 ut
308 3526 470 3579 intra
497 3532 652 3579 stans
690 3524 856 3579 homo
902 3523 988 3577 vix
1020 3540 1188 3577 manu
1219 3528 1443 3577 extenta
1485 3521 1661 3593 possit
1706 3521 1828 3591 ejus

217 3616 453 3670 culmen
483 3615 799 3685 attingere;
832 3618 890 3668 et
912 3618 998 3667 est
1018 3613 1156 3666 illud
1177 3612 1385 3666 ostium
1407 3610 1476 3665 ab
1493 3609 1823 3673 oriente,cui
1908 3614 2057 3672 tum,
2092 3610 2359 3663 dicentes:
2409 3610 2658 3675 Domine,
2710 3612 2986 3664 recordati
3034 3627 3228 3666 sumus
3266 3615 3399 3684 quia
3426 3630 3503 3669 se-

214 3706 370 3779 lapis
397 3704 490 3759 ille
520 3721 759 3775 magnus
804 3703 964 3757 valde
993 3702 1290 3757 advolutus
1322 3708 1490 3772 atque
1536 3699 1824 3771 oppositus
1905 3699 2102 3752 ductor
2130 3700 2223 3752 ille
2251 3699 2395 3751 dixit
2424 3696 2605 3751 adhuc
2632 3700 2814 3751 vivens
2846 3701 3004 3752 :Post
3034 3704 3140 3753 tres
3167 3699 3279 3755 dies
3317 3714 3501 3757 resur-

216 3794 355 3849 fuit.
387 3793 516 3848 Non
541 3793 703 3847 multi
728 3791 1007 3863 siquidem
1038 3791 1271 3863 lapides,
1305 3790 1402 3844 sed
1425 3806 1588 3852 unus,
1624 3795 1681 3843 et
1708 3786 1825 3859 ipse
1906 3804 2055 3855 gam,
2089 3792 2194 3841 etc.
2228 3786 2359 3841 Post
2390 3782 2735 3841 ParasCeven
2762 3791 2952 3840 autem
2984 3786 3294 3843 Sabbatum
3326 3790 3494 3855 est,id

1980 3432 2169 3486 Altera
2188 3438 2373 3485 autem
2405 3433 2510 3497 die.
2558 3449 2676 3501 qua?
2715 3438 2790 3487 est
2835 3439 2953 3502 post
2981 3436 3333 3503 Parasceven,
3374 3454 3499 3493 con-

1910 3525 2179 3574 venerunt
2200 3522 2478 3589 principes
2498 3522 2842 3576 sacerdotum
2867 3528 2915 3575 et
2944 3524 3212 3578 Pharisze'i
3240 3526 3314 3579 ad
3356 3528 3506 3581 Pila-

218 3899 501 3954 magnus;
538 3881 597 3936 in
632 3886 852 3936 tantum
883 3885 947 3935 ut
976 3882 1153 3951 major
1181 3886 1329 3935 esset
1356 3895 1524 3951 quam
1544 3876 1827 3949 possetin-

220 3970 558 4027 sidiantium
607 3970 786 4023 virtus
825 3968 935 4022 cito
997 3968 1297 4026 revolvere.
1350 3973 1450 4020 aut
1491 3966 1598 4020 levi
1644 3970 1819 4031 motu,

220 4061 483 4133 quamvis
513 4076 614 4131 per
639 4059 813 4129 longa
838 4057 1056 4116 saecula.
1092 4056 1161 4111 ab
1184 4057 1327 4110 ostio
1352 4055 1701 4110 monumenti
1722 4055 1823 4108 ali-

218 4151 351 4223 quis
382 4164 688 4203 removere.
744 4147 861 4201 Nec
919 4153 1108 4200 tamen
1136 4145 1275 4199 adeo
1318 4146 1497 4214 major
1525 4144 1629 4197 fuit
1656 4159 1822 4215 quam

219 4237 496 4293 fortitudo
509 4237 693 4308 angeli
718 4236 784 4290 de
815 4236 956 4290 crelo
974 4233 1481 4305 descendentis.qui
1508 4235 1689 4305 potuit
1708 4240 1824 4288 tam

1909 3881 1995 3930 est
2021 3874 2255 3948 septima
2285 3875 2443 3931 feria.
2497 3874 2772 3939 Quoniam
2803 3873 3105 3930 Parasceve
3132 3873 3324 3932 Graece
3350 3876 3496 3948 pra:

1902 3969 2122 4034 paratio
2154 3964 2370 4019 dicitur.
2406 3964 2527 4029 Quo
2551 3963 2714 4019 verbo
2747 3962 3061 4031 utebantur
3082 3966 3201 4035 jam
3229 3958 3365 4021 tunc
3393 3968 3493 4024 Ju-

1906 4052 2030 4119 daei,
2054 4053 2514 4108 conversantibus
2529 4053 2677 4107 inter
2698 4070 2792 4108 eos
2813 4054 2930 4125 jam
2951 4052 3177 4109 Graecis.
3205 4054 3274 4110 Et
3293 4054 3498 4113 dicitur

1906 4138 2239 4215 praeparatio
2270 4142 2632 4207 Paschmmon
2662 4143 2982 4197 Iudaeorum
3033 4148 3275 4212 tantum,
3328 4156 3498 4217 quam

1908 4241 1965 4288 et
1993 4233 2266 4296 omnium,
2291 4232 2423 4303 quia
2461 4238 2614 4286 sexto
2645 4230 2735 4286 die
2755 4232 3050 4287 cruciﬁxus
3085 4239 3172 4288 est
3197 4234 3491 4303 Dominus,

218 4328 331 4383 cito
354 4344 483 4381 eum
504 4326 860 4381 resolvereab
874 4329 1006 4379 ostio
1039 4327 1405 4391 monumenti,
1440 4329 1497 4377 et
1510 4339 1679 4394 super
1693 4340 1819 4377 eum
1842 4362 1886 4420 Β
1909 4324 2150 4395 quando,
2186 4323 2389 4376 Pascha
2422 4326 2677 4375 nostrum
2718 4332 2847 4375 vere
2876 4324 3197 4376 immolatus
3226 4329 3301 4378 est
3330 4322 3498 4380 libri.

218 4433 334 4472 non
357 4414 661 4479 lassus,sed
695 4432 760 4469 ex
783 4414 1048 4486 mysterio
1078 4413 1346 4468 terribilis
1372 4412 1821 4480 residere.Cujus

221 4504 600 4569 monumenti,
635 4503 767 4575 quia
788 4502 1057 4574 capimus
1085 4501 1324 4555 formam
1343 4501 1637 4555 etmodum
1670 4499 1819 4571 posi-

220 4590 398 4650 tionis
426 4594 498 4648 ad
529 4592 958 4663 intelligentiam
1008 4607 1241 4645 narrare
1268 4590 1560 4653 visionum,
1594 4596 1822 4643 necesse

221 4691 309 4740 est
340 4684 701 4755 explicemus.
735 4681 870 4736 Erat
897 4679 1068 4747 enim,
1110 4687 1171 4735 ut
1221 4680 1355 4743 dixi,
1405 4679 1672 4733 introitus
1703 4679 1821 4748 ejus

222 4771 295 4830 ab
327 4774 567 4839 oriente,
603 4788 669 4827 ac
705 4769 908 4826 deinde
954 4757 1092 4824 illud
1130 4768 1575 4840 ingredientibus
1614 4772 1737 4821 erat
1790 4778 1825 4820 a

224 4858 441 4919 dextris
469 4862 564 4917 ille
589 4862 744 4916 locus
774 4860 833 4915 in
860 4865 1020 4931 parte
1048 4856 1347 4929 aquilonis,
1381 4858 1475 4929 qui
1505 4855 1825 4929 specialiter

221 4951 506 5009 Dominici
534 4950 782 5023 corporis
806 4954 1034 5021 receptu
1065 4953 1296 5020 paratus
1326 4951 1447 5010 est;
1471 4951 1686 5018 septem
1708 4945 1821 5017 qui-

222 5043 356 5098 dem
386 5040 624 5114 pedibus
653 5040 870 5110 longus,
894 5038 1064 5093 trium
1078 5054 1205 5093 vero
1228 5045 1490 5091 mensura
1509 5036 1824 5107 palmarum

224 5131 451 5203 reliquo
481 5128 798 5201 pavimento
829 5126 1184 5182 eminentior.
1218 5124 1324 5190 Qui
1355 5142 1466 5180 non
1510 5123 1825 5195 vulgarium

226 5236 389 5277 more
406 5218 791 5291 sepulcrorqu
822 5217 1064 5288 desuper
1105 5214 1328 5287 patulus
1358 5212 1507 5268 idem
1532 5214 1710 5269 factus
1740 5218 1827 5267 est

224 5309 513 5375 locus,sed
535 5324 569 5361 a
588 5308 765 5362 latere
793 5304 1128 5368 meridiano,
1155 5320 1254 5376 per
1273 5308 1453 5358 totum
1483 5320 1517 5356 a
1536 5318 1646 5374 qua
1665 5305 1824 5374 parte

227 5415 438 5469 corpus
487 5402 675 5467 posset
721 5394 949 5465 imponi.
1013 5394 1087 5448 Ex
1119 5409 1228 5463 quo
1268 5392 1614 5446 manifestius
1644 5397 1828 5463 potest

225 5486 491 5556 intelligi,
518 5484 664 5556 quod
692 5485 910 5538 Marcus
924 5476 1021 5544 ait,
1044 5482 1176 5552 quia
1192 5484 1527 5535 introeuntes
1554 5484 1615 5534 in
1636 5486 1828 5533 manu;

226 5566 486 5631 mentum
501 5573 767 5630 mulieres
785 5573 1044 5628 uiderunt
1056 5576 1319 5642 juvenem
1343 5572 1610 5626 sedentem
1623 5572 1686 5624 in
1706 5571 1829 5624 deat-

1903 4418 2016 4466 stus
2040 4414 2093 4479 (I
2126 4412 2246 4466 Cor.
2282 4428 2331 4477 v,
2363 4411 2437 4478 7).
2493 4409 2626 4473 Quae
2665 4424 2795 4463 vero
2848 4406 2967 4463 dies
2989 4409 3116 4478 jure
3159 4410 3497 4483 preparatio

1904 4500 2151 4565 vocatur,
2176 4499 2318 4570 quia
2363 4516 2428 4552 eo
2466 4498 2524 4552 in
2572 4496 2662 4551 die
2708 4503 2912 4551 nostrae
2955 4496 3149 4553 salutis
3182 4508 3497 4573 prmparata

1904 4586 2036 4645 sunt
2064 4589 2254 4644 omnia
2281 4590 2650 4643 sacramenta.
2684 4585 2800 4641 Nec
2827 4587 3123 4643 suffecerat
3150 4589 3493 4666 principibus

1905 4682 2017 4734 sac.
2036 4677 2260 4732 rdotum
2283 4682 2339 4731 et
2378 4675 2583 4731 Scribis
2613 4675 2953 4730 crucifix‘isse
2980 4677 3279 4733 DOminum
3308 4676 3498 4736 Salva-

1903 4775 2103 4830 torem,
2136 4766 2244 4821 nisi
2274 4760 2590 4837 sepulcrum
2621 4764 2744 4836 ejus
2790 4765 3157 4834 custodirent,
3210 4768 3499 4825 cohortem

1907 4876 1941 4912 a
1969 4856 2149 4913 Pilato
2179 4856 2515 4927 acciperent,
2542 4852 2945 4925 signarentque
2985 4855 3248 4927 lapidem,
3283 4858 3380 4929 qui
3409 4859 3499 4912 vix

1906 4964 1940 5001 a
1969 4946 2161 5002 multis
2192 4944 2465 5000 removeri
2494 4948 2702 5016 posset.
2739 4943 2807 4998 Et
2831 4949 3103 5016 quantum
3136 4944 3194 5000 in
3225 4945 3337 5000 illis
3370 4947 3496 5017 fuit,

1905 5036 2088 5091 omnis
2116 5036 2233 5090 haec
2260 5033 2552 5106 diligentia
2580 5033 2820 5105 sepulcri
2851 5050 3051 5106 parum
3078 5041 3216 5101 erat,
3250 5034 3358 5090 nisi
3380 5042 3500 5107 ma-

1908 5141 2044 5179 num
2075 5127 2420 5196 opponerent
2448 5122 2783 5195 resurgenti,
2816 5128 3093 5196 quatenus
3134 5128 3249 5178 tam
3273 5122 3498 5181 evidens

1906 5212 2196 5285 diligentia
2224 5218 2426 5268 nostrae
2469 5212 2599 5267 ﬁdei
2632 5212 2927 5283 proﬁceret
2957 5213 3324 5268 incremento.
3355 5212 3503 5278 Quia

1906 5308 2115 5374 quanto
2155 5301 2332 5371 magis
2378 5300 2725 5360 observatur.
2774 5307 2933 5355 tanto
2962 5300 3204 5373 amplius
3250 5312 3501 5359 resurre-

1907 5390 2107 5447 ctionis
2126 5390 2302 5444 virtus
2352 5388 2684 5444 ostenditur.
2745 5389 2902 5444 Unde
2958 5392 3107 5444 etin
3152 5397 3505 5447 manu-mento

1911 5495 2065 5535 noro.
2099 5479 2245 5548 quod
2278 5478 2521 5532 excisum
2553 5477 2737 5532 fuerat
2764 5476 2822 5531 in
2850 5482 3027 5548 petra.
3050 5478 3305 5532 conditus
3321 5482 3409 5534 est
3426 5478 3508 5532 di-
3542 5466 3543 5469 η

1909 5564 2038 5623 vina
2059 5583 2128 5623 ex
2166 5565 2538 5639 providentia,
2572 5572 2643 5622 ne
2674 5564 2789 5622 una
2818 5566 2977 5627 fraus
3004 5564 3314 5625 mentiendi
3346 5564 3415 5622 de
3444 5564 3509 5623 ei)
