3918 6166
480 221 582 275 975

1250 214 1305 267 S.
1350 212 1724 267 PASCIIASII
1757 209 2116 264 RADBERTI
2156 210 2456 265 AIlIlA'FIS
2495 210 2986 265 CORBEIENSIS.

3556 219 3635 273 ξηιλ

472 351 653 406 locum
684 347 933 404 haberet.
968 345 1113 410 Quia
1141 344 1185 398 si
1218 360 1283 398 ex
1312 339 1503 395 multis
1532 336 1809 408 lapidibus
1825 336 2273 397 mdiﬁca-Acare
2322 353 2379 390 se
2440 335 2509 389 ab
2558 335 2846 406 impietate
2880 351 3001 401 sua,
3034 337 3125 392 sed
3156 343 3273 409 post
3293 339 3394 395 haec
3414 343 3567 397 omnia
3588 363 3650 399 se-

470 445 592 493 tum
612 442 775 501 esset,
800 434 1050 489 suffossis
1067 432 1265 486 tumuli
1284 428 1660 484 fundamentis
1680 427 1900 479 ablatus
1918 427 2061 479 furto

470 528 667 596 utique
694 526 992 579 diceretur.
1024 524 1183 576 Nunc
1214 525 1400 572 autem
1433 519 1486 570 in
1519 533 1584 570 eo
1616 516 1784 569 etiam
1819 515 2063 585 prephe-

468 614 561 669 tiae
590 614 928 684 adimpletur
958 608 1340 663 testimonium
1368 605 1630 659 dicentis:
1660 604 1759 657 llic
1792 603 2061 656 habitavit

468 703 526 757 in
556 704 769 757 excelsa
795 702 1059 771 spelunca
1088 704 1258 768 petra:
1288 695 1621 748 fortissimae.
1670 693 1828 746 Unde
1859 699 1915 746 et
1946 699 2061 749 sta-

465 793 566 847 tim
595 796 719 862 post
746 791 885 844 duos
912 787 1213 840 versiculos
1245 786 1300 838 in
1334 785 1527 837 eodem
1554 782 1853 852 sequitur|
1886 786 2063 845 [9—9

462 881 604 942 loco,
636 895 825 948 regem
857 894 984 930 cum
1012 877 1192 945 gloria
1218 873 1495 935 videbitis,
1532 889 1653 942 quas
1685 876 1770 923 est
1792 887 1917 923 vere
1944 870 2061 938 glo-

460 968 547 1022 ria
576 966 947 1035 resurgentis.
1007 964 1114 1018 Sed
1162 980 1295 1033 quia
1324 961 1600 1015 calliditas
1651 952 1968 1013 Iudaeorum
2002 957 2058 1010 in

460 1055 722 1110 omnibus
751 1070 973 1125 semper
997 1060 1180 1106 astute
1202 1068 1369 1121 agerc
1402 1057 1655 1113 conatur,
1688 1054 1908 1118 oportet
1929 1064 2056 1100 con-

457 1144 707 1199 siderare
730 1142 1010 1214 quomodo
1051 1140 1330 1211 impietas,
1362 1145 1418 1192 et
1446 1138 1599 1191 fraus
1638 1137 1754 1189 suis
1780 1153 1838 1189 se
1869 1135 2054 1205 impu-

452 1239 593 1303 gnat
613 1232 816 1288 verbis.
842 1232 1046 1286 Dicunt
1070 1230 1221 1283 enim
1250 1227 1458 1281 dixisse
1496 1225 1799 1280 Dominum
1821 1242 1831 1276 :
1852 1222 2056 1279 Soluite

456 1326 722 1391 templum
742 1322 857 1381 hoc,
874 1326 921 1373 et
934 1324 1050 1388 post
1076 1320 1330 1371 triduum
1353 1316 1683 1382 rewdiﬁcabo
1706 1315 1852 1367 illud
1868 1315 2048 1378 (Joan.

454 1425 513 1477 It,
539 1410 646 1475 19).
680 1410 839 1465 Unde
855 1414 912 1463 et
936 1412 1201 1462 accusant
1224 1422 1354 1460 eum
1380 1421 1443 1458 ac
1464 1404 1510 1457 si
1534 1402 1658 1456 falsi
1680 1408 1866 1455 testes:
1903 1417 2051 1454 nunc

453 1506 642 1554 autem
663 1515 855 1553 rursus
872 1515 902 1551 e
922 1496 1202 1550 contrario
1220 1496 1664 1564 interpretantur
1678 1491 1815 1544 illud
1834 1490 2045 1543 dictum

2144 425 2387 477 cundum
2433 424 2702 477 duritiam
2758 425 2941 477 cordis
2973 425 3058 478 sui
3086 426 3430 483 thesaurizare
3454 430 3539 485 sibi
3557 434 3649 502 jam

2145 522 2201 569 et
2230 513 2672 583 indignationem
2702 513 2760 565 in
2790 513 2879 566 die
2908 513 3023 577 irae,
3041 520 3097 566 et
3124 515 3433 570 revelatione
3450 519 3563 587 justi
3577 522 3650 589 ju-

2145 603 2276 656 dicii
2313 601 2429 655 Dei.

2221 692 2376 754 (CAP.
2433 691 2713 753 XXVIII.)
2757 692 2965 758 Vespere
2994 697 3176 745 autem
3219 691 3441 757 Sabbati',
3473 700 3653 763 qualu-

2145 784 2299 834 cescit
2333 784 2392 833 in
2418 783 2609 848 prima
2640 781 2882 844 Sabbati,
2916 783 3065 833 venit
3118 782 3291 834 Maria
3329 784 3596 849 Magdalene
3618 792 3653 838 et

2141 874 2321 923 altera
2336 870 2541 931 Maria,
2575 871 2757 921 videre
2784 869 3393 935 sepulcmm.Quantum
3411 873 3655 937 sentio,mi-

2141 974 2266 1011 rum
2294 957 2677 1011 etinauditum
2710 957 2972 1028 loquendi
3001 958 3181 1012 oritur
3204 975 3388 1028 genus.
3420 961 3525 1014 Non
3542 963 3654 1016 enim

2142 1046 2285 1100 hanc
2314 1046 2498 1100 saeculi
2529 1046 2646 1099 dies
2672 1047 2825 1099 novit
2854 1063 3163 1117 vesperam,
3196 1064 3295 1101 nec
3325 1049 3477 1103 habet
3504 1051 3653 1104 mundi

2138 1152 2291 1200 usus,
2325 1134 2459 1205 quia
2484 1151 2715 1204 vespera
2745 1134 2869 1187 ﬁnit
2897 1140 2954 1188 et
2982 1152 3093 1189 non
3119 1136 3338 1190 inchoat
3360 1137 3487 1191 diem
3506 1155 3518 1206 ;
3536 1146 3657 1193 tene-

2141 1222 2345 1277 brescit
2385 1240 2606 1294 quoque
2639 1229 2696 1277 et
2724 1240 2835 1277 non
2867 1223 3157 1278 illucescit.
3191 1226 3342 1280 Unde
3386 1233 3437 1281 et
3478 1228 3658 1282 Genesis

2137 1317 2323 1366 servat
2350 1311 2603 1365 ordinem
2638 1319 2874 1377 naturae,
2906 1318 2954 1366 et
2973 1315 3187 1380 [actum
3216 1320 3305 1379 est,
3328 1314 3507 1385 inquit,
3536 1333 3657 1369 mane

2133 1418 2199 1455 ac
2250 1418 2457 1469 vespere
2486 1403 2597 1454 dies
2632 1417 2747 1454 una
2783 1402 2934 1471 (Gen.
2966 1416 3005 1467 Ι,
3034 1403 3109 1467 5),
3144 1402 3222 1455 sic
3276 1408 3331 1457 et
3356 1404 3418 1458 de
3452 1404 3652 1474 reliquis,

2133 1489 2240 1543 nisi
2293 1489 2441 1560 quod
2502 1489 2831 1555 Sabbatum,
2859 1490 2915 1543 id
2943 1498 3028 1544 est
3056 1492 3293 1561 septima
3319 1492 3445 1557 dies,
3472 1509 3572 1562 qua:
3590 1509 3656 1546 re-

453 1588 523 1642 de
552 1588 831 1642 solutione
859 1602 924 1640 ac
953 1583 1368 1639 resurrectione
1397 1581 1643 1652 corporis
1678 1580 1783 1633 sui.
1828 1579 1950 1642 Qua
1979 1579 2048 1631 de
2070 1649 2101 1652 _
2133 1578 2291 1649 quies
2346 1595 2467 1632 esse
2518 1578 2739 1641 dicitur,
2772 1579 2942 1632 habet
2968 1596 3133 1633 mane
3171 1581 3288 1635 sine
3316 1581 3421 1634 ullo
3455 1598 3651 1652 vespere.

452 1693 623 1731 causa
646 1676 790 1730 ratio
811 1682 918 1743 est,
937 1690 1186 1745 quaerere
1199 1689 1299 1743 per
1319 1672 1435 1725 haec
1454 1649 1618 1724 verba
1644 1685 1813 1740 quam
1830 1674 2048 1721 versute
2070 1649 2113 1709 Β
2135 1667 2277 1731 Quia
2315 1666 2561 1737 profecto
2584 1683 2816 1738 vespera
2836 1666 3063 1721 Sabbati
3090 1667 3217 1739 ipsa
3245 1675 3329 1722 est
3357 1669 3410 1723 in
3437 1649 3651 1739 mysterio

452 1771 642 1836 agant.
676 1764 738 1820 Si
767 1765 917 1819 enim
948 1764 1018 1817 de
1034 1761 1445 1816 resurrectione
1467 1776 1569 1813 sua
1592 1765 1725 1812 tunc
1746 1757 1826 1811 sic
1852 1755 2052 1809 intelli-

447 1854 657 1926 gebant
688 1854 920 1918 dictum,
954 1851 1234 1922 quomodo
1262 1848 1646 1903 testimonium
1666 1847 1933 1900 adversus
1961 1845 2049 1926 ipf

447 1922 574 1998 sum
604 1942 833 2008 dabant,
868 1941 1016 2012 quod
1046 1941 1151 1994 hoc
1182 1940 1251 1993 de
1282 1938 1492 2009 templo
1523 1937 1618 1990 illo
1648 1935 1853 1989 dixerit
1900 1922 2049 2005 quod

2134 1773 2251 1825 qua:
2275 1760 2490 1811 lucescit
2524 1759 2584 1809 in
2622 1760 2815 1825 prima
2866 1755 3111 1823 Sabbati,
3149 1775 3259 1812 non
3289 1764 3351 1813 ut
3373 1765 3560 1813 noctem
3585 1776 3657 1830 pa-

2133 1844 2260 1910 riat,
2296 1845 2587 1915 noctisque
2608 1844 2681 1898 sit
2707 1846 3012 1910 mater,sed
3025 1853 3089 1901 ut
3108 1847 3357 1901 ordinem
3384 1854 3540 1903 mutet
3555 1847 3653 1901 dum

2134 1934 2389 2004 agnoscit
2440 1940 2749 2000 auctorem,
2809 1940 2865 1988 et
2892 1940 3013 1988 tota
3059 1935 3327 1990 clarescat
3354 1936 3409 1991 in
3449 1937 3586 1990 diem.
3610 1935 3659 1990 Et

448 2039 571 2088 erat
598 2032 971 2087 aediﬁcatum?
1010 2034 1109 2083 aut
1155 2028 1201 2081 si
1237 2028 1354 2082 haec
1401 2043 1526 2080 vere
1555 2025 1635 2078 ita
1665 2021 2053 2092 intelligebant
2134 2038 2244 2076 non
2270 2022 2329 2076 in
2350 2021 2659 2093 quamlibet
2687 2023 2855 2087 diem,
2891 2023 2986 2077 sed
3014 2025 3073 2077 in
3103 2041 3228 2078 eam
3262 2042 3421 2096 quam
3445 2025 3556 2079 fecit
3576 2024 3657 2078 Do-

447 2122 673 2189 dixisse,
701 2119 981 2192 quomodo
1011 2117 1199 2172 testati
1230 2121 1362 2171 sunt
1394 2116 1659 2169 adversus
1691 2112 1867 2167 eum?
1899 2111 2047 2165 unde
2133 2111 2321 2165 minus
2352 2118 2510 2165 extra
2557 2128 2780 2165 omnem
2803 2111 2973 2180 diem;
3006 2118 3071 2167 ut
3093 2113 3300 2168 serviat
3320 2130 3423 2168 non
3450 2112 3655 2184 tempori,

448 2211 632 2266 sciunt
659 2209 844 2271 modo,
878 2207 1027 2278 quod
1059 2206 1281 2260 dixerit.
1314 2205 1448 2259 Post
1466 2210 1582 2257 tres
1597 2202 1717 2255 dies
1747 2218 1779 2255 a
1812 2199 2050 2254 mortuis
2134 2200 2229 2253 sed
2260 2200 2457 2253 factori
2498 2217 2598 2254 suo
2639 2206 2697 2254 et
2726 2202 2964 2255 creatori
2988 2202 3247 2257 omnium
3278 2203 3586 2258 seculorum.
3612 2202 3659 2256 Et

448 2297 767 2368 resurgam?
781 2299 843 2351 In
857 2304 1096 2366 utroque
1111 2295 1263 2349 enim
1284 2294 1411 2347 dolo
1443 2293 1489 2347 si
1518 2291 1968 2353 inveniuntur,et
1992 2289 2049 2341 in
2133 2287 2258 2342 ideo
2282 2294 2401 2342 tota
2427 2290 2544 2343 haec
2571 2289 2777 2343 locutio
2806 2290 2992 2344 radiat
3011 2290 3068 2344 in
3109 2292 3394 2363 mysterio,
3423 2290 3661 2363 respondet

449 2394 691 2458 utroque
724 2385 974 2440 veritatis
1002 2384 1235 2438 inimici.
1270 2384 1377 2437 Per
1407 2382 1523 2435 haec
1549 2380 1699 2434 enim
1723 2378 1888 2432 verba
1938 2377 2045 2448 ipsi
2128 2375 2187 2429 in
2239 2378 2503 2443 novitate,
2562 2378 2790 2431 anhelat
2816 2379 3069 2448 gaudens
3099 2396 3361 2434 auroram
3395 2380 3515 2434 lucis
3539 2377 3658 2432 exhi-

446 2476 832 2532 testimonium
854 2491 1018 2527 suum
1038 2473 1434 2538 condemnant;
1451 2470 1714 2541 quoniam
1738 2484 1865 2522 vere
1886 2466 2046 2520 intel-
2128 2464 2279 2529 bere,
2311 2472 2373 2519 ut
2410 2472 2525 2519 tota
2556 2466 2829 2520 clarescat
2867 2484 3116 2538 vespera,
3153 2486 3278 2539 quae
3306 2467 3492 2522 accidit
3515 2467 3563 2520 in
3589 2482 3658 2520 oc-

446 2562 684 2635 ligentes
712 2564 781 2617 de
828 2562 1237 2615 resurrectione
1266 2559 1514 2629 corporis
1562 2558 1649 2611 sui
1701 2557 1796 2610 illa
1837 2555 2040 2619 dicere,
2128 2570 2320 2608 casum
2352 2555 2483 2609 solis
2536 2555 2592 2609 in
2625 2556 2807 2625 prima
2831 2555 3081 2621 Sabbati,
3134 2574 3259 2628 quae
3284 2566 3365 2612 est
3393 2557 3499 2611 dies
3523 2556 3659 2620 lucis;

443 2660 683 2708 sc1entes
702 2650 1242 2707 converteruntillud
1266 2649 1322 2702 in
1340 2647 1762 2709 calumniam,et
1783 2644 2044 2698 dixerunt
2127 2643 2265 2709 dies,
2290 2643 2545 2715 inquam,
2568 2644 2725 2705 lucis.
2751 2662 2873 2715 quae
2902 2646 3119 2700 nullum
3152 2645 3308 2701 novit
3324 2643 3662 2700 occasum.Pri-

447 2759 513 2797 ex
532 2741 915 2797 destructione
948 2747 1004 2792 et
1032 2737 1387 2809 reparatione
1413 2736 1565 2789 illius
1586 2734 1781 2804 templi
1815 2750 1943 2786 eum
1975 2749 2043 2786 ea
2127 2749 2221 2785 ma
2249 2732 2421 2803 igitur
2442 2732 2668 2787 Sabbati
2707 2734 2826 2787 dies
2856 2734 3152 2789 Dominica
3183 2752 3333 2790 nunc
3359 2734 3557 2795 dicitur,
3571 2748 3662 2804 qua

442 2831 667 2886 dixisse.
704 2830 902 2884 Adhuc
931 2828 1099 2880 aliam
1128 2826 1484 2879 considerare
1511 2830 1731 2893 oportet
1759 2821 2036 2874 fraudem.
2124 2821 2308 2892 prima
2337 2822 2559 2876 condita
2587 2828 2671 2876 est
2703 2822 2760 2876 in
2794 2823 3083 2894 principio,
3128 2830 3187 2878 et
3210 2826 3389 2896 prima
3418 2823 3592 2877 meruit
3609 2820 3663 2873 vi-

446 2919 737 2976 Sienimin
758 2916 1052 2971 manifesto
1070 2912 1624 2968 hominibusdicebat
1640 2918 1763 2982 post
1787 2916 1901 2964 tres
1922 2910 2040 2963 dies
2123 2909 2255 2963 dere
2300 2910 2599 2965 Dominum
2649 2918 3058 2981 resurgentem.
3101 2913 3237 2984 Ipsa
3292 2914 3501 2985 quidem
3546 2910 3664 2983 prior

441 3024 478 3061 a
502 3007 741 3061 mortuis
764 3009 1211 3059 resurrecturum
1234 3018 1313 3065 se,
1331 3000 1610 3072 quomodo
1634 3000 1715 3052 vel
1738 2998 2037 3052 verisimile
2055 3005 2099 3065 C
2123 2998 2333 3052 mundo
2355 2999 2689 3070 principium
2712 3000 3127 3071 dedit,ipsaque
3153 3019 3252 3073 per
3266 3002 3530 3057 Christum
3546 2999 3663 3070 prior

440 3095 616 3149 videri
636 3099 821 3165 potest
833 3091 980 3162 quod
1000 3097 1214 3144 secreto
1240 3089 1588 3143 mandaverit
1601 3088 1885 3159 discipulis
1899 3087 2033 3152 suis,

440 3187 506 3237 ut
534 3181 790 3236 furentur
819 3196 949 3234 eum
975 3184 1161 3243 noctu,
1187 3184 1244 3231 et
1263 3178 1453 3231 dicant
1482 3184 1609 3248 post
1630 3188 1745 3230 tres
1762 3176 1881 3230 dies
1906 3177 2037 3247 quia

439 3270 730 3325 surrexita
758 3268 996 3323 mortuis
1012 3269 1037 3321 ’ἶ
1058 3267 1166 3321 Sed
1188 3267 1291 3320 hoc
1314 3283 1377 3319 ex
1410 3266 1511 3320 hoc
1532 3266 1653 3336 ipso
1704 3264 2032 3318 incredibile

438 3359 730 3433 probatur,
757 3364 818 3414 ut
844 3360 925 3413 eis
950 3364 1077 3430 post
1104 3362 1319 3411 tantam
1343 3356 1655 3410 doctrinam
1680 3354 1789 3408 ista
1808 3354 2028 3422 dixerit,

440 3466 611 3522 quam
636 3450 693 3503 in
723 3448 927 3520 populo
958 3446 1149 3501 docuit
1177 3446 1436 3500 universo
1464 3464 1475 3508 ;
1500 3452 1627 3516 post
1654 3450 1843 3498 tantas
1870 3445 2034 3499 tales-

440 3555 548 3611 que
578 3539 812 3593 virtutes
842 3553 981 3608 quas
1001 3536 1060 3589 in
1082 3535 1234 3589 omni
1263 3535 1456 3589 Judaea
1484 3550 1670 3587 coram
1715 3533 2034 3587 hominibus

438 3628 702 3695 ostendit,
763 3632 829 3681 ut
862 3626 1082 3680 falleret
1148 3624 1448 3694 discipulos
1491 3639 1621 3677 suos
1676 3622 1875 3676 verbis.
1914 3623 2038 3686 Qua

435 3717 621 3772 fronte
678 3716 854 3787 igitur
882 3715 1031 3769 ullus
1061 3714 1383 3767 mortalium
1414 3713 1524 3766 ista
1549 3712 1741 3766 dicet?
1796 3712 1880 3765 vel
1913 3728 2034 3782 qua:

435 3807 653 3861 utilitas
681 3806 741 3860 in
772 3811 953 3859 morte
983 3809 1397 3857 monstraretur
1422 3801 1598 3873 ipsius
1625 3801 1649 3853 ?
1675 3817 1777 3854 nec
1797 3800 2032 3854 dubium

436 3896 571 3967 quin
588 3895 694 3965 ipsi
712 3893 971 3964 discipuli
991 3892 1069 3946 sic
1089 3890 1341 3946 exterriti
1356 3891 1464 3945 ista
1484 3906 1596 3944 non
1614 3889 1863 3943 facerent
1883 3889 2031 3960 quod

436 3982 760 4036 mandabat.
806 3982 1046 4035 Maxime
1106 3984 1336 4050 propter
1392 3977 1702 4049 periculum
1745 3977 1894 4048 quod
1950 3978 2031 4031 eis

434 4069 767 4125 imminebat
798 4068 867 4122 ab
898 4069 977 4122 eis
1001 4066 1366 4138 deprehensis
1396 4066 1442 4119 si
1465 4066 1569 4120 hoc
1599 4066 1863 4120 facerent.
1898 4068 2031 4121 Pro-

433 4165 630 4232 pterea
651 4174 841 4212 verum
863 4164 948 4211 est
967 4174 1035 4211 ex
1046 4157 1235 4210 divina
1255 4154 1622 4227 providentia,
1648 4158 1794 4227 quod
1816 4158 1874 4211 in
1895 4174 2031 4228 prte-

428 4246 706 4319 judicium
754 4262 917 4299 suum
957 4246 1069 4298 ista
1101 4245 1379 4314 principes
1413 4245 1764 4299 sacerdotum
1796 4246 2031 4317 loquun-

2121 3087 2372 3157 reparari
2402 3088 2734 3158 promeruit.
2793 3089 2898 3143 Sed
2927 3094 3073 3159 quod
3106 3092 3457 3162 evangelistze
3484 3089 3661 3143 diversa

2120 3177 2417 3230 mulierum
2455 3177 2781 3231 describunt
2808 3184 3209 3249 tempora,non
3241 3178 3504 3234 mendacii
3521 3182 3658 3241 est,ut

2117 3264 2276 3336 impii
2300 3266 2734 3333 calumniantur,
2763 3269 2860 3320 sed
2901 3267 3108 3322 sedula:
3142 3269 3469 3323 visitationis
3509 3281 3663 3321 earum

2118 3355 2507 3413 oﬂicium.Nec
2535 3356 2726 3427 itaque
2750 3356 3030 3410 diversum
3051 3365 3140 3411 est
3170 3359 3318 3429 quod
3340 3353 3663 3420 senﬁuntsed

2116 3460 2291 3498 unum
2317 3444 2671 3515 atqueidem,
2698 3451 2763 3499 ut
2789 3446 2956 3516 paulo
2982 3446 3108 3517 plus
3140 3465 3311 3519 quam
3332 3446 3512 3502 mediae
3525 3442 3664 3499 noctis

2116 3533 2471 3603 intelligatur
2496 3540 2740 3605 tempus,
2779 3534 2928 3605 quod
2966 3541 3052 3589 est
3092 3538 3377 3607 gallorum
3402 3542 3595 3598 cantus,
3621 3536 3665 3586 et

2119 3638 2248 3676 eum
2270 3622 2502 3677 diversis
2528 3623 2881 3694 appellavere
2904 3624 3536 3681 nominibusMatthteus
3548 3622 3664 3677 enim

2118 3711 2328 3779 scribit,
2396 3715 2605 3781 Vespere
2660 3711 2906 3781 Sabbati,
2961 3731 3062 3785 pro
3091 3731 3160 3769 eo
3188 3716 3337 3788 quod
3366 3720 3448 3770 est
3471 3730 3594 3777 sero,
3621 3710 3663 3765 id

2115 3807 2202 3855 est
2224 3817 2337 3854 non
2362 3801 2669 3873 incipiente
2708 3808 2891 3867 nocte,
2923 3802 3022 3857 sed
3043 3804 3168 3874 jam
3199 3804 3470 3876 profunda
3496 3808 3544 3857 et
3570 3815 3662 3855 ma-

2111 3906 2226 3959 gna
2253 3906 2317 3944 ex
2348 3896 2507 3961 parte
2538 3896 2839 3957 transacta,
2871 3892 3204 3963 apparuisse
3257 3892 3438 3948 Mariae
3483 3887 3665 3960 Magda-

2114 3978 2273 4044 lenaz,
2306 3979 2391 4032 vel
2442 3979 2658 4033 venisse
2700 3996 2794 4033 eas
2825 3981 3007 4035 videre
3033 3983 3374 4050 sepulcrum.
3404 3980 3537 4045 Quia
3562 3976 3664 4031 licet

2124 4073 2357 4134 ισιθι
2417 4084 2561 4134 sero,
2595 4074 2785 4123 tamen
2814 4068 2873 4122 in
2917 4068 3039 4140 ipsa
3064 4086 3301 4142 vespera
3329 4069 3519 4142 prioris
3559 4064 3664 4122 Sab-

2114 4156 2249 4217 bati,
2283 4174 2400 4227 qua
2429 4161 2649 4211 lucescit
2679 4161 2742 4212 in
2786 4161 2979 4227 prima
3006 4158 3257 4228 Sabbati,
3302 4161 3573 4223 venerunt,
3601 4156 3664 4209 ita

2114 4252 2176 4300 ut
2203 4246 2463 4317 deinceps
2491 4245 2549 4300 in
2578 4247 2733 4301 Novo
2762 4247 3143 4317 Testamento,
3178 4266 3289 4304 non
3310 4254 3561 4322 sequatur
3574 4258 3661 4300 nox

430 4342 545 4402 tur,
571 4344 629 4390 et
655 4335 724 4389 ad
754 4334 1223 4388 corroborandam
1255 4332 1420 4385 ﬁdem
1448 4341 1719 4400 nostram,
1748 4341 1811 4387 ut
1840 4346 1897 4388 et
1922 4331 2093 4405 ipsiD
2116 4336 2283 4402 diem,
2304 4337 2402 4389 sed
2426 4336 2720 4407 praecedat.
2750 4336 2893 4400 Quia
2907 4338 3409 4409 juxtaApostolum
3439 4354 3537 4392 nox
3550 4350 3660 4403 pra-

428 4423 490 4479 in
518 4424 780 4479 omnibus
801 4419 1200 4475 inexcusabiles
1232 4420 1387 4483 ﬁant,
1422 4425 1480 4471 et
1505 4420 1663 4473 nobis
1688 4420 1743 4473 in
1764 4423 1916 4475 nullo
1937 4440 2029 4476 re-

432 4522 689 4568 maneret
712 4513 826 4566 ulla
854 4508 1132 4563 dubietas.
1165 4508 1450 4562 Adhibent
1469 4510 1745 4575 custodes,
1771 4511 2028 4581 signatur

429 4602 573 4673 lapis
604 4602 785 4671 sigillo
816 4600 1117 4669 sculptura:
1148 4615 1280 4665 suae,
1315 4604 1371 4651 et
1404 4598 1629 4652 veniunt
1680 4602 1793 4653 haec
1834 4603 2027 4655 omnia

444 4690 607 4743 nobis
644 4691 713 4743 ad
751 4688 1133 4741 testimonium
1164 4688 1294 4740 ﬁdei
1316 4696 1542 4752 nostrae,
1588 4695 1645 4741 et
1671 4689 1780 4742 illis
1807 4690 1861 4742 in
1892 4707 2026 4744 con-

428 4779 844 4834 demnationem
878 4777 1123 4848 perﬁdiae
1152 4793 1285 4831 sine.
1317 4777 1737 4842 Verumtamen,
1774 4780 2026 4848 quamvis

425 4870 507 4923 ita
536 4869 859 4937 confingant
883 4867 1072 4920 omnia
1102 4873 1156 4919 et
1183 4865 1662 4937 componant,ipsi
1683 4869 2024 4937 sempersibi

421 4958 627 5014 conscii
657 4966 790 5012 sunt
818 4965 874 5008 et
909 4964 1078 5009 testes
1100 4955 1310 5009 fraudis
1340 4972 1470 5009 suae.
1506 4958 1909 5021 ιοευυυῃάε
1932 4975 2025 5011 γε..

2111 4429 2281 4490 Cessit,
2315 4427 2428 4478 dies
2448 4431 2633 4478 autem
2661 4430 3129 4495 appropinquavit
3159 4431 3335 4496 (Rom.
3368 4440 3487 4496 xm,
3529 4423 3662 4490 liuet

2109 4521 2243 4568 tunc
2273 4514 2466 4585 utique
2496 4514 2966 4585 appropinquavit
2980 4516 3204 4586 quando
3223 4517 3486 4571 Dominus
3511 4527 3661 4567 resur-

2111 4605 2269 4657 rexit.
2306 4603 2594 4673 Siquidem
2625 4620 2872 4673 vespere,
2906 4620 3019 4658 non
3048 4605 3331 4660 immerito
3363 4603 3660 4677 tropice,pro

2107 4699 2228 4746 tota
2278 4692 2549 4763 accipitur
2602 4701 2782 4746 nocte.
2837 4693 2901 4747 In
2954 4694 3115 4763 cujus
3165 4695 3346 4749 noctis
3372 4697 3493 4759 tine,
3524 4691 3662 4745 idest

2108 4797 2333 4852 vespere
2354 4780 2880 4847 Sabbati,venerunt
2906 4782 3150 4852 praefatae
3175 4784 3438 4838 mulieres
3472 4780 3535 4835 ad
3560 4793 3659 4833 mo-

2108 4878 2439 4924 numentum
2483 4870 2835 4924 illucescente
2851 4872 2970 4941 jam
3001 4873 3200 4926 eadem
3237 4871 3471 4927 noctein
3508 4869 3658 4941 prima

2108 4959 2352 5025 Sabbati,
2386 4977 2503 5023 seu,
2530 4966 2592 5013 ut
2620 4961 2675 5013 in
2699 4963 2892 5014 Graeco
2925 4960 3182 5026 habetur,
3213 4962 3271 5015 in
3302 4978 3411 5016 una
3440 4953 3655 5015 Sabbati.

423 5050 642 5103 nientes
701 5046 929 5118 quidam
992 5062 1054 5098 ex
1090 5045 1225 5114 ipsis
1273 5044 1601 5098 custodibus
1654 5046 1708 5098 in
1738 5045 2021 5100 civitatem
2104 5050 2293 5120 Ipsum
2327 5049 2499 5119 igitur
2530 5049 2892 5119 evangelista,
2926 5067 3154 5121 vespere
3178 5051 3565 5122 interpretatus
3587 5048 3657 5099 est

420 5138 840 5197 nuntiaverunt.
865 5151 973 5186 non
1002 5133 1145 5193 aliis,
1164 5133 1257 5185 sed
1296 5133 1427 5202 ipsis
1457 5133 1800 5204 principibus
1829 5154 2011 5190 sacer-
2101 5138 2325 5191 Sabbati
2375 5155 2499 5190 cum
2523 5137 2604 5191 ait
2625 5155 2743 5206 qua:
2773 5142 2993 5192 lucescit
3025 5142 3085 5193 in
3114 5143 3305 5208 prima
3351 5137 3579 5199 Sabbali,
3607 5126 3653 5183 id

418 5227 632 5288 dctum,
668 5224 857 5278 omnia
891 5238 1236 5292 quaecunque
1268 5212 1496 5274 fuerunt
1525 5223 1757 5285 facta,ut
1781 5243 1846 5278 ex
1862 5226 2013 5279 omni
2099 5236 2185 5280 est
2214 5227 2834 5297 appropinquantejam
2859 5228 2979 5282 luce
3001 5227 3284 5299 sequentis
3313 5227 3653 5281 dici.Verum-

415 5325 576 5385 parte
614 5312 1005 5366 inexcusabilis
1035 5326 1230 5364 eorum
1261 5310 1577 5363 inveniatur
1616 5312 1891 5383 impietas.
1930 5316 2008 5370 llli
2099 5324 2288 5370 tamen
2315 5326 2585 5387 quantum
2617 5317 2685 5369 de
2715 5317 2819 5369 hac
2859 5334 2917 5371 re
2947 5316 3300 5389 evangelista:
3328 5312 3646 5371 dissentiant,

412 5408 627 5471 tamen,
655 5401 909 5475 quamvis
939 5400 999 5454 in
1026 5397 1285 5455 omnibus
1315 5398 1395 5452 ita
1440 5400 1704 5465 conclusi,
1763 5419 1865 5457 nec
1929 5405 2009 5459 sic
2091 5406 2556 5461 considerandum
2586 5414 2697 5464 est.
2726 5406 2872 5471 Quia
2901 5409 3153 5479 quamvis
3180 5409 3471 5462 Matthaeus
3496 5403 3568 5459 ita
3583 5398 3651 5455 di-

414 5492 699 5567 suscipere
728 5491 1025 5549 voluerunt
1054 5486 1341 5550 Christum
1361 5486 1464 5545 Dei
1492 5487 1826 5562 Filium,nec
1844 5509 2005 5550 revo-
2089 5500 2197 5565 cat,
2225 5495 2392 5568 longe
2423 5495 2587 5552 aliter
2609 5496 2830 5553 Marcus
2846 5496 2916 5554 de
2936 5496 3042 5553 hac
3061 5498 3181 5571 ipsa
3215 5497 3511 5570 eademque
3537 5504 3646 5566 nar-
