3918 6166
242 298 367 358 977
949 270 1330 365 EXPOSITIO
1368 310 1446 366 IN
1484 310 1928 368 MA'I'I‘HEUM.
1975 343 2040 355 —
2078 314 2216 370 LIB.
2258 316 2383 381 XII,
2428 316 2584 371 CAP.
2624 316 2879 372 XXVIII.
3438 315 3544 375 978

240 445 384 484 rare
403 430 644 487 videtur.
657 435 724 488 Et
746 436 900 489 valde
924 451 1105 495 mane,
1123 433 1327 506 inquit,
1350 450 1468 488 una
1495 433 1862 490 Sabbatorum
1879 438 1929 497 A
1946 436 2167 502 dixerit,
2203 454 2372 508 quam
2400 455 2523 493 sero
2548 458 2561 506 ;
2608 447 2665 495 et
2701 458 2829 496 eum
2872 441 2968 513 qui
3004 442 3405 513 interpretatus
3434 449 3539 513 est,

244 522 487 574 veniunt
518 523 595 575 ad
626 529 1070 585 monumentum,
1106 523 1322 577 oriente
1351 523 1435 576 vel
1467 529 1584 577 orto
1604 528 1727 591 jam
1753 529 1859 578 sole
1943 526 2093 579 verbi
2128 526 2495 595 ambiguitate
2534 530 2831 600 deceptum
2879 530 3067 593 fuisse,
3112 531 3244 602 quia
3272 548 3382 585 non
3412 549 3537 587 sero

245 612 447 677 (Marc.
482 624 589 675 va,
623 610 697 680 2).
731 613 779 665 A
809 629 918 683 quo
950 612 1174 684 quidem
1217 629 1316 666 nec
1342 613 1538 677 Lucas,
1573 629 1672 666 nec
1697 615 1859 668 Joan-

242 715 353 753 nes
385 699 627 753 multum
666 699 987 771 discrepare
1016 700 1358 772 probantur;
1390 718 1516 754 cum
1549 702 1629 754 ait
1658 702 1852 766 Lucas,

242 788 412 841 valde
439 788 689 842 diluculo
715 790 866 857 (Luc.
893 805 1038 855 xx1v,
1070 790 1146 852 il,
1178 797 1234 843 et
1262 791 1289 843 J
1297 806 1535 850 oannes,
1550 792 1709 843 Mane
1730 808 1856 843 cum

242 877 438 931 adhuc
470 878 699 931 tenebra:
728 884 895 932 essent
927 881 1102 942 (Joan.
1130 895 1219 940 xx,
1250 879 1325 946 1).
1351 880 1496 932 Nam
1523 879 1627 932 hoc
1654 879 1858 933 intelli-

239 965 410 1035 gitur
461 970 518 1018 et
565 965 785 1020 Marcus
831 966 1036 1031 dicere,
1072 985 1198 1021 cum
1238 968 1335 1029 ait,
1391 973 1439 1020 et
1487 970 1641 1021 valde-
1669 986 1847 1033 mane,

240 1053 474 1108 oriente
495 1054 612 1123 jam
646 1056 780 1118 sole,
812 1055 862 1108 id
897 1065 984 1110 est.
1004 1056 1073 1110 ab
1095 1058 1328 1124 oriente,
1359 1073 1487 1110 cum
1517 1057 1713 1110 coelum
1735 1059 1852 1127 jam

236 1142 559 1213 incipiebat
584 1142 884 1207 albescere,
914 1144 1043 1198 licet
1065 1147 1249 1200 adhuc
1278 1145 1520 1200 tenebrae
1550 1153 1737 1200 essent
1765 1164 1855 1200 su-

236 1247 351 1304 per
381 1238 591 1286 terram
614 1250 626 1295 ;
663 1233 809 1303 quod
839 1250 948 1287 non
972 1235 1034 1288 fit
1054 1234 1159 1288 nisi
1187 1252 1250 1289 ex
1282 1235 1563 1288 vicinitate
1578 1236 1696 1305 jam
1719 1237 1852 1290 solis

235 1320 501 1384 orientis,
552 1321 776 1391 quando
824 1338 1028 1376 aurora
1069 1324 1225 1394 quasi
1261 1324 1463 1395 praevia
1494 1324 1626 1377 solis
1656 1324 1853 1395 incipit

234 1425 544 1480 apparere,
562 1416 618 1463 et
645 1415 836 1464 tamen
861 1411 1044 1465 adhuc
1070 1412 1427 1466 tenebrarum
1457 1413 1634 1483 caligo
1656 1414 1852 1468 densa-

235 1504 343 1552 tur
367 1517 381 1565 ;
415 1515 538 1569 quae
561 1504 721 1553 tanto
744 1499 922 1570 magis
944 1507 1287 1568 attenuatur,
1311 1508 1521 1572 quanto
1550 1502 1729 1572 magis
1758 1504 1851 1557 lux

236 1586 387 1640 solis
406 1586 614 1657 praevia
632 1578 921 1642 innitatur.
946 1588 1104 1643 Unde
1125 1590 1273 1661 quod
1296 1590 1394 1655 ait,
1422 1595 1468 1642 et
1490 1592 1645 1644 valde
1665 1607 1845 1653 mane,

234 1691 366 1729 non
421 1674 500 1729 sic
551 1676 935 1746 accipiendum
985 1683 1088 1743 est,
1135 1685 1404 1749 tanquam
1451 1679 1534 1732 sol
1580 1679 1701 1750 ipse
1729 1681 1848 1748 jam

1941 614 2345 686 interpretatus
2388 622 2490 681 est,
2546 619 2641 671 sed
2692 636 2937 690 vespere.
3000 621 3153 675 Solet
3192 637 3432 691 namque
3472 637 3539 675 ex

1941 705 2344 759 consuetudine
2375 706 2657 776 loquendi,
2689 713 2745 760 et
2773 725 2960 762 serum
2992 726 3102 762 non
3133 726 3421 780 vesperam
3460 709 3539 763 si-

1936 792 2227 864 gnificare,
2252 794 2349 847 sed
2380 795 2557 847 tarde.
2586 796 2844 850 Solemus
2868 798 3015 850 enim
3048 798 3253 862 dicere,
3286 799 3422 852 Sero
3445 814 3539 852 ve-

1920 882 2091 959 nisti,
2129 899 2227 952 pro
2262 899 2327 935 eo
2358 884 2503 953 quod
2528 890 2614 937 est
2642 886 2801 939 tarde
2827 904 2839 950 ;
2870 892 2926 939 et
2955 903 3076 956 quae
3096 887 3277 939 facere
3294 892 3425 940 ante
3444 888 3530 940 de-

1938 971 2138 1024 bueras
2159 972 2246 1024 fac
2267 972 2467 1024 saltem
2501 989 2649 1039 sero,
2668 973 2721 1026 id
2754 979 2841 1027 est
2857 974 3035 1027 tarde.
3062 976 3126 1028 In
3143 974 3347 1044 quibus
3363 974 3539 1028 omni-

1939 1058 2057 1117 bus.
2093 1061 2348 1130 quamvis
2379 1059 2696 1114 uberrimus
2725 1061 2798 1115 sit
2830 1062 3187 1132 expositionis
3220 1062 3419 1125 exitus,
3444 1068 3535 1117 ta-

1939 1164 2064 1201 men
2102 1159 2298 1202 notum
2328 1154 2431 1210 est,
2468 1154 2529 1201 ut
2554 1149 2686 1211 dixi,
2720 1156 2776 1203 et
2796 1151 3126 1204 admirabile
3154 1151 3418 1222 loquendi
3437 1168 3534 1221 ge-

1936 1255 2061 1301 nus,
2087 1238 2143 1291 in
2167 1255 2277 1308 quo
2299 1245 2354 1291 et
2375 1238 2621 1291 historiae
2642 1247 2897 1293 servatur
2912 1240 3134 1304 veritas,
3160 1246 3216 1294 et
3231 1240 3529 1305 ineffabile,

1933 1333 1998 1381 ut
2022 1329 2103 1380 ita
2131 1327 2333 1391 dicam,
2368 1327 2714 1381 construitur
2739 1335 3172 1382 sacramentum.
3208 1330 3270 1383 In
3309 1335 3531 1384 tantum

1932 1423 1996 1469 ut
2024 1416 2148 1486 ipsa
2177 1415 2451 1469 Latinitas
2478 1416 2736 1470 videatur
2778 1434 2898 1470 esse
2931 1423 3211 1488 corrupta,
3258 1435 3384 1471 cum
3429 1419 3530 1485 ait,

1932 1521 2158 1575 vespere
2189 1521 2312 1574 quae
2345 1505 2606 1570 lucescit;
2644 1505 2788 1575 quod
2820 1511 2877 1559 et
2905 1505 2959 1558 in
2989 1506 3180 1559 Graeco
3206 1505 3309 1559 sub
3339 1508 3534 1561 eodem

1933 1593 2205 1647 feminino
2236 1599 2443 1661 genere
2492 1594 2773 1659 scribitur,
2810 1593 2941 1648 licet
2978 1593 3279 1664 cujuslibet
3309 1596 3535 1664 generis

1932 1683 2080 1753 apud
2103 1682 2335 1736 Latinos
2361 1699 2558 1753 vesper
2586 1699 2711 1737 esse
2737 1682 2977 1736 dicatur.
3002 1682 3279 1745 Quoniam
3302 1682 3359 1737 in
3379 1684 3534 1739 nullo

235 1769 400 1819 esset
441 1764 651 1819 effusus
698 1781 869 1836 super
892 1770 1090 1833 terras,
1126 1768 1223 1821 sed
1255 1768 1458 1838 potius,
1492 1768 1638 1822 sicut
1666 1769 1850 1823 dicere
1866 1793 1911 1851 B
1931 1776 2082 1825 recte
2116 1772 2380 1842 loquendi
2409 1788 2589 1841 genus
2618 1771 3019 1841 corrumpitur,
3052 1770 3372 1842 ubicunque
3400 1772 3536 1826 divi-

234 1854 516 1919 solemus,
562 1870 748 1919 mane,
794 1871 893 1908 seu
923 1856 1082 1910 valde
1111 1874 1297 1921 mane,
1326 1858 1550 1927 quando
1571 1858 1850 1928 gallorum
1932 1859 2020 1913 nis
2041 1860 2251 1930 regulis
2271 1859 2465 1913 divina
2486 1860 2759 1930 mysteria
2783 1859 3121 1914 ineffabilius
3139 1860 3535 1914 commendan-

232 1949 467 2007 cantus,
492 1958 557 1996 ac
573 1943 622 1996 si
644 1960 841 2013 pmco,
861 1943 1192 2011 insonuerit,
1217 1946 1356 1999 lucis
1379 1947 1497 2015 jam
1523 1947 1655 2016 quia
1684 1964 1849 2001 mane
1932 1952 2043 2002 tur.
2066 1948 2343 2012 Quoniam
2370 1949 2474 2002 etsi
2494 1949 2680 2002 nullus
2696 1948 2841 2002 alius
2858 1948 3121 2018 loquendi
3143 1954 3291 2002 esset
3311 1949 3528 2015 modus,

233 2038 329 2087 est
361 2048 678 2102 surgamus.
715 2032 837 2086 Non
871 2034 1015 2104 quod
1049 2035 1130 2087 sol
1160 2035 1234 2088 sit
1255 2036 1374 2105 jam
1398 2041 1571 2099 ortus,
1590 2036 1686 2089 sed
1718 2036 1851 2106 quia
1931 2054 2041 2107 quo
2070 2037 2485 2106 intelligeretur
2509 2045 2540 2101 Ι
2560 2043 2745 2103 πυτς
2760 2037 2875 2091 haec
2902 2037 3128 2101 locutio,
3154 2037 3529 2108 potuissemus

232 2138 267 2174 e
290 2121 483 2175 vicino
512 2122 707 2176 adesse
734 2122 927 2187 scitur,
952 2123 1037 2176 vel
1064 2124 1310 2177 creditur
1341 2141 1466 2177 mox
1503 2125 1624 2178 dies
1646 2125 1848 2179 affutu-
1928 2126 2113 2179 dicere
2165 2127 2311 2197 quod
2356 2143 2582 2196 vespere
2628 2125 2855 2179 Sabbati
2898 2133 3062 2188 esset,
3115 2142 3224 2179 non
3267 2142 3530 2196 vespera-

230 2226 362 2265 rus.
389 2211 495 2264 Ast
527 2210 617 2263 ubi
644 2211 946 2265 viderimus
970 2213 1214 2281 aliquam
1242 2212 1472 2266 orientis
1499 2219 1713 2284 partem
1747 2232 1844 2268 ru-
1927 2223 2114 2269 scente
2152 2216 2260 2280 die,
2313 2216 2406 2269 sed
2458 2221 2617 2268 nocte
2661 2216 2799 2284 jam,
2838 2222 2899 2268 ut
2928 2215 3007 2268 ita
3037 2215 3218 2268 dicam
3267 2231 3528 2286 vespera-

226 2298 485 2361 bescere,
520 2300 606 2354 vel
648 2299 937 2371 quippiam
970 2301 1330 2361 inalbescere,
1378 2319 1504 2355 mox
1534 2302 1841 2356 diluculum

226 2389 439 2444 adesse
470 2389 885 2459 proclamamus
927 2390 1074 2461 quod
1105 2397 1163 2444 et
1184 2391 1342 2444 valde
1374 2407 1539 2445 mane
1566 2408 1694 2444 vere
1709 2392 1841 2445 dici-

222 2494 382 2532 mus.
406 2478 566 2533 Unde
588 2494 763 2533 unum
786 2484 872 2532 est
890 2480 1244 2549 evangelista
1265 2480 1412 2551 quod
1433 2480 1645 2543 dicunt,
1664 2497 1839 2535 unum

223 2566 383 2637 quod
413 2567 684 2621 sentiunt.
730 2567 874 2632 Quia
920 2567 1069 2622 idem
1114 2573 1200 2622 est
1232 2569 1406 2629 valde.
1440 2570 1589 2640 quod
1619 2570 1839 2625 Marcus

225 2656 337 2720 ait,
386 2656 538 2727 quod
582 2662 668 2711 est
712 2656 869 2709 valde
916 2656 1181 2723 diluculo,
1215 2658 1362 2728 quod
1393 2657 1605 2725 Lucas;
1658 2659 1754 2712 sed
1781 2661 1838 2712 et

227 2745 386 2818 quod
408 2746 654 2800 Joannes
676 2746 1009 2811 immutavit,
1054 2762 1215 2800 mane
1258 2764 1383 2800 cum
1408 2749 1589 2801 adhuc
1609 2750 1837 2801 tenebrae

225 2840 440 2898 essent;
466 2841 589 2888 orto
605 2835 722 2904 jam
752 2834 888 2900 sole,
912 2834 968 2888 id
991 2841 1076 2889 est
1095 2836 1317 2906 quando
1337 2842 1463 2890 ortu
1480 2853 1582 2890 suo
1614 2852 1836 2890 sursum

224 2923 545 2978 ascendens
573 2922 772 2994 incipit
800 2929 981 2977 terras
1024 2923 1343 2977 illuminare
1402 2926 1507 2979 Sed
1559 2927 1836 2993 quomodo

222 3029 360 3067 cum
388 3012 480 3065 his
508 3011 689 3066 tribus
717 3016 990 3082 congruat
1010 3013 1325 3076 Matthaeus,
1354 3013 1422 3067 de
1466 3021 1497 3078 |
1516 3020 1704 3080 202
1727 3032 1836 3085 quo

1926 2311 2134 2369 scente,
2164 2304 2221 2358 id
2251 2313 2335 2358 est
2354 2306 2470 2374 jam
2508 2304 2735 2358 finiente
2765 2310 2927 2358 nocte
2996 2305 3140 2357 Venit
3175 2305 3359 2357 Maria
3408 2306 3522 2357 Μα-

1923 2395 2159 2460 gdalena
2182 2400 2229 2447 et
2258 2399 2436 2446 altera
2458 2395 2660 2447 Maria.
2686 2393 2830 2459 Alia,
2853 2399 2917 2446 ut
2947 2392 3174 2464 quidam
3199 2392 3411 2456 dicunt,
3428 2392 3527 2447 sed

1922 2481 2084 2552 ipsa;
2119 2482 2231 2535 alia
2261 2482 2317 2535 in
2351 2498 2589 2553 persona
2625 2487 2682 2535 et
2731 2481 3158 2552 significatione,
3195 2481 3291 2535 sed
3320 2480 3442 2552 ipsa
3467 2481 3526 2536 in

1922 2570 2147 2624 nomine
2179 2576 2237 2625 et
2264 2570 2513 2624 novitate
2533 2571 2855 2624 voluntatis.
2884 2571 3062 2634 Quam
3094 2570 3259 2623 aliam
3294 2571 3523 2641 quidam

1922 2665 2158 2713 matrem
2193 2659 2412 2713 Domini
2444 2660 2792 2715 existimant.
2833 2660 2938 2714 Sed
2966 2677 3078 2713 non
3103 2666 3239 2731 puto
3258 2676 3380 2730 quas
3401 2666 3525 2715 tan-

1919 2748 1992 2802 tis
2020 2750 2219 2803 atl'ecta
2247 2758 2371 2803 erat
2391 2748 2563 2802 animi
2596 2748 2968 2820 passionibus,
3002 2749 3173 2802 tantis
3203 2748 3534 2803 excruciata

1920 2837 2226 2903 doloribus,
2258 2845 2320 2891 ut
2349 2839 2427 2891 sic
2477 2838 2684 2908 passim
2718 2838 3076 2896 discurreret.
3121 2854 3291 2908 quam
3323 2836 3392 2891 ab
3424 2837 3520 2892 illa

1920 2926 2061 2979 hora
2088 2926 2235 2979 vocis
2280 2926 2579 2979 Dominicae
2609 2926 2915 2997 discipulus
2963 2926 3210 2997 suscepit
3244 2925 3301 2978 in
3333 2941 3514 2979 suam.

1922 3015 1991 3067 Et
2017 3015 2348 3077 notandum,
2389 3014 2521 3084 quia
2548 3030 2660 3067 non
2710 3013 2790 3067 ait
2833 3014 3193 3084 Evangelista
3222 3019 3517 3078 venerunt,

1853 3071 1894 3128 C

220 3117 383 3156 nunc
403 3099 660 3165 dicimus,
691 3100 786 3171 qui
817 3118 918 3154 nec
948 3117 1112 3154 mane
1135 3101 1311 3166 valde,
1331 3119 1433 3156 nec
1453 3102 1835 3168 diluculo,nec
1853 3099 1895 3128 “
1918 3104 2015 3157 sed
2039 3106 2184 3156 venit
2230 3103 2373 3166 Quia
2387 3102 2490 3157 sub
2518 3119 2630 3156 uno
2651 3102 2877 3156 nomine
2894 3103 3126 3157 veniunt
3145 3103 3286 3163 duae,
3304 3108 3520 3172 myste-

221 3206 395 3245 manc
421 3206 547 3243 cum
578 3191 758 3244 adhuc
788 3193 1016 3244 tenebrae
1047 3196 1235 3253 essent,
1261 3191 1356 3245 sed
1387 3208 1594 3260 vespere
1609 3192 1835 3246 Sabbati
1916 3192 2017 3258 rio,
2052 3208 2162 3246 non
2198 3209 2349 3248 casu.
2375 3192 2507 3263 quia
2534 3192 2657 3246 duae
2681 3192 2749 3244 ad
2780 3190 3064 3245 Christum
3098 3199 3343 3245 ventura:
3356 3196 3519 3246 erant

215 3297 346 3350 quae
367 3282 588 3334 lucescit
614 3282 675 3333 in
694 3278 1142 3348 primaSabbali,
1168 3280 1297 3334 licet
1311 3282 1431 3350 jam
1462 3296 1527 3333 ex
1549 3280 1831 3351 hocplura
1914 3281 2195 3347 ecclesiae;
2250 3281 2373 3335 duae
2425 3281 2670 3351 quidem,
2715 3280 2847 3350 quia
2894 3297 2959 3333 ex
3012 3280 3228 3334 duobus
3273 3280 3514 3351 populis,

210 3367 461 3424 dixerim
493 3367 933 3439 perquirendum
964 3375 1065 3423 est.
1084 3369 1246 3434 Quia,
1276 3376 1337 3423 ut
1365 3369 1494 3433 dixi,
1517 3370 1696 3439 prima
1732 3387 1828 3423 no-

209 3456 323 3511 ctis
359 3473 492 3527 pars
522 3473 716 3528 vesper
746 3462 849 3521 est,
884 3463 939 3510 et
970 3474 1070 3527 per
1096 3458 1240 3511 hanc
1265 3463 1503 3527 partem,
1527 3461 1703 3510 totam
1730 3474 1826 3511 no-

210 3551 366 3603 ctem
398 3546 581 3599 voluit
608 3546 958 3616 signiﬁcare;
993 3546 1052 3600 in
1083 3548 1243 3616 cujus
1274 3547 1451 3599 noctis
1480 3547 1609 3600 line.
1627 3546 1826 3616 quiest

211 3635 552 3699 diluculum,
586 3635 671 3689 vel
709 3652 873 3688 mane
922 3652 1050 3689 cum
1100 3636 1281 3689 adhuc
1326 3634 1568 3689 tenebrae
1615 3641 1820 3701 essent,

214 3729 503 3778 venerunt
549 3728 753 3776 sanctae
798 3723 1061 3777 mulieres
1103 3740 1228 3778 cum
1260 3724 1608 3777 aromatibus
1638 3724 1707 3776 ad
1734 3741 1822 3777 se-

214 3813 500 3883 pulcrum.
537 3812 644 3866 Sed
678 3812 973 3866 Mattbaeus
1014 3812 1165 3866 inter
1193 3819 1392 3865 caetera
1419 3829 1608 3867 rerum
1635 3830 1823 3866 sacra-

216 3907 436 3965 menta,
465 3900 589 3955 ideo
613 3917 841 3972 vespere
871 3901 1005 3955 dicit
1034 3919 1128 3955 eas
1154 3902 1385 3967 venisse,
1411 3906 1541 3972 quia
1569 3920 1632 3956 ex
1660 3920 1726 3956 eo
1756 3904 1823 3956 li-

215 3990 383 4045 cebat
406 3992 527 4060 jam
555 3997 828 4057 aromata,
863 4009 984 4062 quae
1016 3993 1201 4047 minus
1234 3999 1567 4063 paraverant
1594 3994 1653 4047 in
1681 3993 1822 4049 Sab-

216 4079 376 4143 bato,
409 4086 693 4135 transacto
715 4080 824 4145 die,
841 4080 1077 4135 deferre.
1104 4082 1269 4135 Forte
1293 4089 1348 4135 et
1367 4083 1491 4137 ideo
1514 4084 1823 4138 nominavit

1912 3370 2043 3440 quia
2074 3386 2186 3441 una
2216 3374 2301 3422 est
2345 3370 2609 3434 Ecclesia,
2658 3385 2881 3439 unaque
2911 3369 3168 3422 columba
3207 3369 3303 3423 Dei
3336 3370 3515 3424 electa

1906 3458 2195 3527 genitricis
2217 3475 2352 3511 suae.
2380 3458 2589 3511 Idcirco
2612 3463 2761 3511 recte
2782 3457 3019 3510 dicimus
3039 3457 3171 3527 quia
3203 3457 3324 3527 ipsa
3340 3463 3427 3511 est
3453 3456 3513 3512 in

1908 3547 2155 3611 nomine,
2190 3547 2287 3600 sed
2315 3547 2493 3600 altera
2519 3547 2576 3599 in
2607 3545 2761 3616 prole
2788 3564 2800 3612 ;
2832 3546 3011 3599 altera
3040 3545 3264 3615 quidem
3298 3562 3361 3598 ex
3386 3562 3513 3617 pro-

1909 3635 2083 3706 sapia,
2119 3636 2217 3689 sed
2244 3635 2368 3705 ipsa
2410 3635 2467 3688 in
2511 3641 2863 3688 sacramento
2912 3633 3293 3704 sponsalitatis
3322 3638 3379 3688 et
3407 3650 3510 3687 no-

1907 3725 2077 3778 mine.
2112 3725 2284 3778 Porro
2316 3723 2385 3778 de
2422 3724 2595 3777 Maria
2616 3723 2942 3793 Magdalene
2964 3723 3120 3775 nulla
3150 3726 3235 3775 est
3263 3721 3511 3776 obscuri-

1907 3818 2013 3868 tas.
2047 3813 2249 3884 quibus
2273 3813 2425 3866 horis
2454 3813 2674 3866 dicatur
2704 3812 2919 3865 venisse
2950 3810 3017 3863 ad
3052 3815 3503 3876 monumentum,

1907 3921 2029 3975 quae
2069 3903 2223 3974 prius
2256 3903 2391 3956 vidit
2428 3906 2814 3972 resurgentem
2865 3899 3186 3964 Dominum,
3230 3904 3282 3952 et
3314 3904 3507 3970 postea

1905 3992 1975 4045 ad
2003 3999 2429 4046 monumentum
2463 3993 2596 4045 flere
2629 3991 2888 4044 refertur.
2915 3989 3056 4053 Quia
3089 3994 3146 4043 et
3178 3989 3334 4060 prius
3362 3990 3501 4056 sola,

1905 4081 2105 4134 deinde
2136 4098 2261 4134 cum
2288 4082 2483 4144 altera,
2529 4081 2642 4133 sive
2678 4086 2734 4133 et
2759 4096 2887 4134 cum
2920 4078 3064 4139 aliis,
3099 4094 3315 4133 memor
3342 4078 3507 4133 bene-

215 4186 535 4240 vesperam,
570 4174 632 4223 ut
660 4170 802 4223 hanc
831 4170 1115 4224 licentiam
1159 4171 1514 4242 exprimeret.
1560 4173 1666 4226 Sed
1696 4191 1817 4227 cum
1902 4170 2158 4223 liciorum
2188 4169 2307 4232 Dei,
2342 4186 2462 4239 qua:
2494 4169 2549 4222 in
2580 4186 2638 4223 se
2670 4169 2942 4222 Dominus
2964 4167 3299 4229 contulerat,
3331 4167 3402 4221 ad
3423 4184 3506 4222 se-

217 4259 324 4324 ait,
356 4275 477 4328 qua
508 4262 726 4312 lucescit
748 4262 809 4312 in
830 4262 1017 4327 prima
1050 4258 1295 4325 Sabbati,
1329 4260 1441 4314 tale
1473 4268 1558 4314 est
1585 4278 1648 4315 ac
1665 4262 1712 4314 si
1734 4262 1818 4314 di-
1902 4258 2159 4329 pulcrum
2190 4259 2309 4328 ejus
2344 4259 2665 4329 frequenter
2696 4256 2973 4317 currebat.
3006 4262 3062 4310 et
3092 4263 3156 4310 ut
3195 4256 3276 4310 ita
3304 4256 3505 4324 dicam,

216 4354 334 4412 cat,
360 4363 526 4400 mane
558 4348 640 4401 vel
668 4347 911 4401 diluculo
944 4348 1166 4418 quando
1206 4349 1436 4403 lucescit
1465 4366 1571 4404 nox
1615 4350 1819 4421 prioris
1902 4348 2171 4401 irremota
2199 4346 2393 4401 officiis
2422 4354 2562 4412 erat,
2596 4364 2762 4419 quem
2787 4363 2936 4400 nunc
2961 4346 3162 4400 ado’rat
3185 4345 3505 4400 discurrens

219 4435 337 4490 diei
367 4436 428 4489 in
458 4436 638 4507 prima
680 4435 925 4499 Sabbati,
978 4454 1101 4491 cum.
1141 4439 1321 4491 adhuc
1366 4440 1593 4492 tenebrat
1623 4428 1964 4504 essent,Det
2004 4436 2172 4501 videt,
2223 4437 2426 4491 deinde
2472 4454 2584 4509 prae
2643 4437 2816 4490 nimio
2871 4452 3061 4490 amore
3107 4435 3295 4491 deﬂet.
3339 4452 3506 4506 quem

221 4524 453 4597 quando
483 4524 785 4596 incipiebat
818 4526 939 4595 jam
970 4526 1092 4580 luce
1124 4527 1434 4592 terminari,
1468 4533 1529 4581 ut
1557 4528 1824 4582 transiret

221 4630 337 4668 nox
370 4613 571 4685 prioris
613 4613 839 4668 Sabbati
871 4620 990 4669 tota
1018 4614 1074 4668 in
1103 4615 1342 4685 primam
1376 4615 1629 4672 Sabbati.
1671 4618 1822 4681 Qua-

222 4708 460 4775 propter
482 4702 616 4774 quia
643 4719 678 4757 a
707 4720 937 4774 vespere
957 4710 1178 4758 noctem
1204 4704 1556 4775 significavit,
1572 4706 1701 4760 etin
1718 4708 1823 4761 hoc

222 4791 450 4862 eloquio
478 4792 648 4846 divini
672 4792 822 4846 verbi
852 4809 1058 4846 arcana
1087 4793 1185 4846 Dei
1207 4794 1570 4848 Sacramenta
1598 4812 1813 4850 resera-

221 4880 325 4945 vit,
357 4879 687 4934 admiranda
717 4886 803 4934 est
843 4880 1015 4934 divini
1048 4880 1198 4936 verbi
1230 4882 1524 4952 sapientia,
1564 4889 1620 4937 et
1650 4883 1824 4938 virtus

222 4967 610 5038 intelligentiae
635 4987 647 5035 ;
692 4969 943 5039 quamvis
972 4970 1065 5023 alii
1097 4970 1241 5023 hanc
1266 4970 1460 5023 horam
1491 4971 1820 5042 simplicius,

223 5073 333 5111 nec
359 5056 463 5111 sub
490 5056 725 5111 obscuro
747 5074 869 5111 eam
887 5059 1247 5129 protulerint.
1273 5058 1417 5123 Quia
1440 5061 1824 5132 unusquisque

223 5162 444 5207 eorum,
478 5162 590 5200 non
620 5146 728 5200 nisi
759 5148 924 5201 unius
948 5148 1217 5219 temporis
1246 5149 1439 5201 horam
1459 5150 1629 5203 voluit
1649 5151 1827 5221 expri-

225 5251 399 5295 mere.
427 5234 484 5289 id
511 5241 597 5289 est
625 5235 750 5305 plus
783 5236 921 5291 forte
952 5254 1119 5308 quam
1152 5237 1347 5291 media:
1378 5238 1574 5302 noctis,
1599 5240 1680 5292 vel
1704 5240 1827 5310 gal-

224 5324 408 5378 lorum
437 5334 656 5388 cantus,
699 5325 955 5395 spatium.
996 5325 1259 5389 Quamvis
1299 5326 1446 5379 enim
1490 5333 1602 5381 tres
1633 5344 1825 5382 eorum

227 5412 416 5477 tinem,
458 5413 751 5467 Matthams
785 5430 911 5466 vero
962 5413 1137 5467 voluit
1176 5414 1425 5468 indicare
1468 5415 1823 5485 principium.

229 5501 385 5555 Unde
431 5501 777 5570 Hieronymo
809 5501 1028 5555 videtur
1068 5503 1215 5571 quod
1261 5503 1559 5557 Mattlueus
1598 5503 1828 5557 Hebrazo

231 5606 487 5646 sermone
533 5590 895 5660 Evangelium
926 5591 1278 5646 couscribens
1312 5610 1421 5646 non
1453 5598 1571 5647 tam
1606 5611 1829 5666 vespere

1907 4527 2108 4597 quaerit
2134 4526 2422 4581 absentem
2454 4533 2510 4581 et
2539 4527 2738 4597 plorat.
2782 4526 2940 4590 Quod
2968 4531 3154 4579 autem
3186 4523 3339 4588 dicit,
3374 4525 3507 4595 quia

1904 4621 2180 4670 venerunt
2229 4618 2409 4669 cidere
2446 4620 2781 4683 sepulcrum,
2817 4612 3142 4683 magnitudo
3190 4611 3505 4666 dilectionis

1906 4704 2237 4758 ostenditur.
2268 4704 2445 4768 Quem
2479 4703 2612 4774 quia
2653 4702 2841 4755 videre
2878 4718 2989 4755 non
3034 4706 3312 4771 poterant,
3350 4701 3507 4755 arde-

1907 4792 2041 4847 bant
2073 4810 2263 4847 amore
2293 4792 2602 4857 charitatis,
2636 4791 2681 4846 si
2730 4792 2812 4844 vel
2859 4790 3174 4861 sepulcrum
3210 4790 3351 4860 ejus,
3395 4806 3506 4861 quo

1906 4882 2119 4954 positus
2149 4882 2354 4946 fuerat,
2390 4881 2573 4934 videre
2596 4885 2841 4952 possent.
2860 4879 3278 4944 Verumtamen,
3311 4895 3507 4935 earum

1906 4973 2195 5037 adventus,
2241 4987 2351 5025 non
2396 4970 2514 5024 sine
2564 4986 2751 5029 causa.
2803 4968 2872 5022 ad
2918 4975 3345 5023 monumentum
3377 4968 3503 5036 fuit,

1908 5061 2002 5132 qui
2033 5061 2101 5114 ab
2132 5061 2240 5114 alio
2284 5059 2626 5130 evangelista
2674 5058 2894 5129 plenius
2935 5059 3199 5123 refertur,
3245 5075 3369 5112 cum
3404 5058 3502 5125 ait,

1911 5151 2057 5222 quod
2107 5167 2231 5203 cum
2264 5151 2605 5203 aromatibus
2639 5153 2929 5202 venerunt.
2978 5149 3104 5202 Non
3140 5148 3286 5201 enim
3320 5164 3505 5202 vacuae

1910 5240 2159 5299 veniunt,
2196 5239 2291 5291 sed
2333 5239 2511 5309 plenae
2558 5238 2740 5292 ofﬁcio
2787 5237 3076 5293 charitatis
3128 5241 3184 5290 et
3232 5236 3505 5292 virtutum

1910 5327 2307 5381 odoramentis.

1984 5417 2045 5469 El
2078 5432 2187 5468 ecce
2219 5420 2558 5468 terra'molus
2592 5417 2772 5482 factus
2803 5431 3057 5483 magnus.
3088 5415 3328 5482 Angelus
3354 5418 3506 5468 cnim

1914 5507 2139 5558 [lumini
2170 5507 2437 5559 (tusc-endit
2470 5507 2531 5557 (le
2562 5510 2701 5563 ca’lo,
2752 5512 2796 5557 et
2827 5506 3078 5558 accedens
3110 5508 3333 5557 rerolvit
3369 5508 3508 5571 lapi-

1913 5597 2030 5647 tiuu
2086 5597 2151 5649 (ιὺ
2212 5599 2343 5647 eum
2397 5598 2759 5655 nan/iumenti,
2803 5594 3094 5646 Nmis/rut
3153 5609 3315 5659 super
3356 5609 3502 5645 tum.
