3918 6166
433 251 543 312 979

1228 244 1287 305 8,.
1329 241 1709 300 PASCHASII
1748 239 2111 298 RADBERTI
2148 242 2453 302 ABBATIS
2489 242 2986 301 CORBEIENSIS.

3536 248 3617 309 98)

434 378 690 436 Tremuit
725 392 858 448 ergo
885 377 1055 437 terra,
1088 387 1199 426 non
1229 370 1360 443 quia
1389 368 1623 445 angelus
1650 367 1939 422 descendit
1962 367 2031 421 de
2045 370 2097 431 Α
2112 368 2421 424 derivatur.
2450 371 2528 424 Tu
2544 386 2615 435 es,
2637 368 3056 441 inquiLPetrus,
3077 374 3124 423 et
3142 386 3298 439 super
3313 372 3438 426 hanc
3452 380 3622 442 petram

437 469 595 527 coelo,
610 466 705 521 sed
728 462 860 536 quia
873 462 943 517 ab
961 461 1155 516 inferis
1184 459 1504 514 dominator
1522 457 2031 512 reascenditDomi-

435 573 560 610 nus.
578 553 1133 609 Etideoterrzmotus
1144 552 1322 618 factus
1334 554 1407 602 est
1420 564 1686 617 magnus;
1720 562 1822 600 nec
1850 545 2033 599 minor

435 649 571 716 puto
603 658 768 714 quam
800 640 924 706 fuit,
959 639 1182 712 quando
1214 637 1401 692 emisit
1426 636 1705 708 spiritum,
1735 635 1868 706 quia
1886 641 2035 688 uter-

436 749 545 806 que
565 737 750 786 motus
761 736 925 785 terra;
936 744 1062 783 vere
1075 728 1329 782 insuetus
1342 726 1462 792 fuit,
1483 725 1706 802 quando
1736 741 1951 796 magnae
1969 741 2034 778 ac

434 823 625 901 plures
644 819 789 876 Asia
809 820 1061 875 civitates
1090 817 1367 873 corruisse
1391 818 1657 886 leguntur
1695 815 1811 869 Nec
1835 813 2031 869 imme-

435 909 564 976 rito,
585 910 717 981 quia
736 908 1021 962 dissiliunt
1047 906 1161 960 ima
1180 912 1480 969 terrarum,
1516 911 1551 969 |
1569 909 1753 970 204
1789 919 2032 958 commo-

433 982 595 1054 vetur
622 998 811 1065 chaos,
843 1003 901 1051 et
931 995 1265 1067 quatiuntur
1286 993 1653 1049 fundamenta
1682 991 1832 1046 orbis
1859 998 2033 1046 terra-

433 1104 582 1143 rum.
629 1087 774 1153 Quid
802 1086 978 1157 igitur
1005 1084 1213 1139 mirum
1251 1083 1299 1138 si
1328 1083 1479 1138 ultra
1523 1083 1663 1136 fines
1694 1082 1918 1147 Judaaae,
1951 1081 2034 1135 in-

435 1162 701 1232 consuete
728 1179 882 1230 terra
922 1173 1175 1239 tremuit,
1207 1177 1265 1227 et
1294 1172 1545 1244 pondera
1583 1176 1879 1225 moventur
1899 1186 2033 1240 gra-

432 1265 608 1331 viora,
640 1281 767 1319 cum
802 1262 1077 1319 Dominus
1112 1261 1285 1316 totius
1326 1260 1477 1316 orbis
1525 1259 1812 1314 descendit
1849 1265 1906 1313 et
1941 1276 2033 1313 re-

436 1354 689 1409 ascendit
706 1353 776 1408 ab
791 1353 1005 1408 inferis.
1030 1351 1266 1416 Quando
1287 1350 1477 1405 omnia
1493 1348 1689 1403 mortis
1706 1350 1839 1420 jura
1858 1349 2035 1402 fracta

435 1444 760 1499 creduntur.
780 1447 836 1497 et
856 1446 1030 1514 portae
1062 1439 1366 1495 inferorum
1399 1438 1686 1494 dissolutis
1714 1436 1922 1491 viribus
1951 1454 2037 1491 re-

434 1536 725 1603 serantur;
748 1548 871 1604 quae
899 1529 1091 1586 omnia
1122 1528 1230 1584 nisi
1260 1529 1319 1583 in
1349 1527 1477 1582 imis
1506 1531 1711 1591 essent,
1734 1542 1847 1604 non
1869 1526 2034 1580 credo

434 1622 581 1695 quod
606 1628 778 1687 terra,
807 1637 930 1693 quin
960 1620 1220 1674 deorsum
1251 1623 1308 1672 et
1327 1633 1498 1688 super
1524 1600 1923 1688 abyssumest,
1956 1614 2036 1669 sic

2112 459 2383 525 sdiﬁcabo
2407 459 2699 512 Ecclesium
2731 473 2929 510 meam.
2944 458 3079 511 Erat
3098 461 3275 510 autem
3303 464 3513 526 aspectus
3535 465 3624 530 ejus

2111 550 2252 600 sicut
2279 550 2497 614 fulgur,
2520 553 2567 600 et
2588 550 2908 600 vestimenta
2928 550 3042 616 ejus
3061 549 3199 599 sicut
3218 564 3311 601 ms:
3332 549 3510 609 (Matth.
3536 564 3625 614 im,

2118 632 2225 703 18).
2258 636 2322 690 In
2347 636 2565 706 fulgore
2595 635 2804 689 etenim
2834 641 3018 688 terror
3038 633 3229 703 judicii
3264 635 3563 704 designatur.
3584 637 3630 691 in

2114 724 2241 778 nive
2284 730 2473 779 autem
2518 724 2962 778 blandimentum
3012 723 3265 777 candoris
3295 728 3354 778 ut
3379 723 3633 781 demulceat

2114 814 2235 885 pios
2259 820 2317 868 et
2346 814 2611 885 percellat
2639 813 2860 884 impios.
2888 812 3038 867 Alias
3066 818 3251 867 autem
3280 812 3343 866 ad
3369 813 3527 884 angeli
3547 814 3634 884 glo-

2114 903 2256 957 riam
2297 919 2410 958 non
2439 901 2645 957 sufﬁcit
2669 903 2876 972 fulgur,
2911 918 3092 974 neque
3135 901 3206 956 ad
3233 902 3489 956 caelestem
3514 909 3637 957 natu-

2113 1008 2236 1047 ram
2275 992 2616 1047 conveniunt
2645 991 2996 1046 vestimenta.
3038 991 3147 1046 Sed
3175 991 3276 1045 sub
3304 990 3399 1045 tali
3422 997 3637 1063 tantoque

2114 1082 2411 1153 splendore
2468 1080 2800 1153 praeferebat
2838 1096 3027 1135 coram
3073 1080 3249 1134 oculis
3286 1079 3522 1135 humanis
3550 1098 3639 1152 spe-

2115 1171 2255 1225 ciem
2289 1174 2494 1223 nostrae
2524 1167 2968 1234 resurrectionis,
3022 1174 3078 1222 et
3123 1168 3351 1222 formam
3391 1173 3538 1240 atque
3569 1168 3641 1221 ba-

2115 1259 2315 1323 bitum,
2348 1259 2407 1313 in
2452 1275 2562 1330 quo
2594 1257 2689 1329 qui
2718 1255 3086 1312 resurrecturi
3129 1262 3263 1311 sunt
3299 1271 3392 1327 per
3412 1255 3640 1311 Christum

2115 1348 2555 1403 transformandi
2603 1352 2739 1401 sunt
2784 1346 2842 1400 in
2881 1344 3147 1416 gloriam.
3186 1345 3343 1400 Unde
3386 1345 3641 1399 Dominus:

2128 1439 2294 1503 Tunc,
2320 1436 2521 1508 inquit,
2544 1439 2692 1505 justi
2717 1437 3023 1503 fulgebunt,
3044 1437 3185 1488 sicut
3206 1438 3283 1487 sol
3310 1438 3371 1488 in
3387 1437 3645 1487 virtutesua

2118 1527 2342 1597 (Matth.
2382 1540 2501 1584 xm.
2543 1522 2655 1595 43).
2692 1524 2799 1579 Sed
2850 1524 3212 1595 quaerendum
3259 1522 3386 1594 quid
3423 1529 3495 1577 est
3533 1522 3645 1593 quod

2118 1616 2338 1670 Marcus
2352 1615 2456 1668 ait:
2478 1615 2543 1668 Et
2556 1617 2895 1667 introeunte:
2906 1616 2967 1666 in
2989 1617 3425 1675 monumentum,
3439 1612 3643 1665 viderunt

432 1710 774 1766 tremuisset.
811 1711 936 1765 Non
956 1709 1135 1763 solum
1167 1706 1361 1764 semel.
1381 1706 1479 1760 sed
1510 1712 1567 1759 et
1586 1705 1847 1760 secundo.
1864 1706 1925 1760 Id
1947 1710 2033 1759 est
2059 1727 2099 1786 Β
2114 1709 2369 1775 juvenem
2380 1705 2648 1759 sedentem
2666 1706 2728 1756 in
2740 1704 3283 1771 dextris,coopertum
3295 1704 3425 1755 stola
3438 1701 3643 1765 candida,

432 1800 699 1879 primum,
718 1798 943 1871 quando
974 1797 1330 1869 omnipotens
1357 1797 1520 1850 Jesus
1546 1794 1733 1849 emisit
1748 1794 2029 1866 spiritum,

433 1894 491 1943 et
514 1888 584 1943 ad
613 1888 835 1959 inferna
860 1885 1169 1949 descendit,
1191 1885 1393 1940 deinde
1418 1900 1542 1938 cum
1567 1883 1813 1953 resurgit
1842 1882 1910 1937 ab
1934 1883 2036 1937 eis-

432 1976 561 2032 dem
581 1976 794 2042 inferis,
820 1982 878 2030 et
902 1975 1150 2047 captivos
1177 1991 1317 2045 quos
1338 1971 1606 2028 tenebant
1627 1973 1869 2027 claustra
1900 1971 2035 2026 infe-

430 2083 625 2145 rorum
655 2064 830 2120 victor
861 2081 1048 2119 secum
1081 2063 1210 2117 inde
1240 2062 1479 2117 reduxit.
1522 2061 1733 2116 Idcirco
1764 2078 1876 2115 non
1902 2065 2036 2114 sunt

432 2154 697 2211 audiendi
728 2153 824 2227 qui
855 2154 1069 2219 dicunt,
1103 2151 1306 2206 alicubi
1343 2152 1564 2205 inferna
1608 2167 1775 2222 quam
1808 2151 1866 2204 in
1903 2149 2033 2203 imis

432 2250 717 2321 terrarum
738 2259 877 2297 esse.
903 2242 1045 2306 Quia
1066 2241 1113 2295 si
1130 2232 1333 2295 alicubi
1347 2246 1534 2294 essent
1549 2240 1667 2293 loca
1689 2239 1804 2304 illa,
1840 2238 2031 2292 Domi-

434 2349 570 2393 num
598 2332 667 2386 ad
697 2348 757 2385 se
788 2331 1101 2385 venientem
1128 2330 1322 2400 utique
1354 2329 1677 2388 sensissent.
1711 2328 1856 2382 sicut
1884 2333 2035 2382 terra

434 2419 730 2497 praesensit
770 2437 836 2474 ac
865 2419 1118 2480 tremuit,
1152 2419 1375 2497 quando
1405 2417 1661 2473 Christus
1690 2416 1946 2471 occubuit
1978 2417 2036 2471 in

440 2496 706 2577 mortem,
739 2515 795 2564 et
824 2508 1048 2581 quando
1078 2507 1149 2562 ab
1190 2526 1254 2562 ea
1283 2496 1457 2562 victor
1484 2507 1751 2562 ascendit.
1785 2509 1899 2561 Nec
1930 2506 2036 2561 mi-

434 2616 562 2677 rum
594 2599 640 2654 si
673 2597 979 2671 corripitur
1002 2603 1270 2661 tartarus,
1303 2597 1607 2652 disciscunt
1643 2596 1879 2661 inferna,
1909 2613 2035 2650 cum

433 2689 505 2749 ad
529 2706 596 2745 ea
625 2686 881 2745 Christus
910 2705 1088 2759 usque
1112 2687 1376 2741 excurrit.
1407 2686 1702 2741 Addicitur
1730 2702 1883 2740 mors
1913 2702 2036 2757 quae

432 2795 559 2833 reos
591 2776 820 2833 tenebat
848 2793 973 2831 cum
1000 2775 1240 2830 incurrit
1264 2775 1320 2829 in
1349 2774 1636 2842 Judicem;
1681 2779 1738 2828 et
1775 2774 1905 2844 quia
1932 2790 2035 2827 saa-

431 2863 587 2922 viens
615 2867 674 2921 in
702 2866 959 2920 homines
990 2864 1215 2927 exarsit,
1248 2870 1305 2917 et
1333 2863 1591 2934 prosiluit
1620 2863 1678 2916 in
1708 2863 2036 2927 Deum,me-

433 2956 543 3013 rito
575 2960 794 3011 remota
820 2959 953 3008 sunt
973 2955 1107 3024 jura
1128 2958 1491 3006 tartarorum.
1507 2952 1763 3005 Potestas
1781 2950 2037 3004 aufertur

2118 1801 2167 1848 et
2194 1795 2592 1863 obstupuerunt
2617 1792 2809 1857 (Marc.
2836 1805 2947 1859 xvr,
2977 1791 3051 1857 5).
3086 1790 3145 1845 Si
3173 1790 3319 1844 enim
3343 1789 3549 1860 angelus
3571 1788 3646 1842 iste

2116 1900 2285 1955 super
2310 1882 2549 1952 lapidem
2583 1879 2716 1935 foris
2744 1880 2990 1944 sedebat,
3007 1878 3143 1951 quid
3172 1885 3258 1934 est
3285 1879 3424 1951 quod
3443 1879 3528 1937 ait.
3550 1877 3647 1948 quia

2119 1973 2269 2027 intus
2315 1972 2666 2025 introeuntes
2715 1971 2977 2040 juvenem
3018 1969 3307 2023 sedentem
3336 1967 3538 2021 vident?
3560 1966 3647 2020 Nisi

2117 2062 2251 2133 quia
2274 2060 2416 2115 forte
2444 2061 2557 2115 duo
2588 2066 2723 2114 tunc
2763 2058 2861 2113 visi
2904 2064 3038 2113 sunt
3074 2056 3284 2129 angeli,
3325 2074 3459 2112 unus
3491 2055 3549 2110 de
3569 2070 3648 2126 quo

2115 2151 2411 2205 Mattheus
2440 2148 2592 2210 dicit,
2627 2155 2682 2202 et
2709 2149 2927 2202 Marcus
2957 2147 3152 2202 tacuit.
3185 2147 3329 2201 alter
3354 2162 3473 2201 vero
3498 2144 3555 2198 de
3571 2158 3650 2214 quo

2115 2245 2310 2293 narrat
2338 2239 2580 2296 Marcus.
2612 2245 2665 2291 et
2689 2238 2988 2292 Matthmus
3009 2242 3180 2303 tacet,
3209 2242 3275 2290 ut
3291 2236 3426 2290 duos
3444 2232 3649 2295 viderint,

2119 2334 2176 2383 et
2196 2344 2231 2381 a
2248 2327 2463 2382 duobus
2484 2326 2770 2398 sigillatim
2793 2326 3077 2380 audierint
3094 2343 3220 2398 qua:
3251 2324 3513 2379 dixerunt.
3530 2321 3651 2375 Prius

2119 2416 2393 2487 siquidem
2424 2416 2728 2471 audierunt
2769 2415 2838 2469 ab
2870 2416 2966 2469 illo
2992 2415 3088 2486 qui
3132 2414 3268 2468 foris
3292 2412 3504 2468 sedebat
3526 2425 3654 2480 super

2118 2507 2382 2579 lapidem,
2433 2522 2600 2578 quem
2643 2505 2963 2565 cernebant,
3014 2506 3177 2574 cujus
3225 2500 3461 2575 profecto
3495 2499 3650 2563 verbis,

2119 2598 2274 2668 prius
2303 2596 2606 2649 exhortata:
2624 2601 2774 2649 sunt.
2803 2594 2937 2666 quia
2953 2593 3178 2648 dixerat
3207 2593 3320 2647 eis:
3358 2592 3518 2646 Venite
3537 2594 3577 2643 et
3599 2590 3656 2641 ri-

2117 2686 2230 2739 dete
2261 2688 2441 2739 locum
2470 2685 2569 2737 uln'
2581 2687 2790 2752 positus
2812 2688 2929 2737 erat
2949 2684 3244 2738 Dominus.
3280 2682 3398 2746 Quo
3425 2678 3656 2733 venientes

2118 2780 2175 2829 et
2213 2773 2507 2832 intrantes.
2541 2772 2802 2826 viderunt
2836 2772 3105 2841 juvenem
3147 2771 3207 2824 in
3250 2767 3454 2824 dextris
3483 2766 3543 2820 de
3577 2777 3658 2835 quo

2118 2862 2338 2916 Marcus
2368 2868 2580 2929 narrat,
2614 2866 2670 2915 et
2709 2860 3005 2915 Mattbaeus
3048 2864 3221 2913 tacet.
3260 2860 3309 2913 Α
3338 2873 3442 2929 quo
3468 2871 3587 2927 pene
3609 2851 3660 2905 si-

2118 2951 2275 3004 milia
2292 2949 2595 3004 audierunt
2626 2967 2637 3002 :
2661 2950 2839 3003 Nolite
2869 2963 3234 3017 expavescere,
3259 2949 3439 3002 Jesum
3464 2941 3661 3013 queritis

433 3060 561 3111 cum
599 3043 668 3098 ab
706 3041 898 3096 inferis
945 3041 1152 3094 mortui
1191 3038 1557 3095 suscitantur.
1597 3042 1836 3107 Angelus
1884 3041 2497 3100 enimCNazarenum.
2556 3054 2656 3092 seu
2704 3043 2923 3092 caetera.
2979 3037 3161 3101 Quem
3210 3037 3399 3107 itaque
3450 3031 3661 3103 angelum

433 3116 664 3187 Domini
690 3131 961 3183 descendit
991 3130 1053 3182 de
1081 3132 1224 3184 caelo.
1257 3127 1371 3180 imo
1403 3126 1589 3197 angeli
1644 3128 1769 3180 Non
1798 3132 1863 3181 ut
1885 3144 2034 3182 resu-

436 3218 642 3275 scitent
667 3216 990 3283 Dominum,
1023 3217 1119 3271 sed
1150 3223 1215 3270 ut
1257 3215 1597 3270 annuntient
1625 3232 1752 3270 eum
1784 3233 2036 3271 resurre-

437 3300 583 3381 xisse
632 3323 665 3361 a
695 3304 952 3369 mortuis,
1001 3311 1059 3360 et
1087 3305 1387 3360 ostendant
1427 3305 1605 3368 nobis,
1636 3305 1769 3376 quia
1796 3306 2036 3361 terrenis

437 3396 721 3452 redditum
743 3400 829 3450 est
851 3396 969 3464 jam
1001 3394 1223 3449 caeleste
1246 3394 1645 3448 commercium
1689 3395 1755 3448 Et
1783 3396 2037 3451 accedens

438 3486 665 3559 revolvit
691 3487 946 3554 lapidem.
965 3484 1034 3538 Et
1060 3500 1169 3538 non
1205 3482 1346 3537 dixit
1374 3483 1559 3550 volvit,
1582 3483 1679 3537 sed
1700 3487 1926 3538 revolvit
1960 3488 2033 3538 la-

431 3576 635 3645 pidem,
657 3573 754 3646 qui
776 3574 1071 3629 advolutus
1092 3571 1347 3645 probavit
1375 3578 1615 3627 mortem
1637 3573 1868 3633 Christi,
1887 3589 2040 3628 revo-

436 3664 591 3721 lutus
645 3680 776 3718 vero
832 3662 1043 3717 exstitit
1101 3666 1347 3716 assertor
1402 3678 1543 3717 vera:
1591 3662 2034 3730 resurrectionis,

437 3770 566 3809 cum
595 3752 845 3808 exhibuit
874 3768 1110 3806 vacuum
1143 3758 1590 3806 monumentum.
1620 3753 1740 3806 Non
1771 3751 1919 3805 enim
1946 3769 2041 3807 au-

436 3841 571 3898 ferri
596 3848 819 3914 poterat
846 3858 1009 3913 quem
1039 3847 1230 3895 tantus
1259 3840 1557 3895 claudebat
1577 3840 1739 3912 lapis,
1763 3857 1929 3912 quem
1960 3841 2037 3896 si-

435 3931 634 4002 gillum
665 3929 1013 4002 obsignabat,
1048 3947 1213 4001 quem
1246 3929 1450 3984 milites
1487 3928 1894 3985 custodiebant.
1929 3930 2037 3995 Qui

436 4019 564 4074 ideo
592 4026 723 4074 ante
751 4021 942 4075 oculos
971 4020 1272 4074 mulierum
1311 4019 1632 4085 revolvitur,
1674 4024 1740 4073 ut
1766 4019 1845 4073 sic
1867 4019 2038 4073 corda

438 4124 541 4183 per
567 4108 735 4161 ﬁdem
763 4108 981 4179 aperiat
1009 4107 1340 4171 infidelium,
1388 4107 1668 4179 quomodo
1706 4107 1929 4179 aperuit
1957 4125 2041 4162 se-

439 4185 716 4266 pulcrum,
746 4201 804 4249 et
831 4196 1077 4250 ostendit
1098 4197 1216 4266 jam
1247 4212 1312 4249 ex
1342 4213 1427 4262 eo,
1460 4197 1581 4250 sine
1630 4197 1799 4251 ullius
1844 4196 2039 4252 fraude

439 4282 818 4363 resurrexisse
848 4283 1167 4339 Dominum.
1205 4283 1545 4339 Custodiunt
1590 4285 1775 4357 angeli
1816 4286 2040 4341 exuvias

443 4371 711 4443 corporis,
740 4378 796 4426 et
824 4378 1027 4443 rogant
1056 4372 1381 4427 mulieribus
1419 4390 1491 4427 ne
1518 4380 1772 4443 quaerant
1804 4376 1923 4445 jam
1954 4376 2037 4429 vi-

442 4467 684 4528 ventem,
705 4477 833 4516 cum
863 4465 1105 4515 mortuo.
1133 4461 1196 4515 Et
1217 4462 1446 4527 sedebat,
1465 4461 1668 4535 inquit,
1699 4480 1861 4532 super
1889 4482 2034 4520 eum.

444 4551 578 4616 Quae
623 4566 793 4607 causa
839 4549 1039 4622 angelo
1083 4550 1315 4605 sedendi
1345 4552 1508 4606 erat?
1558 4553 1823 4625 Nunquid
1853 4556 2042 4627 aliqua

443 4641 629 4715 inerat
659 4639 708 4695 ei
741 4639 1047 4696 lassitudo?
1074 4640 1240 4695 Forte
1265 4656 1330 4694 ex
1355 4640 1572 4698 itinere.
1595 4648 1695 4696 aut
1724 4640 1915 4697 labore
1943 4643 2042 4697 ali-

446 4745 575 4803 quo,
607 4728 874 4799 fatigatus
904 4734 1043 4796 erat,
1069 4735 1124 4783 et
1143 4729 1268 4784 ideo
1299 4730 1529 4785 sedebat
1558 4735 1621 4785 ut
1644 4730 2038 4802 requiesceret.

444 4817 573 4873 Non
598 4816 813 4888 utique,
848 4817 980 4890 quia
1009 4819 1163 4873 nulla
1208 4818 1259 4873 ei
1308 4819 1489 4874 inesse
1531 4826 1716 4891 potest
1745 4820 2039 4886 lassitudo,

447 4904 581 4978 quia
624 4905 1061 4980 incorruptibilis
1102 4915 1307 4963 natura
1339 4914 1441 4963 est.
1478 4909 1583 4963 Sed
1625 4909 1856 4963 sedebat
1882 4910 2041 4980 quasi

446 4994 577 5050 fidei
599 5001 863 5050 assertor.
895 5003 953 5051 et
979 4998 1174 5052 doctor
1203 4998 1628 5053 resurrectionis
1660 4998 1886 5053 Christi.
1932 5000 2040 5053 Se-

447 5078 618 5140 debat
637 5084 797 5156 quasi
815 5085 1085 5156 magister
1103 5086 1342 5141 caelestis
1372 5087 1572 5145 scholae
1601 5104 1770 5157 super
1797 5094 2035 5158 petram,

446 5178 513 5230 ut
540 5174 793 5230 soliditas
814 5175 1059 5229 sedentis
1091 5182 1125 5240 Ι
1144 5181 1334 5240 σι(ιὸ
1347 5176 1507 5232 daret
1539 5176 1895 5232 credentibus
1914 5178 2042 5232 fidei

448 5263 1269 5333 ﬁrmitatem.Prtedicabatjam
1280 5266 1562 5321 Christum
1577 5284 1642 5321 ex
1655 5267 1902 5321 sessione
1918 5285 2037 5336 sua,

450 5367 561 5425 quo
570 5351 691 5424 ipse
704 5353 879 5408 victor
897 5353 1222 5418 ascendens,
1246 5371 1500 5410 sessurus
1519 5356 1594 5409 sit
1612 5373 1782 5427 super
1800 5362 2038 5429 petram,

446 5439 507 5496 id
532 5446 617 5496 est
645 5458 815 5513 supra
845 5442 1185 5497 soliditatem
1217 5443 1367 5509 ﬁdei,
1390 5460 1455 5523 ac
1481 5444 1911 5501 fundamentum
1938 5448 2042 5503 Ec-

442 5529 630 5587 clesiae
660 5532 960 5605 suae,quod
990 5548 1194 5589 nomen
1223 5548 1258 5588 a
1281 5535 1459 5606 petra,
1493 5549 1617 5605 quae
1645 5534 1902 5593 Christus
1932 5542 2035 5606 est,

2119 3128 2275 3200 prius
2302 3128 2488 3182 videre
2532 3143 2644 3181 non
2704 3132 2982 3198 poterant,
3032 3126 3169 3197 quia
3215 3125 3273 3179 in
3312 3122 3508 3178 dextris
3550 3120 3663 3173 intra

2119 3223 2279 3289 septa
2309 3216 2549 3288 sepulcri
2584 3215 2831 3280 sedebat,
2872 3215 3050 3269 donec
3078 3214 3150 3269 ab
3195 3215 3292 3269 illo
3319 3212 3483 3286 priori
3507 3206 3663 3278 angelo

2118 3305 2518 3377 benignissime
2547 3305 2853 3360 exhortata;
2873 3304 3237 3369 introierunt,
3271 3302 3340 3358 ab
3372 3301 3576 3357 Oriente
3598 3310 3667 3349 re-

2120 3397 2306 3451 voluto
2333 3397 2453 3466 jam
2484 3394 2669 3466 lapide
2699 3396 2757 3448 in
2787 3394 3013 3448 domum
3058 3392 3215 3448 illam
3267 3390 3564 3452 rotundam,
3590 3399 3666 3457 per

2121 3486 2325 3541 ostium
2354 3485 2720 3540 monumenti.
2740 3484 2844 3539 Ubi
2879 3484 3136 3555 protinus
3155 3484 3413 3538 viderunt
3431 3476 3663 3549 angelum,

2120 3575 2333 3630 scilicet
2372 3575 2632 3644 juvenem
2687 3573 2868 3640 illum,
2910 3573 3199 3627 sedentem
3247 3572 3319 3627 ad
3350 3567 3666 3625 meridianam

2123 3665 2345 3735 plagam
2378 3663 2529 3717 illius
2558 3662 2663 3717 loci
2713 3662 2809 3717 ubi
2837 3662 3082 3733 positum
3120 3663 3309 3717 fuerat
3327 3675 3515 3730 corpus
3538 3656 3665 3717 Jesu;

2122 3753 2212 3811 hic
2239 3753 2390 3807 enim
2415 3752 2569 3806 locus
2598 3752 2656 3806 in
2684 3751 2892 3805 dextris
2918 3751 3210 3822 erat.quia
3240 3749 3668 3814 nimirumcorpus

2122 3844 2254 3897 Jesu
2283 3841 2431 3913 quod
2458 3840 2719 3912 supinum
2746 3842 3019 3910 jacuerat.
3052 3847 3225 3911 caput
3252 3838 3444 3893 habuit
3465 3835 3527 3889 ad
3542 3845 3667 3886 occa-

2123 3948 2269 3990 sum.
2287 3930 2436 3984 unde
2455 3930 2739 3984 dexteram
2759 3946 2983 3984 necesse
3001 3934 3087 3983 est
3105 3928 3418 3983 haberetad
3438 3928 3666 3983 austrum,

2126 4020 2184 4075 in
2212 4037 2320 4091 qua
2350 4020 2580 4074 dextera
2604 4021 2764 4089 juxta
2802 4027 2836 4084 |
2856 4023 3048 4084 ξοδ
3073 4017 3405 4089 positionem
3434 4014 3528 4069 loci
3553 4014 3669 4065 ream

2124 4111 2318 4166 sedere
2337 4111 2569 4181 angelus
2600 4109 2950 4180 intelligitur.
2972 4110 3041 4163 Et
3068 4108 3194 4162 ideo
3227 4108 3449 4162 schema
3474 4094 3670 4174 sepulcri

2127 4200 2349 4253 Domini
2390 4214 2741 4269 cognoscere,
2791 4197 2950 4251 valde
2991 4196 3469 4268 pernecessarium
3512 4195 3598 4251 est,
3623 4190 3671 4239 ut

2123 4289 2402 4359 possimus
2430 4303 2766 4358 cognoscere
2813 4290 2869 4341 et
2896 4286 3139 4340 visiones
3166 4285 3444 4356 angelicas
3471 4275 3666 4352 plenius,

2119 4384 2175 4431 et
2226 4377 2696 4448 evangelistarum
2750 4374 3095 4430 dissonantia
3143 4374 3216 4427 ad
3247 4388 3415 4428 unam
3458 4367 3667 4435 redigere

2120 4467 2495 4522 concordiam.
2547 4472 2605 4520 et
2632 4464 3062 4535 intelligentiam
3102 4462 3397 4516 visionum.
3438 4458 3541 4513 Nec
3579 4465 3666 4506 non

2124 4555 2401 4627 quomodo
2430 4560 2487 4609 et
2527 4554 2833 4609 secundum
2864 4554 3090 4619 Lucam,
3123 4551 3398 4605 intrantes
3422 4547 3476 4601 in
3505 4555 3670 4599 monu-

2125 4652 2397 4705 mentum.
2429 4645 2569 4699 duos
2601 4644 2829 4715 angelos
2857 4648 3070 4696 stantes
3103 4640 3178 4695 ibi
3222 4647 3322 4695 aut
3349 4636 3584 4693 sedentes
3607 4629 3670 4681 in.

2124 4735 2396 4789 venerint.
2443 4734 2587 4798 Quia
2634 4733 2740 4787 nisi
2772 4731 2974 4803 positio
3003 4730 3242 4802 sepulcri
3271 4729 3327 4783 id
3366 4719 3670 4782 disterminat

2126 4830 2185 4879 et
2212 4824 2541 4894 distinguat,
2573 4822 2793 4876 videtur
2820 4838 2943 4875 esse
2971 4820 3317 4875 contrarium
3358 4815 3492 4888 quod
3537 4822 3670 4865 evan-

2122 4913 2336 4984 gelista
2394 4912 2610 4966 variant
2658 4928 2757 4983 pro
2800 4910 3089 4982 mysterio.
3131 4912 3250 4969 Prae
3294 4914 3480 4961 timore
3514 4903 3667 4954 autem

2125 5007 2240 5071 rjus
2253 5004 2510 5056 exterriti
2521 5008 2650 5055 sunt
2665 5004 2921 5064 custodes,
2938 5004 2986 5053 et
3001 5001 3139 5066 facti
3156 5002 3287 5051 sunt
3301 4996 3565 5049 velutimm
3582 4984 3664 5038 tui-

2125 5091 2369 5146 Ministri
2422 5091 2687 5163 perfidiae.
2744 5094 2802 5143 et
2857 5093 3208 5143 exsecutores
3260 5083 3449 5138 mortis
3487 5077 3666 5133 alienae.

2127 5189 2415 5251 nequeunt
2463 5180 2697 5233 sufferre
2752 5177 2998 5232 coelestia
3041 5177 3181 5238 visu.
3231 5189 3409 5245 neque
3444 5164 3665 5223 ﬁduciam

2125 5286 2347 5325 sumere
2377 5269 2445 5323 de
2476 5268 2752 5340 supernis.
2773 5269 2818 5323 Ο
2849 5284 3014 5339 quam
3037 5266 3226 5320 miseri
3245 5269 3391 5326 sunt,
3410 5274 3535 5332 quos
3559 5260 3666 5307 tunc

2124 5359 2363 5431 perculit
2387 5359 2562 5413 timor
2580 5357 2796 5417 mortis.
2820 5356 3042 5428 quando
3064 5355 3330 5410 securitas
3357 5340 3665 5404 credentibus

2123 5448 2345 5504 reddita
2380 5454 2466 5502 est
2511 5447 2654 5502 vitae.
2691 5446 2887 5500 Merito
2923 5445 3095 5517 igitur
3141 5443 3270 5516 quia
3310 5444 3532 5496 mortem
3558 5443 3662 5517 ser—

2124 5536 2328 5593 vabant
2355 5536 2599 5593 ministri
2640 5536 2858 5604 mortis,
2898 5516 2970 5591 ne
3013 5534 3220 5591 viveret
3254 5532 3382 5598 vita,
3427 5516 3665 5600 Ρθΐοιιεθίί
