3918 6166
288 242 394 302 981

973 242 1352 299 EXPOSITIO
1391 244 1471 299 IN
1505 242 1958 300 MATTHlEUM.
1993 272 2061 285 —
2096 244 2234 300 LIB.
2276 246 2400 314 XII,
2442 248 2598 302 CAP.
2640 249 2893 306 XXVIII.

3462 259 3568 320 982

285 374 349 422 et
376 366 678 439 prostravit
705 367 890 437 angeli
927 366 1218 432 adventus,
1272 385 1336 421 ac
1380 368 1510 422 facti
1558 374 1691 424 sunt
1730 368 2273 431 velutAChristum.
2324 370 2432 426 Sed
2474 373 2608 444 quid
2650 375 2774 429 ait?
2830 378 3025 435 Venite.
3061 378 3262 451 inquit,
3308 387 3358 435 et
3394 384 3567 438 videte

287 457 519 511 mortui.
552 456 710 519 Quod
761 455 866 509 nisi
919 468 1123 519 essent,
1158 463 1221 510 ut
1247 458 1325 511 ita
1354 458 1557 523 dicam,
1586 459 1884 530 plusquam

285 545 521 607 mortui,
550 545 836 600 debuisset
857 563 951 599 eos
976 547 1217 600 excitare
1247 547 1317 600 ad
1348 547 1517 601 vitam
1549 549 1884 602 resurrectio

285 635 520 697 Christi,
554 641 612 689 et
654 634 791 689 visio
834 635 1086 705 angelica
1121 636 1311 689 oculos
1342 653 1535 691 eorum
1564 638 1884 692 illuminare

281 734 350 779 ut
376 725 674 779 crederent
704 733 1109 795 resurgentem.
1145 726 1396 779 Vacuum
1428 743 1649 797 quoque
1682 742 1885 781 monu-

281 821 542 868 mentum
573 819 631 867 et
666 812 806 885 lapis
836 813 1120 868 revolutus
1164 813 1358 868 debuit
1387 815 1701 881 ostendere,
1735 816 1884 887 quod

272 905 397 974 jam
430 902 691 957 rediisset
717 903 787 957 ad
815 902 983 957 vitam
1014 903 1129 975 qui,
1171 904 1393 973 signato
1422 904 1624 976 lapide,
1656 921 1770 959 non
1799 910 1885 959 est

274 992 544 1049 inventus
560 995 617 1048 in
644 1000 1030 1048 monumento.
1057 993 1340 1048 Debuerat
1367 994 1518 1048 enim
1548 994 1881 1049 miraculum

274 1099 403 1138 esse
436 1083 505 1138 de
532 1084 697 1145 facto,
731 1084 799 1138 de
830 1085 1082 1155 exemplo
1131 1101 1258 1156 spes
1295 1086 1623 1155 resurgendi
1649 1105 1661 1153 ;
1690 1086 1759 1140 de
1789 1104 1880 1142 re-

273 1173 536 1227 versione
561 1172 768 1227 L‘hristi
794 1174 864 1227 ad
902 1174 1073 1227 vitam
1106 1173 1342 1228 ﬁrmitas
1367 1175 1625 1228 credendi
1652 1195 1664 1242 ;
1698 1176 1767 1229 de
1798 1176 1877 1230 vi-

270 1262 437 1319 sione
478 1263 685 1333 angeli,
719 1264 899 1317 honor
928 1270 985 1318 et
1011 1263 1328 1333 triumphus
1376 1264 1643 1318 aestimari
1688 1282 1876 1319 resur-

268 1349 484 1423 gentis.
516 1351 675 1405 Unde
720 1352 852 1421 quia
897 1367 991 1404 eos
1021 1357 1180 1404 tanta
1208 1351 1493 1405 dementia
1537 1357 1780 1421 ceperat,
1815 1357 1879 1405 ut

270 1444 331 1498 in
349 1444 510 1498 nullo
540 1444 707 1498 ﬁdem
732 1443 800 1498 de
822 1443 1044 1498 Christo
1065 1448 1293 1514 possent
1315 1444 1580 1515 recipere,
1594 1445 1721 1514 jure
1747 1444 1877 1497 facti

270 1540 415 1588 sunt
432 1550 495 1587 ac
520 1533 747 1587 mortui.

345 1622 718 1694 Respondens
727 1627 910 1675 autem
929 1625 1159 1689 angelus
1170 1623 1311 1675 dixit
1326 1624 1655 1675 mulieribus
1670 1642 1684 1676 :
1697 1623 1876 1677 Nolite

269 1716 473 1767 timere
503 1729 611 1772 vos,
636 1714 744 1765 scio
773 1713 925 1764 enim
956 1712 1100 1779 quod
1125 1713 1315 1764 Jesum
1344 1714 1443 1779 qui
1471 1715 1768 1778 cruciﬁxus
1797 1718 1872 1766 est
1889 1738 1934 1798 Β

267 1804 554 1871 queritis.
596 1800 957 1871 ReSpondere
1001 1799 1162 1871 quasi
1192 1800 1262 1853 ad
1294 1800 1640 1868 interrogata
1667 1801 1873 1855 dicitur

266 1891 534 1962 angelus,
567 1907 692 1944 cum
726 1889 988 1943 mulieres
1028 1906 1159 1943 voce
1204 1889 1342 1942 nihil
1374 1890 1741 1961 interrogant,
1774 1891 1870 1945 sed

265 1981 410 2053 quia
441 1980 509 2034 ad
543 1997 610 2034 ea
638 1996 760 2052 quae
790 1979 939 2033 intus
966 1978 1309 2049 gerebantur
1332 1979 1388 2032 in
1427 1980 1613 2033 animo
1640 1981 1873 2050 angelus

263 2070 546 2141 loquitur,
566 2076 716 2123 recte
745 2085 809 2121 ac
838 2068 884 2121 si
914 2069 982 2121 ad
1010 2068 1353 2139 interrogata
1385 2071 1723 2140 respondere
1744 2069 1877 2123 dici-

258 2166 384 2214 tur.
434 2158 775 2213 Consolatur
814 2158 966 2211 enim
996 2174 1091 2211 eas
1121 2163 1177 2211 et
1208 2158 1389 2219 docet,
1422 2167 1477 2211 et
1518 2174 1588 2211 ne
1639 2159 1877 2213 timeant

261 2252 485 2302 monet.
517 2248 642 2302 Non
668 2262 761 2300 eos
790 2246 885 2317 qui
911 2246 1075 2300 corde
1114 2247 1340 2300 credulo
1373 2248 1697 2318 praemortui
1719 2249 1875 2317 jace-

259 2338 429 2398 bant,
449 2336 562 2390 imo
583 2343 797 2390 terrore
817 2335 1077 2406 perculsi,
1099 2337 1195 2389 sed
1218 2352 1312 2389 eas
1334 2353 1476 2406 quas
1506 2337 1726 2390 devotio
1758 2345 1873 2390 tra-

261 2427 449 2481 hebat
479 2432 536 2479 et
562 2441 723 2479 amor
749 2425 854 2496 piae
883 2424 1212 2478 dilectionis.
1250 2425 1407 2479 Unde
1436 2425 1729 2494 signanter
1753 2426 1868 2479 ait:

266 2516 459 2570 Nolite
491 2517 683 2568 timere
710 2530 816 2567 vos.
850 2514 929 2567 Ac
953 2514 999 2567 si
1030 2513 1181 2567 dicat
1209 2532 1220 2565 :
1258 2514 1343 2567 llli
1371 2514 1607 2567 timeant
1635 2514 1726 2584 qui
1760 2531 1871 2568 non

254 2610 483 2665 amant,
510 2620 611 2657 nec
638 2603 906 2670 credunt;
947 2620 1038 2656 vos
1068 2619 1167 2656 cur
1198 2603 1613 2673 pertimescitis,
1634 2620 1757 2673 quae
1788 2620 1873 2658 ve-

258 2701 421 2749 stros
452 2693 651 2747 videtis
682 2685 977 2747 concives?
1020 2692 1077 2745 ln
1108 2692 1217 2746 illis
1248 2691 1524 2763 siquidem
1556 2698 1873 2763 perseveret

257 2799 445 2855 pavor
461 2799 526 2836 ac
540 2788 726 2836 terror
738 2781 933 2851 judicii
960 2800 971 2845 ;
998 2780 1055 2834 in
1080 2780 1282 2851 quibus
1319 2789 1349 2844 |
1371 2785 1551 2846 207
1577 2787 1872 2852 permanet

256 2871 511 2945 perfidia
539 2877 597 2925 et
624 2870 987 2925 incredulitas
1020 2870 1239 2923 mentis.
1288 2871 1563 2924 Caeterum
1596 2888 1707 2936 vos,
1738 2872 1872 2942 quia

254 2963 461 3017 Jesum
496 2960 746 3032 quaeritis
776 2960 1120 3025 cruciﬁxum,
1156 2960 1328 3013 nolite
1359 2960 1578 3022 timere,
1609 2961 1705 3015 sed
1734 2978 1869 3015 con-

1969 462 2144 513 locum
2162 461 2261 512 ubi
2279 464 2485 527 positus
2507 468 2626 516 erat
2648 465 2935 519 Dominus.
2960 468 3084 521 Non
3115 485 3315 539 corpus
3344 476 3565 526 tantum

1967 549 2114 619 quod
2137 555 2418 604 mortuum
2443 559 2546 613 est,
2572 552 2668 606 sed
2691 553 2784 607 ubi
2808 554 3022 625 positus
3043 564 3129 611 est
3148 558 3435 623 Dominus,
3470 560 3565 632 qui

1969 638 2143 692 nescit
2191 640 2351 704 mori,
2407 641 2541 711 quia
2582 642 2853 697 Dominus
2897 644 3311 701 dominantium
3350 655 3454 713 est,
3509 653 3567 702 et

1965 726 2360 783 immortaliter
2388 729 2538 783 vivit.
2570 730 2731 784 Unde
2762 733 2930 786 etiam
2959 740 3016 788 et
3058 735 3117 789 in
3148 735 3411 807 Symbolo
3442 753 3565 793 cre-

1965 815 2097 870 dere
2124 818 2477 883 conﬁtemur,
2515 824 2565 872 et
2597 822 2659 873 in
2690 822 2991 876 Dominum
3037 825 3225 878 Jesum
3256 828 3561 881 Christum.

1966 906 2075 972 Qui
2105 905 2253 959 inter
2279 913 2480 961 caetera
2511 925 2632 979 qua:
2653 910 2768 980 egit
2787 910 2958 964 etiam
2979 917 3233 966 mortuus
3254 920 3304 967 et
3321 919 3565 984 sepultus

1965 999 2068 1047 est.
2103 995 2171 1049 Et
2198 996 2323 1050 ideo
2353 1014 2520 1067 quam
2556 998 2693 1052 bene
2722 1000 2955 1069 angelus
2985 1000 3079 1072 qui
3110 1001 3391 1057 residebat
3419 1020 3485 1058 ac
3514 1005 3562 1059 si

1963 1083 2158 1137 doctor
2187 1085 2445 1155 egregius
2474 1087 2531 1139 in
2557 1087 2686 1141 sede
2708 1093 2929 1143 aeternae
2953 1090 3270 1154 soliditatis,
3293 1109 3405 1146 non
3432 1093 3512 1148 ait
3544 1111 3556 1147 :

1960 1173 2159 1227 Venite
2181 1180 2237 1227 et
2266 1174 2445 1228 videte
2474 1175 2567 1229 ubi
2599 1177 2840 1246 positum
2873 1186 2997 1233 erat
3024 1196 3226 1250 corpus
3250 1200 3262 1248 ;
3293 1182 3390 1235 sed
3414 1182 3561 1237 inte-

1958 1280 2078 1332 gre,
2110 1264 2242 1333 quia
2268 1263 2668 1319 indissolubilis
2708 1283 2853 1320 unus
2888 1274 2974 1321 est
3000 1269 3275 1334 Christus,
3307 1274 3482 1325 venite
3512 1276 3561 1325 et

1960 1354 2147 1416 vidwte,
2181 1355 2277 1405 ubi
2303 1356 2511 1421 positus
2558 1359 2676 1408 erat
2722 1357 3005 1411 Dominus.
3057 1358 3412 1430 Quapropter
3456 1378 3559 1415 au-

1959 1441 2136 1506 diant,
2170 1442 2263 1512 qui
2296 1459 2421 1496 cum
2462 1443 2780 1498 rescindere
2815 1445 3024 1501 volunt.
3060 1452 3117 1500 et
3144 1448 3283 1502 duas
3311 1449 3368 1502 in
3395 1449 3558 1503 Chri-

1958 1534 2045 1583 sto
2071 1529 2426 1584 introducere
2454 1549 2738 1602 personas,
2766 1550 2936 1587 unam
2986 1536 3293 1589 secundum
3334 1554 3560 1591 carnem

1958 1619 2295 1690 adoptionis,
2313 1621 2548 1674 alteram
2579 1623 2885 1677 secundum
2918 1630 3177 1677 naturam
3202 1626 3561 1696 proprietatis

1958 1708 2078 1773 Dei,
2105 1708 2182 1762 ita
2204 1715 2423 1763 utunus
2440 1710 2497 1763 in
2520 1726 2585 1764 eo
2606 1711 2825 1767 dicatur
2844 1712 3250 1784 nuncupativus
3275 1714 3372 1768 Dei
3387 1713 3561 1770 Filius

1968 1803 2001 1860 I
2020 1803 2229 1862 τιθῇ,
2256 1798 2401 1852 alter
2428 1815 2556 1852 vero
2586 1801 2865 1870 proprius.
2898 1802 3302 1856 Verumtamen
3324 1803 3559 1874 angelus

1955 1886 2116 1939 docet
2142 1893 2198 1940 et
2223 1887 2468 1941 ostendit
2493 1889 2640 1958 quod
2662 1888 2810 1943 idem
2844 1890 2900 1943 in
2930 1896 3190 1961 utroque,
3231 1896 3288 1945 et
3311 1909 3458 1946 unus
3487 1893 3561 1948 sit

1955 1975 2247 2041 Dominus,
2274 1993 2421 2030 unus
2442 1976 2500 2029 in
2521 1978 2808 2047 sepultura
2825 1979 3092 2050 corporis,
3113 1996 3259 2034 unus
3276 1980 3335 2034 in
3352 1981 3555 2050 Verbo,

1957 2080 2103 2118 unus
2119 2065 2247 2118 etin
2269 2065 2474 2126 anima,
2501 2082 2646 2120 unus
2663 2067 2853 2138 itaque
2885 2068 2938 2122 in
2969 2075 3208 2139 utraque
3231 2075 3452 2131 natura,
3476 2072 3559 2126 in-

1956 2154 2298 2209 dissolubilis
2320 2162 2377 2208 et
2392 2156 2839 2220 indissociabilis,
2865 2173 3098 2212 manens
3116 2158 3171 2211 in
3187 2175 3298 2213 una
3320 2176 3560 2230 persona

1958 2244 2105 2297 Deus
2137 2250 2190 2297 et
2221 2244 2511 2298 Dominus.
2545 2247 2661 2299 Nec
2708 2245 2889 2300 Verbo
2920 2246 3128 2302 divisus
3159 2264 3191 2301 a
3226 2265 3411 2311 carne,
3456 2268 3558 2306 nec

1957 2349 2124 2386 carne
2148 2351 2181 2387 a
2197 2333 2399 2395 Verbo,
2420 2351 2602 2405 neque
2614 2335 2804 2389 anima
2825 2352 2859 2389 a
2880 2334 3059 2389 Verbo
3084 2344 3141 2390 et
3152 2354 3337 2392 carne.
3361 2339 3468 2393 Sed
3498 2340 3557 2393 in

1956 2422 2042 2475 his
2061 2422 2319 2476 omnibus
2340 2440 2484 2477 unus
2504 2425 2653 2478 Deus
2664 2430 2720 2479 et
2739 2425 2925 2489 homo,
2949 2442 3096 2479 unus
3116 2429 3383 2481 mediator
3401 2430 3494 2482 Dei
3508 2436 3556 2484 et

1954 2511 2245 2565 hominum
2271 2513 2319 2577 (Ι
2348 2513 2485 2567 Tim.
2502 2526 2561 2569 Il.
2584 2511 2658 2579 5),
2680 2512 2950 2567 Dominus
2970 2515 3131 2568 Jesus
3153 2516 3556 2572 Cbristus.Sic-

1956 2616 2064 2670 que
2091 2606 2239 2654 recte
2270 2617 2439 2671 supra
2466 2603 2584 2670 jam
2614 2601 2747 2663 dixi,
2775 2603 2905 2671 jure
2936 2604 3271 2674 praedicatur
3297 2606 3554 2661 Christus

1954 2689 2215 2759 pmprius
2249 2689 2349 2743 Dei
2384 2690 2575 2749 Filius.
2605 2689 2663 2744 in
2704 2691 2920 2745 unitate
2964 2709 3216 2763 personae
3258 2695 3555 2751 cruciﬁxus

1953 2794 2018 2831 ac
2046 2795 2260 2848 passus,
2296 2784 2551 2833 mortuus
2595 2784 2653 2833 et
2698 2781 2969 2850 sepultus,
3010 2798 3137 2835 cum
3177 2783 3295 2836 sola
3322 2800 3450 2837 caro
3478 2785 3555 2839 sit

1953 2886 2133 2940 passa.
2173 2868 2248 2924 Et
2268 2870 2394 2924 ideo
2428 2870 2650 2941 egregie
2670 2870 2750 2924 ait
2774 2872 3038 2941 angelus:
3087 2875 3279 2939 Venite,
3309 2879 3357 2949 et
3382 2877 3553 2929 videte

1952 2961 2051 3013 ubi
2073 2962 2281 3027 positus
2319 2964 2438 3012 erat
2468 2962 2757 3013 Dominus.
2787 2961 2924 3015 Ecce
2971 2962 3205 3032 angelus
3249 2963 3552 3019 Dominum

251 3050 513 3124 gaudete
542 3057 599 3104 et
630 3049 1119 3120 congratulamini,
1139 3049 1271 3120 quia
1301 3049 1542 3103 surrexit
1563 3050 1731 3104 tertia
1756 3050 1864 3116 die,
1887 3060 1930 3120 ί]
1955 3048 2237 3118 praedicat,
2289 3049 2447 3117 cujus
2491 3048 2742 3119 loquitur
2770 3050 3107 3120 passionem,
3140 3050 3351 3105 fatetur
3394 3070 3548 3108 mor-

253 3156 486 3211 suaque
515 3138 669 3192 vobis
698 3138 971 3209 promissa
1003 3139 1318 3209 complevit.
1369 3139 1489 3192 Νοη
1520 3144 1594 3192 est
1621 3140 1727 3205 hic,
1761 3140 1869 3194 sci-

251 3232 397 3286 licet
415 3230 475 3284 in
499 3233 884 3293 monumento,
912 3228 1006 3282 ubi
1032 3245 1160 3281 eum
1183 3228 1429 3299 quaeritis
1458 3247 1470 3294 ;
1504 3231 1594 3282 sed
1610 3233 1804 3294 venite,
1821 3235 1869 3283 et

252 3322 440 3374 videte
474 3323 653 3373 locum
696 3320 792 3372 ubi
820 3320 1025 3386 positus
1059 3323 1177 3371 erat
1205 3319 1493 3371 Dominus.
1536 3318 1609 3371 Ut
1646 3318 1693 3371 si
1728 3319 1868 3372 meis

249 3408 448 3464 verbis
478 3425 591 3462 non
619 3407 867 3469 creditis,
901 3407 1098 3461 saltem
1133 3423 1305 3460 vacuo
1331 3407 1450 3476 jam
1491 3406 1731 3460 credatis
1776 3425 1864 3460 se-

252 3499 483 3571 pulcro.
518 3498 655 3552 Ecce
700 3513 867 3569 quam
918 3496 1043 3567 pius
1088 3496 1300 3561 doctor,
1351 3512 1519 3565 quam
1561 3495 1866 3559 modestus,

252 3604 437 3660 quam
469 3585 744 3656 benignus
790 3585 1075 3639 invitator.
1125 3584 1232 3649 Qui
1266 3585 1395 3639 licet
1421 3586 1777 3655 resplendeat
1811 3590 1873 3638 ut

250 3677 476 3747 fulgur,
497 3676 578 3730 sic
596 3682 876 3746 temperat
901 3691 1214 3728 sermonem
1258 3681 1321 3727 ut
1340 3675 1686 3744 permulceat
1716 3690 1871 3728 men-

250 3772 347 3821 tes
387 3765 678 3826 femineas,
712 3770 769 3818 et
799 3780 910 3817 non
940 3773 1003 3817 ut
1034 3769 1343 3833 perterrent
1389 3780 1529 3833 quas
1576 3763 1754 3816 docet.
1799 3764 1863 3817 In

250 3854 404 3908 facie
429 3852 705 3923 siquidem
738 3852 923 3921 angeli
970 3850 1212 3905 caelestis
1259 3857 1474 3905 naturae
1517 3856 1865 3905 monstratur

251 3943 511 4007 claritas,
540 3948 596 3995 et
620 3941 678 3995 in
710 3947 860 3995 veste
888 3942 1163 4010 ﬁguratur
1188 3940 1501 3993 communis
1526 3940 1720 4010 gratia:
1752 3940 1865 3993 vir-

251 4038 376 4087 tus.
423 4031 782 4101 Quapropter
828 4030 1061 4083 audiant
1106 4029 1308 4084 tumidi
1341 4030 1596 4083 doctores
1624 4036 1679 4083 et
1709 4030 1860 4093 elati,

253 4121 363 4193 qui
393 4120 574 4191 magis
603 4136 825 4190 semper
851 4119 1083 4189 cupiunt
1119 4118 1291 4172 videri
1340 4119 1397 4172 in
1443 4120 1662 4190 eloquio
1705 4125 1762 4173 et
1807 4118 1864 4173 in

251 4208 534 4273 vestibus,
582 4214 752 4280 atque
796 4207 853 4261 in
898 4208 1051 4261 omni
1096 4214 1369 4278 apparatu
1420 4209 1633 4278 gloriae,
1696 4226 1863 4279 quam

252 4298 531 4371 prodesse
578 4303 635 4350 et
685 4297 883 4351 docere
938 4297 1287 4367 simpliciter.
1338 4298 1474 4352 Ecce
1522 4298 1759 4367 angelus
1806 4298 1863 4352 in

1950 3144 2088 3201 tem,
2122 3138 2219 3192 sed
2250 3139 2508 3208 protinus
2536 3139 3006 3192 resurrectionem
3047 3140 3363 3194 confitetur.
3398 3140 3465 3193 Et
3504 3139 3553 3193 si

1952 3228 2211 3297 angelus,
2259 3233 2384 3298 post
2432 3232 2517 3281 tot
2554 3228 2941 3294 contumelias,
2980 3235 3106 3299 post
3147 3234 3263 3282 tam
3317 3229 3442 3283 dira
3492 3228 3551 3284 in

1950 3333 2118 3369 carne
2147 3316 2438 3386 supplicia,
2472 3321 2599 3386 post
2628 3317 2964 3387 sepulcrum,
2990 3319 3179 3372 Jesum
3209 3318 3554 3390 recognoscit

1954 3405 2255 3458 Dominum
2287 3422 2471 3467 suum,
2506 3411 2563 3458 et
2590 3407 2908 3470 conﬁtetur,
2934 3408 3065 3478 quid
3089 3415 3174 3461 est
3203 3409 3351 3478 quod
3373 3408 3551 3463 haere-

1952 3494 2047 3547 tici
2072 3494 2349 3563 garriunt,
2392 3511 2518 3547 eum
2551 3495 2903 3548 solummodo
2925 3513 3023 3567 per
3048 3496 3408 3567 adoptionem
3428 3514 3549 3552 esse

1954 3584 2052 3637 Dei
2076 3582 2274 3636 Filium
2292 3583 2317 3635 ’t
2334 3584 2469 3636 Ecce
2489 3584 2722 3653 angelus
2738 3582 2897 3637 suam
2929 3584 3177 3656 loquitur
3196 3586 3543 3652 servitutem,

1952 3672 2039 3726 cui
2071 3672 2303 3726 devotus
2330 3671 2554 3726 exhibet
2581 3672 2933 3738 famulatum,
2984 3676 3267 3745 sentitque
3310 3677 3429 3745 jam
3460 3684 3548 3730 to-

1950 3766 2064 3814 tam
2094 3760 2357 3831 injuriam
2391 3761 2687 3832 passionis.
2719 3761 2989 3815 transisse
3032 3764 3088 3816 in
3122 3764 3547 3818 resurrectionis

1943 3852 2180 3922 gloriam
2222 3853 2338 3905 Nec
2356 3851 2695 3905 minoratum
2712 3852 3009 3907 Dominum
3040 3853 3097 3907 in
3127 3870 3293 3907 carne
3306 3853 3541 3923 judicat,

1946 3959 2048 3995 nec
2074 3942 2129 3995 in
2158 3942 2414 4013 passione
2442 3940 2724 3995 existimat
2771 3950 3161 4013 consumptam
3202 3942 3544 3997 dominatio-

1949 4048 2098 4093 nem,
2152 4048 2334 4102 neque
2380 4030 2644 4084 defecisse
2675 4030 2937 4084 virtutem
2978 4031 3338 4096 dominantis,
3375 4049 3544 4104 quem

1949 4120 2251 4175 Dominum
2292 4120 2540 4190 appellat
2584 4118 2747 4189 eique
2788 4119 3113 4173 servitutem
3154 4120 3394 4175 exhibet.
3428 4121 3544 4176 Nec

1949 4208 2228 4263 erubescit
2238 4207 2538 4262 Dominum
2555 4225 2766 4272 vocare,
2789 4224 2954 4279 quem
2977 4211 3304 4263 cruciﬁxum
3318 4210 3470 4276 dicit,
3486 4216 3546 4266 et

1920 4352 1927 4357 ,
1949 4298 2193 4353 ostendit
2211 4288 2442 4352 devotus
2460 4302 2637 4353 locum
2658 4300 2756 4352 ubi
2766 4300 2974 4366 positus
2994 4306 3111 4352 erat
3130 4301 3418 4363 Dominus,
3446 4301 3542 4373 qui

252 4393 472 4443 natura
523 4387 824 4458 pra-clarus
875 4386 953 4440 sic
1008 4392 1286 4457 temperat
1340 4386 1577 4458 speciem
1634 4386 1689 4440 in
1749 4380 2067 4443 col-Dloco
2088 4405 2198 4444 non
2220 4387 3544 4462 capitur,neccontineturinIono.Ostenditigi-

252 4476 564 4548 loquendo,
605 4476 790 4546 potius
838 4481 898 4529 ut
941 4476 1200 4539 mulceat,
1243 4493 1411 4546 quam
1452 4476 1734 4529 deterreat
1769 4493 1864 4529 au-

249 4566 499 4621 dientes.
533 4565 905 4637 Temperatur
950 4564 1184 4618 vestium
1217 4564 1463 4629 claritas,
1499 4571 1558 4619 ut
1590 4565 1862 4635 placidius

247 4655 538 4721 videatur,
574 4654 828 4725 quamvis
861 4654 918 4707 in
951 4654 1103 4707 vultu
1142 4654 1453 4724 prietulerit
1490 4654 1766 4725 fulgorem
1799 4671 1863 4708 ac

246 4750 536 4800 terrorem
585 4743 705 4813 ejus
748 4759 916 4814 quem
960 4742 1256 4797 nuntiabat
1298 4742 1497 4806 vivere,
1534 4750 1590 4796 et
1619 4744 1861 4814 speciem

246 4833 349 4889 sui
373 4833 635 4887 auctoris.
667 4833 735 4886 Et
757 4832 1063 4886 notandum
1097 4833 1240 4902 quod
1265 4832 1346 4886 ait
1370 4850 1380 4884 :
1404 4833 1524 4887 Scio
1546 4836 1693 4886 enim
1718 4835 1860 4902 quod

243 4927 447 4980 Jesum
492 4923 760 4989 queritis.
804 4921 929 4975 Non
980 4920 1126 4974 enim
1172 4921 1252 4975 ait
1299 4921 1447 4991 quod
1487 4938 1689 4993 corpus
1744 4924 1863 4993 ejus

246 5017 578 5084 quaererent
626 5010 772 5081 quod
824 5009 1067 5081 positum
1099 5015 1184 5063 est
1234 5010 1291 5063 in
1341 5017 1725 5075 monumento,
1762 5014 1860 5066 sed

243 5104 444 5157 Jesum
471 5102 741 5169 quaeritis.
769 5099 913 5163 Quia
948 5098 1126 5152 nescit
1164 5100 1397 5171 angelus
1429 5100 1641 5154 solvere
1671 5102 1861 5156 Jesum

245 5203 445 5259 neque
477 5187 748 5258 tripartiri
778 5204 906 5241 eum
934 5187 991 5241 in
1020 5187 1218 5253 tribus,
1246 5194 1309 5242 ut
1355 5189 1433 5242 sic
1459 5206 1658 5260 corpus
1687 5189 1745 5243 in
1766 5208 1823 5244 se

246 5278 455 5351 pulcro
485 5293 595 5347 quo
629 5276 867 5346 positum
898 5282 1002 5335 est,
1038 5282 1092 5331 et
1141 5278 1327 5332 anima
1377 5278 1431 5331 in
1482 5278 1700 5332 inferno
1748 5297 1857 5350 quo

245 5364 571 5428 descendit,
608 5363 843 5418 \crbum
874 5382 1094 5437 quoque
1122 5366 1178 5420 in
1212 5368 1349 5420 coelo
1370 5384 1495 5420 cum
1529 5368 1713 5423 Patre.
1747 5386 1856 5440 quo

247 5470 487 5525 semper
518 5463 721 5507 manet.
755 5455 878 5508 Non
910 5454 1096 5526 itaque
1135 5454 1212 5509 sic
1242 5454 1511 5524 intelligit
1536 5457 1767 5524 angelus
1796 5464 1859 5512 ut

248 5542 450 5597 miseri
504 5542 769 5609 hzeretiei,
806 5543 899 5614 qui
940 5560 1256 5617 quamszepe
1306 5544 1550 5599 dividere
1604 5545 1859 5601 laborant

1945 4485 2039 4531 tur
2052 4479 2232 4532 locum
2246 4478 2303 4531 in
2315 4495 2424 4548 quo
2434 4479 2706 4548 jacuerat,
2723 4494 2794 4531 ne
2807 4477 2951 4531 alter
2964 4483 3021 4531 et
3040 4494 3150 4531 non
3165 4477 3283 4548 ipse
3298 4478 3445 4532 idem
3460 4496 3543 4534 re-

1945 4568 2251 4622 surrexisse
2261 4568 2584 4622 crederetur
2597 4584 2660 4620 ex
2675 4567 2928 4621 mortuis.
2944 4583 3007 4619 ac
3015 4567 3176 4637 jubet
3189 4567 3534 4623 mulieribus.

2017 4659 2131 4713 Cito
2153 4662 2356 4723 euntes,
2385 4656 2586 4727 inquit,
2610 4657 2772 4709 dicite
2791 4658 3076 4724 discipulis
3104 4660 3238 4724 ejus.
3258 4659 3393 4725 quia
3408 4674 3539 4712 sur-

1946 4749 2107 4812 rexit,
2140 4751 2188 4799 et
2210 4762 2319 4799 ecce
2340 4746 2594 4814 precedit
2624 4760 2710 4797 vos
2739 4746 2801 4797 in
2832 4745 3137 4808 Galilaeam,
3155 4746 3235 4799 ibi
3250 4762 3376 4800 eum
3396 4748 3540 4801 vide-

1948 4837 2092 4897 bitis,
2126 4851 2235 4888 ecce
2255 4835 2491 4902 praedixi
2515 4834 2678 4886 vobis.
2714 4833 2830 4886 Nec
2857 4832 3047 4903 itaque
3078 4840 3241 4888 vacat
3268 4851 3303 4889 a
3333 4841 3542 4908 myste-

1946 4923 2027 4977 rio
2061 4923 2209 4994 quod
2237 4921 2498 4976 mulieres
2528 4921 2672 4975 ﬁunt
2696 4921 3069 4991 evangelistae,
3114 4928 3178 4977 ut
3205 4940 3305 4994 per
3335 4924 3536 4979 mulie-

1945 5028 2064 5066 rem
2112 5012 2358 5083 primum
2399 5010 2535 5064 ﬁdes
2582 5011 2950 5066 annuntietur
2991 5012 3419 5066 resurrectionis
3474 5012 3532 5067 in

1946 5102 2176 5157 mundo.
2204 5118 2304 5171 per
2324 5117 2493 5172 quam
2517 5099 2757 5171 primum
2789 5100 3024 5172 perﬁdia
3050 5101 3279 5155 intravit
3298 5101 3354 5155 in
3380 5117 3537 5155 mun-

1943 5191 2097 5244 dum.
2132 5191 2281 5244 Ordo
2312 5206 2555 5260 namque
2585 5197 2704 5243 erat
2724 5190 2977 5259 justitiae,
3006 5197 3068 5245 ut
3095 5189 3414 5244 hominibus
3438 5206 3536 5262 per

1942 5280 2233 5333 mulierem
2256 5279 2679 5333 resurrectionis
2705 5279 2774 5332 ad
2798 5279 2968 5333 vitam
2992 5279 3223 5333 daretur
3235 5279 3531 5348 judicium.

1942 5386 2041 5440 per
2069 5387 2233 5440 quam
2265 5369 2509 5440 primum
2539 5369 2867 5424 temtationis
2905 5387 2969 5424 ac
2988 5369 3161 5423 ruina:
3191 5368 3404 5422 homini
3436 5368 3534 5423 de-

1940 5460 2116 5513 latum
2148 5466 2234 5512 est
2262 5459 2577 5512 consilium.
2611 5460 2726 5512 Nec
2752 5459 2924 5530 igitur
2947 5460 3016 5512 ad
3050 5460 3162 5513 haec
3186 5458 3309 5513 duae
3337 5475 3536 5530 prmer-

1943 5548 2339 5601 dinantursine
2358 5549 2588 5601 rationis
2606 5566 2771 5601 causa
2790 5549 3147 5609 fclninzr‘mnn
3166 5548 3266 5602 sul)
3288 5547 3527 5607 nomine,
