3918 6166
401 284 505 345 983

1160 286 1216 341 S.
1263 282 1640 339 PASCHASII
1679 280 2038 337 RADBERTI
2075 282 2380 339 ABBATIS
2419 277 2914 336 CORBEIENSIS.

3521 284 3611 345 984

402 418 466 468 ut
495 410 938 481 evangelizarent
966 408 1431 466 resurrectionem
1460 407 1667 464 Christi
1683 407 1988 479 discipulis.
2012 410 2054 467 A
2078 416 2377 480 exsuperat
2402 407 2482 461 vis
2512 408 2738 469 amoris,
2770 407 2904 461 dum
2935 423 3057 462 eam
3087 425 3246 464 suum
3262 426 3374 465 esse
3392 411 3505 467 fecit
3518 429 3615 468 cor-

404 502 509 557 Sed
527 508 566 566 ι
584 501 900 566 ἐυθίἀρο
915 500 970 552 in
985 508 1334 559 sacramento
1347 499 1427 553 sic
1440 499 1901 570 praeparanturad
1920 514 2003 551 se-

404 590 680 661 pulcrum,
696 596 760 642 ut
772 589 1008 642 formam
1027 588 1265 641 duarum
1281 587 1634 641 ecclesiarum
1648 591 2004 656 teneant,per

406 678 718 750 quaslonge
732 678 953 749 lateque
966 676 1824 747 praedicaturEvangeliumﬂuae
1836 675 2005 746 siqui-

407 767 535 820 dem
565 767 867 820 mittuntur
895 766 1119 820 feminae
1148 782 1260 819 uno
1282 765 1384 820 sub
1415 756 1662 829 nomine,
1688 771 1751 819 ut
1779 782 1893 819 una
1912 765 2004 818 de-

407 855 650 909 claretur
674 854 917 908 Ecclesia
947 872 1068 925 quae
1096 855 1165 908 de
1193 854 1401 909 Judaeis
1430 871 1493 907 ac
1520 853 1781 924 gentibus
1812 852 1999 924 quoti-

407 943 497 998 die
526 954 885 1013 aggregalur.
922 944 989 997 Et
1016 943 1140 996 ideo
1188 943 1298 997 cito
1335 943 1416 996 ire
1440 942 1725 1010 iubentur.
1782 942 1915 1013 quia
1942 942 2000 995 in

408 1032 588 1086 officio
614 1032 1023 1103 praedicationis
1053 1033 1190 1087 nihil
1218 1032 1378 1085 tarde
1410 1032 1658 1102 nihilque
1676 1031 1862 1102 tepide
1879 1031 1999 1085 fieri

408 1126 648 1191 oportet,
683 1122 779 1175 sed
802 1122 987 1175 omnia
1007 1121 1064 1175 in
1088 1121 1377 1176 velocitate
1398 1121 1654 1191 perfecta:
1675 1120 2002 1174 intentionis

409 1211 740 1280 quantocius
760 1211 1158 1271 consummari,
1183 1227 1285 1264 nec
1304 1210 1513 1281 absque
1536 1226 1739 1279 magno
1760 1209 1890 1263 ﬁdei
1913 1225 2004 1263 sa-

407 1306 693 1353 cramento
705 1299 1316 1371 discipuliinGalilteam
1329 1298 1410 1352 ire
1416 1298 1836 1369 jubentur,cum
1852 1298 2007 1369 prius

410 1405 540 1443 eum
570 1388 805 1442 diversis
834 1388 892 1441 in
920 1388 1055 1443 locis
1082 1387 1257 1441 visuri
1299 1391 1478 1441 erant.
1523 1387 1630 1442 Sed
1680 1387 1811 1458 quia
1859 1386 2009 1441 Gali-

410 1478 513 1533 laaa
543 1479 969 1543 transmigratio
1001 1477 1425 1547 interpretatur,
1459 1482 1680 1547 oportet
1699 1477 1795 1547 qui
1815 1475 2007 1531 Domi-

411 1584 549 1621 num
578 1567 768 1621 videre
788 1566 1089 1633 desiderat,
1112 1568 1479 1638 transmigret
1506 1568 1750 1639 primum
1772 1569 1841 1623 de
1862 1568 2009 1622 vitiis

412 1656 483 1709 ad
516 1655 766 1722 virtutes,
810 1657 879 1711 de
907 1657 1263 1728 corruptione
1300 1658 1371 1711 ad
1411 1656 1907 1729 incorruptionem,
1939 1657 2009 1711 de

2082 516 2206 569 pus,
2239 515 2409 569 quam
2445 497 2655 551 salutat
2681 496 2739 550 in
2770 514 2848 561 se,
2878 499 3039 567 cujus
3078 498 3194 569 ipse
3238 499 3481 570 probatur
3518 519 3619 558 esse

2083 592 2268 658 caput.
2292 588 2367 640 At
2387 586 2519 657 ipsae
2540 593 2896 640 accesserunt
2925 592 2982 640 et
3011 593 3309 643 tenuerunt
3332 590 3482 659 pedes
3503 593 3617 660 ejus,

2079 677 2240 746 juxta
2264 675 2412 747 quod
2444 692 2650 746 sponsa
2673 676 2827 729 canit
2850 675 2908 729 in
2939 676 3183 731 Canticis
3210 696 3221 729 :
3255 679 3467 745 Quaesivi
3491 696 3621 748 quem

2084 767 2271 832 diligit
2292 768 2487 818 animo
2520 767 2899 832 memquesiri
2927 771 2974 818 et
3008 781 3118 836 non
3143 769 3330 820 inveni
3348 769 3622 833 euthant.

2084 868 2167 918 IlI,
2199 854 2273 917 1),
2312 869 2414 907 nec
2443 853 2722 906 dimittam
2755 853 2935 907 illum.
2970 854 3182 908 Nolunt
3227 872 3354 926 ergo
3389 856 3625 911 dimittere

2084 960 2251 1014 quem
2282 947 2478 997 tenent
2512 942 2787 1005 manibus,
2831 959 2997 1012 quem
3044 943 3284 998 adorant
3322 951 3377 999 et
3414 946 3624 1001 credunt.

2083 1032 2260 1097 Quem
2293 1032 2401 1086 nisi
2433 1032 2816 1093 credidissent,
2853 1047 2962 1085 non
2993 1038 3268 1086 tenerent.
3295 1034 3394 1088 Sed
3423 1050 3628 1105 quaeren-

2085 1121 2216 1175 dum
2231 1121 2509 1191 quomodo
2522 1120 2611 1174 hic
2634 1122 2792 1190 juxta
2813 1122 3139 1176 Matthazum
3154 1122 3331 1176 Maria
3350 1122 3629 1194 Magdalene

2089 1227 2317 1281 vespere
2349 1209 2596 1274 Sabbati,
2629 1226 2754 1263 cum
2784 1210 2891 1264 sibi
2921 1210 3071 1265 socia
3102 1211 3335 1282 pedibus
3356 1212 3477 1266 Jesu
3502 1212 3632 1267 advo-

2087 1298 2208 1353 luta
2230 1300 2396 1369 jacet.
2429 1304 2603 1360 tenet,
2627 1304 2683 1353 et
2708 1299 2925 1365 adorat,
2948 1299 3172 1370 quando
3197 1300 3484 1355 secundum
3502 1301 3633 1356 Joan-

2089 1404 2217 1442 nem
2250 1404 2415 1441 mane
2446 1386 2675 1442 Sabbati
2704 1387 2865 1442 audit
2899 1404 2933 1442 a
2973 1389 3231 1454 Domino,
3272 1389 3451 1444 volens
3474 1405 3633 1445 rursus

2090 1477 2259 1548 pedes
2283 1478 2402 1547 ejus
2431 1482 2623 1531 tenere
2658 1495 2672 1530 :
2712 1478 2840 1531 Noli
2882 1494 2967 1531 me
2997 1483 3240 1545 tangere,
3274 1480 3488 1533 necdum
3514 1481 3633 1534 enim

2090 1567 2311 1621 ascendi
2338 1568 2412 1620 ad
2453 1568 2667 1620 Patrem
2708 1582 2892 1620 meum
2946 1568 3125 1636 (Joan.
3160 1584 3253 1634 xx,
3299 1567 3398 1636 l7).
3443 1568 3495 1622 Si
3530 1584 3634 1641 ergo

2090 1654 2247 1725 prius
2262 1669 2412 1712 eum,
2431 1657 2496 1707 ut
2513 1652 2810 1707 Mattheeus
2837 1657 3098 1720 testatur,
3112 1654 3253 1708 vidit
3276 1661 3634 1725 resurgentem,

411 1748 593 1798 morte
623 1745 693 1798 ad
723 1744 1223 1809 immortalitatem,
1258 1750 1536 1815 quatenus
1560 1745 1619 1800 in
1639 1744 2010 1816 transmigra-
2036 1759 2219 1823 Bcum
2247 1742 2423 1796 altera
2446 1741 2642 1800 Maria.
2674 1746 2731 1795 et
2760 1740 2994 1813 pedibus
3023 1747 3112 1797 est
3141 1743 3416 1808 advoluta,
3445 1761 3566 1814 quos
3585 1743 3639 1797 si-

411 1832 565 1887 tione
586 1834 705 1904 jam
734 1833 899 1899 facta,
940 1833 1007 1903 id_
1025 1839 1113 1887 est
1138 1835 1197 1887 in
1245 1834 1553 1899 Galilaeam,
1596 1835 1895 1888 Dominum
1936 1834 2011 1887 vi-

412 1921 546 1975 dere
578 1928 765 1992 queat.
799 1924 865 1977 Et
894 1925 1151 1976 exierunt
1178 1925 1283 1976 cito
1304 1924 1367 1976 de
1400 1930 1754 1977 monumento
1778 1940 1905 1976 cum
1937 1925 2010 1976 ti-

413 2026 582 2073 more,
601 2015 651 2064 et
676 2013 881 2078 gaudio
905 2026 1124 2079 magno,
1138 2017 1419 2065 currentes
1441 2015 1707 2066 nuntiare
1724 2014 2010 2081 discipulis

413 2102 546 2169 ejus.
582 2099 741 2163 Quod
770 2105 960 2154 autem
1008 2099 1158 2163 dicit,
1194 2106 1461 2155 exeuntes
1507 2101 1577 2154 de
1623 2105 2005 2165 monumento,

412 2188 665 2242 insinuat
675 2189 806 2259 quia
818 2189 1006 2242 omnia
1017 2189 1378 2260 explorarunt
1388 2190 1687 2260 sepulturae
1719 2189 2008 2260 mysteria,

414 2276 483 2330 de
509 2276 711 2346 quibus
739 2278 924 2332 caeteri
946 2279 1298 2348 evangelista;
1323 2280 1484 2351 plura
1513 2295 1744 2333 narrare
1776 2278 2012 2350 proban-

412 2370 534 2421 tur.
572 2365 771 2437 Sicque
800 2367 1002 2437 duplex
1022 2368 1256 2422 all‘ectus
1283 2369 1485 2423 mentis
1510 2386 1605 2423 eas
1630 2368 1904 2431 movebat,
1948 2373 2012 2423 ut

415 2453 524 2508 cito
546 2454 695 2508 irent
709 2472 774 2509 ac
792 2462 1101 2520 currerent,
1123 2457 1294 2511 timor
1308 2457 1519 2511 scilicet
1532 2463 1701 2527 atque
1718 2457 2009 2527 gaudium.

416 2542 609 2598 Timor
635 2544 910 2615 siquidem
954 2562 1049 2599 eas
1077 2546 1363 2600 invaserat
1382 2563 1451 2601 ex
1487 2546 1874 2617 magnitudine
1901 2546 2009 2600 mi-

415 2632 755 2695 raculorum,
800 2634 1071 2705 gaudium
1105 2652 1233 2690 vero
1265 2652 1330 2689 ex
1357 2635 1635 2689 desiderio
1667 2634 2013 2706 resurgentis

413 2722 536 2777 Dei.
562 2722 774 2785 Quibus
795 2723 947 2777 intus
965 2741 1233 2795 possessa;
1250 2740 1363 2796 prae
1384 2725 1556 2778 nimio
1586 2741 1778 2779 amore
1798 2724 2013 2779 concito

415 2811 596 2882 gradu
620 2817 857 2867 currunt
884 2813 956 2866 ad
986 2815 1287 2883 apostolos.
1322 2819 1383 2868 ut
1412 2830 1511 2884 per
1549 2830 1643 2868 eos
1685 2813 1813 2867 fidei
1843 2813 2013 2867 semi-

415 2901 575 2954 naria
600 2907 1001 2971 spargerentur
1019 2902 1074 2954 in
1100 2901 1324 2972 papulo.
1359 2902 1422 2954 Et
1451 2918 1558 2955 ecce
1588 2905 1742 2955 Jesus
1770 2905 2014 2957 occurrit

415 2991 536 3043 illis
566 2992 749 3043 dicens
782 3009 797 3043 :
825 2989 1002 3044 Avete.
1039 2992 1152 3044 Illa:
1179 2994 1365 3043 autem
1385 2995 1725 3043 accesserunt
1756 2996 1805 3044 et
1835 2997 2015 3044 tenue-

2094 1831 2209 1884 mul
2231 1829 2478 1884 tenuisse
2497 1828 2781 1888 dicuntur.
2801 1830 2933 1901 quid
2955 1836 3041 1885 est
3062 1831 3213 1902 quod
3242 1837 3363 1902 post
3382 1848 3443 1886 ea
3462 1847 3641 1887 reversa

2093 1919 2248 1990 (quia
2276 1918 2427 1972 domi
2450 1935 2552 1973 nec
2581 1935 2808 1972 manere
2828 1919 2897 1973 ad
2917 1920 3222 1983 modicum,
3253 1936 3354 1975 nec
3382 1920 3638 1975 subsistere

2093 2014 2333 2080 poterat\
2368 2007 2527 2079 quasi
2558 2007 2859 2078 indignans
2888 2009 2966 2062 sic
2996 2026 3122 2063 eam
3171 2009 3403 2081 abjicit?
3444 2010 3567 2065 Nam
3588 2008 3641 2063 ad

2092 2103 2518 2152 monumentum
2543 2097 2790 2162 veniens,
2819 2098 2952 2169 quia
2981 2102 3123 2152 uidit
3146 2101 3384 2168 lapidem
3409 2100 3642 2153 sublatum

2091 2189 2161 2240 ab
2189 2189 2321 2240 ostio
2354 2190 2702 2239 monumenti
2726 2189 2904 2251 (Joan.
2929 2203 3001 2240 xx
3060 2187 3110 2252 i,
3136 2187 3226 2254 2);
3249 2204 3354 2257 quo
3376 2187 3642 2260 sepulcrum

2093 2274 2476 2340 claudebatur,
2506 2275 2681 2330 currit
2710 2276 2777 2330 ad
2809 2276 3115 2338 Simonem,
3150 2282 3209 2331 et
3240 2278 3309 2330 ad
3334 2277 3482 2331 illum
3508 2276 3645 2330 alium

2092 2364 2428 2436 discipulum
2475 2381 2631 2433 quem
2664 2366 2886 2418 amabat
2930 2366 3085 2418 Jesus
3117 2365 3441 2436 plurimum,
3470 2371 3520 2420 et
3542 2364 3647 2419 dicit

2096 2455 2218 2508 eis:
2256 2456 2525 2508 Tulerunt
2566 2456 2868 2507 Dominum
2904 2470 3083 2507 meum
3136 2456 3203 2508 de
3242 2461 3584 2517 monumento,
3610 2459 3646 2507 et

2099 2547 2272 2597 nescio
2287 2544 2384 2596 ubi
2390 2548 2693 2611 posuerunt
2714 2559 2859 2609 eum,
2874 2559 2972 2598 seu
2993 2548 3200 2597 caetera
3221 2560 3343 2614 quae
3363 2548 3645 2616 sequuntur.

2095 2630 2200 2685 Ubi
2231 2647 2355 2684 cum
2375 2630 2761 2702 pervenissent
2787 2631 2867 2684 illi
2898 2631 3008 2685 duo
3041 2637 3099 2685 et
3125 2631 3478 2687 introissent:
3501 2633 3647 2686 Maria

2096 2721 2271 2793 stabat
2301 2721 2374 2772 ad
2398 2724 2823 2774 monumentum
2849 2721 2989 2787 foris
3011 2723 3268 2789 plorans.
3304 2722 3368 2776 Et
3397 2737 3509 2775 cum
3527 2736 3571 2773 se
3586 2722 3650 2771 in-

2096 2810 2368 2873 ctinasset,
2391 2810 2530 2861 vidit
2547 2809 2681 2861 duos
2707 2812 2927 2877 angelos
2959 2811 3022 2862 in
3051 2812 3199 2863 albis
3227 2811 3459 2864 sedentes
3482 2810 3533 2863 in
3557 2808 3651 2862 loco

2099 2896 2467 2960 monumenti,
2496 2914 2675 2951 unum
2704 2899 2778 2950 ad
2808 2902 2991 2965 caput,
3021 2902 3070 2952 et
3108 2915 3297 2953 unum
3321 2901 3393 2953 ad
3414 2900 3576 2968 pedes;
3604 2912 3652 2949 ac

2097 2991 2315 3040 caetera.
2350 2986 2484 3050 Qum
2512 3002 2768 3040 conversa
2797 2992 3125 3051 retrorsum,
3163 2989 3304 3041 vidit
3331 2990 3503 3043 Jesum
3528 2990 3652 3039 stan-

417 3082 557 3130 runt
602 3079 757 3145 pedes
793 3081 926 3144 ejus,
972 3083 1019 3130 el
1068 3080 1441 3131 adoraverunt
1469 3094 1613 3131 eum.
1657 3079 1771 3132 Nec
1800 3078 2078 3140 mirerisC
2104 3081 2227 3139 tem,
2247 3082 2303 3128 et
2335 3074 2471 3129 dicit
2496 3074 2546 3128 ei
2570 3074 2718 3128 inter
2747 3080 2985 3129 caetera:
3020 3077 3288 3137 Rabboni,
3322 3078 3458 3145 quod
3482 3077 3653 3128 dicitur

419 3182 542 3236 qua
571 3165 651 3218 sic
677 3164 1020 3235 quaerebant,
1041 3182 1163 3235 quae
1194 3182 1293 3236 per
1316 3171 1490 3219 totam
1514 3171 1731 3219 noctem
1756 3167 2016 3220 eumdem

418 3253 602 3308 locum
642 3254 1154 3324 frequentaverant,
1188 3271 1311 3325 quae
1339 3254 1420 3307 ita
1446 3256 1566 3324 jam
1599 3255 1795 3310 festine
1825 3272 2017 3310 curre-

405 3343 576 3408 bant,
608 3343 657 3396 si
688 3347 978 3397 merentur
1003 3342 1218 3396 obviam
1261 3342 1467 3397 habere
1496 3344 1796 3398 Dominum
1830 3361 2017 3400 resur-

420 3437 668 3503 gentem,
701 3438 767 3486 ut
795 3432 1001 3486 certius
1028 3448 1154 3486 eum
1179 3433 1298 3502 jam
1329 3432 1509 3486 vivere
1548 3434 2013 3503 evangelizarent,

422 3538 589 3593 quem
617 3521 771 3592 prius
803 3526 1084 3576 mortuum
1110 3520 1451 3592 quaerebant.
1487 3521 1623 3577 Erat
1651 3523 1800 3577 enim
1826 3523 1885 3576 in
1907 3523 2018 3578 illis

419 3609 638 3665 duabus
658 3608 1004 3676 mulieribus,
1023 3611 1143 3680 jam
1167 3612 1366 3681 ﬁgura.
1399 3617 1463 3665 ut
1481 3611 1612 3677 dixi,
1638 3611 1809 3666 totius
1830 3613 2019 3667 Eccle-

418 3699 533 3767 siae,
567 3699 701 3770 quia
729 3704 852 3753 erat
876 3715 1055 3769 genus
1087 3699 1145 3754 in
1174 3699 1378 3771 specie.
1420 3701 1499 3753 Ac
1528 3717 1630 3771 per
1665 3701 1769 3754 hoc
1794 3707 1851 3755 et
1899 3701 2018 3772 ipse

418 3788 655 3843 festinus
694 3789 855 3842 Jesus
884 3788 1128 3843 occurrit
1152 3806 1370 3860 sponsae
1399 3805 1532 3853 sua),
1576 3789 1735 3860 quasi
1759 3806 2017 3861 sponsus,

420 3883 479 3933 et
501 3878 710 3933 salutat
737 3877 893 3949 prior
913 3895 977 3932 ex
1003 3878 1318 3932 dilectionis
1344 3878 1563 3937 affectu,
1585 3879 1775 3932 dicens
1801 3895 1812 3931 :
1836 3878 2016 3933 Areto.

422 3966 551 4022 Non
582 3972 860 4037 potestate
884 3974 1063 4021 terret
1088 3984 1201 4030 eas,
1220 3967 1314 4021 sed
1346 3968 1614 4038 praevenit
1637 3967 1695 4021 in
1722 3968 2015 4032 charitate,

2101 3165 2391 3230 Magister;
2427 3163 2518 3217 cui
2547 3164 2707 3217 Jesus
2732 3163 2812 3217 ait
2844 3183 2855 3217 :
2889 3164 3017 3218 Noli
3047 3181 3132 3217 me
3166 3171 3406 3234 tangere,
3449 3164 3653 3219 nondum

2100 3256 2250 3306 enim
2273 3255 2577 3308 ascendiad
2596 3255 2815 3307 Patrem
2834 3270 3037 3308 meum.
3055 3254 3220 3318 Quod
3244 3255 3291 3308 si
3310 3255 3536 3325 primum
3552 3266 3656 3306 eum

2101 3342 2355 3400 credidit,
2385 3359 2449 3395 ac
2478 3342 2647 3413 pedes
2674 3343 2796 3411 ejus
2835 3343 3019 3397 tenuit
3057 3348 3115 3397 et
3143 3344 3414 3409 adoravit,
3446 3341 3564 3414 quid
3592 3343 3659 3394 est

2103 3431 2248 3502 quod
2268 3436 2383 3485 tam
2406 3430 2640 3500 indigna
2659 3431 2948 3501 judicatur
2965 3449 2998 3486 a
3018 3433 3284 3498 Domino,
3314 3451 3384 3488 ne
3412 3448 3529 3487 eum
3556 3445 3657 3484 rur-

2101 3536 2196 3573 sus
2226 3519 2472 3591 tangat?
2502 3520 2661 3584 Quod
2685 3520 2731 3573 si
2761 3526 2958 3592 stupor
2984 3538 3108 3576 eam
3141 3524 3474 3595 arripuerat,
3505 3526 3555 3576 et
3574 3524 3659 3572 ter-

2101 3624 2197 3662 ror
2224 3608 2470 3669 visionis,
2502 3609 2677 3663 miror
2705 3611 2984 3680 quomodo
3012 3616 3129 3665 tam
3153 3613 3267 3667 cito
3302 3620 3336 3678 Ι
3354 3619 3461 3678 τι
3487 3618 3516 3676 Ι
3548 3609 3658 3663 ﬁdes

2102 3697 2384 3759 defecerit,
2430 3704 2485 3752 et
2512 3698 2753 3767 cognitio
2793 3699 2996 3770 prioris
3034 3700 3286 3765 visionis,
3320 3702 3398 3755 ita
3424 3705 3485 3755 ut
3518 3699 3658 3753 mira-

2102 3787 2243 3840 culis
2270 3787 2485 3848 territa,
2523 3787 2681 3857 quasi
2707 3788 2946 3858 caligine
2976 3789 3257 3845 obcaecata
3310 3791 3511 3845 nesciat
3534 3786 3659 3858 prius

2104 3876 2236 3946 quid
2266 3876 2520 3947 gesserit.
2536 3877 2693 3931 Unde
2718 3877 2887 3931 datur
2914 3878 3150 3949 intelligi
3173 3879 3229 3933 in
3249 3881 3352 3933 hac
3377 3877 3659 3933 difﬁcultate

2102 3980 2311 4029 rerum,
2344 3964 2475 4036 quia
2504 3964 2613 4018 nisi
2642 3964 2880 4035 diligens
2907 3966 3148 4027 animus.
3198 3975 3257 4022 et
3284 3967 3514 4039 sepulcri
3550 3963 3662 4036 posi-

421 4073 525 4111 nec
562 4057 897 4110 auctoritate
941 4056 1255 4127 majestatis
1298 4073 1412 4110 suae
1456 4056 1765 4128 perturbat,
1812 4057 1907 4111 sed
1955 4073 2021 4110 ex
2102 4052 2312 4108 tionem
2330 4060 2646 4124 cognoscat.
2672 4059 2732 4108 ut
2753 4053 3089 4117 diximus,et
3118 4057 3392 4128 temporis
3411 4053 3661 4126 angustias

422 4145 544 4216 lege
569 4146 779 4199 salutat
805 4146 1014 4216 sponsi,
1046 4152 1309 4215 totusque
1334 4146 1484 4200 vadit
1512 4145 1570 4199 in
1600 4145 2016 4199 salutationem.
2102 4149 2447 4214 compenset,
2486 4160 2589 4197 nec
2608 4159 2718 4196 non
2743 4149 2799 4197 et
2825 4145 3147 4199 continuam
3179 4146 3544 4217 frequentiam
3565 4158 3660 4195 mu-

425 4233 517 4288 Sic
543 4232 690 4285 enim
722 4234 1062 4287 salutaverat
1089 4234 1321 4304 angelus
1336 4234 1589 4295 Mariam,
1620 4241 1685 4289 ut
1713 4235 2022 4289 solveretur
2103 4235 2301 4287 lierum
2333 4238 2390 4285 et
2418 4232 2744 4302 angelorum
2777 4233 3146 4303 apparitionis
3180 4235 3346 4304 juxta
3375 4234 3530 4288 situm
3559 4228 3658 4291 loci,

424 4320 483 4374 in
513 4319 611 4372 illa
630 4319 946 4373 maledictio
969 4321 1090 4374 Eva;
1114 4338 1125 4373 :
1159 4320 1368 4374 salutat
1392 4327 1578 4375 autem
1601 4328 1657 4375 et
1676 4322 1933 4376 Christus
1958 4326 2023 4376 ut
2105 4323 2253 4395 quod
2285 4338 2521 4391 magnus
2551 4321 3013 4376 calumniantium
3048 4330 3205 4394 patet
3226 4324 3398 4384 locus,
3429 4332 3483 4376 et
3506 4317 3660 4374 multis

425 4407 738 4462 benedictio
784 4407 1042 4462 Ecclesiae
1081 4409 1339 4471 donetur,
1375 4414 1429 4462 et
1477 4410 1857 4479 sponsalitatis
1890 4412 2020 4481 jura
2043 4397 2919 4468 Dinvolvimurinextricabilium
2953 4412 3326 4481 quaestionum
3356 4411 3523 4466 nodis.
3546 4409 3663 4472 Qua-

427 4500 743 4553 ﬁrmentur.
778 4498 895 4551 Hoc
926 4496 1101 4565 igitur
1129 4496 1370 4566 primum
1420 4514 1624 4551 munus
1668 4498 2022 4553 salutationis
2104 4506 2334 4573 propter
2360 4500 2543 4553 dicam
2574 4499 2721 4571 quod
2750 4499 3090 4570 probabilius
3126 4501 3263 4555 mihi
3293 4500 3518 4555 videtur.
3554 4497 3662 4551 Ecce

425 4591 723 4656 postquam
756 4584 1063 4640 resurrexit
1114 4582 1378 4638 Excelsus
1422 4592 1453 4650 Ι
1472 4592 1530 4651 π
1550 4594 1579 4647 |
1599 4591 1661 4649 0
1685 4586 1895 4652 attulit,
1912 4604 2021 4657 quo
2102 4592 2287 4663 prima
2316 4588 2544 4644 Sabbati
2576 4605 2739 4642 mane
2770 4589 3037 4650 diluculo,
3067 4590 3213 4644 sicut
3241 4607 3432 4644 omnes
3467 4601 3661 4643 consenv

426 4674 675 4729 solvatur
720 4674 819 4727 illa
872 4672 1190 4727 maledictio
1237 4674 1433 4745 primae
1480 4674 1755 4730 mulieris.
1795 4675 2024 4729 Dixerat
2102 4681 2269 4744 tiunt,
2301 4683 2531 4732 ventum
2574 4684 2659 4731 est
2703 4678 2773 4731 ad
2818 4683 3265 4743 monumentum,
3306 4685 3365 4734 et
3398 4679 3562 4733 factus
3597 4678 3664 4728 est

428 4778 673 4832 namque
688 4762 975 4833 discipulis
996 4762 1143 4832 ipse:
1167 4762 1461 4817 Neminem
1483 4763 1813 4818 salutaveris
1833 4765 1892 4817 in
1912 4764 2017 4819 via.
2104 4768 2218 4831 ille,
2252 4783 2417 4838 quem
2453 4766 2744 4820 \lattheeus
2774 4772 2986 4830 narrat,
3030 4772 3402 4832 terraemotus,
3451 4773 3502 4821 et
3539 4779 3664 4818 revo-

431 4852 498 4905 Et
527 4851 660 4922 quid
687 4856 791 4911 est,
833 4852 979 4922 quod
1038 4868 1336 4923 resurgens
1373 4858 1491 4906 tam
1520 4853 1756 4907 festinus
1799 4852 1909 4906 illis
1938 4870 2025 4907 oc-
2107 4858 2258 4911 lutus
2285 4861 2370 4910 est
2392 4855 2555 4926 lapis.
2587 4861 2756 4926 atque
2781 4856 3030 4911 exterriti
3069 4863 3202 4911 sunt
3230 4857 3498 4918 custodes,
3524 4854 3592 4910 ita
3614 4856 3665 4905 ut

431 4939 678 4994 curritin
703 4939 790 4992 \ia
809 4946 866 4993 et
885 4941 1126 4995 salutat?
1151 4942 1277 4995 Non
1299 4941 1447 4995 enim
1471 4946 1753 5013 exspectat
1778 4942 2022 5012 primum
2105 4944 2163 4998 in
2180 4949 2338 5015 parte
2368 4943 2555 5013 aliqua
2572 4944 2827 5013 jacerent
2844 4945 3003 5015 quasi
3026 4945 3252 4999 mortui.
3282 4945 3445 5000 Venit
3472 4954 3663 5015 prorsus

433 5028 677 5100 agnosci,
710 5044 813 5082 nec
842 5030 1080 5099 requirit
1111 5030 1320 5101 aliquid
1363 5029 1432 5084 ab
1472 5030 1571 5095 eis,
1607 5046 1708 5083 nec
1750 5030 2024 5101 permittit
2107 5034 2351 5105 primum
2384 5032 2581 5097 Maria,
2632 5032 2775 5087 sicut
2811 5035 3056 5088 Joannes
3098 5035 3255 5090 dicit.
3296 5034 3467 5090 Maria
3501 5031 3663 5101 utique

433 5135 492 5172 se
512 5117 867 5189 interrogari,
892 5119 991 5172 sed
1011 5124 1161 5173 totus
1183 5136 1247 5172 ex
1271 5119 1485 5173 fervore
1507 5119 1584 5190 pii
1622 5119 1850 5184 amoris,
1884 5135 1947 5172 ac
1975 5120 2022 5173 si

430 5208 699 5277 gaudens,
726 5207 896 5273 vadit,
926 5213 989 5261 ut
1018 5207 1147 5274 dixi,
1196 5207 1253 5261 in
1300 5209 1714 5273 salutationem,
1746 5225 2023 5280 suumque

432 5296 597 5351 solvit
621 5297 739 5367 ipse
786 5297 1134 5351 mandatum.
1166 5296 1441 5360 Quoniam
1488 5298 1594 5352 etsi
1639 5304 1773 5352 sunt
1801 5299 1896 5370 qui
1927 5299 2025 5353 de-

432 5386 745 5458 spondeant
788 5386 1089 5442 Ecclesiam
1130 5402 1299 5440 unam
1348 5387 1620 5457 virginem
1663 5394 1873 5442 castam
1906 5389 2026 5443 Deo

433 5491 716 5546 sponsam,
740 5475 858 5546 ipse
888 5476 1039 5529 solus
1065 5481 1151 5530 est
1179 5474 1545 5545 sponsus,qui
1561 5491 1663 5529 sua
1690 5476 2027 5531 salutatione

432 5582 596 5621 suum
619 5565 784 5621 solvit
810 5565 958 5620 licite
989 5565 1337 5621 mandatum.
1371 5563 1511 5629 Quia
1543 5571 1724 5621 totum
1764 5567 1940 5623 vincit
1972 5573 2029 5623 et

2106 5123 2438 5192 Magdalena
2468 5122 2587 5176 sine
2616 5122 2805 5188 dubio,
2837 5124 3053 5178 caeteris
3079 5124 3423 5189 mulieribus,
3447 5120 3663 5194 quieDo-

2106 5212 2322 5266 minum
2365 5210 2763 5283 sequebantur,
2796 5212 2855 5267 in
2888 5213 3186 5268 dilectione
3235 5212 3435 5269 Christi
3476 5210 3659 5265 ferven-

2106 5299 2236 5355 tior.
2268 5300 2428 5355 Unde
2453 5316 2556 5355 nec
2582 5300 2863 5355 immerito
2895 5302 3140 5365 Joannes
3170 5302 3343 5356 solam
3374 5302 3507 5354 hanc
3532 5310 3657 5351 com-

2111 5393 2406 5448 memorat,
2424 5388 2609 5443 tacitis
2630 5389 2713 5443 his
2736 5405 2857 5460 qua
2872 5407 2999 5444 cum
3027 5407 3093 5444 ea
3118 5391 3355 5445 fuerant.
3380 5385 3533 5441 Venit
3549 5396 3657 5453 ergo

2110 5478 2225 5543 illa,
2262 5482 2318 5531 et
2343 5483 2408 5531 ut
2436 5477 2829 5548 viditlapidem
2848 5479 3127 5534 sublatum
3155 5496 3185 5533 a
3213 5482 3573 5535 monumento,
3587 5469 3656 5524 vel

2111 5568 2241 5623 eu'm
2286 5566 2429 5622 forte
2472 5568 2670 5640 angelo
2704 5568 3038 5637 revolvente,
3072 5576 3131 5626 et
3155 5574 3449 5641 antequam
3475 5557 3653 5634 aliquid
