3918 6166
208 311 309 371 985
904 312 1285 370 EXPOSITIO
1325 313 1404 370 IN
1441 313 1889 372 MATI‘HIEUM.
1928 340 1987 355 —
2021 314 2161 372 LIB.
2200 315 2329 383 XII,
2366 314 2523 374 CAP.
2566 314 2818 372 XXVIII.
3394 324 3499 383 985

207 438 527 509 diligentius
569 439 886 512 inspiceret,
937 456 1048 494 non
1099 439 1374 495 dubitavit
1401 440 1648 497 ablatum
1680 459 1800 497 esse
1818 443 1864 502 A
1888 443 2145 495 nuntiate
2167 443 2445 509 fratribus
2462 444 2613 506 meis,
2640 448 2701 497 ut
2721 447 2923 501 eantin
2949 446 3233 504 Galilaeam
3254 471 3272 516 ;
3312 454 3392 507 ibi
3418 469 3502 507 me

208 528 331 583 inde
357 545 562 601 corpus
590 531 742 595 Jesu,
775 529 1021 585 cucurrit
1048 536 1105 585 et
1131 531 1410 585 nuntiavit
1438 532 1604 586 Petro
1633 540 1803 603 atque
1885 532 2168 584 videbunt.
2202 531 2336 584 Ecce
2366 538 2638 601 quantum
2673 535 2974 603 proﬁciunt
3025 555 3089 592 ex
3139 534 3349 595 visione
3376 542 3499 608 Dei,

207 617 594 673 Joanni.Atilli
613 626 921 686 currentes,
938 620 1297 692 expleverunt
1313 638 1435 693 quae
1455 621 1600 675 idem
1625 624 1801 677 Joan—
1887 636 2010 690 quae
2043 637 2165 673 mox
2198 620 2503 674 mittuntur
2533 621 2603 675 ad
2633 624 2936 693 apostolos,
2968 633 3025 681 et
3053 629 3199 682 ﬁunt
3218 630 3500 700 evangeli-

207 722 299 760 nes
329 712 544 761 narrat.
569 710 753 763 Maria
782 715 971 764 autem
1018 710 1264 775 interim,
1301 710 1477 765 donec
1497 711 1683 765 omnia
1716 729 1804 766 ex-
1886 712 2007 762 stre.
2051 709 2211 763 Unde
2250 709 2535 781 sequitur:
2594 712 2741 764 Venit
2771 730 2901 778 ergo
2944 718 3128 771 Maria
3177 720 3500 787 Magdalene

205 795 416 867 plorent
447 797 529 851 illi
552 798 664 852 duo
684 815 960 864 cursores,
984 802 1162 854 stabat
1191 802 1263 853 ad
1286 806 1703 855 monumentum
1726 803 1805 869 fo-
1886 802 2242 852 annuntians
2276 801 2561 867 discipulis
2618 804 2751 868 quia
2784 805 2902 856 vidi
2940 806 3261 871 Dominum,
3295 814 3342 861 et
3393 810 3502 863 haec

205 888 277 938 ris
293 890 545 954 plorans,
597 896 696 942 aut
724 887 866 942 forte
890 905 924 941 a
953 888 1120 943 domo
1141 890 1258 959 jam
1292 906 1548 959 regressa
1610 891 1806 947 Stabat
1887 888 2029 939 dixit
2064 888 2224 940 mihi.
2262 888 2385 941 Non
2426 888 2573 957 quod
2595 889 2716 942 sola
2751 889 2847 944 illa
2877 892 2995 947 haec
3025 895 3501 951 nuntiaverit.sed

203 977 387 1027 autem
428 980 560 1028 ante
610 975 767 1029 illum
800 976 950 1030 saxei
975 978 1215 1049 sepulcri
1251 979 1455 1043 locum,
1489 979 1582 1033 sed
1614 986 1804 1035 tamen
1890 975 1955 1028 ﬁt
1984 975 2272 1029 distinctio
2303 976 2372 1029 ab
2404 994 2468 1029 ea
2500 977 2710 1031 visione
2740 996 2907 1049 quam
2951 984 3070 1036 sola
3098 983 3234 1037 vidit
3264 993 3322 1039 ut
3349 1003 3501 1040 nun-

200 1060 343 1115 intra
376 1063 514 1117 illud
545 1065 750 1119 atrium
784 1082 892 1136 quo
907 1067 1026 1136 jam
1058 1066 1324 1137 ingressae
1354 1069 1578 1122 fuerant
1601 1069 1722 1140 ipsa
1751 1070 1806 1121 et
1889 1064 2070 1128 tiavit,
2091 1072 2272 1136 atque
2312 1065 2381 1118 ab
2425 1082 2492 1119 ea
2535 1084 2702 1137 quam
2732 1085 2856 1122 cum
2900 1071 3131 1142 reliquis
3169 1073 3324 1139 vidit,
3358 1090 3499 1143 quas

200 1150 287 1204 illa
319 1151 434 1205 alia
460 1153 655 1209 Maria.
689 1171 788 1208 seu
817 1160 873 1208 et
915 1155 1145 1226 reliquae
1179 1174 1317 1227 quas
1369 1163 1556 1212 tacent
1604 1167 1807 1228 praeter
1888 1154 2067 1207 Lucas
2097 1161 2521 1217 commemorat,
2573 1158 2719 1227 quod
2753 1159 3135 1215 nuntiaverint
3168 1162 3284 1217 haec
3310 1164 3499 1218 omnia

199 1239 292 1294 has
324 1239 490 1300 duas.
523 1242 593 1297 de
623 1242 826 1313 quibus
856 1244 1181 1315 loquuntur,
1234 1245 1304 1299 ob
1335 1246 1522 1317 magni
1553 1247 1803 1318 mysterii
1884 1241 1994 1295 illis
2016 1243 2276 1296 undecim
2309 1250 2367 1297 et
2383 1245 2596 1298 caeteris
2627 1246 2905 1300 omnibus.

198 1335 632 1385 sacramentum.
682 1331 814 1396 Quae
845 1339 978 1387 tunc
1003 1332 1262 1387 viderunt
1289 1334 1553 1405 angelum
1598 1335 1799 1389 seden-
1954 1332 2021 1385 Et
2038 1348 2148 1386 ecce
2164 1334 2389 1401 quidam
2405 1334 2467 1386 de
2481 1336 2791 1388 custodibus
2811 1343 3079 1392 venerunt
3097 1340 3161 1392 in
3195 1342 3492 1409 civitatem,

198 1423 300 1473 tem
330 1435 369 1472 a
394 1419 602 1475 dextris
630 1437 798 1492 super
824 1420 1069 1493 lapidem
1098 1423 1505 1489 revolutum,de
1536 1441 1644 1495 quo
1676 1441 1801 1479 nar-
1883 1425 1930 1473 et
1946 1423 2352 1475 nuntiaverunt
2360 1424 3064 1491 principibussacerdotum
3080 1431 3268 1481 omnia
3281 1445 3398 1498 qua:
3413 1431 3498 1497 fa-

200 1514 280 1562 rat
300 1508 605 1564 Mattheus
631 1516 689 1564 et
715 1510 1057 1583 Marcus.qui
1073 1512 1214 1566 dixit
1227 1512 1307 1567 eis
1331 1530 1452 1583 quae
1474 1514 1616 1568 lecta
1629 1521 1788 1572 sunt.
1883 1514 1967 1563 σία
1984 1510 2231 1576 fuerant,
2248 1516 2378 1576 εἰει,
2404 1527 2530 1581 quae
2563 1519 2596 1575 Ι
2616 1520 2675 1574 ’ὃ
2692 1520 2725 1577 Ι
2744 1519 2803 1576 3
2829 1520 3144 1585 sequuntur
3173 1532 3347 1587 usque
3381 1518 3450 1571 ad
3475 1534 3489 1573 :

200 1597 350 1652 Inter
372 1597 491 1653 haec
516 1598 703 1665 verba,
732 1608 1005 1671 quantum
1039 1601 1276 1667 videtur,
1309 1603 1503 1669 Maria,
1546 1603 1678 1657 dum
1702 1605 1799 1658 ﬂe-
1882 1599 2893 1670 Dz‘vutgatumestverbmnistudapud
2910 1605 3122 1657 Judaeos
3136 1621 3303 1673 usque
3320 1610 3381 1659 in
3404 1607 3495 1661 ho-

197 1692 293 1751 ret,
322 1689 626 1742 inclinavit
644 1705 696 1743 se
707 1695 754 1743 et
771 1694 1045 1759 prospexit
1066 1693 1128 1744 in
1149 1698 1645 1758 monumentum,et
1658 1695 1797 1747 vidit
1882 1687 2145 1740 diernum
2162 1689 2326 1741 diem.
2346 1688 2474 1742 llzec
2485 1687 2691 1743 idcirco
2704 1689 2852 1743 dicta
2865 1696 2997 1745 sunt
3009 1708 3042 1744 a
3060 1692 3321 1747 Matthazo
3333 1710 3496 1748 evan-

196 1775 312 1830 illos
328 1777 471 1830 duos
487 1781 723 1845 angelos,
758 1777 827 1833 de
868 1778 1071 1850 quibus
1092 1778 1224 1834 dicit
1242 1781 1506 1847 Joannes,
1535 1780 1796 1836 sedentes
1820 1759 2102 1845 Bgelista.
2119 1783 2176 1829 et
2190 1776 2336 1831 facta
2349 1777 2740 1841 acustodibus,
2764 1784 2829 1833 ut
2846 1778 2979 1834 inde
2994 1781 3175 1851 magis
3200 1782 3493 1854 magisque

195 1862 463 1934 primum.
488 1865 700 1921 Deinde
730 1873 794 1921 ut
821 1868 1188 1939 alloquuntur
1217 1868 1267 1923 ei
1294 1870 1443 1924 Luca
1472 1875 1636 1936 teste,
1669 1871 1801 1942 quia
1883 1863 2145 1918 omnibus
2161 1866 2906 1936 appareantinexcusabiles.
2929 1869 3073 1922 Nam
3086 1871 3493 1927 custodoslicet

193 1952 396 2008 viderit
410 1971 506 2010 eos
533 1960 767 2017 stantes.
799 1957 1105 2012 surrexisse
1137 1958 1462 2025 creduntur,
1492 1965 1548 2013 et
1594 1960 1798 2015 dixisse
1881 1952 2013 2006 iacti
2045 1953 2159 2007 Sint
2175 1971 2240 2008 ac
2263 1955 2471 2008 mortui
2495 1972 2607 2025 Prm
2628 1972 2850 2027 Ρενοΐθ,
2868 1963 3058 2011 tamen
3080 1964 3137 2013 et
3149 1959 3411 2013 Viderunt
3434 1966 3492 2015 et

192 2043 503 2098 secundum
524 2060 592 2098 ea
613 2062 734 2116 quae
766 2046 943 2101 Lucas
966 2051 1178 2100 narrat.
1206 2048 1361 2102 Inter
1383 2064 1523 2119 quas
1538 2048 1679 2103 forte
1701 2066 1796 2104 an-
1881 2041 2186 2096 aud‘erunt
2202 2043 2616 2115 plura,quando
2638 2044 2788 2115 ipsos
2806 2047 3034 2116 angelos
3052 2063 3282 2101 cernere
3297 2055 3491 2119 potue-

191 2130 448 2200 gelorum
479 2132 721 2188 visiones
740 2139 798 2188 et
822 2134 1222 2190 miraculorum
1256 2135 1416 2206 signa
1442 2136 1540 2190 illa
1578 2144 1796 2208 perter-
1879 2138 2098 2192 runt,et
2117 2138 2336 2203 petram
2359 2132 2428 2185 ab
2468 2133 2611 2187 ostio
2637 2136 2985 2189 monumenti
3020 2136 3355 2202 revolutam,
3388 2154 3488 2193 seu

193 2219 315 2281 rita,
341 2220 515 2276 etiam
546 2224 776 2293 angelos
801 2239 940 2295 quos
988 2222 1230 2285 videbat,
1261 2230 1490 2296 stupore
1516 2227 1790 2297 perculsa,
1878 2226 2081 2275 caetera
2101 2238 2223 2292 quae
2240 2238 2387 2275 nunc
2406 2228 2564 2292 gesta
2579 2229 2711 2276 sunt
2727 2223 3083 2279 viderunt.Et
3098 2225 3226 2280 hinc
3240 2233 3325 2281 est
3339 2227 3487 2300 quod

192 2307 508 2378 ignorabat.
551 2311 659 2365 huc
687 2311 929 2383 illucque
964 2311 1159 2366 faciem
1211 2313 1627 2378 circumferens,
1658 2315 1796 2369 nihil
1880 2310 1980 2376 ait,
2015 2311 2148 2381 quia
2166 2314 2577 2365 nuntiaverunt
2596 2313 2787 2365 omnia
2805 2329 2923 2381 qua?
2939 2314 3128 2381 factas
3176 2321 3237 2369 nt
3269 2317 3487 2387 (utique

192 2397 341 2452 aliud
376 2399 482 2453 nisi
513 2400 813 2455 Dominum
843 2400 1032 2455 videre
1074 2401 1449 2457 desiderabat.
1486 2405 1795 2458 Conversa-
1880 2404 2025 2467 vera)
2055 2401 2406 2468 principibus
2440 2402 2804 2453 sacerdotum.
2838 2400 2946 2454 Sed
2978 2401 3060 2456 illi
3089 2403 3185 2474 qui
3207 2404 3488 2460 debebant

192 2502 291 2556 que
326 2494 484 2542 retro
506 2491 644 2543 vidit
662 2492 847 2545 Jesum
867 2496 1124 2557 stantem,
1149 2496 1197 2545 et
1212 2494 1476 2546 nesciebat
1492 2496 1627 2561 quia
1640 2495 1795 2547 Jesus
1878 2488 2127 2542 converti
2148 2488 2214 2541 ad
2229 2488 2640 2558 paenitentiam,
2674 2495 2732 2543 et
2760 2489 2951 2543 omnia
2982 2494 3323 2561 perscrutari
3364 2511 3487 2565 quae

191 2581 313 2631 esset
329 2578 522 2647 (Joan.
564 2580 672 2645 xx).
707 2579 832 2633 Non
862 2579 1009 2651 quod
1068 2586 1229 2645 [3|
1248 2587 1307 2645 ἐξ
1338 2580 1608 2635 Dominus
1633 2583 1796 2652 juxta
1878 2576 2044 2637 dicta,
2074 2594 2195 2648 quae
2213 2577 2358 2632 facta
2375 2578 2622 2643 fuerant,
2648 2582 2714 2632 ut
2750 2578 3065 2634 invenirent
3084 2598 3270 2636 veram
3294 2583 3484 2650 vitam,

190 2665 564 2721 Manichzeum
592 2672 650 2721 et
678 2668 819 2722 alios
870 2668 1160 2724 haereticos
1186 2668 1425 2723 formam
1474 2671 1789 2737 mutaverit,
1878 2679 1941 2717 ac
1962 2663 2264 2735 probarent
2288 2666 2660 2720 resurrexisse
2683 2682 2850 2737 quem
2870 2674 3152 2722 mortuum
3174 2671 3364 2741 procul
3388 2670 3488 2724 du-

194 2760 249 2808 nt
278 2772 390 2827 pro
444 2757 728 2812 voluntate
755 2774 858 2813 sua
885 2758 1138 2813 diversus
1165 2775 1230 2813 ac
1273 2760 1462 2814 varius
1486 2760 1791 2824 videretur,
1879 2750 1970 2806 bio
1989 2752 2257 2817 sciebant,
2284 2760 2647 2824 perseverant
2665 2754 2721 2808 in
2743 2756 2997 2826 perﬁdia,
3031 2757 3176 2812 sicut
3224 2764 3282 2812 et
3300 2759 3485 2814 adhuc

189 2843 279 2897 sed
311 2844 453 2915 quia
483 2844 661 2899 Maria
713 2845 1095 2917 obstupefacta
1150 2846 1451 2911 miraculis,
1484 2848 1643 2903 locus
1698 2849 1795 2904 ille
1879 2841 2063 2896 budie-
2112 2843 2297 2913 Ipsam
2320 2843 2635 2914 pecuniam.
2668 2860 2791 2915 quae
2812 2844 2881 2898 ad
2912 2862 3048 2901 usus
3076 2847 3271 2918 templi
3305 2865 3369 2902 ac
3401 2865 3487 2902 sa-

196 2932 324 3002 quia
355 2933 553 2987 hortus
582 2938 722 2997 erat,
755 2935 1116 2990 hortulanum
1138 2952 1265 2990 eum
1288 2937 1523 3006 putavit,
1558 2937 1662 2992 Cui
1685 2938 1795 2992 Do-
1878 2930 2213 2985 criﬁciorum
2270 2932 2360 2986 llei
2389 2933 2522 2986 data
2550 2932 2754 2996 fuerat,
2803 2940 3136 2990 convertunt
3182 2936 3238 2990 in
3272 2937 3485 2991 redem-

189 3022 378 3075 minus
408 3038 550 3093 pene
581 3022 793 3077 eisdem
820 3023 1003 3077 verbis
1032 3024 1235 3095 quibus
1264 3031 1321 3079 et
1349 3026 1583 3097 angelus
1612 3026 1794 3097 loqui-
1816 3078 1855 3097 η
1879 3020 2126 3091 ptionem
2169 3021 2461 3085 mendacii,
2497 3022 2643 3076 sicut
2687 3029 2744 3075 et
2773 3028 2904 3076 ante
2927 3022 3163 3094 triginta
3190 3032 3486 3095 argenteos

186 3114 290 3163 tur.
323 3111 486 3164 Inter
512 3127 635 3182 qua;
656 3111 819 3182 plura
846 3111 1053 3165 erroris
1083 3112 1248 3167 verba
1279 3131 1401 3185 qua:
1433 3114 1669 3179 dixerat,
1704 3133 1794 3170 vo-
1813 3109 1857 3139 υ
1877 3109 2147 3164 dederant
2174 3110 2465 3181 proditori.
2502 3111 2752 3165 Audiant
2783 3111 3200 3182 dispensatores
3231 3116 3488 3171 ecclesia-

187 3206 271 3253 cat
311 3199 476 3254 illam
505 3199 939 3271 benignissimus
968 3202 1128 3255 .lesus
1159 3219 1224 3255 ex
1249 3203 1495 3269 nomine,
1528 3221 1592 3259 ac
1622 3204 1789 3261 dicit:
1874 3214 2001 3253 rum
2033 3199 2166 3270 quid
2188 3199 2278 3265 hic
2306 3200 2513 3254 sentiat
2535 3199 2729 3254 beatus
2761 3199 3137 3272 Hieronymus
3158 3203 3229 3257 de
3255 3204 3482 3260 talibus.

188 3290 391 3352 diaria,
427 3293 492 3342 ut
527 3306 694 3360 quem
725 3289 865 3344 facie
895 3307 1008 3345 non
1042 3291 1397 3361 agnoscebat,
1430 3309 1561 3347 voce
1590 3293 1794 3348 intelli-
1874 3287 2035 3352 Quod
2064 3288 2246 3341 omnis
2276 3289 2370 3359 qui
2399 3289 2542 3360 stipe
2573 3289 2769 3360 templi
2800 3307 2900 3344 seu
2921 3291 3134 3355 altaris,
3160 3298 3218 3346 et
3238 3293 3326 3347 his
3356 3311 3480 3365 qum

183 3378 740 3448 geret.Illa,moerore
771 3379 1306 3450 perfusa,Raboni.id
1329 3387 1413 3435 est
1435 3382 1788 3453 magistrum,
1873 3378 2239 3431 conferuntur
2275 3378 2344 3431 ad
2393 3394 2528 3432 usus
2575 3378 2832 3433 Ecclesiae
2888 3380 3008 3445 Dei,
3065 3380 3378 3437 abutuntur
3426 3383 3486 3438 in

184 3473 343 3521 vocat
371 3484 524 3523 eum.
558 3468 691 3533 Quae
712 3486 838 3523 cum
884 3469 1051 3523 vellet
1077 3469 1261 3524 adhuc
1295 3488 1423 3525 eum
1459 3478 1645 3527 mente
1674 3479 1791 3528 tur.
1872 3466 1997 3521 aliis
2029 3465 2371 3537 quibuslibet
2391 3467 2573 3529 rebus,
2595 3467 2799 3539 quibus
2818 3485 2978 3523 suam
3012 3471 3273 3541 expleant
3296 3473 3487 3527 volun-

187 3553 308 3610 bata
340 3558 688 3628 contingere,
715 3558 851 3612 dicit
878 3557 961 3612 ei:
984 3560 1115 3613 Noti
1135 3576 1218 3612 me
1241 3564 1483 3626 tangere.
1510 3566 1568 3614 et
1590 3568 1788 3626 caetera
1873 3561 2047 3610 tatem
2078 3555 2161 3608 vel
2193 3555 2368 3619 lucra,
2401 3554 2612 3609 similes
2641 3563 2776 3611 sunt
2795 3557 3117 3613 Scribarum
3139 3566 3197 3613 et
3224 3562 3485 3616 sacerdo-

186 3661 303 3715 quaa
334 3653 673 3717 sequuntur.
691 3647 848 3702 Tunc
875 3646 973 3700 illa
997 3663 1223 3718 egressa
1242 3648 1312 3702 de
1339 3647 1433 3702 illo
1462 3650 1663 3705 atriolo
1679 3668 1793 3705 mo-
1874 3651 1995 3699 tum
2027 3643 2425 3698 redimentium
2454 3645 2807 3700 mendacium
2840 3651 2897 3701 et
2925 3647 3255 3717 sanguinem
3290 3649 3486 3703 Salva-

187 3734 467 3799 numenti,
518 3751 618 3789 seu
664 3734 734 3789 ab
779 3752 844 3790 eo
894 3736 1014 3790 loco
1064 3736 1160 3790 ubi
1187 3741 1310 3792 erat
1333 3738 1580 3809 spatium
1620 3739 1789 3806 horti,
1875 3734 2033 3786 toris.
2087 3732 2194 3788 Sed
2249 3732 2377 3787 caeci
2434 3732 2732 3805 principes,
2786 3735 2883 3805 qui
2909 3735 3083 3789 tantis
3132 3735 3486 3792 obcaecantur

186 3837 307 3877 cum
340 3840 459 3895 qua
485 3828 544 3878 et
568 3824 707 3884 alite,
733 3841 873 3896 quas
895 3826 1200 3880 secundum
1232 3827 1481 3881 Marcum
1511 3827 1795 3884 invaserat
1877 3822 2061 3886 malis,
2110 3822 2248 3875 dant
2296 3821 2590 3893 pecuniam
2616 3823 2897 3893 copiosam
2932 3823 3204 3879 militibus
3236 3830 3300 3879 ut
3328 3842 3483 3882 men-

186 3916 394 3966 tremor
444 3919 502 3967 et
540 3930 727 3984 pavor,
769 3930 895 3967 cum
944 3913 1109 3980 irent,
1158 3920 1215 3969 et
1243 3916 1451 3970 nemini
1486 3917 1791 3989 quidquam
1874 3911 2231 3965 tiantur.Nec
2250 3921 2438 3965 tamen
2466 3911 2765 3966 verisimile
2793 3913 3004 3983 aliquid
3023 3913 3315 3969 inveniunt
3332 3915 3483 3986 quod

185 4001 685 4074 loquerentur,ecce
697 4002 755 4058 in
783 4004 892 4070 via,
925 4009 990 4058 ut
1013 4005 1297 4060 ilatthaeus
1322 4006 1420 4069 ait,
1452 4012 1695 4062 occurrit
1719 4012 1794 4063 eis
1877 4000 2083 4065 dicunt.
2113 4000 2222 4055 niSi
2240 4007 2461 4055 tantum
2494 4000 2835 4072 Persuadent
2864 4008 2929 4056 ut
2947 4002 3137 4057 dicant
3167 4004 3300 4075 quia
3327 4006 3481 4059 nobis

185 4092 429 4153 Jesus,ac
469 4091 606 4146 dicit
639 4091 781 4146 illis:
823 4093 1002 4149 Avete.
1056 4096 1172 4149 Ιιιίε
1207 4099 1393 4148 autem
1428 4096 1549 4166 jam
1594 4097 1790 4153 melius
1875 4091 2298 4149 dormientibus.
2333 4094 2601 4143 venerunt
2621 4091 2886 4159 discipuli
2910 4093 3028 4160 ejus
3061 4098 3108 4146 et
3131 4094 3318 4158 furati
3346 4099 3480 4148 sunt

187 4179 415 4247 edoctae,
466 4180 551 4235 vel
601 4187 867 4236 recreatae
908 4181 965 4236 in
998 4182 1125 4249 ﬁde,
1159 4191 1497 4239 accesserunt
1523 4191 1571 4240 et
1602 4192 1789 4242 ιεηιιε-
1873 4179 2184 4243 eum.Quod
2206 4178 2253 4232 si
2275 4178 2644 4244 dormierunt,
2674 4178 3020 4234 insanissimi
3044 4180 3249 4237 Scriba;
3266 4188 3323 4236 et
3340 4183 3482 4239 Pha-

187 4276 321 4324 runt
347 4271 525 4339 pedes,
558 4276 605 4324 et
633 4272 1011 4325 adoraverunt
1039 4289 1195 4335 eum;
1226 4290 1390 4344 quem
1422 4290 1530 4328 non
1558 4275 1788 4331 adoras-
1873 4268 2037 4333 riszei,
2079 4274 2250 4322 tantae
2279 4267 2361 4322 rei
2410 4269 2687 4331 custodes,
2725 4269 2874 4323 unde
2904 4269 3048 4324 scire
3096 4276 3356 4342 poterant
3385 4272 3482 4345 qui

185 4366 310 4414 sent
336 4358 449 4413 nisi
477 4359 886 4430 cognovissent.
914 4361 1108 4432 Neque
1156 4362 1317 4416 Jesus
1342 4363 1694 4433 permitteret
1730 4383 1789 4420 se
1872 4374 2000 4412 eum
2031 4357 2310 4420 tollerent,
2340 4357 2425 4411 vel
2456 4373 2565 4428 quo
2595 4356 2817 4413 abirent
2842 4359 2866 4412 ?
2906 4359 3012 4414 Sed
3048 4360 3251 4415 milites
3284 4361 3481 4417 dicunt

187 4449 341 4518 tangi
363 4448 438 4503 ab
458 4448 559 4512 eis,
587 4448 696 4503 nisi
721 4449 1093 4504 credidissent
1112 4451 1257 4522 quod
1275 4452 1442 4523 paulo
1462 4459 1593 4508 ante
1615 4455 1734 4508 Mar

1934 4446 2023 4501 [Od
2053 4446 2324 4512 sentiunt,
2359 4452 2417 4500 et
2466 4448 2613 4518 quod
2648 4448 2908 4503 viderunt
2931 4455 2989 4503 et
3023 4450 3369 4518 audierunt;
3419 4456 3481 4507 at

187 4552 295 4592 non
330 4537 559 4596 fecerat,
592 4554 758 4608 quem
790 4538 1153 4593 hortulanum
1180 4539 1430 4610 putabat.
1466 4542 1557 4595 Sic
1614 4543 1784 4607 enim,
1872 4552 1969 4590 vos
1994 4536 2321 4590 econtrario
2347 4536 2623 4590 redimitis
2653 4537 3006 4593 mendacium
3038 4545 3100 4592 ut
3124 4537 3315 4593 dicant
3329 4540 3480 4611 quod

186 4625 407 4692 fratres,
442 4626 787 4699 expositione
810 4626 936 4692 loci,
980 4632 1037 4681 et
1063 4627 1380 4699 frequentia
1408 4630 1704 4685 mulierum
1734 4638 1792 4686 et
1873 4624 2207 4679 dormierint
2234 4641 2337 4678 nec
2367 4625 2607 4678 viderint
2635 4641 2702 4679 ea
2743 4642 2865 4697 quae
2892 4633 3055 4697 gesta
3092 4632 3243 4682 sunt.
3275 4628 3474 4697 Dicite,

185 4715 510 4787 angelorum
532 4715 976 4788 apparitionibus
996 4718 1469 4788 comprehendere
1491 4737 1790 4791 possumus
1871 4730 2076 4786 quaeso,
2111 4714 2235 4785 quis
2257 4713 2429 4783 judex
2450 4714 2590 4767 tales
2619 4715 2813 4769 audiet
2842 4717 3060 4770 testes?
3100 4717 3237 4783 Quis
3250 4723 3476 4774 tantum

142 4854 156 4869 ,
182 4820 255 4858 ne
279 4805 343 4859 in
378 4806 490 4860 ullo
520 4806 890 4876 evangelistas
913 4805 982 4860 ab
1002 4805 1236 4861 invicem
1276 4807 1594 4864 dissentire.
1630 4811 1788 4867 Unde
1871 4820 1982 4857 non
2013 4803 2278 4874 intelligit
2299 4801 2687 4856 mendaCium?
2712 4803 2870 4868 ΩιιΟά
2884 4805 2930 4858 Si
2959 4805 3052 4859 alii
3071 4813 3360 4878 nequeunt
3377 4808 3476 4863 de-

183 4892 553 4965 intelligimus
580 4893 668 4949 bis
699 4911 794 4949 eas
838 4895 1232 4951 allocutionem
1256 4896 1517 4952 habuisse
1538 4915 1664 4953 cum
1694 4917 1789 4954 an.
1872 4893 2220 4964 prehendere
2252 4898 2463 4946 vestras
2492 4891 2744 4956 insidias,
2770 4893 2876 4965 ipsi
2909 4894 3115 4951 milites
3153 4897 3478 4968 intelligunt

180 4981 358 5051 gelis:
380 4998 553 5037 unam
582 4982 790 5037 scilicet
822 5000 948 5037 cum
963 5000 1028 5037 eo
1049 4984 1144 5055 qui
1167 5001 1337 5056 supra
1365 4986 1607 5057 lapidem
1628 4988 1789 5042 sede—
1874 5000 2044 5057 quam
2069 4982 2267 5056 perﬁdi
2297 4987 2355 5036 et
2404 4998 2575 5052 quam
2622 4981 2797 5036 dolosi
2827 4983 2971 5038 sitis.
3006 4984 3166 5039 Unde
3219 4983 3474 5058 quamvis

181 5067 303 5136 bat,
338 5076 390 5125 et
416 5072 584 5126 aliam
615 5088 742 5127 cum
774 5072 861 5127 his
894 5073 989 5144 qui
1020 5073 1075 5126 in
1106 5088 1470 5130 monumento
1501 5083 1680 5131 erant.
1700 5076 1790 5132 Sic
1872 5074 2153 5146 copiosam
2184 5071 2478 5144 pecuniam
2507 5070 2775 5126 dederitis
2803 5078 2867 5127 ut
2902 5078 3157 5130 tacerent
3185 5091 3379 5130 verum
3418 5080 3476 5130 et

180 5165 239 5213 et
277 5176 406 5215 cum
433 5160 693 5226 Domino,
726 5162 882 5233 prius
915 5161 1025 5216 illic
1057 5163 1280 5235 quando
1304 5164 1482 5220 Maria
1528 5166 1782 5221 hortula-
1866 5165 2219 5219 affirmarent
2241 5160 2613 5227 mendacium,
2645 5167 2836 5217 tamen
2867 5180 2991 5218 ecce
3020 5164 3369 5234 divulgatum
3392 5169 3478 5220 est

182 5264 325 5304 num
351 5266 479 5305 eum
507 5250 746 5322 putavit,
766 5256 824 5305 et
852 5268 1000 5307 nunc
1031 5252 1256 5315 iterum,
1283 5270 1409 5309 cum
1437 5255 1518 5309 eis
1543 5256 1785 5312 occurrit
1865 5254 2016 5328 apud
2074 5253 2295 5307 Iudaeos
2325 5258 2519 5306 vestrae
2565 5250 2751 5323 gentis
2777 5251 3032 5308 homines
3062 5252 3195 5324 quid
3241 5253 3473 5319 fecistis,

178 5336 239 5392 in
270 5336 397 5405 via;
428 5344 608 5394 uteas
639 5339 763 5410 ipsa
791 5341 1123 5412 repetitione
1153 5342 1381 5398 visionis
1413 5348 1612 5407 suae,et
1639 5345 1779 5398 allo-
1865 5350 1923 5403 et
1974 5359 2141 5416 quam
2199 5341 2409 5412 inique.
2445 5341 2516 5396 Et
2578 5357 2690 5396 non
2719 5341 2899 5396 solum
2931 5343 3079 5414 apud
3107 5341 3348 5411 Iudaeos,
3381 5360 3476 5400 ve-

178 5426 772 5484 cntionisﬁrmaret.et
792 5437 1070 5485 recrearet
1096 5448 1131 5485 a
1160 5430 1362 5487 timore
1379 5439 1434 5487 et
1455 5438 1787 5491 tremoremt
1869 5452 1995 5491 rum
2033 5432 2203 5487 etiam
2234 5437 2292 5486 et
2318 5430 2466 5503 apud
2499 5447 2693 5486 omnes
2734 5436 2929 5501 gentes
2955 5451 2967 5487 :
3004 5432 3321 5503 Ubicunque
3339 5449 3478 5503 pra-

178 5513 252 5568 ab
284 5514 373 5570 his
391 5517 655 5573 omnibus
678 5535 802 5589 quae
840 5518 897 5574 in
925 5528 1111 5576 mente
1149 5522 1230 5576 eis
1248 5519 1550 5577 dubietatis
1579 5522 1788 5577 accide-
1871 5528 2118 5581 dicatum
2158 5528 2244 5577 est
2298 5523 2395 5574 hoc
2442 5521 2806 5590 Evangetium
2834 5524 2896 5576 in
2942 5523 3196 5576 universo
3244 5524 3471 5577 mundo.

178 5609 339 5660 rant.
370 5604 584 5671 Quibus
613 5606 694 5663 ait
718 5596 1373 5681 primum,Notitetimere
1401 5630 1419 5676 ;
1452 5610 1673 5680 deinde,
1689 5615 1779 5680 ite,
1870 5612 1991 5667 Viri
2032 5610 2372 5683 sanguinum
2431 5613 2675 5678 ιωιιι
2730 5616 2787 5664 et
2816 5608 3013 5676 dolosi,
3062 5608 3335 5667 effudistis
3380 5624 3476 5680 pe-
