3918 6166
486 229 589 287 987
1260 238 1318 294 S.
1359 236 1741 295 PASCHASII
1781 236 2143 297 RADBERTI
2180 236 2485 297 ABBATIS
2521 236 3011 299 CORBEIENSIS.
3585 240 3662 300 988

485 360 728 426 cuniam,
761 361 1022 419 falsitatis
1045 363 1309 435 pretium.
1342 369 1399 417 et
1429 360 1748 434 perdidistis
1777 361 1981 432 legem,
2015 366 2144 423 acA
2163 364 2346 415 terror
2382 362 2705 417 Iudaeorum
2735 362 2924 434 potuit
2960 360 3211 417 cohibere
3238 379 3428 419 acruce
3450 365 3523 419 vel
3551 382 3580 420 α
3600 384 3666 421 se-

484 450 722 519 patriam
768 458 937 523 atque
977 455 1270 524 templum.
1323 451 1621 506 Invenistis
1650 467 1715 504 ex
1739 449 1969 505 consilio
2001 451 2081 504 in-
2163 451 2375 521 pulcro,
2427 468 2539 506 non
2571 459 2705 523 puto
2736 452 2883 523 quod
2934 450 3171 522 quiverit
3198 452 3386 523 aliquis
3425 470 3505 507 eas
3546 462 3669 510 tanto

483 544 861 595 stramentum
915 544 1179 614 perﬁdiae,
1254 540 1651 596 commercium
1708 538 2076 603 crudelitatis,
2162 539 2381 609 privare
2407 540 2637 611 gaudio,
2678 557 2748 594 ne
2809 540 3147 594 int~ressent
3172 539 3227 593 in
3254 549 3361 593 tam
3385 542 3671 597 desiderabili

481 627 735 683 fraudem
766 631 896 685 fidei
926 640 1137 695 vestrae,
1196 629 1547 686 latrocinium
1580 629 1848 683 veritatis.
1884 629 2080 683 Dicere
2162 628 2549 683 contubernio.
2595 630 2701 684 Sed
2741 630 2796 683 in
2841 645 2951 700 quo
3008 635 3194 682 monte
3222 630 3331 684 haec
3354 629 3475 683 visio
3501 638 3674 686 ostensa

484 718 700 773 emistis
731 721 911 790 pretio
954 721 1169 775 furtum
1211 738 1332 775 esse
1382 720 1528 791 quod
1556 726 1674 773 erat
1715 719 2078 773 resurrectio-
2162 717 2330 772 fuerit
2387 735 2497 772 non
2539 719 2833 773 manifeste
2873 718 3095 782 dicitur,
3133 719 3237 772 nisi
3285 719 3416 773 forte
3440 719 3489 773 in
3528 728 3673 775 monte

432 852 435 855 ,
482 806 570 861 nis
599 824 886 862 arcanum.
922 810 990 865 Et
1019 827 1144 865 ecce.
1192 810 1540 882 divulgatum
1594 813 1682 864 est
1709 809 1854 878 quod
1884 807 2079 877 egistis
2160 805 2507 873 Thabor,aut
2525 807 2582 861 in
2594 807 2704 861 alio
2726 807 2933 876 aliquo,
2970 823 3078 878 quo
3103 807 3364 862 Dominus
3381 823 3490 861 cum
3512 807 3674 862 eisdem

481 895 627 950 sicut
654 903 848 952 contra
877 915 971 953 vos
1021 899 1205 955 adhuc
1230 900 1398 954 hodie
1427 904 1580 953 totus
1610 902 1957 969 protestatur
1984 912 2077 950 or-
2161 893 2450 967 discipulis
2478 902 2844 951 consueverat
2864 895 3034 968 loqui.
3062 896 3133 950 Et
3144 896 3267 950 ideo
3288 896 3488 968 quando
3512 896 3675 951 dictum

481 982 585 1038 bis.
623 986 878 1041 Undecim
910 993 1095 1042 autem
1126 990 1393 1058 discipuli
1409 991 1669 1043 abierunt
1701 991 1763 1042 in
1793 987 2077 1043 Galilaeam
2161 989 2248 1038 est
2277 990 2341 1039 ut
2373 986 2521 1039 irent
2569 985 2628 1039 in
2671 985 2977 1048 Galilaeam,
3029 991 3196 1039 notus
3242 991 3359 1039 erat
3387 985 3460 1039 eis
3485 984 3611 1038 locus
3633 985 3675 1040 in

480 1074 544 1127 in
574 1079 811 1129 montem
841 1078 936 1130 ubi
956 1081 1241 1132 constituit
1274 1081 1389 1131 illis
1414 1078 1705 1131 Dominus.
1736 1078 1800 1131 Et
1838 1077 2076 1130 videntes
2161 1074 2355 1128 eadem
2388 1074 2642 1139 Galileea,
2676 1092 2786 1147 quo
2814 1075 2897 1129 ire
2926 1074 3196 1130 deberent
3211 1076 3365 1145 juxta
3390 1075 3676 1130 consuetudi-

478 1164 1009 1232 eumadoraverunt,
1033 1168 1262 1235 quidam
1283 1182 1407 1219 vero
1421 1164 2075 1221 dubitaverunt.Ubima-
2159 1180 2309 1222 nem.
2339 1163 2543 1218 idcirco
2585 1164 2823 1219 dicitur;
2855 1164 3013 1220 Sicut
3042 1167 3322 1218 constituit
3347 1168 3417 1218 eis
3445 1166 3673 1218 Dominus.

474 1266 589 1321 gna
619 1252 800 1307 oritur
828 1254 1079 1324 quaestio.
1111 1254 1243 1325 quid
1274 1260 1363 1308 est
1388 1254 1532 1325 quod
1562 1254 1795 1326 angelus
1829 1255 2073 1325 primum
2162 1252 2267 1319 Qui
2294 1254 2533 1307 videntes
2559 1254 2939 1307 adoraverunt
2965 1270 3109 1307 eum.
3144 1254 3322 1307 Antea
3344 1252 3540 1323 quidem
3566 1252 3678 1307 vide-

477 1338 535 1394 in
567 1340 853 1396 Gahleam
904 1343 986 1397 ire
1009 1342 1188 1414 jubet,
1232 1343 1392 1414 quasi
1419 1344 1770 1398 solummodo
1799 1343 1877 1397 ibi
1902 1342 2075 1397 visuri
2160 1346 2284 1396 rant
2320 1358 2471 1403 eum,
2504 1341 2600 1397 sed
2631 1342 2816 1396 nescio
2838 1342 2886 1397 si
2924 1348 3039 1397 tam
3076 1342 3380 1408 manifeste,
3410 1342 3484 1395 vel
3501 1348 3596 1395 tam
3619 1341 3677 1394 fa-

476 1428 591 1491 sint
621 1430 939 1494 Dominum,
972 1432 1119 1503 quod
1147 1441 1205 1486 et
1233 1432 1505 1487 Dominus
1533 1432 1682 1487 idem
1711 1432 1947 1504 replicat
1964 1432 2075 1486 eis-
2158 1431 2471 1493 miliariter,
2508 1438 2564 1485 et
2590 1438 2706 1485 tam
2762 1431 2859 1485 diu
2901 1431 3267 1503 colloquendo
3292 1430 3542 1502 quomodo
3565 1436 3677 1484 tunc.

476 1512 602 1570 dem
634 1519 982 1584 mulieribus,
1017 1537 1143 1574 cum
1193 1527 1359 1577 antea
1408 1522 1560 1576 visus
1589 1522 1819 1590 eisdem,
1852 1522 1909 1576 in
1940 1522 2075 1576 locis
2160 1519 2227 1573 Et
2255 1520 2378 1575 ideo
2408 1520 2632 1583 dicitur,
2665 1522 3039 1575 adoraverunt
3076 1538 3222 1586 eum,
3255 1520 3382 1591 quia
3405 1535 3678 1589 recognovi:-

477 1605 678 1676 quibus
708 1607 1068 1679 Evangelium
1103 1610 1314 1664 refert?
1351 1611 1545 1681 Neque
1587 1612 1693 1683 ipsi
1716 1612 1847 1666 illuc
1874 1612 1956 1666 ire
1981 1628 2073 1665 ac-
2158 1616 2289 1664 rant
2313 1610 2503 1664 omnia
2560 1609 2720 1681 signa
2751 1609 2978 1664 deitatis
3001 1609 3059 1664 in
3086 1626 3152 1664 eo
3179 1615 3237 1663 et
3262 1608 3493 1662 veritatis
3519 1626 3531 1674 ;
3571 1607 3681 1679 quod

474 1695 761 1750 celerant?
801 1697 875 1750 De
924 1715 1034 1769 qua
1065 1700 1184 1755 sola
1212 1699 1423 1755 visione
1456 1700 1750 1772 specialius
1778 1716 1843 1755 ex
1872 1685 2136 1772 praece-B
2154 1697 2273 1769 ipse
2285 1698 2547 1770 idemque
2558 1704 2706 1753 esset
2721 1699 2814 1766 qui
2831 1714 2889 1752 se
2910 1704 3041 1752 ante
3052 1698 3367 1770 passionem
3381 1697 3680 1762 suam,Deum

473 1789 571 1857 pto
597 1786 924 1841 mandatum
955 1794 1041 1842 est
1069 1788 1169 1842 eis.
1204 1790 1574 1861 Nequaquam
1619 1790 1793 1861 igitur
1826 1791 1947 1845 sine
1970 1789 2069 1843 ali-
2156 1792 2213 1841 et
2258 1787 2544 1842 hominem
2594 1793 3019 1843 monstraverat.
3052 1789 3069 1840 l
3080 1804 3181 1858 pse
3225 1786 3319 1858 qui
3347 1792 3464 1858 post
3484 1801 3681 1839 resurre-

474 1890 584 1944 quo
628 1884 978 1931 sacramento
1009 1878 1113 1932 hoc
1151 1878 1360 1932 factum
1393 1879 1667 1945 existimo,
1695 1881 1844 1950 quod
1873 1880 1931 1934 in
1959 1880 2070 1934 Ga-
2154 1875 2395 1931 ctionem
2420 1894 2480 1930 se
2496 1874 3681 1937 vivereimmortaliterostendebat,instituens

470 1961 671 2018 lilmam
688 1963 1076 2035 irejubentur.
1104 1983 1169 2021 ac
1184 1966 1230 2020 si
1248 1967 1687 2022 solummodoibi
1704 1967 2073 2022 visuriessent
2155 1981 2250 2018 eos
2280 1971 2338 2019 et
2366 1966 2570 2020 docens
2618 1967 2687 2020 de
2734 1983 2907 2037 regno
2956 1966 3075 2021 Dei.
3109 1966 3269 2021 Unde
3296 1966 3408 2036 jam
3454 1961 3604 2018 securi
3641 1968 3682 2016 et

472 2051 796 2111 Dominum.
822 2055 1081 2110 Forsitan
1111 2056 1375 2126 quoniam
1396 2057 1512 2111 haec
1536 2056 1851 2120 visio,utita
1870 2056 2066 2123 fatear,
2155 2054 2336 2108 edocti
2358 2054 2414 2109 in
2434 2055 2712 2122 omnibus,
2733 2073 2860 2110 eum
2875 2056 3256 2110 adoraverunt
3268 2060 3333 2110 ut
3356 2056 3534 2110 Deum.
3562 2052 3681 2117 Quod

470 2156 583 2195 non
614 2142 798 2197 minus
835 2143 892 2198 in
947 2145 1242 2216 prophetia
1286 2162 1455 2216 quam
1485 2146 1545 2200 in
1573 2153 1926 2201 sacramento
1956 2151 2060 2207 est.
2155 2149 2342 2198 autem
2372 2144 2526 2209 dicit,
2559 2145 2706 2216 quod
2737 2146 2967 2213 quidam
2993 2161 3188 2198 eorum
3218 2146 3595 2207 dubitaverunt,
3610 2156 3682 2213 per

470 2229 614 2284 Na‘m
633 2230 953 2294 Galilaeamt
972 2250 1119 2304 saepe
1141 2233 1352 2288 dictum
1382 2241 1486 2297 est,
1513 2238 1953 2303 transmigratio,
1972 2252 2071 2290 seu
2153 2232 2597 2287 recordationem
2618 2233 2722 2287 hoc
2744 2232 2895 2297 dicit,
2920 2239 3156 2303 propter
3181 2231 3547 2302 Thomam,qui
3571 2240 3681 2283 retro

468 2323 728 2373 revelatio
745 2322 1420 2394 lactainterpretatur.Ex
1442 2340 1551 2394 quo
1572 2324 1967 2395 prophetatum
1987 2330 2073 2378 est
2153 2320 2438 2375 dubitasse
2467 2321 2674 2393 legitur
2699 2322 2757 2376 in
2799 2322 2909 2376 alia
2938 2322 3309 2393 apparitione,
3362 2337 3454 2375 seu
3511 2317 3681 2390 quando

471 2407 617 2478 quod
637 2407 740 2479 ipsi
754 2411 992 2479 apostoli
1017 2414 1086 2465 de
1098 2413 1127 2467 .l
1135 2412 1305 2467 udaeis
1318 2413 1384 2466 ad
1398 2420 1596 2483 gentes
1615 2412 2069 2484 transmigraturi
2153 2409 2319 2465 simul
2341 2411 2622 2481 perterriti
2652 2410 2925 2482 putabant
2948 2428 3008 2464 se
3033 2410 3296 2482 spiritum
3324 2409 3512 2473 videre,
3532 2408 3580 2461 in
3603 2421 3683 2477 qua

472 2502 635 2551 erant
676 2502 733 2552 et
769 2498 827 2553 in
866 2500 1076 2554 eisdem
1093 2500 1377 2573 gentibus,
1396 2502 1451 2555 id
1473 2502 1633 2556 estin
1664 2501 1925 2566 Ecclesia,
1959 2503 2071 2573 ple-
2152 2498 2365 2552 visione
2404 2498 2548 2552 forte
2606 2498 2894 2553 dubitasse
2943 2498 3231 2553 dicuntur.
3260 2497 3518 2563 Quoniam
3544 2496 3592 2549 in
3621 2493 3683 2546 his

466 2584 595 2641 nius
614 2593 670 2642 et
691 2588 991 2658 perfectius
1015 2597 1144 2662 post
1157 2590 1400 2661 gratiam
1423 2592 1601 2646 sancti
1625 2591 2067 2662 Spiritus,visuri
2152 2586 2411 2641 omnibus
2434 2587 2562 2641 licet
2574 2588 2729 2659 prius
2750 2588 3149 2652 dubitaverint,
3159 2586 3462 2642 conﬁrmati
3482 2590 3532 2640 et
3547 2581 3683 2639 edocti

466 2681 629 2730 erant
663 2677 975 2744 Dominum,
1020 2696 1087 2734 ac
1136 2680 1184 2734 si
1231 2685 1403 2751 caput
1432 2680 1490 2734 in
1522 2680 1787 2735 membris
1809 2681 1926 2735 suis
1951 2700 1964 2745 ;
1997 2698 2063 2736 eo
2151 2682 2311 2730 erant
2337 2677 2406 2731 de
2437 2693 2502 2731 eo
2533 2683 2596 2732 ut
2623 2677 2773 2731 ultra
2796 2677 2913 2746 jam
2944 2692 3057 2730 non
3087 2675 3426 2740 dubitarent,
3453 2686 3683 2744 quousque

465 2765 617 2835 quod
647 2766 904 2822 Christus
934 2774 991 2822 et
1021 2768 1265 2823 Ecclesia
1286 2785 1461 2823 unum
1485 2774 1572 2823 est
1599 2786 1815 2839 corpus.
1850 2769 1912 2823 In
1945 2768 2064 2840 qui-
2148 2764 2521 2821 induerentur
2549 2767 2755 2821 virtute
2786 2766 3029 2837 Spiritus
3058 2765 3242 2821 sancti
3273 2781 3335 2819 ex
3362 2764 3485 2819 alto.
3518 2761 3577 2816 Et
3591 2760 3684 2814 ideo

463 2851 569 2909 bus
618 2856 862 2926 profecto
913 2857 1113 2919 verbis,
1147 2858 1330 2911 adhuc
1359 2858 1610 2911 futurum
1641 2858 1946 2911 revelatum
1977 2874 2062 2911 sa-
2147 2854 2204 2908 in
2236 2860 2424 2909 monte
2474 2872 2602 2908 eum
2634 2854 2841 2919 vident,
2890 2859 2955 2908 ut
2999 2853 3123 2925 ipse
3172 2870 3335 2909 mons
3380 2851 3523 2906 nobis
3550 2847 3686 2920 perfe-

463 2945 1106 3015 cramentum;quoniam
1135 2946 1371 3016 apostoli
1394 2954 1452 3000 et
1472 2946 1653 3000 omnis
1678 2946 1921 3001 Ecclesia
1945 2946 2061 3013 Dei,
2088 3005 2124 3016 _
2148 2943 2389 2997 ctionem
2419 2944 2646 2998 visionis
2675 2943 2955 2998 ostendat.
3011 2944 3153 2998 Ecce
3197 2943 3257 2997 in
3287 2948 3468 2997 monte
3493 2937 3686 3010 amplius

463 3046 590 3085 cum
617 3005 945 3103 perventum
976 3033 1149 3088 fuerit
1171 3005 1249 3088 ad
1278 3034 1433 3088 illam
1465 3035 1764 3105 perfectam
1796 3005 2063 3089 transmi;
2083 3005 2126 3065 Ο
2145 3037 2204 3086 et
2229 3032 2530 3104 perfectius
2555 3050 2615 3087 se
2644 3034 3011 3097 demonstrat,
3047 3032 3145 3103 qui
3182 3031 3323 3086 forte
3351 3047 3509 3102 supra
3533 3005 3686 3083 eodem

460 3119 798 3199 grationem.
856 3120 911 3174 in
969 3138 1082 3191 qua
1114 3120 1451 3175 revelabitur
1480 3123 1598 3194 ipsa
1625 3122 1759 3177 visio
1788 3123 2062 3178 claritatis
2146 3128 2336 3175 monte
2377 3128 2500 3177 octo
2544 3122 2917 3177 beatitudines
2949 3122 3068 3193 jam
3091 3121 3396 3186 docuerat;
3427 3120 3482 3173 in
3520 3133 3610 3190 quo
3647 3117 3690 3168 et

462 3207 564 3263 Dei
592 3207 650 3262 in
680 3208 888 3263 futuro.
921 3210 1075 3265 Tunc
1105 3227 1235 3265 eum
1270 3210 1536 3266 videbunt
1560 3228 1671 3267 non
1700 3213 1880 3267 solum
1914 3215 2058 3285 Apo-
2145 3210 2391 3282 seipsum
2422 3218 2554 3267 ante
2571 3212 2883 3283 passionem
2899 3210 3063 3280 longe
3090 3226 3252 3265 retro
3267 3211 3325 3265 in
3350 3209 3518 3281 gloria
3542 3213 3689 3262 trans-

461 3296 610 3361 stoli,
641 3314 834 3352 verum
858 3299 1031 3354 etiam
1077 3316 1271 3356 omnes
1301 3301 1460 3356 electi
1494 3301 1612 3365 Dei,
1645 3301 1805 3356 sicuti
1838 3307 1942 3358 est.
1970 3302 2055 3357 Ad
2141 3297 3684 3372 ﬁguratum,[2|aquamvispaucioribus.exbibuerat.

459 3401 627 3465 quam
677 3387 869 3457 procul
905 3387 1075 3442 dubio
1104 3388 1393 3453 visionem,
1430 3406 1623 3444 omnes
1654 3390 1964 3445 invitantur
1999 3395 2061 3445 ut
2141 3388 2257 3443 Nec
2286 3389 2492 3443 mirum
2520 3389 2708 3461 itaque
2734 3389 2781 3443 si
2808 3389 2867 3443 in
2889 3394 3078 3443 monte
3106 3390 3252 3444 talia
3280 3389 3490 3444 exhibet
3513 3387 3585 3441 vel
3610 3386 3687 3439 do-

456 3474 880 3546 transmigrent,
914 3483 973 3531 et
999 3483 1132 3533 eant
1159 3477 1217 3532 in
1249 3478 1556 3534 Galilaeam.
1593 3479 1869 3543 Quoniam
1902 3479 1977 3533 ibi
2000 3479 2057 3534 in
2141 3484 2248 3543 cet,
2279 3487 2340 3533 ut
2369 3496 2434 3532 ex
2464 3480 2568 3534 hoc
2596 3480 2817 3543 altiora,
2858 3495 2960 3533 nos
2980 3478 3237 3534 insinuet
3278 3478 3585 3548 intelligere,
3615 3471 3688 3545 qui

458 3569 650 3632 monte
697 3581 869 3636 supra
917 3583 1028 3636 quo
1077 3566 1314 3622 fundata
1362 3573 1447 3621 est
1492 3566 1687 3622 civitas
1716 3568 1812 3622 illa
1840 3568 1900 3622 in
1933 3568 2061 3622 Eze-
2142 3568 2311 3622 etiam
2335 3568 2393 3622 in
2423 3568 2519 3622 illa
2546 3568 2879 3640 Apocalypsi
2914 3567 3145 3622 Joannis
3182 3568 3239 3622 id
3269 3574 3451 3623 monte
3477 3572 3687 3621 ostensus

456 3651 784 3724 chiele,quae
805 3654 1369 3726 vergitadAustrum,
1404 3656 1742 3712 revelabitur
1769 3656 2054 3725 Dominus,
2139 3656 2406 3712 cernitur.
2436 3657 2595 3712 Unde
2624 3657 2706 3712 ait
2728 3657 2907 3712 idem:
2969 3659 3086 3711 Vidi
3120 3673 3299 3726 supra
3330 3664 3548 3711 montem
3583 3652 3688 3708 Sion

456 3746 514 3811 et
533 3741 609 3796 ibi
639 3742 906 3799 videbunt
936 3761 1065 3799 eum
1098 3744 1351 3799 membra
1385 3745 1603 3816 capitis,
1629 3745 1723 3800 ubi
1756 3746 1873 3816 ipse
1905 3746 2056 3817 prin-
2138 3748 2361 3815 Agnum
2391 3752 2714 3813 stantem,et
2745 3764 2871 3802 cum
2895 3765 2952 3802 eo
2972 3752 3195 3800 centum
3228 3750 3688 3819 quadragintaqua-

454 3831 662 3903 cipium
682 3833 963 3903 praecessit
989 3833 1148 3889 Unde
1169 3834 1405 3889 dicitur:
1442 3837 1568 3890 Ecce
1594 3837 1851 3903 praecedet
1879 3852 1967 3889 ros
1992 3839 2055 3889 in
2139 3839 2267 3888 tuor
2296 3838 2482 3889 millia
2512 3836 2694 3904 (Apoc.
2733 3853 2842 3900 xw,
2876 3835 2941 3905 l).
2988 3839 3065 3894 Ex
3113 3857 3228 3913 quo
3275 3840 3507 3915 profecto
3526 3834 3682 3905 liquet,

453 3920 757 3978 Galilaeam.
791 3922 1147 3996 Quapropter
1180 3925 1313 3997 quia
1340 3925 1398 3980 in
1442 3925 1530 3979 his
1561 3926 1763 3980 altiora
1805 3931 1940 3981 sunt
1968 3942 2052 3981 sa-
2133 3940 2235 3977 nec
2273 3923 2363 3977 hic
2389 3940 2492 3978 nec
2543 3924 2675 3991 illic,
2700 3925 2831 3996 quia
2860 3927 2916 3981 in
2958 3937 3147 3984 monte
3190 3937 3444 3987 ostensus
3490 3931 3580 3990 est,
3620 3917 3684 3973 vel

450 4018 741 4066 cramenta
768 4012 937 4083 hujus
966 4013 1505 4070 visionisforteideo
1527 4015 1765 4086 apostoli
1786 4015 2054 4070 differunt
2135 4011 2270 4083 quia
2311 4011 2368 4065 in
2400 4029 2465 4066 eo
2494 4013 2675 4074 docet.
2711 4015 2857 4086 quod
2910 4033 3203 4089 nunquam
3262 4020 3466 4090 absque
3518 4024 3684 4081 magno

450 4098 734 4168 interdum
753 4116 818 4155 eo
830 4101 1002 4165 ire,ut
1020 4108 1076 4156 et
1099 4104 1429 4174 mysterium
1454 4104 1864 4161 monstreturin
1880 4104 2047 4164 facto.
2135 4101 2496 4173 mysterio,ut
2510 4119 2655 4174 saepe
2690 4103 3213 4178 dixi,accipiendum
3250 4114 3353 4164 est.
3385 4108 3449 4162 Et
3476 4102 3685 4159 accedens

452 4191 510 4240 et
530 4186 645 4256 ipsa
675 4187 812 4241 visio
841 4189 909 4242 ad
943 4190 1191 4245 litteram
1222 4209 1324 4246 suo
1354 4193 1703 4263 compleatur
1727 4198 1784 4247 et
1815 4193 1874 4248 in
1905 4193 2045 4248 loco.
2133 4193 2280 4245 dixit
2318 4194 2411 4246 eis.
2443 4192 2690 4246 Accessit
2718 4199 2907 4248 autem
2952 4195 3045 4251 ille
3073 4213 3309 4269 corpore
3346 4196 3413 4251 ad
3441 4210 3544 4255 eos,
3581 4186 3686 4260 quia

452 4273 632 4333 Multa
650 4274 928 4345 siquidem
958 4278 1027 4333 de
1059 4280 1144 4334 his
1169 4296 1292 4349 quae
1319 4287 1480 4350 gesta
1504 4282 1588 4337 vel
1609 4282 1760 4337 dicta
1779 4288 1911 4337 sunt
1928 4288 2053 4353 post
2134 4280 2373 4350 regressi
2396 4281 2478 4335 illi
2496 4281 2566 4335 ad
2588 4298 2647 4335 se
2667 4290 3023 4339 accesserunt
3058 4285 3227 4358 plena
3238 4286 3428 4349 ﬁde,et
3444 4281 3571 4338 dixit
3586 4276 3680 4331 eis:

448 4364 918 4421 resurrectionem
943 4365 1002 4422 in
1039 4375 1073 4433 ι
1090 4373 1149 4431 σε
1169 4375 1199 4431 Ι
1217 4376 1280 4433 5
1297 4368 1479 4422 medio
1506 4372 1885 4439 praetermittit
1905 4371 2050 4425 Mat-
2065 4366 2115 4424 D
2207 4372 2347 4423 Data
2391 4377 2469 4425 est
2512 4372 2656 4425 mihi
2691 4375 2873 4426 omnis
2893 4378 3124 4442 potestas
3155 4378 3220 4430 in
3242 4379 3365 4431 emta
3390 4379 3438 4428 et
3464 4374 3521 4425 in
3541 4374 3681 4422 terra.

448 4451 647 4517 libans,
673 4452 1021 4524 singulisque
1064 4456 1540 4526 Evangelistarum
1572 4475 1676 4513 sua
1721 4460 2044 4530 relinquens
2127 4460 2224 4525 Ite,
2252 4460 2427 4513 docete
2448 4476 2633 4514 omnes
2661 4466 2860 4527 gentes,
2893 4462 3235 4531 baptizantes
3255 4481 3357 4529 eos,
3394 4465 3455 4515 in
3497 4456 3685 4513 nomint

446 4542 692 4614 propria.
753 4543 822 4598 Et
861 4550 1053 4599 narrat
1082 4550 1273 4600 tamen
1320 4546 1631 4616 perfectum
1663 4549 1829 4603 finem
1869 4549 2043 4605 divini
2125 4549 2328 4613 Patris,
2362 4553 2411 4602 et
2464 4548 2616 4608 Filii,
2641 4554 2689 4602 et
2715 4547 2963 4617 Spiritus
3005 4555 3205 4608 sancti.
3238 4554 3364 4607 Non
3386 4552 3497 4604 haec
3522 4546 3583 4600 de
3608 4556 3683 4596 co-

447 4631 654 4702 operis,
687 4631 782 4686 ubi
806 4630 966 4686 licuit
1003 4632 1193 4687 videre
1226 4634 1530 4693 Dominum
1581 4639 1838 4693 undecim
1873 4640 2041 4694 disci-
2124 4641 2336 4691 aeterna
2356 4636 2540 4690 Patris
2579 4637 2869 4693 divinitate
2904 4639 3173 4711 loquitur,
3196 4641 3256 4697 in
3291 4656 3400 4713 qua
3428 4627 3684 4705 coaequalis

447 4718 613 4789 pulis.
642 4719 727 4774 Ad
764 4720 911 4792 quod
934 4723 1313 4792 spectaculum
1338 4741 1449 4780 non
1466 4727 1630 4782 credo
1643 4728 1786 4799 quod
1816 4735 2039 4783 tantum
2125 4731 2211 4781 est
2238 4726 2353 4780 Deo
2381 4725 2533 4780 Patri
2582 4732 2639 4780 et
2663 4728 3177 4795 consubstantialis,
3214 4730 3311 4785 sed
3337 4729 3404 4783 de
3433 4723 3684 4791 assumpta

445 4807 503 4864 hi
516 4807 621 4866 soli
652 4810 1023 4880 pervenerint,
1042 4812 1245 4884 quibus
1267 4814 1503 4884 angelus
1534 4822 1685 4871 retro
1704 4824 1768 4871 ut
1787 4817 2042 4874 venirent
2125 4815 2494 4881 humanitate,
2531 4832 2699 4887 quam
2734 4817 3089 4889 suscipiendo
3118 4836 3244 4874 cum
3277 4823 3422 4873 esset
3455 4815 3510 4869 in
3533 4812 3683 4866 forma

446 4904 658 4967 monet,
683 4903 741 4952 et
767 4914 802 4952 a
852 4899 1090 4956 Domino
1151 4902 1481 4957 mandatum
1512 4909 1568 4958 et
1598 4905 1925 4976 praedictum
1957 4912 2043 4961 est
2123 4904 2244 4967 Dei,
2279 4904 2589 4959 minoratus
2610 4911 2696 4959 est
2705 4911 2874 4976 paulo
2903 4910 3090 4962 minus
3104 4910 3174 4963 ab
3195 4910 3423 4976 angelis,
3446 4910 3498 4959 et
3520 4902 3683 4968 inqua

443 4986 794 5044 mulieribus.
845 4988 1135 5052 Quomodo
1169 5006 1301 5062 ergo
1332 4992 1454 5046 ﬁeri
1486 4998 1670 5063 potest
1696 4999 1760 5048 ut
1782 4998 1900 5048 tam
1930 4996 2040 5050 cito
2125 5009 2476 5064 resurgensa
2498 4994 2734 5048 mortuis
2748 4995 2928 5051 victor
2939 4998 3124 5065 gloria
3142 5003 3189 5051 et
3203 4999 3404 5051 honore
3417 4991 3680 5047 coronatus

442 5078 742 5134 mulierum
762 5076 848 5132 vel
876 5088 1203 5133 caeterorum
1221 5080 1858 5152 refrigerassetcharitas
1883 5083 2044 5139 disci-
2125 5089 2229 5138 est.
2265 5083 2341 5138 Et
2368 5084 2474 5138 hoc
2504 5089 2588 5138 est
2609 5084 2757 5155 quod
2801 5100 2949 5139 nunc
2968 5084 3214 5140 ait:Dala
3235 5091 3310 5139 est
3333 5083 3471 5137 mihi
3479 5080 3679 5150 potestas

441 5166 813 5238 pulcrum,ne
829 5167 1144 5231 adtantum
1175 5168 1563 5241 desiderarent
1588 5172 1779 5227 venire
1810 5168 2039 5244 'specta-
2123 5174 2185 5227 in
2224 5177 2348 5227 calo
2385 5178 2433 5227 et
2476 5175 2538 5226 in
2571 5179 2721 5226 terra
2744 5175 2915 5240 (Ps-al.
2941 5188 3055 5242 vni,
3089 5173 3166 5241 6ο,
3206 5175 3336 5247 quia
3375 5168 3677 5226 constitutus

442 5256 650 5325 culum,
695 5262 966 5328 tantoque
1024 5256 1234 5327 perfrui
1255 5259 1483 5329 gaudio.
1517 5261 1624 5315 Sed
1649 5262 1752 5316 soli
1776 5263 2037 5319 undecim
2114 5262 2232 5332 jam
2258 5269 2381 5316 erat
2401 5263 2459 5316 in
2478 5262 2697 5317 unitate
2726 5262 2951 5317 deitatis
2971 5280 3105 5329 suae,
3136 5279 3304 5335 super
3330 5259 3510 5323 omnia
3529 5264 3677 5327 opera

440 5343 567 5400 ideo
594 5344 982 5415 designantur.
1017 5345 1281 5416 quoniam
1325 5347 1432 5419 ipsi
1474 5354 1645 5404 testes
1673 5352 2033 5423 praeordinati
2120 5367 2387 5406 manuum
2411 5351 2609 5407 Patris.
2639 5352 2843 5407 Omnia
2872 5369 3117 5425 namque
3148 5352 3397 5425 subjecta
3424 5351 3573 5403 erant
3592 5356 3676 5414 pe‘

444 5438 606 5488 erant
624 5433 693 5486 ad
724 5433 961 5503 plebem,
986 5434 1172 5488 caeteri
1200 5451 1331 5489 vero
1363 5454 1557 5493 omnes
1577 5440 1636 5495 in
1664 5457 1857 5496 eorum
1881 5460 2033 5497 com-
2117 5444 2280 5498 dibus
2309 5446 2456 5515 ejus;
2492 5444 2641 5500 inter
2672 5462 2794 5516 quae
2819 5445 3206 5510 omnia,ctiam
3230 5445 3348 5515 ipsa
3378 5456 3538 5496 mors.
3570 5447 3674 5505 quae

443 5520 837 5593 plectabantnr
863 5522 1206 5597 magisterio.
1240 5525 1392 5581 Alias
1421 5533 1630 5594 autem,
1668 5547 1806 5601 quas
1847 5532 2034 5588 nullus
2116 5532 2185 5587 ad
2209 5538 2433 5604 tempus
2458 5532 2517 5587 in
2539 5550 2665 5588 eum
2696 5532 3433 5605 praevaluerat,subjectaest
3453 5526 3670 5595 ei,quam
