3918 6166
194 243 310 317 989

912 244 1295 305 EXPOSITIO
1332 246 1412 305 IN
1448 246 1799 306 ΜΑΤἸἮΕΕ

1885 288 1895 304 .
1938 277 2003 291 -
2042 248 2180 306 LIB.
2221 249 2347 317 XII.
2388 250 2545 308 CAP.
2585 250 2840 308 XXVIII.

3380 250 3491 317 990

198 367 492 423 moriendo
520 368 813 435 destruxit,
832 374 890 424 et
905 372 1249 443 resurgendo
1270 373 1519 428 calcavit.
1543 373 1648 429 Ubi
1671 375 1796 429 licet
1817 381 1857 439 Α
1882 390 2009 428 care
2033 373 2198 444 jubet
2252 375 2346 446 qui
2382 375 2448 429 ad
2475 376 2707 431 Mariam
2747 376 2990 448 primum
3029 375 3200 430 venit.
3230 374 3393 430 Unde
3425 380 3486 429 et

198 458 498 513 Mattheus
513 459 692 512 multa
707 458 764 513 in
780 459 963 513 medio
984 462 1468 534 praeterierinquae
1480 464 1665 518 czeteri
1679 481 1803 518 nar-

197 553 416 612 rarunt,
450 547 505 601 in
523 548 626 602 hoc
643 565 753 602 uno
776 549 1036 604 universa
1068 551 1471 623 redemptionis
1492 561 1696 608 nostrae
1715 571 1800 608 sa-

198 643 508 693 cramenta.
531 640 772 708 perfecte
794 636 930 691 satis
950 638 1243 710 completa,
1268 647 1725 696 etconsummata
1741 643 1798 697 in

199 726 425 780 Christo
448 728 798 791 monstravit,
816 744 941 782 cum
963 728 1143 800 ipsum
1162 729 1462 785 Dominum
1475 731 1796 802 loquentem

194 819 254 870 et
267 816 648 871 declarantem
661 816 901 888 gloriam
921 834 1008 871 ma
1008 818 1030 888 j
1038 817 1233 872 estatis
1244 835 1359 874 suae
1371 820 1619 875 ostendit
1628 837 1659 892 q
1668 837 1801 874 uan-

193 905 267 959 do
283 905 580 960 dicit:l)atu
596 912 671 960 est
686 908 829 961 mihi
837 910 1017 962 omnis
1029 912 1259 976 potestas
1272 912 1333 962 in
1349 912 1472 962 calo
1482 915 1531 962 et
1548 911 1608 962 in
1628 914 1796 973 terra,

195 995 369 1068 utqui
390 995 557 1066 paulo
576 1000 708 1050 ante
731 998 1026 1052 cruciﬁxus
1046 996 1246 1061 fuerat,
1266 1004 1519 1053 mortuus
1536 1014 1599 1052 ac
1618 999 1801 1069 sepul-

195 1088 292 1138 tus
309 1082 365 1137 in
386 1084 607 1138 tumulo
624 1083 1024 1157 jacuerat.1pse
1048 1086 1417 1142 resurrexisse
1433 1093 1796 1152 monstratur,

195 1171 290 1227 cui
307 1173 493 1226 omnis
511 1180 760 1245 potestas
781 1174 835 1228 in
854 1175 992 1229 caelo
1013 1182 1071 1230 et
1088 1177 1144 1230 in
1162 1182 1314 1232 terra
1323 1177 1443 1246 jam
1464 1175 1651 1230 delata
1670 1192 1805 1247 prae-

195 1261 439 1317 dicatur.
470 1262 613 1317 Cum
641 1268 831 1318 autem
863 1262 913 1317 ei
936 1265 1117 1320 omnis
1149 1271 1394 1336 potestas
1414 1264 1547 1318 data
1575 1265 1800 1332 dicitur,

190 1352 325 1421 jure
342 1358 401 1406 et
410 1368 509 1422 spe
524 1351 579 1405 in
601 1351 818 1407 unitate
834 1352 1060 1408 deitatis
1076 1356 1430 1426 omnipotens
1445 1354 1797 1425 praedicatur.

196 1438 469 1513 Alioquin
491 1441 596 1495 nisi
614 1441 982 1512 Omnipotens
1003 1443 1122 1515 ipse
1142 1452 1234 1509 snt,
1251 1460 1362 1499 non
1379 1443 1428 1498 ei
1450 1443 1631 1498 omnis
1651 1460 1804 1515 poce-

194 1531 315 1579 stas
325 1525 461 1579 data
471 1533 558 1580 est
567 1526 638 1579 ab
650 1526 1215 1598 Omnipotente;forte
1227 1529 1360 1600 quia
1371 1528 1659 1593 noluit,vel
1672 1529 1806 1600 quia

194 1629 310 1667 non
340 1614 561 1685 potuit;
590 1615 689 1669 sed
712 1615 845 1687 quia
865 1617 1072 1672 veritas
1095 1625 1181 1672 est
1211 1618 1437 1673 mentiri
1454 1635 1566 1674 non
1594 1624 1796 1691 potest.

1881 464 2087 534 Joseph
2124 464 2361 535 ang-lus
2383 464 2651 535 loquitur.
2673 466 2933 537 idemque
2962 465 3281 536 pastoribus
3312 480 3481 519 evan-

1879 552 2082 622 gelizat
2107 553 2377 622 gaudium
2405 573 2417 617 ;
2452 553 2654 608 deinde
2680 555 2748 607 ad
2794 570 2968 608 cunas
2997 554 3228 607 infantis
3255 554 3485 609 auditur

1881 642 2209 711 angelorum
2241 642 2444 696 chorus
2474 643 2801 697 decantare:
2823 643 3012 698 Gloria
3041 646 3102 696 in
3133 646 3358 697 excelsis
3378 645 3482 698 Deo

1883 733 1931 781 et
1954 731 2011 781 ίιι
2037 734 2306 797 tet-rapax
2320 730 2637 783 hominibus
2661 734 2807 785 bonae
2827 734 3130 786 voluntatis
3146 733 3358 797 (LuCJI.
3374 732 3480 791 l4).

1884 817 1991 871 Sed
2034 824 2092 871 et
2128 834 2252 871 cum
2285 824 2537 873 tentatur
2575 818 2631 873 in
2680 819 3000 882 solitudine,
3035 825 3162 890 post
3189 836 3482 875 monoma-

1882 907 2063 960 chiam
2094 908 2215 977 ejus
2245 912 2297 960 et
2324 907 2667 977 singularem
2701 925 2965 980 pugnam,
3009 908 3198 963 statim
3231 909 3485 966 serviunt

1882 996 2066 1066 angeli
2098 1004 2155 1051 et
2184 996 2506 1050 ministrant
2526 997 2595 1050 ei.
2631 998 2792 1052 Nunc
2817 1014 3039 1068 quoque
3061 998 3131 1052 ad
3161 998 3482 1067 sepulcrum

1885 1084 1941 1139 in
1968 1086 2171 1140 vestitu
2192 1085 2428 1139 candido
2456 1086 2687 1156 angelus
2718 1086 2955 1155 gloriam
2989 1086 3253 1157 praedicat
3277 1087 3481 1141 trium-

1886 1174 2130 1244 phantis.
2164 1181 2221 1229 et
2245 1174 2340 1228 alii
2372 1180 2680 1229 cernuntur
2705 1173 2762 1229 in
2791 1174 3056 1246 obsequio
3087 1176 3207 1245 ejus
3229 1192 3481 1231 resurre-

1885 1262 2102 1317 ctionis.
2145 1271 2174 1328 Ι
2195 1271 2252 1328 2
2273 1272 2303 1328 |
2323 1270 2380 1327 δ
2411 1263 2619 1319 Omnes
2642 1268 2828 1317 tamen
2859 1265 2981 1331 ejus
3012 1265 3489 1329 resurrectionem.

1886 1353 2190 1424 praedicant
2218 1359 2276 1407 et
2304 1354 2643 1407 confitentur
2682 1353 2789 1407 Sed
2825 1360 2881 1407 et
2900 1352 2956 1406 in
2975 1370 3207 1407 ascensu
3230 1355 3350 1424 ejus
3369 1371 3489 1408 non

1885 1440 2185 1495 defuerunt
2202 1442 2408 1512 angeli,
2428 1458 2539 1496 non
2562 1442 2656 1513 qui
2679 1458 2806 1495 eum
2832 1443 3165 1496 veherentet
3178 1443 3489 1509 elevarent,

1886 1530 1978 1585 sed
2005 1530 2098 1601 qui
2130 1548 2258 1585 eum
2287 1548 2482 1586 rursus
2511 1541 2810 1585 venturum
2841 1531 3227 1602 praedicarent.
3259 1532 3322 1585 In
3362 1548 3478 1586 om-

1885 1619 2050 1674 nibus
2069 1625 2259 1673 tameu
2288 1636 2400 1674 una
2417 1637 2657 1691 persona
2673 1620 2930 1675 Christus
2948 1620 3004 1674 in
3029 1620 3247 1674 duabus
3268 1620 3484 1675 naturis

197 1701 419 1756 Idcirco
440 1708 590 1758 recte
608 1704 977 1777 Omnipotens
994 1707 1307 1762 credituret
1318 1708 1653 1779 praedicatur
1678 1709 1800 1762 Non
1819 1697 1952 1762 Bab
1988 1709 2204 1780 angelis
2236 1709 2384 1763 Deus
2423 1719 2481 1763 et
2510 1710 2696 1768 homo.
2738 1726 2901 1763 verus
2931 1710 3030 1763 Dei
3064 1709 3238 1763 Filius
3281 1709 3483 1781 praedi-

192 1808 298 1871 per
315 1792 700 1863 adoptionem.
719 1802 782 1848 ut
798 1795 1024 1865 quidam
1044 1797 1323 1868 garriunt,
1344 1804 1407 1851 ut
1424 1796 1533 1851 duo
1550 1797 1801 1852 introdu-

194 1885 403 1936 cantur
442 1881 563 1945 ﬁlii,
589 1882 685 1936 sed
717 1900 818 1954 per
844 1884 1116 1938 unitatem
1144 1902 1393 1955 persona;
1422 1886 1481 1940 in
1511 1902 1622 1956 qua
1653 1903 1798 1940 unus

193 1969 464 2042 idemque
480 1971 739 2042 proprius
752 1972 848 2026 Dei
866 1973 1041 2027 Filius
1052 1974 1320 2029 catholice
1336 1975 1762 2029 commendatur
1782 1994 1795 2042 ;

195 2059 469 2131 quoniam
499 2077 645 2115 unus
682 2061 943 2133 idemque
972 2069 1057 2117 est
1084 2064 1179 2134 qui
1210 2064 1293 2118 ait
1331 2082 1342 2117 :
1379 2064 1585 2119 Omnia
1615 2064 1797 2119 Patris

195 2165 325 2203 mea
337 2149 571 2204 sunt.Et
581 2150 699 2220 ipse
712 2151 782 2204 ad
800 2151 1042 2217 Patrem,
1057 2152 1188 2222 quia
1202 2161 1298 2206 tua
1309 2155 1499 2206 omnia
1516 2168 1632 2205 mea
1642 2159 1794 2218 sunt,

202 2243 244 2303 ι
263 2244 378 2303 2|
405 2242 454 2303 α
474 2239 620 2293 sicut
636 2245 815 2293 etmea
844 2245 940 2294 tua
967 2240 1283 2295 sunt.Unde
1306 2246 1454 2295 recte
1481 2241 1755 2311 quaeritur
1784 2259 1795 2294 :

202 2326 259 2381 Si
288 2327 488 2381 omnia
517 2327 702 2382 Patris
730 2328 855 2382 Filii
885 2335 1017 2384 sunt
1045 2346 1111 2383 ex
1138 2330 1457 2401 aequalitate
1485 2338 1718 2392 naturae,
1745 2336 1801 2384 et

197 2432 261 2472 ex
309 2416 725 2487 omnipotentia
750 2417 974 2473 deitatis
1000 2436 1136 2484 suae,
1174 2419 1306 2491 quid
1355 2425 1442 2474 est
1475 2419 1623 2491 quod
1653 2435 1800 2473 nune

195 2505 332 2559 data
363 2504 473 2559 sibi
500 2505 638 2559 dicit
677 2506 887 2569 omnia.
930 2508 1090 2579 quasi
1129 2507 1224 2580 qui
1266 2525 1379 2563 non
1407 2508 1669 2563 habuerit
1696 2525 1798 2562 an-

199 2597 436 2664 tequam
465 2595 739 2650 darentur
761 2596 809 2652 ei
841 2596 1032 2651 omnia
1057 2599 1081 2651 ?
1120 2597 1223 2652 Ubi
1263 2597 1507 2668 profecto
1534 2614 1798 2667 magnum

200 2682 527 2738 ostenditur
548 2691 966 2739 sacramentum
987 2685 1233 2757 pietatis,
1247 2692 1305 2741 et
1322 2687 1729 2740 condemnatur
1744 2686 1803 2742 in

197 2786 315 2825 una
359 2773 674 2844 eademque
703 2791 943 2845 persona
971 2774 1221 2830 omnium
1262 2776 1648 2831 haereticorum
1674 2793 1804 2848 pra-

1883 1804 2060 1851 catur.
2096 1798 2162 1851 Et
2188 1799 2305 1851 haec
2325 1803 2408 1851 est
2438 1798 2664 1868 gemina
2686 1797 2957 1868 operatio,
2987 1814 3109 1867 quae
3134 1814 3233 1867 per
3258 1814 3483 1851 omnem

1881 1892 2095 1940 textum
2125 1886 2303 1939 sancti
2335 1885 2620 1956 Evangelii
2651 1885 3055 1939 consideranda
3078 1892 3181 1949 est,
3204 1890 3265 1938 ut
3287 1885 3343 1939 in
3372 1903 3483 1940 uno

1879 1974 2190 2046 eodemque
2217 1974 2438 2028 Christo
2467 1975 2670 2045 duplex
2698 1974 3047 2045 intelligatur
3075 1979 3279 2027 natura
3310 1978 3367 2026 et
3389 1990 3485 2043 ge-

1881 2063 2033 2117 mina
2060 2062 2311 2134 operatio
2341 2063 2399 2117 in
2448 2080 2561 2117 una
2590 2063 2896 2134 eademque
2940 2079 3178 2133 persona
3225 2061 3468 2116 deitatis.

1883 2151 2159 2214 Quoniam
2191 2168 2487 2222 personam
2528 2152 2652 2205 Filii
2685 2151 2781 2205 Dei
2816 2150 3015 2217 Patris,
3058 2167 3226 2222 quam
3259 2166 3483 2221 semper

1882 2239 2102 2301 habuit.
2131 2258 2244 2295 non
2292 2241 2616 2312 assumpsit,
2660 2241 2758 2295 sed
2796 2246 3055 2294 naturam
3089 2239 3478 2294 humanitatis.

1885 2329 2027 2383 Hinc
2048 2329 2107 2383 in
2131 2330 2405 2390 omnibus.
2430 2330 2478 2384 si
2508 2336 2658 2385 recte
2682 2329 2981 2400 intelligas,
3003 2330 3171 2384 homo
3190 2346 3289 2400 per
3318 2345 3484 2382 omne

1881 2424 2104 2490 tempus
2145 2419 2581 2473 conversationis
2621 2436 2735 2473 suae
2778 2419 2835 2473 in
2881 2419 3046 2473 terris
3091 2417 3301 2472 videbis
3334 2434 3484 2472 nunc

1884 2508 2290 2578 magnitudinis
2301 2526 2416 2563 sua:
2428 2508 2663 2577 gloriam
2679 2524 2743 2562 ac
2755 2508 3061 2579 potentiam
3076 2507 3481 2565 demonstrare.

1884 2613 1985 2668 per
2004 2598 2163 2667 signa
2188 2605 2358 2668 atque
2394 2597 2788 2651 miraculorum
2830 2614 3001 2668 opera
3035 2616 3047 2663 ;
3074 2613 3224 2651 nunc
3256 2596 3483 2650 humili-

1885 2687 2018 2740 tatis
2048 2692 2105 2741 et
2133 2686 2501 2741 humanitatis
2527 2687 2665 2755 ejus,
2697 2703 2754 2740 1n
2786 2686 3006 2740 unitate
3038 2686 3206 2739 unius
3232 2701 3484 2756 personae

1886 2775 2124 2829 formam
2149 2775 2429 2830 exhibere.
2460 2777 2696 2846 Propter
2718 2776 2865 2846 quod
2904 2774 3338 2844 benignissimus
3372 2790 3484 2827 me-

194 2860 363 2914 vitas.
400 2861 584 2917 Habet
602 2862 779 2934 igitur
804 2880 838 2918 a
867 2869 1071 2918 natura
1099 2864 1289 2919 omnia
1318 2881 1441 2936 quae
1472 2864 1653 2919 Patris
1673 2870 1809 2919 sunt
1887 2864 2072 2918 diator
2102 2865 2219 2935 ipse
2244 2865 2342 2919 Dei
2372 2871 2429 2919 et
2459 2864 2746 2919 hominum
2768 2865 2951 2919 adhuc
2976 2864 3035 2918 in
3056 2863 3220 2918 terris
3247 2862 3480 2934 positus,

198 2949 324 3021 ipse
356 2950 622 3023 idemque
653 2953 748 3024 qui
778 2953 980 3026 accipit
1022 2954 1286 3024 gratiam,
1334 2958 1391 3007 et
1430 2970 1540 3007 non
1572 2954 1717 3008 alius
1745 2954 1803 3008 in
1880 2953 1998 3023 jam
2027 2953 2243 3008 deviCLa
2273 2959 2452 3008 morte
2481 2953 2961 3024 pernecessarium
2977 2952 3137 3007 duxit
3166 2951 3485 3007 hominibus

199 3056 449 3110 persona
498 3058 667 3113 quam
710 3042 830 3114 ipse
859 3043 953 3114 qui
994 3042 1181 3096 habet.
1215 3043 1520 3114 Propterea
1563 3059 1696 3113 ergo
1725 3043 1864 3114 sicc
1886 3042 2189 3096 declarare.
2221 3042 2380 3107 Quod
2402 3044 2533 3097 data
2557 3043 2632 3096 sit
2658 3046 2709 3095 ei
2730 3045 2911 3096 omnis
2932 3046 3164 3111 potestas
3187 3044 3249 3094 in
3275 3044 3417 3106 caelo,
3438 3046 3488 3095 et

198 3128 338 3183 dicit
367 3130 491 3201 ipse
516 3130 781 3202 idemque
805 3132 875 3186 ad
898 3133 1143 3198 Patrem,
1171 3138 1267 3186 tua
1292 3136 1483 3186 omnia
1512 3149 1630 3186 mea
1654 3138 1804 3200 sunt,
1889 3134 1952 3185 in
1985 3137 2135 3186 terra
2168 3151 2179 3191 ;
2210 3137 2276 3186 ut
2302 3149 2365 3185 ex
2402 3132 2503 3185 hoc
2525 3148 2633 3185 uno
2664 3131 2882 3203 reliqua
2909 3130 3098 3184 omnia
3129 3131 3490 3186 conﬁrmaret

198 3223 374 3289 atque
404 3218 511 3273 hoc
538 3218 719 3291 ipsum
750 3221 897 3294 quod
918 3221 1008 3275 hic
1027 3220 1107 3275 ait
1133 3239 1145 3274 :
1181 3222 1319 3275 Data
1350 3225 1424 3274 est
1456 3223 1599 3275 mihi
1627 3225 1807 3275 omnis
1889 3221 2068 3275 sancti
2090 3219 2381 3291 Evangelii
2402 3226 2756 3275 sacramenta
2788 3220 2946 3284 Quod
2970 3237 3104 3274 sane
3123 3219 3486 3290 Evangelium

194 3314 453 3374 potestas.
487 3308 632 3373 Quia
659 3309 718 3364 in
749 3309 967 3365 duabus
996 3310 1213 3365 naturis
1238 3326 1386 3364 unus
1410 3315 1495 3364 est
1524 3309 1799 3376 Christus,

198 3394 253 3450 in
280 3397 646 3452 humanitate
664 3397 878 3453 scilicet
894 3415 959 3453 ac
986 3398 1214 3463 deitate,
1230 3414 1454 3469 unaque
1487 3414 1725 3470 persona
1744 3398 1801 3452 in

197 3484 481 3541 Trinitate
511 3487 756 3541 deitatis.
785 3488 853 3542 Et
871 3487 1005 3560 quia
1033 3487 1288 3542 Christus
1316 3504 1431 3542 una
1460 3503 1699 3558 persona
1718 3494 1804 3542 est

198 3575 513 3629 secundum
528 3576 959 3630 humanitatem.
973 3576 1053 3630 ait
1071 3576 1202 3630 data
1213 3582 1299 3630 est
1323 3575 1477 3635 mihi.
1494 3576 1801 3631 secundum

198 3680 328 3718 vero
343 3663 721 3726 divinitatem.
748 3665 804 3719 in
821 3682 932 3737 qua
955 3666 1185 3737 aequalis
1204 3670 1291 3720 est
1303 3665 1476 3729 Patri,
1495 3670 1591 3719 tua
1611 3668 1802 3720 omnia

200 3770 319 3808 mea
338 3759 498 3818 sunt,
520 3754 666 3809 sicut
692 3760 741 3809 et
768 3772 887 3809 mea
909 3759 1006 3809 tua
1026 3761 1178 3810 sunt.
1202 3756 1280 3808 Ac
1302 3771 1403 3824 per
1417 3754 1522 3808 hoc
1546 3754 1801 3809 Christus

198 3842 253 3896 in
282 3848 530 3914 utraque
576 3848 798 3906 natura.
851 3859 996 3897 unus
1034 3843 1203 3908 Deus,
1237 3858 1383 3897 unus
1423 3842 1794 3913 omnipotens.

201 3931 345 3986 Hinc
376 3931 589 3987 Paulus
613 3932 692 3986 ait
721 3932 869 4004 quod
899 3931 1118 3987 dederit
1146 3932 1197 3986 ei
1227 3932 1397 3986 Pater
1426 3948 1627 3985 nomen
1659 3934 1803 4001 quod

1888 3309 2159 3364 ferentem
2192 3327 2293 3380 per
2332 3310 2575 3365 medium
2607 3309 2806 3363 coelum
2838 3310 3098 3380 angelum
3131 3310 3377 3363 Joannes
3426 3308 3486 3362 in

1885 3397 2217 3471 Apocalypsi
2232 3416 2336 3453 sua
2366 3399 2535 3461 videt,
2564 3399 2633 3453 de
2662 3416 2772 3470 quo
2792 3398 2933 3452 dixit
2953 3397 3101 3469 quod
3121 3396 3486 3468 Evangelium

1885 3488 2057 3542 ferret
2079 3494 2377 3544 aeternum.
2419 3488 2487 3542 Et
2516 3487 2638 3541 ideo
2667 3488 2971 3541 clementer
3000 3504 3064 3540 ac
3084 3486 3313 3557 provide
3347 3485 3484 3540 satis

1884 3577 2080 3631 debuit
2101 3577 2387 3647 praedicari
2409 3593 2471 3630 ac
2488 3575 2673 3631 doceri
2696 3577 2751 3630 in
2785 3576 2971 3642 terris,
2990 3575 3138 3646 quod
3151 3576 3270 3646 jam
3291 3580 3484 3646 aperte

1885 3665 2300 3737 evangelizatur
2329 3671 2386 3720 et
2413 3665 2733 3719 declaratur
2770 3665 2829 3719 in
2859 3665 3030 3719 caelis.

1954 3758 2049 3819 Ite,
2087 3755 2289 3826 inquit,
2322 3756 2497 3809 docete
2525 3770 2709 3808 omnes
2731 3759 2930 3822 gentes,
2961 3754 3298 3821 baptizantes
3318 3767 3399 3804 (os
3421 3752 3485 3806 in

1885 3847 2108 3898 nomine
2139 3846 2346 3901 Patris.
2385 3848 2433 3897 et
2464 3844 2616 3909 Filii,
2647 3849 2695 3896 et
2723 3842 2971 3911 Spiritus
3014 3843 3212 3895 sancti.
3244 3841 3486 3894 docentes

1884 3950 1966 3988 eos
1982 3948 2202 3987 servare
2221 3950 2305 3987 om
2315 3948 2413 3986 ma
2439 3947 2789 4002 quaecumque
2812 3931 3078 3984 mandari
3094 3930 3257 3982 vobis.
3277 3927 3488 3982 Rectis-

200 4027 272 4075 est
302 4038 474 4091 super
503 4037 662 4076 omne
682 4038 902 4088 nomen,
928 4025 1070 4076 utin
1093 4026 1316 4075 nomine
1337 4022 1463 4075 Jesu
1484 4036 1642 4074 omne
1664 4036 1807 4089 genu
1890 4021 2067 4077 simus
2097 4022 2271 4091 igitur
2292 4020 2628 4092 praedicandi
2657 4020 2793 4074 ordo
2822 4019 3085 4082 traditur,
3120 4025 3177 4072 et
3202 4016 3495 4079 modernis,

200 4113 479 4178 ﬂectatur,
534 4113 830 4166 catestium
857 4151 871 4178 ,
926 4113 1273 4164 terrestrium
1331 4115 1379 4163 et
1444 4110 1805 4177 infernarum
1890 4111 2347 4182 praedicatoribus
2376 4109 2746 4165 Ecclesiarum
2779 4109 2877 4163 Dei
2908 4107 3335 4178 diligentissime
3364 4122 3484 4161 ser-

204 4201 433 4269 (Philip.
449 4213 511 4266 II,
532 4198 636 4269 l0).
656 4199 722 4253 Et
746 4200 865 4254 haec
881 4205 967 4254 est
986 4199 1167 4253 omnis
1187 4203 1434 4270 potestas
1451 4214 1573 4269 qua;
1584 4197 1804 4253 Christo
1889 4200 2101 4254 vandus
2131 4199 2465 4271 praedicatur
2495 4217 2508 4266 ;
2542 4204 2605 4253 ut
2628 4198 2810 4270 primo
2841 4197 3068 4268 quidem
3097 4197 3364 4251 docerent
3390 4212 3488 4251 au-

202 4288 335 4342 data
356 4293 466 4342 est.
494 4288 647 4342 Licet
660 4288 751 4342 hic
773 4288 1070 4343 Matthaeus
1095 4288 1165 4341 de
1187 4293 1463 4358 potestate
1492 4288 1803 4341 inferorum
1888 4287 2097 4342 ditores
2135 4304 2285 4352 suos,
2318 4287 2519 4341 deinde
2544 4287 2674 4340 ﬁdei
2707 4290 3062 4339 sacramenta
3087 4284 3167 4339 eis
3195 4289 3487 4340 traderent

202 4376 464 4440 tacuerit,
493 4382 681 4431 tamen
718 4394 845 4432 cum
873 4377 1008 4432 dicit
1027 4376 1228 4440 omnis,
1256 4376 1648 4430 universaliter
1666 4393 1800 4430 con-
1822 4370 2042 4432 Dnovze
2070 4376 2396 4431 nativitatis.
2431 4375 2515 4430 Ad
2548 4375 2813 4430 ultimum
2854 4380 2918 4429 ut
2949 4374 3137 4429 omnia
3170 4390 3292 4445 qua:
3323 4390 3484 4429 man-

202 4465 382 4521 cludit
414 4465 547 4537 quia
574 4472 630 4520 et
666 4465 830 4521 inferi
884 4466 941 4520 in
970 4472 1135 4521 terra;
1179 4464 1406 4519 nomine
1433 4466 1801 4537 comprehen-

200 4553 440 4610 duntur.
475 4555 634 4610 Unde
654 4572 764 4611 non
791 4561 925 4611 sunt
951 4555 1213 4611 audiendi
1241 4554 1335 4627 qui
1365 4555 1573 4610 inferos
1595 4556 1801 4627 ubique

202 4659 321 4698 esse
351 4642 570 4711 dicunt,
603 4651 660 4699 et
700 4662 811 4699 non
843 4645 901 4700 in
930 4645 1047 4699 loco
1080 4664 1093 4711 ;
1127 4643 1260 4716 quia
1288 4643 1394 4698 nisi
1422 4644 1477 4698 in
1511 4645 1631 4699 loco
1663 4645 1796 4703 sint.

200 4747 487 4802 nusquam
530 4739 681 4788 sunt.
717 4734 784 4789 Et
808 4734 913 4789 hoc
967 4734 1047 4788 ita
1104 4733 1286 4788 dicere
1329 4739 1526 4788 contra
1574 4750 1800 4789 omnem

200 4821 599 4877 auctoritatem
655 4822 1092 4895 Scripturarum,
1147 4821 1633 4877 dementissimum
1694 4829 1796 4877 est.

201 4910 309 4965 Sed
338 4918 401 4965 et
426 4911 691 4982 angelicae
710 4918 1015 4984 potestates
1044 4911 1228 4965 dicere
1260 4911 1403 4983 quod
1438 4928 1549 4966 non
1592 4912 1805 4967 fuerint

199 4998 250 5053 ei
278 5000 571 5072 subjectae,
598 5000 925 5073 priusquam
943 5001 1227 5055 amortuis
1243 5006 1438 5056 auctor
1465 5001 1591 5056 vitae
1620 5018 1804 5055 surre-

198 5089 367 5155 xerit,
402 5106 560 5144 error
603 5095 706 5148 est.
756 5090 900 5155 Quia
954 5097 1225 5145 noverant
1266 5091 1502 5144 virtutes
1532 5091 1800 5145 caelorum

196 5178 323 5246 jure
354 5195 415 5233 se
452 5178 705 5234 subditas
735 5179 965 5247 homini,
994 5196 1159 5252 quem
1182 5195 1216 5233 a
1234 5196 1335 5234 suo
1365 5180 1651 5234 conditore
1672 5198 1800 5252 spe-

199 5265 421 5321 cialiter
465 5278 818 5341 assumptum
869 5269 1133 5324 videbant
1158 5269 1218 5323 in
1251 5269 1446 5336 Deum,
1480 5276 1537 5323 et
1565 5269 1689 5324 ideo
1731 5269 1800 5324 ab

197 5354 367 5411 initio
384 5357 765 5429 conceptionis
793 5359 913 5429 ejus
935 5358 992 5414 in
1023 5375 1088 5413 eo
1110 5358 1393 5430 geminam
1417 5365 1675 5414 naturam
1706 5376 1800 5413 ve-

197 5453 495 5514 nerantur,
553 5447 860 5519 praedicant
917 5454 974 5503 et
1018 5448 1273 5509 adorant.
1319 5464 1384 5503 ac
1428 5448 1679 5503 serviunt
1724 5448 1794 5515 ei,

200 5551 375 5609 quem
401 5538 759 5605 Emmanuel,
785 5536 842 5593 id
857 5543 945 5594 est
969 5540 1251 5595 nobiscum
1271 5540 1433 5605 Deus,
1454 5537 1689 5611 angelus
1708 5554 1801 5595 vo-

1883 4468 2016 4522 data
2044 4473 2207 4521 erant
2236 4466 2336 4530 eis,
2369 4482 2434 4519 ex
2466 4466 2685 4536 integro
2718 4469 2781 4518 ut
2806 4463 3154 4519 custodirent
3208 4463 3352 4528 Quia
3380 4479 3485 4519 nec

1888 4556 2195 4627 baptismus
2225 4554 2345 4609 sine
2385 4555 2494 4608 ﬁde
2527 4554 2771 4625 prodest,
2806 4568 2987 4623 neque
3018 4551 3154 4607 ﬁdes
3182 4552 3304 4607 sine
3347 4569 3483 4624 ope-

1881 4644 2037 4699 ribus
2069 4644 2459 4698 mandatorum
2484 4642 2603 4697 Dei.
2621 4642 2688 4696 Et
2703 4642 2826 4695 ideo
2850 4641 3101 4696 docenda
3128 4647 3214 4696 est
3235 4641 3485 4713 primum

1883 4733 2043 4790 ﬁdes.
2067 4750 2176 4805 qua
2224 4739 2372 4788 recte
2400 4731 2648 4786 creditur
2677 4731 2842 4797 Deus,
2875 4736 2933 4784 et
2954 4730 3013 4784 in
3047 4747 3158 4801 qua
3201 4730 3487 4787 donantur

1883 4830 1947 4877 ut
1976 4822 2260 4893 possibilia
2287 4822 2400 4876 sint
2418 4820 2609 4875 omnia
2623 4819 3001 4887 credentibus,
3032 4837 3137 4875 nec
3165 4837 3279 4876 non
3299 4827 3357 4879 et
3382 4840 3484 4894 po-

1885 4916 2059 4966 testas
2088 4910 2499 4982 adoptionis,ut
2528 4910 2639 4976 ﬁlii
2670 4910 2767 4962 Dei
2792 4911 3154 4963 nominem'm
3178 4916 3226 4964 et
3254 4911 3493 4984 simus(II

1883 5005 2043 5056 Joan.
2068 5015 2143 5062 III,
2168 5001 2233 5070 l).
2256 4999 2484 5064 Deinde,
2507 4998 2593 5052 his
2619 4996 2701 5051 ita
2730 4996 3036 5061 instructis,
3054 4998 3331 5055 tradenda
3352 5004 3485 5056 sunt

1884 5096 2236 5146 sacramenta
2266 5090 2412 5151 ﬁdei.
2434 5095 2492 5142 et
2520 5088 2566 5142 si
2590 5087 2867 5158 baptismo
2895 5087 3198 5160 tingendus
3212 5089 3400 5155 homo,
3418 5093 3485 5145 ut

1882 5188 2211 5235 renascatur
2231 5180 2286 5233 in
2304 5178 2499 5234 eodem
2525 5183 2878 5243 sacramento
2891 5182 3063 5232 totus.
3080 5179 3236 5233 Tunc
3252 5178 3493 5252 demum,

1882 5275 2102 5343 Oportet
2128 5277 2190 5324 ut
2218 5269 2389 5323 instet
2429 5266 2759 5338 praedicator
2786 5283 2851 5321 ac
2877 5267 3090 5331 doctor,
3124 5272 3187 5322 ut
3216 5267 3482 5342 deinceps

1896 5366 1931 5425 1
1949 5364 2143 5426 2'9
2154 5358 2270 5429 jam
2302 5358 2359 5412 in
2391 5356 2486 5410 illa
2513 5370 2656 5410 nova
2685 5356 2979 5411 nativitate
3005 5373 3179 5429 opera
3197 5357 3331 5413 ﬁdei
3354 5375 3484 5414 con-

1883 5456 2211 5520 sequantur,
2250 5453 2307 5501 et
2355 5445 2619 5500 mandata
2666 5445 2725 5500 in
2773 5445 2976 5517 quibus
3013 5446 3260 5502 Charitas
3297 5448 3480 5503 adim-

1881 5539 2067 5610 pletur
2078 5535 2483 5594 custodiantur.
2505 5534 2755 5591 Audiant
2778 5550 2973 5593 omnes
2994 5535 3248 5605 haeretici.
3262 5542 3320 5594 et
3334 5537 3481 5607 solii.»-
