3918 6166
494 304 595 365 991
1260 303 1314 358 S.
1360 302 1737 359 PASCHASII
1777 302 2140 359 RADBERTI
2178 304 2481 361 ABBATIS
2520 304 3012 361 CORBEIENSIS.
3610 307 3688 370 992

494 432 735 496 smatici,
769 431 827 487 in
856 446 969 503 qua
1019 429 1129 485 ﬁde
1181 427 1493 484 renascitur
1544 428 1803 485 universa
1847 429 2091 485 Ecclesia
2106 431 2158 493 Α
2174 447 2368 486 verum
2385 431 2557 486 etiam
2569 429 2830 486 omnibus
2851 429 3201 486 Christianis.
3217 432 3336 487 Non
3355 432 3487 488 enim
3504 437 3692 507 apostoli

494 522 725 587 Christi,
752 531 809 576 et
838 520 894 574 in
924 519 1125 591 quibus
1153 517 1334 573 verbis
1363 518 1420 572 in
1445 518 1599 572 fonte
1632 520 1874 590 tingitur
1904 521 2090 585 homo,
2175 536 2353 591 usque
2373 520 2431 574 in
2471 521 2637 574 ﬁnem
2673 518 2856 573 saeculi
2887 519 2945 574 in
2974 536 3140 575 carne
3164 525 3321 575 erant
3338 520 3694 581 victuri.utcum

499 614 558 664 in
585 612 827 674 nomine,
861 607 1063 679 inquit.
1085 610 1285 668 Patris.
1310 613 1358 660 et
1378 608 1530 672 Filii,
1560 614 1605 661 et
1626 609 1871 676 Spiritus
1891 612 2090 662 sancti.
2176 609 2256 663 eis
2287 625 2511 680 semper
2536 625 2657 663 esse
2687 609 2924 671 dicatur,
2961 609 3056 663 sed
3089 610 3340 664 Ecclesiae
3367 628 3468 665 suae
3507 612 3696 667 ﬁdeliter

496 700 621 754 Non
653 699 801 753 enim
832 697 967 752 dicit
996 697 1050 750 in
1083 694 1425 760 nominibus,
1462 696 1558 750 sed
1592 699 1653 750 in
1685 700 1927 759 nomine,
1960 697 2093 769 quia
2174 698 2276 752 hoc
2306 697 2829 770 repromittit,quod
2860 698 2976 768 ipse
3004 704 3174 769 caput
3196 716 3408 771 semper
3431 706 3542 754 cum
3565 717 3697 757 mem-

499 786 687 841 Patris
716 793 774 840 et
795 785 918 840 Filii
952 793 1009 838 et
1037 784 1281 855 Spiritus
1309 783 1486 838 sancti
1518 800 1630 837 non
1656 783 1763 838 nisi
1795 801 1968 839 unum
2010 790 2095 839 est
2170 786 2284 841 bris
2313 787 2430 841 suis
2459 788 2532 842 sit
2560 788 2855 852 alluturus,
2879 804 3003 842 cum
3026 787 3231 859 quibus
3259 795 3317 842 et
3338 788 3390 842 in
3418 789 3590 859 quibus
3612 807 3699 846 om-

496 891 723 930 nomcn.
758 875 903 940 Quia
929 874 988 927 hi
1027 880 1141 927 tres
1173 873 1400 927 relative
1430 872 1696 927 dicuntur
1724 874 1793 927 ad
1832 873 2090 939 invicem,
2171 876 2263 930 nia
2292 876 2493 930 debeat
2520 893 2928 931 consummare.
2947 882 3004 931 et
3022 877 3327 948 adimplere
3350 893 3463 948 qua
3479 878 3698 936 desuntin

495 974 561 1022 ut
587 974 701 1020 tres
724 966 831 1019 dici
848 971 1077 1036 queant.
1099 963 1240 1017 sicut
1269 963 1434 1016 Pater
1473 968 1530 1015 et
1553 961 1747 1025 Filius,
1773 969 1830 1016 et
1851 962 2092 1033 Spiritus
2168 981 2398 1036 corpore
2429 982 2549 1031 suo,
2578 972 2634 1019 et
2653 966 2711 1019 in
2741 963 3009 1019 membris
3027 965 3171 1021 suis.
3198 966 3304 1020 Sed
3334 966 3441 1021 haec
3466 967 3635 1020 ﬁducia
3654 975 3701 1022 ut

494 1062 739 1111 sanctus.
769 1055 1033 1120 Quamvis
1057 1059 1172 1107 tres
1188 1053 1319 1111 sint.
1340 1068 1485 1106 unus
1502 1060 1585 1105 est
1606 1053 1770 1109 Deus.
1797 1068 1943 1106 unus
1970 1068 2093 1105 om-
2176 1061 2438 1109 constans
2467 1055 2541 1110 sit
2570 1060 2627 1109 et
2659 1070 3037 1124 perseverans,
3090 1071 3203 1108 non
3250 1054 3354 1109 nisi
3397 1055 3460 1109 de
3482 1071 3593 1109 vera
3622 1056 3700 1110 nde

493 1146 845 1217 nipotens.et
864 1143 1132 1215 quidquid
1147 1148 1232 1197 est
1250 1142 1397 1212 quod
1427 1141 1496 1194 ad
1527 1158 1585 1195 se
1612 1142 1756 1195 Deus
1781 1141 1935 1199 dicit.
1960 1140 2092 1211 quia
2174 1144 2443 1209 nascitur,
2497 1150 2555 1198 et
2582 1160 2649 1197 ex
2683 1160 2750 1197 ea
2789 1159 2906 1212 qua
2958 1160 3054 1212 per
3097 1145 3434 1197 dilectionem
3475 1149 3698 1211 operatur.

491 1235 548 1289 in
573 1252 638 1289 eo
667 1252 778 1289 non
810 1234 916 1288 nisi
948 1249 1060 1287 una
1085 1237 1287 1286 natura
1315 1237 1418 1296 est,
1458 1247 1570 1284 una
1601 1231 1799 1296 deitas,
1834 1247 1947 1284 una
1975 1230 2087 1283 vir-
2175 1232 2354 1297 Quam
2384 1232 2479 1304 qui
2508 1233 2808 1304 perfectam
2839 1231 3116 1297 habuerit,
3150 1232 3396 1296 omnino,
3422 1231 3505 1286 ubi
3524 1232 3592 1285 vel
3616 1231 3699 1297 ubi,

492 1328 602 1385 tus.
620 1341 733 1379 una
762 1321 1106 1394 magnitudo,
1137 1336 1359 1392 unaque
1381 1327 1644 1391 potestas.
1676 1319 1745 1374 Et
1759 1320 1883 1374 ideo
1912 1335 2087 1374 unum
2168 1329 2501 1394 praesentem
2531 1321 2608 1376 ibi
2636 1322 2814 1376 Deum
2832 1337 3054 1393 semper
3073 1322 3251 1376 sentit
3271 1328 3328 1376 et
3345 1321 3704 1392 intelligitQuia

490 1413 551 1468 in
576 1412 756 1467 tribus
785 1428 988 1467 nomen
1012 1426 1149 1471 esse
1178 1409 1427 1463 creditur
1457 1428 1469 1476 ;
1503 1416 1802 1480 propterea
1849 1414 1906 1463 et
1937 1409 1995 1462 in
2023 1425 2088 1462 eo
2170 1408 2357 1463 divina
2388 1410 2649 1479 majestas
2670 1408 2922 1481 quamvis
2951 1408 3160 1480 ubique
3188 1425 3424 1480 praesens
3447 1408 3533 1465 sit.
3558 1414 3704 1461 tamen

491 1502 737 1565 nomine,
756 1501 903 1572 quod
928 1515 1103 1554 unum
1126 1505 1231 1565 est,
1254 1499 1313 1553 in
1337 1496 1612 1553 Trinitate
1633 1497 2086 1569 unitatis,bapti-
2169 1496 2334 1567 longe
2357 1497 2523 1551 aliter
2551 1504 2637 1552 est
2667 1514 2793 1551 cum
2822 1496 3075 1568 reprobis
3095 1505 3161 1551 ut
3180 1497 3378 1568 perdat
3393 1496 3458 1550 de
3473 1502 3603 1550 terra
3624 1511 3707 1549 me-

490 1591 603 1645 zari
626 1591 909 1661 jubemur,
923 1589 1067 1643 sicut
1094 1595 1151 1643 et
1172 1589 1227 1642 in
1255 1587 1468 1642 unitate
1488 1587 1799 1642 Trinitatis.
1825 1587 1968 1651 Quia
1985 1604 2087 1641 nec
2173 1586 2412 1640 moriam
2441 1603 2656 1652 eorum,
2689 1586 2855 1641 aliter
2883 1602 3010 1640 cum
3036 1586 3231 1641 electis
3257 1604 3355 1658 per
3378 1585 3591 1657 gratiam
3622 1601 3705 1640 suae

488 1679 736 1736 Trinitas
759 1680 905 1734 Deus
936 1684 1086 1733 recte
1105 1677 1225 1731 sine
1244 1676 1460 1731 unitate
1481 1677 1751 1743 creditur,
1769 1693 1871 1732 nec
1901 1676 2090 1731 unitas
2172 1675 2552 1745 protectionis.
2585 1676 2985 1730 Verumtamen
3030 1675 3155 1747 ipse
3184 1675 3387 1747 ubique
3414 1674 3580 1729 omnia
3607 1690 3705 1744 cog-

488 1768 558 1823 ad
590 1768 828 1822 salutem
849 1767 1132 1832 vere,sine
1159 1766 1437 1820 Trinitate
1462 1765 1816 1837 praedicatur.
1844 1762 1952 1819 Ubi
1975 1780 2083 1819 non
2104 1765 2148 1825 B
2168 1764 2345 1819 noscit
2373 1764 2677 1819 novissima
2714 1770 2771 1819 et
2799 1764 3065 1835 antiqua;
3103 1765 3239 1836 quia
3263 1764 3514 1835 intelligit
3549 1763 3706 1834 wgita-

492 1856 841 1929 quaternitas
892 1861 1123 1927 propter
1152 1855 1294 1909 duas
1323 1853 1670 1909 substantias
1710 1854 1767 1907 in
1799 1852 1958 1917 Filio,
1991 1853 2089 1907 sed
2171 1853 2353 1908 tiones
2380 1854 2632 1909 omnium
2658 1853 2977 1919 hominum,
3011 1858 3074 1908 ut
3114 1858 3373 1926 penetrat
3417 1852 3596 1908 omnia.
3616 1852 3705 1906 Sin-

488 1945 735 2000 Trinitas
770 1945 1215 2008 commendatur,
1252 1943 1385 2015 quia
1410 1948 1564 1998 totus
1593 1942 1846 1998 Christus
1876 1942 1935 1997 in
1963 1942 2088 1996 Tri-
2168 1943 2427 2014 gulorum
2461 1959 2681 2015 quoque
2706 1943 2822 1997 vias
2852 1942 3141 2014 praevidet,
3176 1959 3242 1997 ac
3271 1942 3521 1997 discernit
3543 1939 3703 1995 omnia.

488 2035 668 2090 nitate
686 2052 795 2089 non
824 2034 930 2088 nisi
951 2051 1061 2088 una
1082 2050 1321 2105 persona
1336 2034 1466 2103 jure
1490 2032 1765 2099 creditur;
1794 2037 1850 2086 et
1878 2038 1941 2086 ut
1966 2048 2087 2086 ma-
2171 2033 2383 2088 Idcirco
2434 2034 2515 2087 sic
2556 2034 2736 2087 vivere
2774 2050 2998 2105 semper
3026 2033 3195 2105 quasi
3229 2050 3409 2088 coram
3437 2033 3544 2104 ipso
3570 2030 3704 2103 perfe-

488 2124 745 2179 nifestius
796 2124 876 2178 ita
918 2140 1039 2177 esse
1089 2122 1458 2193 intelligatur,
1492 2121 1789 2176 audiamus
1821 2121 1968 2193 quod
1998 2137 2087 2174 se-
2169 2128 2383 2177 ctorum
2406 2129 2508 2180 est.
2521 2122 2601 2176 sic
2621 2122 2902 2193 negligere
2920 2123 3081 2193 quasi
3109 2124 3231 2195 ipse
3255 2139 3362 2177 non
3388 2122 3571 2185 videat,
3591 2120 3706 2173 dam-

489 2214 684 2286 quitur
709 2233 720 2267 :
750 2214 877 2268 Ecce
896 2229 988 2281 ego
1017 2214 1291 2265 robiscum
1313 2228 1435 2264 sum
1458 2212 1717 2264 omnibus
1748 2212 1954 2276 diebus,
1996 2227 2088 2263 us-
2172 2217 2450 2266 natorum.
2469 2212 2627 2276 Quod
2649 2219 2837 2266 autem
2860 2212 2996 2266 dicit
3012 2229 3195 2283 usque
3226 2212 3282 2266 in
3309 2212 3469 2266 ﬁnem
3489 2209 3641 2265 saeculi
3662 2225 3704 2262 se

488 2320 590 2374 que
620 2306 682 2356 in
714 2304 1241 2357 consummationem
1271 2303 1473 2354 saeculi.
1506 2300 1631 2370 Ipse
1659 2298 1807 2352 idem
1834 2298 2089 2353 Christus
2172 2301 2497 2357 adfuturum
2552 2318 2680 2355 cum
2708 2301 2843 2366 suis,
2878 2317 2987 2355 non
3018 2301 3099 2357 sic
3127 2302 3282 2363 dicit.
3316 2300 3468 2372 quasi
3503 2317 3583 2354 eos
3606 2304 3705 2352 tunc

490 2397 593 2455 est,
624 2391 718 2462 qui
758 2390 828 2444 ad
860 2391 1086 2444 Patrem
1126 2388 1365 2447 rediens.
1397 2404 1430 2442 a
1457 2406 1568 2459 quo
1592 2404 1881 2459 nunquam
1914 2388 2089 2441 disce-
2171 2389 2372 2444 debeat
2412 2389 2822 2461 derelinquere,
2868 2391 3095 2462 quando
3126 2390 3357 2463 praemia
3394 2389 3505 2443 vitae
3536 2390 3705 2440 interna

489 2480 628 2534 dens
654 2480 822 2534 caelos
867 2479 1175 2533 secundum
1206 2494 1432 2533 carnem
1472 2477 1742 2543 ascendit,
1787 2477 1906 2548 ipse
1936 2478 2085 2532 idem
2169 2478 2251 2533 eis
2276 2485 2362 2533 est
2385 2478 2640 2541 daturus,
2673 2480 2817 2533 sicut
2836 2480 2955 2551 ipse
2988 2479 3069 2533 ait
3102 2499 3114 2534 :
3152 2481 3275 2535 Esto
3302 2481 3467 2547 ﬁdelis
3495 2492 3632 2545 usque
3652 2472 3706 2525 ad

490 2569 586 2640 qui
609 2585 818 2633 secum,
842 2568 960 2622 suis
990 2568 1180 2622 electis
1223 2567 1280 2621 in
1310 2566 1476 2620 terris
1506 2582 1729 2638 semper
1757 2566 2084 2622 adfuturum
2168 2573 2419 2633 mortem,
2453 2572 2500 2620 et
2526 2568 2662 2621 dabo
2692 2569 2794 2621 tibi
2821 2584 3081 2622 coronam
3109 2572 3235 2623 vita
3260 2568 3438 2636 (Apoc.
3467 2580 3522 2631 Il,
3549 2560 3705 2633 ιο);εθά

487 2658 785 2730 promittit.
828 2657 944 2711 Nec
969 2656 1238 2712 dividitur
1267 2672 1515 2727 unquam
1555 2662 1653 2710 aut
1678 2672 1918 2728 usquam
1940 2672 1974 2709 a
2001 2673 2080 2722 se,
2167 2656 2271 2709 hoc
2293 2660 2377 2710 est
2421 2655 2568 2727 quod
2599 2655 2680 2709 ait
2704 2674 2716 2709 :
2750 2657 2857 2724 Ego
2880 2658 3157 2710 vobiscum
3204 2673 3328 2710 sum
3356 2671 3515 2725 usque
3534 2653 3595 2706 ad
3617 2666 3707 2705 con-

486 2753 784 2820 postquam
834 2749 1059 2801 Verbum
1090 2763 1218 2801 caro
1248 2747 1463 2813 factum
1490 2752 1565 2799 est
1598 2748 1775 2813 (Joan.
1809 2760 1847 2811 1,
1891 2744 1989 2813 li),
2023 2750 2087 2801 ut
2168 2747 2598 2799 summationem
2625 2749 2825 2811 seculi,
2862 2762 2961 2817 per
2988 2746 3265 2801 auxilium
3291 2746 3393 2817 pia:
3411 2737 3706 2817 protectionis

487 2843 636 2892 esset
671 2837 821 2891 Deus
879 2840 934 2890 et
980 2836 1151 2890 homo
1182 2850 1328 2889 unus
1368 2833 1644 2888 Christus.
1696 2834 1855 2888 Unde
1888 2850 2087 2889 moneo
2168 2833 2611 2899 acdefensionis,
2636 2839 2693 2887 et
2711 2851 2811 2905 per
2823 2835 3065 2905 gratiam
3089 2834 3295 2890 divinae
3311 2829 3708 2905 inspirationis,et

487 2926 609 2998 pios
638 2926 924 2980 auditores
964 2924 1116 2977 verbi
1160 2923 1279 2988 Dei,
1312 2929 1377 2976 ut
1407 2938 1630 2993 semper
1654 2922 1875 2976 solliciti
1906 2923 2017 2977 sint
2053 2940 2087 2977 a
2169 2922 2227 2976 in
2257 2922 2517 2977 omnibus
2540 2923 2803 2995 operibus
2823 2922 3004 2979 bonis.
3037 2924 3097 2978 in
3138 2922 3525 2979 certaminibus
3548 2925 3603 2974 ut
3620 2916 3708 2969 vin-

486 3013 760 3086 principio
785 3012 1087 3082 Evangelii,
1124 3012 1182 3065 in
1213 3010 1492 3074 omnibus,
1525 3010 1672 3080 quod
1702 3016 1759 3065 et
1791 3021 1939 3065 retro
1968 3012 2080 3066 fre-
2105 3081 2138 3086 _
2163 3011 2322 3075 catis,
2342 3017 2399 3065 et
2416 3012 2652 3067 victores
2667 3012 2928 3084 deinceps
2944 3014 3314 3079 coronemini,
3340 3012 3466 3084 quia
3481 3007 3707 3075 ultrajam

486 3107 725 3173 quenter
757 3100 967 3161 monui,
1009 3116 1078 3153 ne
1117 3099 1175 3153 in
1221 3099 1335 3152 ullo
1378 3105 1773 3170 corrumpatur
1827 3081 2141 3155 doctrinac
2164 3102 2316 3155 nulla
2331 3102 2642 3156 certamina
2659 3081 3398 3175 erunt,nulliagnones,qu—o
3419 3092 3707 3168 meoegealis

485 3189 713 3246 Christi.
734 3188 996 3259 quoniam
1018 3187 1348 3242 universalis
1376 3194 1478 3252 est,
1504 3195 1561 3242 et
1589 3189 1647 3242 in
1668 3190 1821 3243 nullo
1854 3189 1957 3243 sibi
1979 3190 2081 3244 ad-
2163 3191 2636 3251 auxilio.interim
2658 3208 2787 3246 vero
2820 3208 2941 3246 mea
2967 3192 3248 3263 largiente
3275 3191 3468 3263 gratia,
3498 3186 3610 3260 quia
3632 3197 3706 3235 vo-

483 3285 757 3334 versatur.
785 3278 881 3331 sed
912 3294 1057 3331 unus
1085 3276 1143 3331 in
1166 3277 1427 3331 omnibus
1449 3277 1517 3331 de
1544 3278 1765 3332 Christo
1786 3285 1843 3334 et
1863 3279 2082 3350 integer
2162 3278 2373 3334 hiscum
2404 3296 2499 3334 ero
2521 3296 2697 3351 usque
2728 3279 2797 3333 ad
2831 3281 2997 3334 ﬁnem
3024 3280 3174 3346 vitae,
3207 3281 3347 3336 nihil
3377 3278 3517 3333 vobis
3546 3270 3702 3328 deerit;

483 3373 676 3422 manet
704 3383 921 3421 sensus.
973 3368 1150 3431 Quem
1184 3365 1428 3437 profecto
1469 3366 1595 3421 finis
1635 3367 1918 3439 Evangelii
1963 3368 2078 3422 evi-
2175 3375 2209 3434 |
2228 3376 2351 3434 τοι
2370 3376 2400 3433 1
2435 3369 2568 3423 Post
2588 3369 2689 3422 has
2710 3386 2931 3441 quoque
2954 3371 3252 3440 angustias
3272 3370 3412 3434 vitae,
3438 3366 3584 3420 vitam
3597 3375 3705 3416 sem-

480 3456 680 3511 denter
710 3455 1083 3519 commendat,
1116 3456 1264 3527 quod
1299 3472 1444 3509 unus
1466 3456 1729 3528 idemque
1759 3458 1848 3519 sit,
1876 3464 1933 3512 et
1961 3474 2078 3512 ma-
2161 3458 2438 3529 piternam
2454 3457 2825 3529 praestabo,ut
2838 3458 3071 3512 videatis
3101 3459 3350 3531 amplius
3378 3463 3432 3512 et
3459 3449 3704 3527 perfectius

480 3550 594 3608 net,
630 3551 687 3600 et
713 3545 883 3599 vadit.
906 3546 1049 3599 Nam
1080 3561 1208 3599 cum
1229 3544 1465 3610 ait,Ecce
1498 3561 1613 3615 ego,
1638 3545 2077 3601 demonstrantis
2160 3548 2472 3602 claritatem
2505 3563 2710 3612 meam,
2758 3547 2815 3601 in
2846 3564 2959 3619 qua
2986 3547 3253 3620 deinceps
3290 3547 3486 3603 nullius
3513 3537 3700 3613 egeatis-

481 3639 568 3689 est
593 3633 950 3697 adverbium;
982 3639 1040 3688 et
1066 3651 1190 3689 cum
1219 3633 1354 3687 dicit
1395 3635 1668 3688 vobiscum
1690 3651 1836 3699 sum,
1880 3636 2077 3691 divini-
2158 3638 2425 3699 Attende.
2457 3638 2650 3704 lector,
2692 3638 2824 3708 quia
2865 3638 3042 3692 donec
3071 3644 3131 3692 et
3160 3656 3339 3710 usque
3370 3638 3426 3691 in
3454 3625 3703 3703 Scripturis

478 3724 1026 3795 tatisejusmagnum
1047 3722 2070 3794 estetadmirabilepraadicamentum.
2156 3727 2358 3781 divinis
2410 3743 2523 3781 non
2576 3744 2799 3798 semper
2853 3743 2953 3798 pro
3006 3727 3168 3782 ﬁnito
3216 3726 3565 3798 accipiuntur,
3601 3714 3701 3789 quia

476 3814 564 3869 Ita
585 3819 649 3869 ut
679 3814 736 3869 in
753 3830 865 3868 una
889 3813 1199 3885 eademque
1218 3812 1517 3878 sententia,
1539 3819 1595 3867 et
1607 3813 1779 3867 oculis
1802 3821 2074 3868 monstra—
2154 3816 2364 3871 idioma
2383 3821 2469 3870 est
2497 3814 2939 3887 Scripturarum,
2970 3821 3035 3871 ut
3074 3815 3379 3889 aliquando
3404 3828 3497 3885 pro
3522 3804 3699 3863 inﬁnito

476 3909 633 3959 retur
660 3903 983 3958 humanitas
1026 3903 1227 3963 carnis,
1262 3907 1319 3956 et
1348 3900 1713 3972 intelligibilis
1743 3902 1800 3956 in
1834 3919 1949 3957 una
1976 3919 2071 3957 ea-
2154 3910 2453 3975 ponantur,
2487 3912 2551 3958 ut
2579 3910 2715 3975 puta
2744 3920 2872 3959 cum
2924 3904 3023 3970 ait,
3056 3905 3239 3961 donec
3281 3899 3563 3959 senescatis
3599 3908 3694 3963 ego-

476 3993 717 4064 demque
774 4009 1014 4064 persona
1059 3991 1457 4063 praedicaretur
1492 3991 2065 4052 ineffabilitasVerbi.
2152 3992 2277 4046 Non
2306 3993 2412 4047 hoc
2440 3992 2565 4047 ideo
2595 3993 2730 4047 dicit
2762 4009 2886 4047 mox
2915 3998 2979 4048 ut
3006 3993 3088 4047 illi
3117 3992 3423 4049 senuerint.
3453 3985 3582 4060 quod
3604 3983 3697 4053 ipsa

477 4083 593 4137 Nec
623 4082 769 4135 enim
811 4082 947 4136 dicit
973 4079 1255 4136 vobiscum
1285 4080 1365 4135 fui
1392 4086 1449 4134 et
1478 4097 1593 4145 ero,
1614 4080 1783 4152 quasi
1810 4080 1880 4135 de
1934 4098 2072 4152 praa-
2153 4081 2353 4136 debeat
2381 4098 2492 4135 non
2518 4098 2639 4135 esse
2660 4083 2827 4137 Deus.
2847 4082 2996 4153 quod
3022 4080 3497 4138 dementissimum
3512 4083 3587 4129 est
3601 4085 3695 4125 sen-

473 4170 643 4226 terito
676 4176 733 4223 et
760 4170 972 4228 futuro.
996 4169 1093 4222 sed
1124 4171 1401 4223 vobiscum
1426 4185 1574 4227 sum.
1604 4168 1748 4240 quod
1783 4169 2070 4240 proprium
2151 4171 2277 4225 tire.
2312 4171 2420 4226 Sed
2447 4172 2580 4241 quia
2608 4187 2792 4225 omnes
2826 4173 2967 4225 sicut
2999 4174 3382 4226 vestimentum
3422 4160 3693 4223 ceterast

474 4263 562 4313 est
589 4257 788 4311 divinae
818 4256 1145 4327 majestatis.
1178 4258 1293 4310 Nec
1342 4256 1491 4310 enim
1526 4257 1697 4311 habet
1726 4258 2069 4328 pmteritum
2156 4262 2319 4327 (Psal.
2374 4274 2445 4323 αι,
2485 4259 2599 4328 2ἷ),
2649 4265 2706 4314 et
2754 4258 3124 4314 mutabuntur
3160 4259 3367 4322 omnia.
3397 4257 3506 4328 ipse
3543 4254 3696 4305 autem

474 4347 560 4401 vel
606 4346 861 4400 futurum
913 4344 1176 4399 divinitas
1213 4344 1401 4408 Verbi,
1434 4345 1535 4399 sed
1574 4350 1817 4412 [230
1848 4363 2376 4454 semperDsemper
2402 4348 2547 4402 idem
2594 4354 2693 4413 est,
2728 4354 2785 4402 et
2814 4349 2871 4403 in
2926 4348 3332 4420 sempiternum
3391 4350 3693 4417 permanens.

475 4435 612 4454 9],,d
659 4451 762 4454 -44-
802 4433 956 4454 TY--_I,_
988 4433 1124 4454 -L-_I
1162 4432 1381 4454 Il__-_-_.
1405 4433 1526 4454 -IZL-
1560 4433 1756 4454 .I!_A___.-
1793 4441 1865 4454 ,ἀι
1917 4452 1994 4454 γηη
2156 4437 2196 4454 n
2253 4453 2263 4454 κ
2294 4437 2308 4454 1
2373 4443 2384 4454 ι
2432 4436 2542 4454 Ἰγκ
2637 4453 2640 4454 ,
2692 4437 2727 4454 Α·
2809 4437 2819 4454 I
2894 4437 2928 4454 σι
3046 4437 3081 4454 1·
3123 4444 3135 4454 Α
3293 4433 3523 4454 σκινιιξ..-
3571 4432 3621 4454 ..6
3646 4437 3693 4454 Δι’

472 4435 622 4491 idem
649 4433 961 4490 esse.Unde
982 4439 1039 4488 et
1058 4433 1128 4486 ad
1160 4432 1385 4503 Moysen
1399 4433 1532 4485 olim
1554 4433 1761 4487 dictum
1784 4441 1887 4501 est,
1908 4452 2067 4490 suam
2085 4432 2136 4454 ¹¹
2153 4437 2313 4500 Quod
2338 4443 2393 4491 et
2428 4436 2554 4491 ideo
2586 4437 3000 4508 particulariter
3028 4437 3243 4493 dictum
3290 4433 3542 4503 intelligo.
3571 4432 3625 4482 ut
3646 4437 3697 4476 ex

473 4526 664 4581 volens
694 4523 989 4580 ostendere
1019 4520 1538 4576 incommutabilem
1567 4521 1937 4588 divinitatem,
1961 4527 2069 4594 Ego
2153 4541 2218 4579 ea
2238 4531 2396 4598 parte
2426 4542 2537 4597 qua
2551 4526 2757 4580 dicitur
2785 4543 2875 4594 ego
2904 4543 3048 4591 sum,
3067 4526 3353 4581 inﬁnitum
3372 4538 3484 4578 esse
3502 4514 3694 4575 credas;

474 4631 599 4668 sum
618 4616 719 4684 qui
736 4629 881 4680 sum;
908 4617 983 4677 et,
1009 4612 1159 4666 Dices
1177 4611 1317 4682 ﬁliis
1339 4612 1549 4665 Israel:
1576 4610 1683 4678 Qui
1704 4617 1778 4665 est
1806 4617 1958 4667 misit
1988 4631 2071 4669 me
2153 4631 2218 4669 ex
2262 4631 2330 4669 ea
2356 4631 2485 4670 vero
2515 4631 2629 4686 qua
2671 4615 2825 4681 dicit,
2857 4614 3034 4670 donec
3073 4614 3391 4676 senescatis,
3422 4608 3565 4665 ﬁnita
3600 4613 3697 4686 ess?

474 4704 646 4756 advos
661 4702 847 4768 (Exod.
866 4714 944 4767 ιη,
982 4698 1083 4768 14).
1117 4700 1241 4754 Non
1280 4698 1426 4754 enim
1460 4700 1644 4771 potuit
1674 4701 1821 4755 Deus
1854 4703 2069 4773 aliquid
2154 4702 2433 4757 sententia
2462 4684 2750 4775 probetur.
2786 4704 2893 4758 Sed
2923 4709 2980 4758 et
3009 4702 3067 4757 in
3092 4704 3197 4758 hoc
3224 4704 3343 4758 loco
3370 4704 3609 4773 quantum
3640 4684 3695 4741 ad

473 4789 602 4862 plus
630 4788 916 4861 proprium
947 4788 1015 4842 de
1041 4805 1100 4843 se
1122 4787 1325 4855 dicere,
1346 4804 1512 4859 quam
1544 4806 1669 4843 cum
1701 4789 1797 4849 ait.
1829 4807 1923 4859 ego
1943 4808 2067 4845 sum
2150 4791 2338 4845 saeculi
2363 4792 2528 4846 ﬁnem
2562 4798 2846 4863 exspectat
2872 4791 3032 4847 ﬁnita
3055 4792 3333 4847 sententia
3371 4794 3466 4851 est,
3496 4784 3621 4838 sicut
3653 4780 3695 4863 el

472 4882 573 4949 qui
598 4894 742 4931 sum.
777 4877 935 4932 Unde
974 4884 1032 4933 et
1059 4877 1116 4932 in
1160 4878 1266 4932 hoc
1294 4878 1414 4931 loco
1462 4878 1827 4950 semetipsum
1877 4880 2067 4935 volens
2150 4880 2430 4935 ﬁniendus
2450 4887 2535 4935 est
2560 4862 2737 4936 labor.
2760 4881 2825 4935 In
2855 4897 2986 4952 quo,
3018 4882 3196 4936 donec
3219 4880 3440 4936 finiatur
3460 4872 3599 4929 labor
3619 4862 3695 4920 tri-

472 4966 760 5039 discipulis
807 4967 1211 5033 demonstrare,
1274 4967 1423 5039 quod
1482 4967 1602 5039 ipse
1653 4973 1801 5022 esset
1852 4969 1947 5040 qui
1996 4969 2067 5023 ad
2151 4968 2450 5027 bulationis
2472 4975 2814 5037 sanctorum,
2845 4971 2993 5025 Deus
3021 4971 3217 5026 adesse
3256 4968 3370 5024 suis
3398 4967 3451 5021 in
3477 4954 3694 5017 omniblls

471 5058 703 5130 Moysen
723 5055 1059 5127 loquebatur
1088 5056 1261 5128 prius.
1283 5073 1426 5127 pene
1453 5056 1506 5110 id
1536 5056 1720 5128 ipsum
1740 5056 1881 5111 dixit
1906 5078 1917 5113 :
1940 5058 2065 5113 Ecce
2149 5057 2711 5129 repromittitur,tam
2726 5059 2783 5113 in
2796 5059 3070 5114 auxilium
3083 5076 3198 5116 suae
3211 5051 3542 5114 defensionis,
3557 5055 3693 5130 quan}

473 5163 570 5216 ego
599 5148 873 5202 vobiscum
902 5162 1052 5210 sum;
1078 5162 1143 5201 ac
1170 5145 1217 5199 si
1246 5146 1483 5201 diceret:
1507 5146 1653 5210 Quia
1680 5163 1903 5218 semper
1918 5147 2066 5202 idem
2149 5146 2207 5201 in
2252 5146 2594 5218 adjutorium
2643 5147 2800 5204 bonae
2843 5148 3206 5220 operationis.
3239 5149 3463 5203 Demum
3503 5149 3613 5191 vero
3637 5125 3694 5220 ad

471 5240 529 5291 et
555 5235 762 5307 ubique
794 5251 1038 5307 praesens
1081 5250 1225 5290 sum.
1269 5235 1377 5290 Sed
1424 5240 1617 5291 tamen
1648 5216 1820 5292 aliter
1862 5235 2068 5309 ubique
2151 5216 2444 5308 praemium
2469 5242 2689 5292 aeternae
2716 5216 3104 5293 retributionis
3140 5236 3356 5293 inﬁnita
3383 5245 3499 5287 cum
3524 5216 3693 5279 εαηάίε

470 5341 573 5398 per
602 5327 954 5396 majestatem
984 5340 1095 5396 qua
1125 5324 1367 5394 complet
1383 5324 1661 5387 universa,
1694 5326 1862 5381 aliter
1884 5326 2069 5381 nobis-
2150 5327 2269 5398 ejus
2302 5328 2597 5398 praesentia
2642 5326 2740 5381 Bei
2782 5327 2891 5381 erit
2922 5345 2935 5395 ;
2970 5326 3105 5399 quia
3133 5326 3313 5383 omnis
3358 5320 3504 5377 labor
3554 5312 3692 5399 ﬁnf‘vnl

469 5396 597 5469 cum
628 5418 712 5468 est
741 5414 1044 5469 secundum
1074 5413 1336 5485 gratiam.
1378 5414 1442 5469 In
1493 5431 1605 5486 qua
1637 5416 1906 5470 nimirum
1934 5432 2064 5471 sen-
2149 5396 2344 5487 utique
2391 5416 2578 5484 habet,
2624 5417 2919 5488 praemium
2948 5396 3140 5473 autem
3189 5411 3383 5472 laboris
3426 5421 3527 5462 non
3554 5396 3692 5454 habet

470 5502 649 5560 tentia
678 5503 912 5559 multam
945 5502 1208 5558 ﬁduciam
1238 5502 1336 5557 dat
1359 5503 1621 5558 omnibus
1648 5504 1705 5559 in
1739 5521 1798 5559 se
1826 5505 2061 5560 creden-
2152 5505 2317 5560 ﬁnem
2372 5507 2450 5559 De
2490 5522 2599 5578 quo
2629 5506 2926 5561 locutionis
2949 5523 3175 5579 genere,
3208 5506 3363 5574 longe
3384 5500 3492 5569 jam
3523 5498 3676 5559 supm'

467 5592 619 5649 tibus
644 5610 656 5661 ;
692 5592 826 5665 quia
844 5608 956 5649 non
978 5592 1159 5649 solum
1178 5591 1282 5647 hoc
1302 5592 1420 5648 suis
1448 5592 1729 5665 promittit
1751 5593 2063 5665 discipulis,
2149 5598 2319 5666 prout
2355 5593 2513 5666 potui
2540 5595 2761 5651 locutus
2792 5611 2937 5651 sum.
2974 5596 3040 5652 Et
3083 5595 3208 5652 ideo
3250 5590 3378 5663 quia
3423 5584 3501 5641 hic
3528 5583 3687 5634 sensus
