3918 6166
227 270 330 324 993

1119 269 1500 327 EXPOSITIO
1540 271 1618 327 IN
1659 268 2005 361 PSALMUM
2044 271 2234 327 XLIV.
2270 303 2333 313 —
2375 273 2510 328 LIB.
2554 275 2597 328 I.

3394 281 3501 339 994

222 394 385 466 longe
410 393 637 467 lateque
660 398 834 466 patet,
867 410 979 451 non
1023 411 1163 468 opus
1193 400 1279 451 est
1318 396 1482 468 plura
1508 397 1883 469 aggregareA
1901 412 2089 452 rerum
2121 398 2338 470 pelago.
2366 398 2565 453 vestris
2593 398 2837 453 conﬁsus
2876 400 3115 470 meritis,
3157 407 3214 457 et
3240 420 3500 475 provoca-

223 483 493 554 exempla,
525 483 594 538 de
624 484 827 555 quibus
870 486 1047 539 multa
1070 485 1189 556 jam
1221 491 1278 539 et
1321 485 1571 558 antiqua,
1602 485 1696 540 ubi
1733 486 1817 539 vel

221 572 314 627 ubi
349 572 589 627 desudat
620 573 818 628 oratio.
853 574 961 628 Sed
990 574 1123 645 quia
1154 574 1329 629 sancti
1362 575 1643 646 Evangelii
1681 591 1813 628 nar-

220 661 359 716 ratio
388 668 508 718 tota
535 662 593 716 in
623 662 725 717 hac
767 664 876 717 ﬁde
904 664 1259 725 terminatur.
1292 670 1349 719 et
1376 665 1433 719 in
1463 682 1560 736 spe
1590 664 1813 718 conclu-

219 751 387 817 ditur,
411 752 710 806 credamus
735 769 857 823 quae
886 753 1144 823 legimus,
1172 759 1229 808 et
1261 770 1591 808 maneamus
1619 754 1677 807 in
1710 754 1818 807 ﬁde

217 857 325 912 qua
346 840 530 895 renati
551 857 766 907 sumus,
791 848 982 896 etcum
1007 842 1208 897 ﬁducia
1231 842 1334 896 sub
1356 842 1454 896 Dei
1476 843 1818 915 protectione

214 930 484 998 vivamus,
499 930 817 1002 quicunque
840 931 897 985 in
926 932 1149 986 Christo
1175 934 1417 1003 perfecte
1438 932 1812 1000 credidimus;

217 1020 346 1091 quia
374 1037 503 1075 cum
562 1019 764 1091 quibus
794 1019 1049 1075 Christus
1086 1027 1172 1074 est
1202 1023 1378 1075 virtus
1433 1026 1489 1075 et
1540 1021 1817 1093 sapientia

213 1109 309 1164 Dei
338 1107 523 1163 Patris
551 1125 676 1163 cum
708 1109 843 1180 ipsis
873 1114 977 1163 est.
1011 1110 1135 1181 Ipse
1165 1109 1392 1181 quidem
1423 1110 1700 1182 pollicitus
1731 1117 1817 1166 est

211 1198 378 1272 Deus,
404 1198 501 1270 qui
520 1216 633 1253 non
654 1199 962 1254 mentitur:
989 1201 1097 1269 Ego
1116 1202 1389 1254 vobiscum
1409 1217 1533 1253 sum
1551 1217 1720 1270 usque
1743 1203 1816 1255 ad

210 1291 744 1342 consummationem
774 1292 977 1344 seculi.
1009 1288 1220 1343 Idcirco
1251 1287 1453 1360 quibus
1480 1289 1609 1343 talis
1632 1295 1815 1344 tanta-

210 1392 312 1446 que
342 1376 554 1431 ﬁducia
575 1376 706 1431 ﬁdei
728 1381 832 1442 est,
858 1376 1086 1432 omnino
1118 1377 1293 1433 virtus
1325 1378 1508 1433 Patris
1537 1385 1595 1433 et
1621 1379 1811 1434 lumen

220 1465 392 1519 idest.
417 1465 500 1520 De
519 1482 630 1537 quo
651 1466 864 1521 lumine
882 1467 1057 1522 David
1080 1484 1180 1539 pro
1199 1467 1611 1538 magniﬁcentia
1628 1468 1812 1524 cordis

207 1553 478 1608 ﬁdissime
494 1552 733 1617 dicebat,
758 1556 1026 1609 Dominus
1042 1557 1205 1609 illum
1216 1558 1395 1610 inatio
1427 1573 1565 1619 mea,
1586 1562 1635 1610 ct
1657 1561 1810 1611 salus

1898 490 1990 540 tus
2019 487 2296 557 precibus.
2324 488 2461 542 Ecce
2486 489 2603 558 jam
2635 488 2890 543 difﬁciles
2921 493 3171 560 percurri
3201 492 3337 547 vias.
3362 495 3499 549 Ecce

1898 592 2066 645 quam
2091 575 2505 647 investigabiles
2538 577 2752 648 perfodi
2779 578 3321 653 thesauros,pauper
3345 582 3497 654 inge-

1896 663 2010 718 nio.
2035 665 2248 720 Tamen
2264 684 2278 719 ι
2294 666 2705 735 egenerationis
2722 684 2857 722 meae
2869 668 3127 724 obtinens
3147 671 3496 741 ﬁrmitatem,

1901 753 2066 807 credo
2098 755 2243 825 quod
2274 772 2386 810 non
2417 756 2555 809 meis
2586 756 2815 819 viribus,
2843 758 2939 810 sed
2972 758 3071 812 Dei
3108 761 3294 830 gratia
3323 762 3494 831 evasi,

1901 859 2002 914 per
2026 860 2193 914 quam
2225 845 2392 899 didici
2411 862 2533 915 que
2552 845 2758 911 nescio,
2778 851 2834 900 et
2862 851 3025 901 teneo
3049 850 3192 919 quod
3218 850 3493 921 ignoravi.

1899 931 2043 995 Quia
2063 933 2121 986 in
2150 950 2214 987 eo
2244 925 2469 1005 semper
2489 951 2612 988 sum
2643 936 2795 997 ﬁsus,
2832 936 2927 1007 qui
2959 937 3247 992 nobiscum
3272 958 3331 994 se
3371 958 3494 996 esse

1898 1028 2260 1092 protestatur,
2306 1023 2363 1077 in
2393 1040 2503 1094 quo
2531 1024 2670 1077 vivo.
2707 1024 2919 1079 Idcirco
2946 1026 3051 1080 etsi
3078 1035 3337 1098 peccator
3362 1030 3490 1097 sim,

1899 1110 2110 1181 Spiritu
2142 1118 2335 1166 sancto
2357 1112 2477 1182 jam
2529 1119 2776 1178 renatus,
2813 1114 3050 1170 fidenter
3078 1118 3222 1188 quod
3256 1118 3376 1190 ipse
3411 1119 3494 1173 ait

1896 1200 2203 1271 amplector
2247 1202 2306 1256 in
2362 1202 2656 1266 cbaritate,
2710 1208 2767 1257 et
2811 1204 3042 1259 devotus
3098 1207 3300 1261 recolo.
3348 1208 3494 1272 Quia

1895 1289 2140 1358 Spiritus
2157 1292 2254 1344 ubi
2271 1294 2390 1345 vult
2409 1294 2610 1359 spirat,
2625 1296 2674 1344 et
2690 1308 2863 1345 voccm
2882 1297 2996 1361 ejus
3013 1296 3192 1356 audis,
3216 1298 3307 1350 sed
3319 1299 3492 1353 nescis

1895 1379 2041 1431 unde
2061 1382 2263 1433 veniat.
2309 1384 2359 1432 et
2390 1397 2494 1449 quo
2524 1386 2608 1433 eat
2640 1382 2813 1439 (Joan.
2837 1395 2920 1434 III.
2953 1379 3031 1451 8).
3076 1384 3273 1455 Itaque
3297 1385 3377 1439 sic
3404 1389 3493 1442 est

1893 1467 2096 1533 omnis,
2130 1468 2262 1539 quia
2284 1474 2449 1523 natus
2469 1475 2556 1523 est
2578 1486 2644 1523 ex
2674 1486 2759 1523 eo.
2790 1469 2966 1533 Unde,
2987 1471 3355 1538 dilectissimi,
3382 1473 3490 1530 etsi

1891 1571 2059 1611 sensu
2082 1556 2139 1612 in
2167 1557 2373 1612 talibus
2396 1576 2519 1629 quae
2548 1559 2668 1630 ipse
2700 1558 2951 1629 loquitur
2986 1559 3345 1631 imperfectus
3376 1580 3491 1618 non

206 1658 340 1707 mea;
368 1659 529 1712 quem
554 1644 793 1698 timebo?
828 1646 1154 1713 (Psal.xxvr,
1173 1643 1248 1713 1.)
1278 1645 1404 1699 Haec
1424 1645 1631 1716 quippe
1661 1645 1858 1718 dice-_
1889 1646 2155 1716 percipio,
2209 1648 2476 1718 quoniam
2509 1648 2677 1702 hebes
2706 1648 2886 1702 factus
2936 1666 3062 1703 sum
3106 1649 3390 1706 interdum
3434 1656 3494 1707 et

203 1729 312 1795 bat,
352 1730 581 1803 quando
633 1730 905 1787 Dominus
962 1732 1197 1787 necdum
1242 1733 1570 1788 Emmanuel
1604 1734 1675 1788 ad
1705 1715 2097 1789 nosBinscius
2125 1735 2439 1791 divinarum
2480 1754 2691 1797 rerum.
2743 1737 2966 1807 regulas
3005 1744 3197 1794 tamen
3249 1740 3398 1808 ﬁdei,
3432 1746 3491 1797 et

205 1826 474 1888 venerat;
500 1820 633 1891 quia
651 1821 900 1875 nondum
928 1821 1251 1876 incarnatus
1271 1828 1412 1889 erat,
1432 1823 1562 1877 licet
1588 1840 1810 1895 semper
1889 1823 2201 1878 doctrinam
2228 1826 2512 1879 catholicae
2533 1826 2857 1896 disciplinae,
2874 1826 2931 1880 in
2957 1827 3044 1881 his
3067 1844 3189 1898 qua:
3213 1828 3366 1884 intus
3390 1846 3490 1886 au-

203 1925 325 1963 cum
350 1909 544 1974 Patre,
565 1913 621 1962 et
639 1907 848 1980 ubique
877 1925 1003 1964 cum
1033 1909 1151 1964 suis
1175 1916 1340 1965 esset.
1375 1910 1595 1975 Quanto
1624 1912 1804 1981 magis

202 2014 348 2053 nunc
372 1996 655 2052 conﬁdere
675 2002 897 2069 oportet
915 1999 1140 2069 quando
1167 2001 1286 2070 jam
1309 1999 1454 2054 sicut
1473 2006 1558 2055 est
1585 2001 1798 2072 pollici-

198 2091 287 2141 tur
304 2103 416 2159 per
429 2102 491 2141 os
517 2086 769 2140 omnium
793 2088 1214 2158 prophetarum,
1234 2087 1294 2142 in
1320 2090 1616 2144 manifesto
1636 2090 1801 2144 datus

200 2180 298 2239 est,
312 2181 379 2230 et
400 2176 580 2230 factus
602 2181 689 2230 est
707 2175 998 2231 nobiscum
1020 2178 1187 2232 Deus.
1208 2179 1272 2232 In
1290 2195 1355 2232 eo
1398 2186 1430 2243 Ι
1450 2185 1636 2245 $22
1669 2195 1801 2250 ergo

199 2265 340 2336 quod
362 2265 548 2320 factus
566 2271 651 2320 est
667 2264 957 2320 nobiscum
981 2266 1149 2331 Deus,
1166 2283 1278 2321 non
1302 2272 1489 2337 potest
1508 2266 1797 2321 nobiscum

196 2370 302 2408 non
331 2370 485 2410 esse.
518 2355 588 2409 Et
617 2352 743 2410 ideo
772 2354 1001 2409 credere
1026 2361 1249 2426 oportet
1277 2354 1626 2409 conﬁdenter
1650 2354 1797 2426 quod

196 2441 287 2507 ait,
314 2443 422 2514 qui
450 2460 672 2514 semper
699 2443 845 2499 idem
873 2450 977 2506 est,
1012 2443 1107 2515 qui
1132 2443 1336 2514 ubique
1365 2450 1468 2509 est,
1504 2443 1623 2498 sine
1656 2460 1798 2515 prae-

194 2535 361 2587 terito
390 2540 449 2587 et
472 2532 681 2597 futuro,
701 2539 765 2587 ut
793 2549 1016 2605 semper
1034 2549 1275 2604 praesens
1304 2533 1498 2586 adesse
1526 2532 1801 2603 intelliga-

193 2626 298 2688 tur,
332 2622 479 2693 quia
506 2638 608 2694 per
634 2622 777 2676 hanc
815 2622 982 2676 ﬁdem
1024 2625 1203 2676 sancti
1230 2624 1481 2675 m’cerunt
1511 2637 1701 2688 regna,
1742 2627 1801 2677 et

194 2710 533 2783 placuerunt
554 2712 687 2767 Deo.
706 2712 768 2766 In
792 2711 895 2765 hac
911 2710 1084 2781 igitur
1098 2708 1436 2764 conﬁdentia
1449 2709 1628 2764 securi
1651 2709 1799 2765 inter

196 2800 469 2873 supplicia
500 2806 952 2873 permanserunt,
987 2806 1043 2854 et
1090 2799 1147 2853 in
1189 2799 1293 2853 hac
1318 2816 1415 2871 spe
1449 2799 1627 2853 securi
1668 2816 1798 2854 suas

195 2890 409 2945 animas
430 2891 549 2945 Deo
571 2890 631 2944 in
650 2906 783 2961 pace
806 2888 1289 2954 commendarunt,
1313 2904 1413 2959 pro
1431 2888 1588 2958 cujus
1607 2905 1798 2944 amore

198 2980 336 3034 mori
368 2996 486 3035 non
520 2979 853 3034 timuerunt.

262 3069 424 3132 Ecce,
470 3069 675 3123 fratres
712 3067 1046 3131 charissimi,
1079 3071 1262 3121 vestro
1310 3066 1578 3138 appulsus
1606 3083 1799 3122 amore

195 3172 256 3213 ac
286 3158 570 3213 desiderio
592 3157 739 3228 quod
771 3156 1002 3219 tentavi,
1031 3157 1217 3210 Volens
1239 3156 1434 3210 vestris
1468 3172 1663 3227 parere
1682 3157 1800 3226 jus-

192 3246 282 3314 sis,
310 3255 369 3303 et
411 3247 683 3320 perﬁcere
713 3246 769 3301 in
794 3246 1034 3317 eloquio,
1064 3245 1159 3316 qui
1198 3244 1384 3299 nescio
1414 3244 1462 3299 si
1491 3246 1589 3299 ulli
1621 3246 1800 3316 profe-

192 3337 359 3392 cerim
387 3337 453 3392 in
493 3337 658 3391 facto.
687 3335 825 3390 Ecce
854 3334 911 3389 in
950 3351 1061 3406 quo
1089 3351 1180 3389 me
1211 3332 1453 3389 demersi
1482 3334 1794 3390 divinarum

1889 1912 2021 1972 divi,
2056 1913 2284 1968 omnino
2306 1918 2489 1975 teneo,
2515 1920 2684 1985 prout
2707 1912 2777 1967 ab
2806 1931 2873 1967 eo
2903 1914 3071 1969 didici
3101 1916 3197 1986 qui
3240 1918 3294 1970 in
3325 1917 3485 1973 nobis

1884 2006 1987 2066 est,
2021 2008 2079 2055 et
2106 2001 2232 2056 ideo
2258 2001 2490 2056 devotus
2508 2001 2823 2071 legentibus
2844 2002 3033 2057 offero.
3060 2003 3334 2067 Quoniam
3359 2023 3481 2061 mo-

1855 2112 1867 2121 -
1884 2089 1989 2144 dus
2020 2090 2252 2162 Spiritui
2271 2096 2462 2145 sancto
2486 2091 2770 2162 loquendi,
2796 2092 2993 2145 modus
3023 2092 3208 2146 nullus
3228 2100 3332 2157 est,
3354 2112 3482 2149 cum

1889 2180 2021 2242 vult,
2057 2185 2115 2234 et
2142 2179 2231 2234 cui
2271 2180 2406 2243 vult,
2440 2184 2494 2234 et
2525 2180 2805 2250 quomodo
2837 2181 2970 2235 vult.
3006 2181 3147 2236 Hinc
3174 2190 3261 2237 est
3290 2184 3347 2237 in
3376 2184 3484 2240 hoc

1879 2286 2067 2340 opere,
2100 2269 2248 2341 quod
2279 2270 2429 2324 ultra
2456 2269 2599 2323 vires
2630 2269 2932 2335 elaboravi,
2968 2271 3102 2341 quia
3143 2288 3231 2326 me
3259 2271 3379 2343 ipse
3408 2274 3481 2328 ad

1879 2358 1935 2412 id
1958 2358 2158 2429 iinpuli
2179 2359 2312 2413 dum
2336 2359 2582 2413 charitas
2605 2358 2659 2412 id
2691 2360 2891 2430 coegit.
2919 2361 3082 2430 cujus
3107 2361 3367 2416 adeuntis
3398 2363 3481 2417 vel

1880 2447 2138 2501 abeuntis
2169 2465 2355 2511 causa,
2398 2448 2546 2502 sicut.
2576 2448 2831 2503 Salvator
2860 2449 2957 2515 ait,
2990 2449 3047 2504 in
3076 2449 3251 2521 ipsius
3289 2458 3376 2506 est
3398 2452 3481 2507 in-

1880 2536 2144 2607 spirantis
2160 2537 2463 2601 voluntate,
2483 2538 2735 2608 quamvis
2753 2538 2871 2602 eius
2884 2539 3168 2593 nesciatur
3183 2540 3475 2610 adventus,

1879 2625 1964 2678 vel
1979 2642 2229 2679 recessus
2247 2625 2381 2679 dum
2408 2626 2809 2696 repletomnia.
2826 2627 3132 2698 Propterea
3152 2637 3301 2684 recte
3313 2647 3478 2685 nemo

1879 2721 1965 2767 est
1993 2713 2086 2783 qui
2118 2714 2412 2784 prohibeat
2430 2731 2558 2768 eum
2586 2714 2737 2785 loqui
2764 2732 2862 2785 per
2887 2732 3053 2786 quem
3080 2718 3216 2780 vult,
3237 2719 3326 2772 cui
3352 2719 3480 2773 sub-

1879 2807 1966 2856 est
2003 2818 2164 2873 posse
2193 2802 2392 2857 docere
2420 2809 2476 2857 et
2505 2803 2755 2875 aspirare
2787 2804 2978 2858 omnia
3024 2822 3146 2876 quae
3177 2807 3312 2861 vult.
3343 2808 3476 2863 Sine

1880 2906 1990 2960 quo
2030 2908 2141 2945 non
2183 2897 2334 2946 recte
2386 2892 2577 2963 sapio;
2624 2909 2726 2947 nec
2763 2891 2865 2963 ipsi
2895 2893 3080 2964 angeli
3113 2896 3208 2967 qui
3237 2896 3475 2953 virtutes

1880 2983 2014 3033 sunt
2037 2995 2285 3050 unquam
2308 2987 2545 3050 possunt
2565 2986 2665 3034 aut
2692 2980 2937 3051 sapiunt.
2963 2981 3331 3048 Quoniam,ut
3350 2984 3482 3039 Pro-

1881 3068 2051 3138 pheta
2070 3068 2221 3123 canit
2254 3086 2265 3122 :
2312 3071 2469 3123 Verbo
2501 3071 2726 3123 Domini
2753 3072 2871 3124 cwti
2893 3073 3111 3137 ﬁrmati
3128 3077 3278 3137 sunt,
3303 3080 3351 3128 et
3371 3076 3479 3144 spi-

1882 3160 2000 3212 ritu
2030 3160 2143 3212 oris
2173 3161 2287 3228 ejus
2332 3162 2513 3213 omnis
2551 3161 2731 3213 virtus
2759 3176 2950 3213 eorum
2981 3162 3141 3221 (Psat.
3184 3177 3350 3231 χχχιι,
3396 3162 3474 3233 6).

1883 3246 2041 3312 Quod
2073 3247 2120 3302 si
2143 3264 2358 3316 eorum,
2387 3248 2580 3319 procul
2610 3247 2779 3303 dubio
2819 3256 2875 3304 et
2903 3256 3252 3309 sanctorum.

190 3511 3464 3545 ψ

732 3655 881 3775 S.
944 3648 1931 3774 PASCHASH
1994 3651 2930 3771 BADBERTI

1382 3856 1722 3919 ABBATIS
1770 3852 2284 3916 CORBEIENSIS

335 4031 1426 4183 EXPOSITIO
1525 4032 1718 4176 ΙΝ
1815 4030 2757 4177 PSALMUM
2850 4026 3306 4180 XLIV
3418 4048 3421 4049 ί

1119 4280 1384 4338 ΕΒΠΟΤΑ
1403 4282 1516 4336 VIT
1549 4280 1675 4335 00R
1712 4279 1919 4335 ΜΕΠΜ
1967 4281 2235 4337 VERBUM
2269 4280 2526 4336 ΒΟΝΙΙΜ.

730 4406 833 4470 Ad
870 4425 1070 4469 sacras
1114 4406 1378 4487 virgines
1422 4404 1736 4468 Suessione
1781 4403 1841 4464 in
1886 4404 1961 4467 S.
2009 4404 2224 4466 Maria?
2263 4403 2618 4465 monasterio
2661 4401 2953 4485 degentes.

1590 4537 1695 4601 (Ex
1729 4535 1862 4588 edit.
1889 4536 2073 4600 Sirm.)

1187 4787 1727 4850 1225-1220
1776 4764 2057 4839 LIBER
2099 4760 2480 4838 PRIMUS.

249 5021 402 5081 Cum
423 5020 798 5080 sollicitudine
818 5024 1114 5097 pastoralis
1133 5024 1322 5092 ofﬁcii,
1347 5026 1607 5098 curisque
1633 5027 1781 5096 regi-
1799 5031 1856 5091 D
1873 5023 2287 5096 Scripturarum
2305 5016 2624 5075 sanctarum
2646 5026 3178 5088 recessus,recensui
3197 5023 3256 5080 in
3276 5033 3464 5082 mente

178 5114 354 5170 minis
379 5122 440 5170 et
465 5114 706 5186 negotiis
727 5114 1007 5169 actionum
1030 5131 1207 5168 essem
1237 5114 1465 5169 tandem
1489 5131 1789 5187 exoccupa-

174 5208 289 5270 tus,
338 5204 530 5259 divino
568 5204 928 5275 dispensante
977 5202 1207 5274 judicio,
1247 5204 1414 5258 retuli
1457 5221 1548 5259 me
1599 5204 1670 5258 ad
1720 5221 1787 5259 ea

172 5293 373 5347 studia
397 5310 519 5363 quae
542 5293 789 5364 profecto
812 5299 1031 5347 retenta
1058 5302 1268 5354 animo,
1298 5293 1538 5349 remissa
1565 5299 1788 5366 tempo-

174 5378 360 5447 ribus,
398 5380 548 5433 inter
602 5380 783 5434 varios
831 5397 1019 5434 rerum
1075 5382 1427 5436 saecularium
1477 5382 1782 5449 anfractus,

173 5467 534 5541 abjeceram;
565 5468 756 5539 sicque
772 5469 940 5541 longo
963 5469 1258 5525 intervallo
1278 5470 1599 5526 intermissa
1624 5488 1784 5528 revo-

173 5558 319 5641 cavi.
364 5557 513 5617 Hinc
541 5558 693 5618 inter
715 5559 831 5619 alta
856 5558 1041 5621 cordis
1081 5557 1327 5630 silentia,
1357 5559 1508 5618 inter
1534 5575 1787 5618 amoenos

1869 5114 2017 5185 quod
2044 5121 2162 5167 tam
2205 5116 2408 5165 sanctae
2440 5110 2608 5164 matri
2639 5110 2791 5173 olim.
2822 5128 2991 5182 quam
3034 5114 3367 5185 quibusdam
3397 5132 3464 5169 ex

1868 5201 2043 5269 vobis,
2082 5200 2409 5254 devoveram
2443 5198 2687 5254 scribere
2742 5201 2848 5255 Sed
2880 5202 3013 5273 quia
3051 5204 3147 5259 illa
3173 5205 3291 5275 jam
3327 5204 3463 5277 legit

1867 5291 1927 5345 in
1959 5290 2100 5343 libro
2150 5288 2273 5342 vitae
2309 5288 2629 5356 ineffabilia,
2662 5306 2785 5360 quae
2813 5291 3094 5347 humanus
3126 5309 3309 5348 sermo
3348 5311 3463 5350 non

1865 5385 2033 5452 capit,
2058 5379 2231 5445 vobis,
2264 5395 2385 5451 qua:
2407 5378 2534 5434 ﬁliae
2554 5380 2710 5435 estis.
2735 5380 2900 5435 debui
2931 5382 3163 5436 reddere
3192 5384 3339 5455 quod
3371 5386 3463 5440 de-

1867 5469 2328 5535 creveram.Quia
2354 5469 2500 5524 sicut
2528 5469 2885 5525 inverecundi
2916 5470 3184 5527 debitoris
3213 5480 3301 5528 est
3329 5491 3460 5545 pro-

1867 5560 2042 5619 missa
2068 5560 2367 5635 denegare,
2407 5560 2490 5618 ita
2515 5559 2737 5618 honesti
2764 5566 2821 5617 et
2855 5559 3122 5633 liberalis,
3152 5561 3275 5620 sine
3304 5578 3461 5620 mora
