3918 6166
510 306 615 365 995
1280 306 1335 359 S.
1378 303 1757 361 PASCHASII
1794 302 2159 361 RADBERTI
2196 302 2501 361 ABBATIS
2540 303 3029 364 CORBEIENSIS.
3609 315 3687 374 995

506 432 828 489 ultroneum
871 433 1092 489 offerre.
1146 431 1463 487 Praesertim
1512 430 1644 501 quia
1686 447 1721 484 a
1764 429 1880 484 Deo
1922 428 2290 491 haeresActis
2312 447 2506 485 eorum
2528 431 2749 485 studiis.
2774 431 2931 496 Quod
2971 447 3082 487 non
3118 432 3383 503 gloriandi
3399 434 3513 491 vitio
3530 440 3694 496 consti-

504 523 812 578 constituta
827 530 913 579 est
928 525 1105 579 Mater
1124 521 1300 576 beatae
1319 518 1681 580 haereditatis,
1706 536 1827 590 quae
1850 525 1972 572 erat
1992 519 2107 573 filia
2189 524 2372 575 tutum
2404 527 2491 575 est
2519 528 2581 575 ut
2597 520 2871 592 ignaviter
2898 527 3238 593 torpeamus,
3256 522 3347 577 sed
3362 527 3696 584 utmeditemur

504 612 837 667 charissima
866 614 1082 669 matris.
1116 612 1204 666 cui
1237 618 1417 666 totum
1450 626 1539 663 me
1586 608 1777 662 devovi
1821 608 1937 663 fore
1974 626 2109 678 prze-
2189 609 2245 663 in
2265 610 2543 663 mandatis
2560 610 3695 684 Dei,inlaudibusetcontemplationedivina,

503 716 631 755 sens
661 702 808 773 quod
846 718 989 759 sum.
1023 706 1081 754 et
1109 699 1254 771 quod
1287 698 1591 752 debueram
1619 696 1676 750 in
1710 696 1933 751 Christo
1965 697 2106 750 dile-
2188 696 2245 751 in
2261 697 3699 773 Scripturissacris,inlegeetprophetis,inEvangelioet

503 790 703 844 ctionis
745 797 808 844 ut
847 789 1209 843 exsolverem.
1258 786 1403 851 Quia
1450 786 1611 840 fenus
1653 785 1942 839 charitatis
1971 792 2107 840 tunc
2189 786 3701 858 doctrinaapostolorum,intraditionibussanctommPa-

502 877 643 933 bene,
681 878 916 932 debetur
960 895 1088 932 cum
1134 876 1455 938 exsolvitur,
1502 882 1560 930 et
1590 875 1852 929 solvendo
1887 890 2108 946 semper
2187 875 2428 939 trum,si
2448 875 2725 947 quomodo
2741 893 2865 948 quae
2882 877 3139 932 novimus
3154 877 3369 933 Christo
3388 879 3699 937 exhibeamus.

495 968 625 1037 jure
655 966 909 1020 debetur.
944 967 1007 1020 In
1037 967 1142 1019 hoc
1178 966 1299 1036 ipso
1330 964 1554 1034 negotio
1584 963 1859 1034 completa
1877 970 1962 1017 est
1983 980 2107 1034 pro-
2259 964 2413 1019 Inter
2445 982 2567 1036 quae
2598 966 2867 1020 nimirum
2911 966 3117 1021 eximia
3146 968 3505 1023 doctrinarum
3532 987 3698 1041 pascua,

500 1053 692 1123 phetia
724 1054 1013 1124 praesentis
1040 1053 1258 1126 psalmi,
1282 1069 1408 1106 cum
1439 1052 1644 1105 dicitur
1671 1070 1683 1104 :
1717 1054 1819 1104 Pro
1851 1053 2106 1119 patribus
2192 1052 2341 1107 inter
2370 1053 2681 1108 uberrimos
2702 1055 3030 1110 deliciarum
3057 1056 3213 1111 favos
3232 1056 3416 1112 habita
3439 1064 3515 1113 est
3536 1060 3701 1114 collatio

502 1144 616 1195 tuis
637 1147 760 1197 nati
778 1148 909 1198 sunt
927 1145 1028 1197 tibi
1049 1144 1173 1208 ﬁlii,
1195 1142 1488 1195 constitues
1524 1156 1606 1193 eos
1633 1142 1918 1208 principes
1941 1142 2104 1205 (Psal.
2191 1142 2260 1196 de
2281 1144 2498 1214 psalmo
2517 1143 2950 1215 quadragesimo
2971 1151 3193 1216 quarto.
3218 1147 3388 1210 Quem
3406 1164 3519 1201 cum
3538 1149 3702 1201 recitas-

500 1243 627 1285 xuv
669 1230 778 1297 17).
812 1231 1130 1286 Constituta
1158 1237 1245 1284 est
1292 1245 1433 1298 ergo
1464 1245 1497 1282 a
1537 1228 1672 1283 Deo.
1704 1227 2106 1293 dilectissimm,
2190 1247 2327 1296 sem,
2361 1231 2545 1285 inveni
2567 1249 2695 1286 eum
2727 1249 2953 1287 carmen
2980 1248 3105 1289 esse
3137 1234 3469 1305 nuptiarum.
3495 1241 3703 1290 vestrum-

499 1325 558 1375 et
587 1338 708 1392 quae
736 1320 843 1375 fuit
874 1321 988 1375 [ilia
1021 1320 1195 1373 beatae
1226 1318 1420 1373 Matris
1476 1318 1624 1371 facta
1651 1324 1737 1371 est
1764 1317 1976 1386 optima
2007 1334 2106 1371 nu-
2187 1338 2295 1392 que
2326 1321 2785 1392 epithalamium;
2817 1339 2882 1377 eo
2926 1323 3074 1394 quod
3121 1330 3274 1379 totus
3306 1324 3371 1378 de
3409 1325 3589 1396 nuptiis
3611 1332 3702 1396 agat

499 1413 933 1477 trix,cuitotum
959 1412 1227 1467 debemus
1252 1410 1399 1482 quod
1428 1410 1703 1466 novimus.
1724 1410 1883 1463 Unde
1908 1410 2105 1464 vestris
2185 1410 2376 1480 sponsi
2406 1416 2462 1464 et
2509 1411 2810 1481 virginum,
2842 1427 3083 1482 quarum
3124 1428 3300 1466 unum
3348 1416 3427 1466 est
3466 1429 3643 1483 corpus,
3662 1420 3705 1467 ut

498 1502 752 1571 pulsatus
780 1501 1096 1571 largissime
1125 1498 1425 1561 beneficiis,
1461 1498 1603 1570 ccepi
1634 1498 1882 1569 cogitare
1901 1497 2104 1569 quibus
2186 1515 2297 1551 una
2325 1498 2602 1553 efﬁciatur
2642 1499 2883 1553 Ecclesia
2930 1506 2987 1554 et
3017 1502 3224 1571 conjux
3262 1501 3401 1555 tanti
3437 1500 3543 1555 viri.
3574 1502 3705 1572 quiin

499 1590 805 1661 plurimqu
828 1589 1118 1653 debebam,
1155 1588 1307 1643 vobis
1333 1588 1465 1659 quia
1491 1594 1797 1658 occupatus
1828 1604 1939 1642 non
1971 1604 2103 1659 pro-
2185 1603 2249 1641 eo
2278 1587 2613 1642 describitur
2642 1595 2698 1642 et
2727 1589 3063 1659 przedicatur
3087 1589 3371 1660 Speciosus
3391 1607 3493 1661 prae
3514 1588 3706 1643 omnibus

498 1677 600 1743 fui,
650 1677 862 1749 aliquid
900 1684 963 1732 ut
993 1678 1314 1747 prodessem
1354 1677 1552 1730 saltem
1584 1676 1813 1729 otiosus.
1852 1676 1911 1730 Si
1958 1677 2101 1730 forte
2123 1743 2157 1749 _
2186 1676 2315 1730 ﬁliis
2349 1676 2659 1731 hominum.
2696 1678 2803 1732 Sed
2833 1695 2960 1733 cum
2989 1678 3106 1732 haec
3135 1695 3200 1732 ex
3230 1685 3352 1733 voto
3379 1684 3707 1737 tractarem.ut

500 1765 640 1819 mihi
660 1743 844 1821 dicere
871 1743 1161 1838 adpossem
1186 1766 1321 1820 illud
1355 1766 1603 1824 Catonis.
1625 1765 1773 1836 quod
1796 1766 1877 1819 ait
1907 1766 1976 1819 de
1992 1766 2103 1820 Sci-
2122 1743 2164 1801 Β
2187 1766 2541 1819 restituerem
2566 1766 2758 1836 paucis
2782 1768 2928 1838 quod
2956 1768 3347 1838 promiseram,
3380 1784 3493 1821 mox
3516 1766 3565 1821 in
3590 1766 3708 1820 vesti-

499 1853 683 1924 pione,
714 1855 810 1924 qui
842 1854 1056 1926 primus
1086 1853 1400 1926 appellatus
1430 1860 1515 1908 est
1535 1854 1847 1915 Africanus,
1874 1854 2100 1909 solitum
2186 1854 2315 1908 bulo
2337 1855 2555 1926 psalmi.
2580 1855 2636 1908 id
2659 1863 2745 1909 est
2764 1856 2820 1909 in
2841 1856 3029 1919 titulo,
3056 1857 3261 1928 reperi,
3284 1857 3339 1911 in
3364 1857 3534 1921 ﬁnem,
3550 1871 3628 1927 pro
3649 1854 3707 1908 his

499 1938 703 2008 dicere,
737 1959 981 2015 namque
1017 1960 1080 1996 se
1108 1943 1292 1996 minus
1322 1942 1566 1996 otiosum
1598 1959 1737 1997 esse.
1766 1960 1937 2015 quam
1973 1960 2100 1997 cum
2185 1943 2281 2013 qui
2304 1943 3057 1999 commutabuuturﬁliorum
3077 1944 3709 2015 Cnoreintelligentiacan-

498 2038 743 2105 otiosus,
776 2054 878 2091 nec
910 2036 1095 2092 minus
1133 2036 1336 2097 solum,
1371 2052 1541 2107 quam
1574 2053 1701 2090 cum
1751 2037 1902 2092 solus
1931 2043 2098 2091 esset.
2184 2032 2357 2087 ticum
2380 2032 2717 2104 praedilecto.
2742 2033 2954 2088 Deinde
2979 2034 3315 2088 Hebraicam
3345 2033 3598 2088 veritatem
3618 2047 3706 2086 con-

499 2126 792 2198 Magniﬁca
824 2125 1052 2197 quidem
1083 2142 1208 2188 vox,
1236 2125 1633 2187 dilectiSsimaa,
1670 2131 1726 2180 et
1749 2143 1954 2197 magno
1983 2126 2100 2182 viro
2186 2120 2619 2191 sideransJuxta
2631 2121 2858 2177 beatum
2884 2122 3313 2196 Hieronymum,
3331 2124 3384 2177 in
3397 2122 3707 2194 quascriptum

496 2231 562 2270 ac
588 2215 829 2286 sapienti
850 2214 1040 2284 digna,
1065 2231 1188 2285 qum
1215 2213 1465 2269 declarat
1496 2214 1653 2269 illum
1686 2214 1741 2268 in
1772 2215 1886 2269 otio
1906 2215 1975 2269 de
2010 2232 2103 2269 ne-
2186 2216 2272 2265 est
2302 2229 2313 2263 :
2356 2211 2566 2264 Victori
2596 2228 2698 2282 pro
2748 2211 2879 2265 liliis
2918 2212 3167 2267 ﬁliorum
3217 2213 3413 2279 Chore,
3451 2208 3705 2267 eruditionis

496 2305 668 2376 gotiis
699 2305 822 2358 vitae
848 2303 1114 2374 cogitare,
1159 2311 1216 2358 et
1252 2303 1311 2358 in
1361 2304 1663 2359 solitudine
1716 2321 1907 2359 secum
1946 2305 2100 2377 loqui
2185 2300 2464 2355 canticum
2516 2300 2906 2355 amantissimi.
2943 2300 3049 2356 Ubi
3094 2301 3458 2374 Symmachus
3491 2316 3618 2354 more
3639 2312 3706 2352 δυο

497 2394 744 2455 solitum.
773 2410 955 2465 neque
984 2410 1231 2448 cessasse
1255 2409 1503 2465 unquam
1527 2393 1832 2457 interdum,
1858 2399 1914 2449 et
1937 2394 2103 2449 collo-
2183 2389 2533 2444 manifestius
2549 2390 2951 2462 interpretatus
2973 2396 3062 2445 est
3084 2392 3399 2461 triumphus
3412 2407 3505 2460 pro
3520 2390 3706 2460 ﬂoribus.

499 2482 631 2554 quio
659 2482 892 2537 alterius
913 2500 1025 2538 non
1043 2483 1281 2553 eguisse.
1299 2483 1423 2536 Istae
1444 2481 1567 2537 dua:
1594 2500 1701 2545 res,
1727 2500 1847 2554 quae
1866 2484 2101 2554 languo-
2185 2478 2319 2543 Quae
2348 2497 2474 2534 cum
2504 2480 2767 2551 legissem
2799 2480 3189 2550 hujuscemodi
3220 2486 3277 2535 et
3326 2480 3432 2535 alia
3475 2478 3650 2532 diversa
3668 2476 3707 2529 in

497 2586 614 2624 rem
642 2570 883 2625 afferunt
910 2572 1146 2639 caeteris,
1182 2571 1335 2624 illum
1366 2570 1661 2635 acuebant,
1679 2571 1854 2624 otium
1887 2571 2102 2626 scilicet
2183 2568 2367 2632 titulo,
2417 2568 2652 2634 credidi,
2684 2569 3080 2635 dilectissimus,
3134 2586 3435 2642 paucorum
3476 2584 3571 2622 non
3610 2579 3707 2620 esse.

496 2664 553 2714 et
580 2659 839 2714 solitudo.
867 2659 1076 2714 Vellem
1105 2665 1161 2714 et
1188 2658 1321 2713 mihi
1342 2659 1446 2713 hoc
1476 2660 1623 2713 idem
1649 2676 1774 2713 vere
1803 2660 1872 2714 de
1901 2677 1989 2714 me
2019 2660 2102 2714 di-
2184 2657 2331 2727 quod
2362 2657 2623 2711 omnibus
2659 2657 2987 2728 virginibus,
3018 2658 3134 2712 imo
3182 2659 3335 2713 omni
3365 2655 3550 2713 Christi
3574 2652 3709 2709 Eccle-

495 2765 619 2804 cere
651 2750 870 2811 liceret;
922 2750 1015 2804 sed
1062 2750 1193 2820 quia
1226 2748 1409 2802 minus
1438 2748 1756 2802 imitatione
1783 2748 1853 2801 ad
1883 2756 2100 2803 tantam
2183 2746 2279 2799 site
2323 2746 2665 2815 generaliter
2714 2747 3064 2801 decantatur.
3119 2747 3232 2803 Sed
3289 2747 3417 2818 quia
3468 2742 3706 2815 virginitas,

494 2836 706 2909 ingenii
738 2838 1122 2910 praestantiam
1158 2853 1322 2908 queo.
1358 2838 1642 2891 voluntate
1674 2843 1825 2890 certe
1850 2853 2101 2907 promne
2184 2852 2307 2905 quae
2336 2851 2556 2906 semper
2599 2834 2830 2889 ﬂoribus
2859 2842 3246 2906 comparatur,
3278 2836 3335 2890 in
3386 2833 3614 2890 membris
3638 2830 3708 2884 Eo-

500 2944 787 2998 assequor,
822 2928 969 2999 quod
993 2926 1264 2996 competit
1284 2926 1523 2979 maxime
1547 2925 1725 2987 nobis,
1743 2925 1947 2996 quibus
1974 2942 2101 2979 con-
2181 2922 2363 2977 clesiae
2390 2924 2689 2994 gloriosior
2736 2924 2918 2996 portio
2965 2926 3255 2997 praecellit,
3312 2930 3368 2980 et
3410 2922 3627 2995 specialis
3670 2916 3709 2969 in

496 3021 610 3071 tem
619 3015 824 3086 plativa
842 3016 951 3069 vita
972 3016 1076 3068 sub
1107 3014 1417 3067 monastica
1438 3014 1733 3084 disciplina
1762 3013 2098 3084 degentibus
2115 3064 2155 3086 η
2182 3012 2263 3065 eis
2290 3012 2466 3067 virtus
2487 3030 2608 3068 esse
2628 3013 2919 3085 probatur,
2942 3014 3417 3086 opportunissime
3437 3012 3555 3066 mihi
3573 3021 3711 3063 occur-

500 3064 824 3086 ""'r""‘"'
852 3064 1070 3069 ””“”’“⁷
1108 3064 1413 3067 ’”“⁷ή““““’“⁷ή
1444 3064 1730 3084 ”-“*“ι’“““
1771 3064 2095 3084 ’”Ὀ’“““’““””
2194 3064 2256 3065 “⁷“
2330 3064 2462 3067 “““”“*
2494 3064 2919 3085 ""K"'“"",
2949 3064 3409 3086 'TI""""""""
3438 3064 3533 3066 “““““⁷

494 3104 553 3158 in
585 3111 709 3157 voto
739 3109 842 3158 est.
876 3103 1034 3157 Unde
1062 3102 1331 3156 Dominus
1354 3121 1367 3155 ;
1406 3103 1608 3163 Vacate,
1626 3103 1829 3173 inquit.
1846 3108 1891 3156 et
1927 3064 2157 3156 vz'dctec
2181 3101 2255 3154 rit
2275 3101 2343 3155 de
2370 3102 2455 3155 his
2480 3102 2549 3155 ad
2574 3119 2668 3156 vos
2699 3102 3000 3157 scriberem
3032 3103 3317 3168 omnibus,
3342 3116 3576 3174 quaevere
3589 3097 3709 3151 ﬂores

496 3194 763 3261 quoniam
797 3208 887 3259 ego
916 3207 1041 3243 sum
1073 3191 1214 3243 Deus
1243 3193 1407 3254 (Psal.
1430 3205 1551 3253 κων,
1569 3189 1596 3243 1
1614 3191 1678 3252 l).
1706 3190 1827 3255 Quo
1849 3192 2096 3262 profecto
2179 3191 2385 3246 Christi
2416 3191 2581 3259 estis,
2604 3198 2661 3246 et
2682 3192 3055 3246 Ecclesiarum
3082 3192 3224 3247 lilia.
3249 3192 3488 3248 Primum
3510 3194 3562 3244 ut
3578 3183 3705 3241 exsol-

499 3280 775 3351 exemplo,
800 3281 981 3349 major
998 3278 1234 3332 materia
1252 3279 1655 3334 exhortationis
1677 3279 2095 3335 ofﬁciosissimae
2177 3297 2364 3335 verem
2401 3279 2550 3352 quod
2608 3282 2939 3352 praecedenti
2983 3282 3151 3336 matri
3201 3282 3509 3343 debueram,
3557 3272 3708 3331 deinde

493 3368 726 3424 vacandi
750 3368 855 3422 sub
870 3367 982 3422 otio
1015 3367 1303 3436 religionis
1324 3383 1359 3420 a
1386 3367 1622 3422 Domino
1647 3370 2074 3423 commendatur
2178 3368 2348 3436 vobis,
2373 3386 2611 3440 quarum
2639 3376 2727 3424 est
2754 3385 2981 3424 carmen
3010 3368 3078 3424 de
3108 3371 3342 3442 nuptiis,
3372 3384 3432 3424 ac
3461 3368 3503 3422 si
3530 3366 3577 3419 in
3601 3359 3707 3415 dotis

494 3461 581 3515 Ita
605 3466 793 3513 tamen
823 3457 870 3511 si
901 3474 1013 3511 non
1042 3456 1284 3526 ignavia,
1301 3473 1412 3510 non
1444 3462 1661 3528 torpor,
1686 3474 1794 3511 non
1816 3458 2089 3524 socordia,
2174 3458 2343 3513 titula
2365 3474 2684 3513 sermonem
2706 3459 2955 3530 proferre
2977 3461 3342 3530 generaliter,
3361 3459 3479 3512 licet
3503 3452 3707 3509 inclinato

493 3549 579 3602 vel
609 3547 824 3602 desidia
854 3563 955 3601 nos
973 3546 1313 3617 opprimant.
1332 3545 1463 3616 quia
1484 3546 1739 3601 otiositas
1771 3546 1996 3601 inimica
2008 3554 2094 3602 est
2173 3547 2437 3618 loquendi
2456 3563 2665 3617 genere
2694 3564 2807 3602 non
2839 3565 3123 3618 negarem.
3156 3549 3427 3614 Quoniam
3455 3544 3556 3600 lilia
3578 3539 3703 3595 etiam

492 3637 713 3692 animae.
746 3636 899 3691 Alias
923 3642 1112 3691 autern
1140 3634 1587 3706 contemplativa:
1607 3636 1733 3690 vita:
1766 3634 2091 3707 intelligibi-
2172 3636 2321 3690 inter
2341 3636 2533 3709 spinas
2558 3636 2702 3691 bene
2732 3646 2994 3692 crescunt
3018 3655 3033 3705 ;
3067 3644 3125 3692 et
3166 3639 3238 3693 de
3265 3634 3503 3692 sensibus
3527 3632 3704 3701 loquens

492 3728 601 3782 lius
630 3725 910 3781 deservire
941 3723 1549 3795 impraesentiarummt
1566 3730 1657 3777 est
1681 3722 2085 3790 beatissimum,
2172 3726 2414 3796 Spiritus
2440 3728 2688 3789 sanctus,
2717 3732 2868 3780 certe
2913 3722 3013 3781 aut
3054 3727 3177 3797 ipse
3218 3742 3447 3799 sponsus
3490 3716 3701 3777 Ecclesia

491 3816 570 3871 ita
595 3823 652 3871 et
670 3814 1201 3887 negotiosissimum.
1234 3814 1310 3868 Ex
1336 3830 1447 3884 quo
1468 3813 1735 3867 Dominus
1754 3813 1809 3867 in
1847 3813 2091 3886 Evange-
2172 3815 2448 3870 mediator
2475 3815 2578 3869 Dei
2604 3822 2663 3869 et
2684 3815 2996 3882 hominum,
3022 3816 3257 3887 Moysen
3277 3816 3431 3869 docet
3443 3817 3493 3866 et
3510 3803 3700 3864 instruit.

493 3905 587 3972 lio,
616 3906 820 3967 Maria,
852 3903 1056 3975 inquit,
1090 3905 1369 3971 Optimam
1395 3906 1611 3971 partem
1638 3904 1818 3969 elegit,
1841 3920 1957 3971 quas
1979 3920 2089 3957 non
2171 3903 2445 3959 Fortassis
2467 3903 2643 3975 igitur
2663 3904 2862 3958 vestris
2884 3905 3381 3960 intervenientibus
3400 3898 3604 3959 meritis,
3622 3889 3701 3948 mei

490 3997 780 4063 auferetur
801 3996 869 4048 ab
908 4011 969 4047 ea
997 3995 1143 4060 (Luc.
1176 4009 1231 4056 x,
1263 3992 1332 4045 42’.
1365 4030 1376 4043 .
1403 3991 1615 4045 Idcirco
1647 4009 1761 4048 vos.
1785 3993 1917 4062 quia
1947 3992 2087 4047 estis
2173 3991 2394 4046 dumosi
2408 3993 2650 4064 pectoris
2673 3993 2856 4047 olﬁcio
2878 4009 2989 4047 non
3006 3993 3400 4065 dedignabitur
3417 3986 3597 4059 aliquid
3613 3995 3701 4054 ριὀ-

492 4084 640 4137 cives
670 4090 990 4151 sanctorum
1022 4086 1078 4135 et
1115 4080 1434 4135 domestica!
1476 4086 1512 4145 ι
1532 4087 1714 4147 τεν
1767 4081 1888 4143 Dei,
1922 4081 2092 4151 pluri-
2173 4082 2337 4145 ferre,
2373 4081 2519 4152 quod
2551 4082 2732 4151 prosit
2760 4083 3212 4138 desiderantibus
3260 4082 3465 4142 audire,
3494 4072 3698 4148 quoniam!

493 4187 648 4225 mum
679 4172 840 4224 decet
883 4188 951 4223 ea
982 4186 1204 4239 semper
1250 4169 1472 4225 sectari.
1507 4176 1565 4222 et
1618 4170 1766 4223 illius
1818 4171 2091 4224 theuriam
2173 4170 2414 4223 materia
2441 4170 2704 4241 loquendi
2732 4188 2797 4225 ex
2828 4172 2957 4224 dote
3003 4179 3086 4225 est
3134 4180 3331 4226 vestrm
3366 4158 3695 4240 sponsalitatis.

495 4275 746 4330 quaerere
795 4260 953 4327 cujus
984 4258 1117 4311 estis
1166 4258 1297 4311 ﬁliae
1357 4260 1606 4312 Profecto
1655 4259 1785 4329 quia
1833 4261 2084 4329 ejusdem
2173 4260 2383 4314 idcirco
2401 4276 2572 4330 quam
2604 4260 2970 4331 benejugiter
2991 4261 3058 4314 ad
3087 4261 3302 4332 vigilias
3328 4257 3572 4328 virginum
3589 4254 3699 4303 totus

490 4347 798 4418 disciplinze
818 4364 946 4417 pars
967 4348 1021 4399 in
1052 4346 1310 4400 omnibus
1334 4346 1606 4416 frugifera
1630 4357 1715 4401 est
1745 4358 1795 4401 et
1819 4350 2081 4415 fecunda;
2172 4349 2507 4419 eXpenditur
2534 4350 2801 4421 psalmus,
2837 4359 2895 4404 et
2922 4351 2979 4404 in
3012 4350 3179 4405 laude
3205 4365 3391 4405 earum
3413 4344 3692 4400 decantat”.

492 4440 653 4508 cujus
682 4439 872 4507 itaque
923 4436 1138 4489 fructus
1177 4450 1404 4504 semper
1442 4444 1651 4499 manet,
1688 4454 1789 4490 nec
1818 4439 1928 4492 ulla
1958 4456 2087 4510 pars
2110 4430 2153 4487 υ
2172 4453 2295 4508 quae
2326 4455 2452 4491 vere
2482 4446 2616 4493 sunt
2643 4439 2809 4493 ﬂores
2841 4439 3217 4494 Ecclesiarum
3251 4446 3307 4493 et
3351 4436 3460 4489 lilia
3486 4421 3694 4503 paradiSi-

493 4527 613 4597 ejus
633 4526 845 4580 inculta
870 4532 970 4579 aut
988 4524 1209 4577 deserta
1229 4523 1465 4594 squalet,
1499 4539 1665 4593 quam
1688 4541 1822 4578 sane
1852 4525 2089 4597 eligistis
2171 4526 2576 4581 Verumtamen
2607 4528 2711 4581 etsi
2741 4528 2810 4582 de
2838 4529 2927 4582 his
2961 4528 3287 4583 solemniter
3311 4517 3696 4597 symphoniam!”

492 4621 551 4669 et
562 4614 635 4683 ad
666 4614 894 4667 hocDeo
921 4610 1119 4664 «licata:
1139 4610 1296 4675 estis,
1312 4626 1436 4664 eam
1459 4626 1594 4664 sane
1610 4611 1859 4665 excolere
1880 4614 2091 4669 instan—
2169 4615 2228 4669 in
2271 4616 2542 4670 natalitiis
2584 4633 2799 4674 earum.
2825 4633 2948 4688 quae
2971 4618 3088 4689 jam
3127 4634 3257 4672 cum
3285 4614 3491 4670 Christo
3515 4603 3696 4661 feliciter

490 4703 607 4757 tius
631 4701 865 4766 debetis,
908 4700 1173 4771 quoniam
1211 4701 1367 4755 nulla
1398 4700 1904 4771 impraesentiarum
1943 4704 2087 4759 actio
2172 4712 2351 4759 morte
2378 4704 2582 4769 soluta,
2615 4705 2958 4761 introierunt
2986 4707 3059 4761 ad
3103 4706 3353 4778 nuptias;
3395 4692 3693 4755 nihilominus

490 4790 707 4845 beatior
732 4796 834 4843 aut
863 4788 1044 4843 verior
1079 4806 1250 4861 quam
1279 4790 1546 4860 angelicis
1576 4790 1847 4845 interesse
1868 4793 2084 4859 ofﬁciis,
2168 4792 2672 4864 impraesentiarum
2693 4802 2907 4849 vestras
2922 4795 2982 4849 in
2998 4795 3220 4851 Christo
3240 4788 3559 4849 concelebrat
3575 4782 3693 4850 hym-

488 4888 549 4936 et
565 4878 769 4933 divinis
790 4878 1086 4934 admisceri
1106 4879 1414 4949 colloquiis,
1431 4886 1488 4934 et
1504 4880 1820 4950 aspectibus
1850 4898 2088 4952 przesen-
2167 4883 2349 4937 nidice
2371 4884 2619 4955 nuptias,
2641 4890 2699 4938 et
2713 4885 3120 4955 jocundissima
3139 4882 3394 4940 describit
3417 4875 3596 4933 foedera
3611 4880 3690 4921 nu-

488 4968 615 5024 tari.
655 4968 789 5022 l-linc
826 4967 984 5021 nobis
1010 4969 1123 5022 tale
1168 4968 1383 5022 felicius
1421 4968 1846 5023 commendatur
1882 4970 2081 5037 otium,
2167 4973 2433 5044 ptiarum,
2477 4972 2658 5045 pingit
2682 4990 2903 5046 quoque
2928 4991 3195 5047 sponsum
3225 4974 3471 5028 decorum
3494 4979 3550 5019 ac
3578 4960 3690 5013 Ιοοα·

491 5075 659 5131 quam
690 5056 1017 5128 praecelsum
1032 5057 1271 5110 ullarum
1298 5074 1483 5110 rerum
1500 5074 1556 5111 in
1583 5058 1747 5111 terris
1774 5059 2078 5129 negotium.
2167 5063 2369 5132 pletem
2395 5079 2507 5133 prae
2533 5063 2796 5117 omnibus
2824 5082 2835 5116 :
2865 5081 3126 5136 sponsam
3162 5080 3286 5118 vero
3313 5078 3347 5116 a
3366 5053 3550 5114 dextris
3573 5053 3688 5136 stag

492 5148 575 5203 Ob
595 5164 765 5220 quam
795 5160 1019 5198 causam
1037 5145 1417 5215 relinquentes
1437 5147 1646 5212 omnia,
1672 5147 1782 5199 Deo
1814 5164 1906 5201 vos
1932 5149 2082 5203 vovi-
2163 5156 2405 5205 testatur
2449 5150 2773 5221 gloriosam,
2820 5129 2972 5223 regio
3026 5153 3235 5208 honore
3283 5129 3688 5223 sublimatum-3t

490 5235 611 5290 stis.
637 5235 796 5291 Unde
824 5233 928 5287 etsi
949 5233 1054 5286 soli
1085 5233 1335 5287 videmur
1362 5234 1645 5289 interdum
1674 5242 1731 5288 et
1773 5236 1959 5295 otiosi.
1989 5238 2085 5310 qui
2170 5247 2359 5294 monet
2390 5220 2619 5312 propter
2637 5258 2750 5298 eas.
2769 5220 3096 5313 quas—adhuc
3116 5243 3171 5296 in
3192 5239 3351 5296 terris
3372 5234 3603 5291 laborant.
3625 5220 3685 5275 ίίί

492 5341 715 5395 semper
726 5341 851 5377 cum
865 5324 979 5377 Deo
998 5323 1444 5391 negotiosissime
1460 5341 1760 5395 coramque
1776 5327 2086 5382 versaride-
2167 5330 2358 5383 dicens
2382 5350 2392 5382 :
2412 5331 2579 5391 Audi,
2606 5334 2747 5397 ﬁlia.
2770 5336 2815 5383 rt
2832 5332 2969 5394 vide,
2994 5348 3094 5385 seu
3111 5336 3307 5386 caetera
3327 5340 3436 5399 quae
3453 5320 3679 5404 dicuntur-

491 5414 707 5469 bemus.
733 5429 1021 5484 nunquam
1051 5409 1156 5467 soli
1178 5422 1505 5477 sumus,aut
1526 5413 1704 5468 otiosi.
1734 5415 1865 5469 ideo
1893 5417 1937 5470 si
1958 5433 2085 5470 con-
2169 5419 2343 5472 Unde.
2364 5419 2728 5481 cliarissimze,
2746 5419 2878 5490 quia
2907 5427 3152 5474 vestrum
3174 5436 3295 5474 eum
3322 5404 3575 5481 recognovi
3597 5412 3681 5468 9P“

490 5506 637 5560 ferre
671 5504 924 5556 volumus
955 5502 1313 5556 solitudinem
1347 5510 1597 5556 nostram
1629 5512 1726 5557 aut
1754 5506 1930 5559 otium
1954 5523 2080 5559 cum
2165 5507 2518 5574 thalamium,
2544 5507 2671 5563 licet
2700 5509 2975 5577 indoctus,
3006 5510 3258 5564 nesciens
3279 5510 3498 5561 cantare.
3529 5499 3673 5577 me"?

489 5592 738 5651 Africani
774 5591 924 5647 illius
960 5590 1207 5663 ingenio,
1238 5592 1416 5647 multo
1450 5593 1808 5663 praestantius
1833 5603 1919 5650 est
1944 5612 2077 5651 cun-
2161 5605 2292 5654 ante
2321 5599 2632 5657 thalamum
2670 5598 2813 5656 tanti
2839 5574 3016 5671 regis,
3049 5605 3428 5665 tantarumque
3454 5574 3676 5653 νίιἨίηωη
