3918 6166
205 297 323 359 997

1122 297 1502 355 EXPOSITIO
1543 298 1620 353 IN
1658 292 2008 353 PSALMUM
2044 294 2236 351 XLIV.
2285 326 2346 337 —-—
2391 297 2524 352 LIB.
2569 299 2612 353 Ι.

3396 308 3501 367 998

203 440 319 479 non
364 422 555 479 debui.
604 427 833 480 Jussum
880 424 1082 497 quippe
1121 424 1379 496 legimus.
1413 431 1541 479 ante
1591 426 1810 479 tharum
1829 422 1882 483 A
1904 423 2113 491 (Ezech.
2144 434 2229 485 III,
2256 420 2332 482 3).
2360 423 2443 477 Ad
2475 423 2580 478 hoc
2611 426 2817 497 quippe
2845 428 3028 483 varios
3057 429 3373 489 divinorum
3400 450 3502 491 vo-

204 515 381 581 hujus
399 517 661 581 virginis,
681 517 1023 584 frequentate
1050 517 1204 569 nobis
1233 517 1420 584 dulcia
1446 518 1661 569 cantica
1689 518 1818 571 dra-

202 603 562 668 malis.Quod
579 603 626 658 si
645 604 715 658 ad
734 604 899 659 uniur
912 602 1141 674 virginis
1156 604 1469 658 thalamum
1486 606 1628 659 tales
1649 605 1816 677 digne

198 692 619 748 alternantibus
652 692 836 748 choris
864 693 1223 748 celebrantur
1251 710 1317 747 ex
1355 699 1483 748 voto
1517 696 1812 766 exsequiae,

196 788 415 854 quanto
434 782 687 837 festivior
712 782 941 838 deberet
964 799 1085 837 esse
1107 797 1311 847 sermo,
1336 783 1383 837 si
1407 783 1544 837 mihi
1561 790 1709 839 esset
1737 784 1818 838 di-

193 871 360 927 cendi
380 872 597 943 peritia,
617 877 905 927 tantarum
927 872 1176 927 convivio
1193 872 1595 943 virginum,ubi
1616 874 1814 945 psalmi

193 968 485 1017 canuntur
512 978 613 1033 pro
643 961 830 1019 laude.
854 962 1121 1016 lectiones
1152 961 1464 1017 recitantur
1484 963 1810 1019 deliciarum

196 1049 273 1103 ad
302 1050 544 1121 epulas?
574 1050 718 1104 Hinc
746 1050 876 1105 inde
908 1050 1063 1104 chori
1094 1049 1395 1114 exsultant,
1429 1066 1584 1105 more
1613 1069 1809 1107 eorum

192 1138 294 1209 qui
323 1139 396 1193 ad
435 1139 662 1211 nuptias
692 1145 907 1195 canunt
934 1139 1270 1211 jubilatione
1312 1141 1647 1212 plenissimae
1685 1144 1810 1197 lau-

192 1223 303 1281 dis.
366 1227 568 1282 Nescio
620 1227 793 1293 enim,
833 1229 1197 1294 charissimae,
1254 1229 1388 1301 quid
1441 1231 1566 1300 plus
1613 1229 1811 1286 invitet

191 1330 301 1368 nos
352 1315 424 1369 ad
461 1316 689 1386 gaudia,
733 1318 1000 1373 lectiones
1043 1318 1264 1381 divinze,
1298 1335 1370 1372 an
1399 1323 1598 1373 cantus
1638 1325 1809 1376 tantae

192 1402 574 1459 solemnitaiis
606 1424 617 1458 :
652 1422 784 1460 nam
831 1406 1096 1462 lectiones
1142 1407 1445 1473 instruunt,
1486 1413 1685 1463 cantus
1723 1410 1807 1464 la-

1898 511 2179 566 luminum
2198 512 2362 566 ﬂores
2387 513 2633 584 carpitis.
2651 516 2732 570 uti
2756 518 2923 572 mella
2954 526 2984 582 ι
3004 525 3191 586 2'38
3209 522 3361 579 vobis
3382 526 3503 580 dul-

1899 605 2122 653 cescant
2143 600 2417 670 spiritalia
2435 602 2492 657 in
2513 604 2722 671 animo,
2749 606 2915 659 variis
2936 616 3394 667 ornamentorum
3412 613 3494 669 in-

1897 692 1989 742 tus
2024 689 2286 744 decorata
2321 691 2637 747 virtutibus.
2675 695 2854 767 Agitis
2892 695 3081 767 itaque
3118 704 3398 770 quomodo
3429 702 3501 759 ad

1898 792 2024 830 eum
2052 777 2373 848 pertingere
2405 782 2649 850 possitis,
2668 783 2764 854 qui
2793 785 2862 839 de
2888 802 2947 839 se
2970 786 3105 841 dicit
3133 788 3190 843 in
3223 790 3494 848 Canticis:

1896 867 2005 933 Ego
2042 871 2138 936 ﬂos
2178 872 2378 936 campi,
2411 877 2458 924 et
2500 874 2689 925 lilium
2728 878 3065 929 convallium
3099 877 3279 943 iGant.
3321 896 3381 949 ιι,
3418 882 3495 954 1).

1895 951 2136 1007 Proinde
2167 954 2298 1025 quia
2326 962 2383 1010 et
2414 958 2667 1014 Psalmus
2697 960 2765 1015 de
2794 960 2925 1016 liliis
2956 968 3042 1017 est
3066 980 3129 1018 ac
3159 967 3407 1035 ﬂoribus,
3441 951 3499 1026 et

1896 1040 2153 1097 Christus
2192 1060 2429 1114 sponsus
2460 1047 2654 1102 ﬂorem
2686 1066 2745 1103 se
2787 1067 2908 1105 esse
2945 1051 3152 1107 fatetur
3181 1072 3245 1110 ac
3272 1058 3453 1114 lilium
3479 1078 3493 1128 ;

1892 1129 2062 1217 debui
2082 1131 2253 1185 etiam
2278 1138 2337 1186 et
2356 1151 2458 1205 ego
2475 1136 2629 1191 vobis
2651 1143 2870 1208 partem
2886 1140 3184 1213 decerpere
3200 1149 3498 1217 praesentia

1890 1215 2110 1283 absens,
2128 1218 2261 1274 licet
2284 1220 2340 1275 in
2361 1223 2592 1279 ﬂoribus
2617 1242 2839 1297 semper
2858 1228 2989 1299 ipsae
3008 1215 3275 1300 ﬂoreatis,
3297 1243 3496 1308 quate-

1890 1321 1995 1361 nus
2022 1306 2289 1364 haberem
2316 1312 2451 1382 quid
2478 1330 2580 1384 ego
2609 1313 2864 1370 absentia
2883 1333 3126 1388 presens
3146 1323 3297 1379 vobis
3314 1306 3499 1383 vest’er

1889 1395 2151 1450 alumnus
2182 1396 2250 1452 de
2276 1399 2363 1453 his
2394 1417 2507 1456 non
2537 1404 2751 1459 otiosus
2783 1405 3013 1462 devotus
3047 1409 3323 1467 offerrem.
3351 1415 3497 1480 Quo-

194 1491 364 1547 bores
391 1493 648 1549 sublevat
689 1495 912 1561 arduos,
945 1503 1001 1551 et
1048 1497 1263 1551 solatur
1304 1498 1627 1567 angustias;
1680 1515 1811 1569 pro-
1893 1483 2044 1538 niam
2076 1502 2203 1539 vere
2238 1488 2405 1558 llum
2441 1492 2741 1561 Poeticums
2778 1495 2916 1548 De“
2947 1497 3100 1551 ποδίδ
3128 1501 3237 1555 hic
3263 1506 3376 1557 θεία
3412 1506 3497 1573 ἴθ’

190 1577 335 1634 bant
396 1582 469 1636 ad
523 1582 785 1638 solatium
842 1584 1026 1657 operis
1091 1585 1282 1639 datam
1348 1584 1509 1639 nobis
1574 1594 1812 1643 natura-
1893 1575 2135 1630 cit.ldeo
2163 1594 2234 1632 ne
2267 1578 2416 1632 iners
2441 1597 2506 1635 ex
2538 1588 2657 1637 toto
2689 1583 2990 1650 invenirer,
3018 1585 3167 1641 inter
3185 1606 3407 1647 amoena
3431 1593 3497 1648 li-

190 1669 328 1724 [ηει-
382 1671 723 1727 cantilenam
765 1691 776 1725 ε
832 1673 962 1728 hinc
1012 1680 1216 1737 nautae,
1260 1674 1355 1746 qui
1412 1681 1580 1730 cantu
1635 1695 1803 1750 sape-
1886 1662 2118 1720 brorum
2142 1669 2428 1724 volumina
2449 1688 2554 1743 ago
2572 1674 2820 1744 quietus,
2842 1675 2988 1746 quod
3012 1682 3369 1748 praestantius
3388 1684 3491 1740 est.

190 1764 327 1812 rant
375 1760 662 1815 maritima
698 1761 1043 1827 discrimina,
1087 1761 1215 1818 hinc
1252 1763 1525 1819 immenso
1564 1768 1798 1837 ponderi
1822 1782 1865 1841 Β
1885 1752 2028 1817 Quia
2051 1755 2306 1812 Christus
2330 1761 2425 1831 qui
2452 1764 2703 1831 pascitur
2722 1763 2872 1819 inter
2897 1762 3017 1819 lilia
3031 1767 3301 1824 virtutum
3326 1772 3492 1829 ﬂor'e‘s

190 1847 487 1903 adducunt
522 1850 797 1905 levamina
828 1852 1190 1907 canticorum.
1228 1853 1367 1907 Hinc
1397 1854 1612 1909 viantes
1640 1857 1807 1914 colles
1891 1842 1996 1896 είδί
2028 1845 2315 1902 mittentes
2364 1859 2707 1915 relnunel‘ata
2743 1860 2800 1906 et
2840 1857 3219 1923 quaerentibus
3250 1866 3312 1913 ιη
3340 1860 3495 1918 ίηνέ-

190 1936 406 1991 arduos
447 1937 581 1992 facit
619 1940 1017 1995 transcendere
1059 1957 1264 1995 sonora
1290 1958 1409 2007 vox,
1443 1959 1806 2018 eremumque

1887 1929 2050 2018 aiant
2080 1940 2325 2002 praestat.
2353 1936 2460 1991 Sed
2481 1938 2614 2008 quia
2636 1941 2737 1994 ﬂos
2764 1958 2887 1995 esse
2907 1958 3142 2014 nequeo,
3169 1948 3367 2003 saltem
3396 1960 3493 2005 vo-

188 2026 439 2081 transire
470 2027 780 2100 intrepidos
821 2028 1006 2084 dulcia
1044 2030 1429 2087 modulamina
1475 2014 1806 2092 cantus.—Ac
1887 2014 1972 2071 bis
2001 2034 2124 2090 qui!3
2154 2023 2392 2078 candida
2420 2027 2555 2079 θδῐίε
2584 2026 2701 2082 lilia
2741 2030 2889 2101 ειυοά
2926 2049 3153 2102 Possum
3182 2039 3491 2095 Sententia-

185 2132 263 2170 ne
304 2116 490 2171 multa
517 2118 721 2185 dicam,
757 2119 1028 2191 quidquid
1057 2120 1260 2175 durum
1292 2127 1378 2176 est
1408 2124 1611 2194 operis,
1644 2127 1801 2197 quid-

186 2202 327 2274 quid
362 2203 566 2260 laboris
588 2223 869 2278 asperum,
895 2208 1072 2264 dulcis
1095 2209 1264 2264 vincit
1291 2212 1573 2266 cantinela
1604 2216 1802 2271 musici

186 2292 483 2359 carminis,
525 2300 582 2348 et
621 2295 738 2350 leve
776 2296 977 2351 reddit.
1024 2298 1114 2351 Sic
1153 2305 1211 2353 et
1255 2316 1369 2361 vos,
1414 2302 1797 2363 sanctissimae.

186 2380 492 2436 harmonia
509 2382 676 2453 hujus
696 2390 893 2439 cantus
908 2386 1121 2440 relevet
1144 2386 1317 2457 jugis,
1340 2393 1398 2441 et
1425 2389 1630 2443 excitet
1653 2408 1804 2446 men-

187 2472 304 2522 tes.
331 2469 690 2526 Permulceat
708 2489 803 2527 vos
833 2474 1021 2527 ﬁstula
1054 2474 1349 2542 Davidica;
1386 2476 1665 2531 oblectent
1687 2477 1804 2532 ani-

188 2574 355 2612 mum
381 2561 666 2631 sponsalia
692 2561 856 2617 dotis.
884 2564 1025 2617 Nam
1050 2562 1170 2634 ipse
1199 2563 1390 2630 David,
1425 2564 1521 2635 qui
1553 2565 1655 2619 hoc
1683 2566 1803 2637 epi-

188 2646 536 2702 thalamium
562 2649 775 2721 primus
805 2650 1071 2705 cecinisse
1090 2649 1359 2717 creditur,
1384 2652 1489 2706 hoc
1514 2670 1692 2723 genus
1722 2653 1802 2707 in-

188 2736 418 2791 venisse
438 2738 510 2792 ad
532 2738 757 2809 nuptias
770 2740 955 2810 gratia
978 2741 1212 2795 canendi
1234 2757 1345 2795 non
1366 2740 1675 2796 dubitatur.
1694 2742 1802 2807 Qui

186 2832 368 2880 cantu
396 2826 594 2880 didicit
619 2827 761 2882 dura
791 2845 1057 2900 superare
1080 2829 1370 2895 bellorum,
1396 2836 1566 2884 cantu
1596 2831 1804 2887 meruit

187 2916 468 2987 pOpulum
499 2916 780 2971 concitare
804 2917 872 2972 ad
901 2917 1159 2978 salutem,
1183 2924 1352 2973 cantu
1373 2925 1569 2990 gentes
1602 2920 1805 2976 invitat

188 3004 261 3057 ad
295 3005 607 3071 Christum,
641 3006 861 3061 Judaos
903 3014 1146 3073 revocat,
1178 3007 1459 3063 daemones
1487 3008 1661 3080 fugat,
1700 3010 1801 3065 Dei

1884 2122 2011 2162 rum
2026 2109 2192 2197 mitto
2212 2131 2224 2179 ;
2249 2119 2312 2168 ut
2333 2120 2389 2168 et
2406 2115 2500 2186 qui
2518 2118 2762 2171 seminat
2777 2121 2939 2190 juxta
2956 2122 3284 2193 Apostolum
3300 2127 3487 2197 (Joa‘n.

1886 2214 1951 2261 ιν,
1978 2195 2088 2266 36),
2119 2206 2175 2255 et
2203 2203 2300 2273 qui
2327 2206 2490 2259 metit
2513 2206 2680 2261 simul
2703 2209 3011 2278 gaudeant.
3038 2212 3147 2266 Sed
3170 2195 3492 2284 quiasemi-

1885 2302 2040 2355 nare,
2063 2304 2397 2360 magnorum
2429 2299 2532 2358 est,
2567 2294 2783 2349 utinam
2814 2296 3087 2367 irriguum
3114 2303 3489 2372 superducere

1886 2393 2136 2446 possem;
2172 2380 2304 2451 quia
2321 2387 2462 2436 tunc
2488 2383 2724 2456 quisque
2749 2393 2899 2441 recte
2925 2389 3186 2455 seminat,
3206 2391 3253 2446 si
3279 2384 3489 2448 intelli-

1883 2472 2000 2535 gat,
2038 2467 2191 2537 quid,
2221 2470 2465 2540 quando,
2498 2482 2555 2527 et
2582 2473 2675 2528 ubi
2707 2475 2952 2531 seminat
3013 2479 3077 2533 In
3108 2479 3259 2535 vobis
3298 2485 3488 2537 autem

1879 2556 1999 2625 jam
2030 2558 2367 2613 seminatum
2392 2569 2476 2615 est
2505 2562 2734 2619 verbum
2757 2565 2899 2630 vitae,
2923 2568 3189 2638 quoniam
3216 2572 3311 2625 Dei
3336 2575 3488 2640 agri-

1886 2646 2111 2698 cultura
2154 2650 2297 2707 cstis.
2342 2649 2438 2701 Dei
2484 2651 2771 2718 zdiﬁcatio
2808 2658 2931 2707 estis
2961 2658 3014 2710 ιΙ
3047 2658 3150 2711 Uor
3200 2671 3280 2723 ιη,
3313 2660 3389 2725 9t,
3430 2663 3489 2713 et

1883 2729 2009 2784 ideo
2048 2733 2327 2803 pullulant
2365 2736 2422 2789 in
2453 2737 2607 2793 vobis
2637 2741 2853 2795 semina
2880 2741 3170 2809 virtutum,
3204 2751 3261 2800 et
3287 2745 3489 2800 crescit

1884 2835 2043 2890 seges
2057 2822 2216 2876 multi
2224 2822 2497 2894 plicatain
2511 2828 2825 2884 Domino.N
2829 2848 2917 2885 am
2934 2832 3306 2903 virginitatem
3320 2851 3486 2890 nemo

1883 2908 2026 2962 alter
2069 2926 2237 2981 quam
2285 2916 2542 2971 Christus
2579 2918 2838 2985 seminat,
2875 2921 3137 2991 quoniam
3184 2923 3304 2995 ipse
3332 2930 3486 2979 sator

1883 3017 2076 3055 semen
2115 3009 2200 3057 est
2237 3012 2295 3058 et
2329 3006 2562 3060 fructus.
2594 3006 2777 3061 Corda
2828 3026 2954 3064 vero
2984 3011 3253 3078 ﬁdelium,
3289 3012 3485 3070 hortus

188 3093 341 3147 ﬁlios
368 3095 441 3149 ad
470 3095 700 3166 superni
723 3096 906 3150 Patris
936 3094 1266 3166 obsequium
1292 3102 1574 3161 convocat,
1604 3102 1660 3151 et
1684 3114 1796 3164 v03,
1817 3103 1859 3162 ρ
1883 3090 2231 3159 deliciarum,
2284 3110 2507 3148 vomere
2557 3096 2735 3150 sancti
2775 3097 3059 3168 Evangelii
3099 3107 3346 3163 exarata,
3388 3102 3485 3174 qui

184 3198 219 3237 ο
240 3183 510 3254 virgines,
527 3184 735 3239 Christi
755 3185 823 3239 ad
846 3185 1153 3239 thalamum
1170 3187 1365 3240 aeterni
1381 3186 1549 3257 Regis
1571 3186 1803 3242 instruit
1885 3181 2137 3251 quamvis
2153 3183 2351 3238 hortus
2371 3184 2428 3238 in
2452 3201 2659 3255 genere
2689 3188 3087 3256 praetendatur,
3109 3193 3299 3245 tamen
3318 3190 3377 3246 in
3396 3206 3487 3247 vo.

184 3279 242 3326 et
271 3281 577 3344 preparat,
603 3275 700 3338 ita,
733 3273 781 3329 si
812 3291 993 3329 mores
1023 3274 1361 3329 concordent
1391 3293 1612 3347 sponso1
1638 3281 1695 3330 et
1717 3293 1801 3330 re-
1883 3269 1987 3335 bis,
2013 3270 2144 3341 quia
2167 3273 2378 3343 species
2404 3273 2540 3328 estis
2558 3281 2614 3329 et
2636 3276 2824 3339 decus,
2843 3279 3135 3333 conclusus
3155 3285 3212 3333 et
3230 3280 3486 3351 signatus

182 3363 510 3433 spondeant
539 3380 709 3436 opera
736 3364 1008 3419 cantibus.
1036 3362 1196 3429 Hinc,
1228 3364 1622 3428 dilectissimze,
1657 3365 1802 3419 sicut
1883 3362 1938 3416 in
1958 3365 2196 3418 canticis
2215 3366 2565 3432 decantatur,
2583 3366 2653 3421 ab
2674 3368 2825 3422 omni
2842 3369 3098 3439 gramine
3119 3372 3361 3442 pessimo
3377 3374 3487 3430 ﬁde

182 3450 324 3516 dixi,
370 3450 503 3523 quia
539 3469 642 3507 nec
679 3453 1001 3508 barmonice
1039 3460 1266 3507 cantare
1309 3461 1439 3507 ante
1486 3454 1798 3508 thalamum
1882 3453 2090 3507 Christi
2122 3461 2415 3525 purgatus.
2443 3455 2592 3510 Verbi
2621 3458 2834 3512 semine
2863 3466 3036 3525 satus,
3065 3463 3340 3518 castitatis
3369 3464 3486 3521 lilio

182 3540 402 3595 summi
429 3540 613 3612 Regis,
640 3559 740 3596 nec
759 3542 1041 3597 exhortari
1066 3544 1324 3597 convivas
1354 3542 1799 3598 luculentissime
1883 3542 2197 3611 decoratus,
2250 3544 2529 3599 viriditate
2574 3545 2843 3602 virtutum
2903 3566 3177 3615 amcenus,
3228 3553 3483 3624 fragrans

186 3646 360 3701 queo,
388 3630 475 3685 vel
503 3631 709 3702 alloqui
743 3636 914 3686 tacete
935 3633 1293 3704 coepulantes
1314 3636 1333 3700 ;'
1360 3632 1416 3685 in
1443 3632 1548 3686 hoc
1565 3631 1710 3686 dotis
1731 3632 1799 3687 ti-

184 3719 333 3785 tulo,
354 3719 573 3774 decrevi
593 3727 815 3775 tantum
836 3738 1099 3793 spargere
1121 3723 1304 3786 ﬂores,
1328 3721 1373 3775 si
1395 3721 1535 3776 forte
1553 3720 1800 3775 inveniat

185 3824 381 3863 sermo
404 3815 596 3865 noster
609 3827 774 3881 quem
791 3816 1042 3865 nostrum
1065 3811 1301 3865 delectet
1317 3810 1624 3882 pulegium,
1646 3810 1792 3881 quod

186 3898 321 3953 misi
360 3916 464 3970 pro
494 3915 727 3953 munere
749 3898 892 3953 bene
920 3900 1092 3954 olenti
1115 3918 1127 3966 ;
1163 3898 1295 3970 qu’a
1322 3898 1654 3970 pretiosiora
1681 3914 1792 3952 non

1877 3630 2107 3685 ﬂoribus
2138 3634 2514 3703 sempiternis.
2538 3634 2647 3688 Sed
2670 3636 2802 3706 quia
2830 3636 2888 3690 in
2911 3654 3022 3691 una
3047 3638 3355 3711 eademque
3377 3648 3485 3695 ter.

1878 3735 1942 3772 ra
1980 3718 2153 3775 simul
2196 3722 2368 3792 spinae
2398 3727 2455 3775 et
2490 3721 2606 3775 lilia
2637 3723 2919 3787 oriuntur,
2954 3725 3176 3780 assidue
3215 3727 3482 3783 colendus

1878 3814 1964 3863 est
2000 3825 2135 3880 ager
2170 3808 2371 3875 cordis,
2414 3827 2484 3864 ne
2522 3809 2636 3864 lilia
2667 3811 2941 3866 castitatis
2977 3811 3254 3869 laedantur
3281 3816 3477 3887 spinis.

1877 3897 2088 3951 Idcirco
2122 3897 2337 3968 jugiter
2374 3913 2499 3952 rore
2539 3899 2958 3970 Scripturarum
2995 3903 3366 3973 compluenda
3395 3900 3515 3963 est.

186 3987 370 4053 valeo,
404 3989 603 4043 saltem
634 4005 744 4059 quo
786 3989 940 4043 intus
983 3989 1181 4059 ﬂagret
1216 3988 1398 4043 cubile
1440 3987 1627 4043 cordis
1662 3994 1792 4042 ante
1874 3985 2039 4056 gleba
2059 3987 2280 4041 mentis.
2305 3988 2451 4041 Nam
2480 4004 2572 4043 ros
2598 3989 2882 4059 virgineus
2907 4006 3093 4045 sermo
3119 3992 3338 4049 divinus
3368 4004 3478 4053 est.

185 4076 423 4131 thorum
461 4094 745 4148 respargo.
777 4075 1051 4141 Quoniam
1091 4075 1160 4130 ad
1201 4093 1560 4148 quascunque
1605 4076 1794 4131 oculos
1877 4074 2023 4138 Quia
2051 4075 2193 4129 sicut
2221 4092 2314 4130 ros
2348 4076 2447 4131 Dei
2473 4076 2635 4131 verba
2668 4078 3032 4138 descendunt.
3063 4085 3119 4135 et
3150 4080 3483 4154 refrigerant

187 4165 418 4233 diverti,
442 4166 627 4220 nullas
647 4165 828 4219 inveni
858 4164 1059 4236 quibus
1083 4164 1261 4236 magis
1284 4172 1475 4219 nostra
1491 4165 1791 4236 placerent,
1878 4165 2045 4219 corda
2066 4165 2343 4235 virginum
2375 4183 2405 4219 a
2432 4166 2645 4221 fervore
2675 4168 2826 4222 noxii
2854 4169 3073 4224 caloris.
3098 4170 3357 4244 Alioquin
3385 4175 3483 4230 ha-

185 4258 377 4314 nullas
387 4257 591 4329 quibus
605 4257 958 4330 potissimum
973 4265 1225 4313 nostrum
1237 4258 1467 4312 sudaret
1486 4256 1791 4328 ingenium,
1881 4252 1971 4308 bet
1992 4252 2247 4324 voluptas
2275 4253 2459 4308 carnis
2477 4270 2607 4309 suos
2628 4258 2809 4311 ﬂores.
2837 4257 3040 4328 quibus
3070 4259 3214 4313 male
3244 4261 3483 4320 oblecta-

184 4348 379 4403 nullas
399 4346 607 4419 quibus
623 4347 804 4419 magis
830 4347 1112 4413 deberem,
1137 4346 1319 4401 nullas
1342 4345 1543 4418 quibus
1565 4346 1666 4400 hoc
1681 4361 1859 4419 am-n
1878 4348 1973 4397 tur
1999 4342 2241 4396 animus.
2277 4342 2433 4398 Unde
2465 4344 2739 4416 PrOpheta
2767 4364 2779 4399 :
2817 4349 3007 4402 Omnis
3036 4364 3163 4402 caro
3186 4350 3400 4419 fenum,
3433 4354 3481 4408 et

184 4438 341 4510 plius
367 4443 702 4508 congrueret
729 4453 899 4508 quam
927 4435 1099 4502 vobis,
1127 4451 1249 4507 quae
1278 4439 1336 4490 et
1363 4434 1669 4490 secundum
1701 4433 1858 4488 no-"
1878 4433 2058 4485 omnis
2077 4434 2259 4499 gloria
2283 4435 2398 4500 ejus
2436 4437 2704 4503 tanquam
2731 4438 2829 4504 flos
2854 4438 3003 4503 feni;
3043 4441 3375 4495 ea'siccatum
3404 4445 3482 4497 est

182 4526 469 4582 bilitatem
491 4526 717 4598 generis
747 4527 914 4582 ﬂores
944 4525 1077 4581 estis
1106 4524 1379 4592 Ecclesiae,
1400 4529 1457 4579 et
1486 4524 1794 4579 secundum

183 4616 492 4673 candorem
510 4616 778 4671 virtutum
804 4616 922 4670 lilia
942 4614 1203 4688 paradisi.
1229 4612 1506 4679 Quoniam
1518 4632 1623 4682 vos
1637 4615 1789 4681 estis,

186 4726 317 4781 quae
348 4707 527 4762 virore
549 4705 853 4778 pudicitiae.
872 4712 930 4761 et
948 4705 1244 4777 Splendore
1271 4710 1435 4760 castae
1455 4704 1789 4772 dilectionis,

184 4813 398 4870 sponso
426 4804 579 4851 serta
597 4795 948 4867 componitis,
974 4802 1031 4850 et
1050 4810 1311 4850 coronam
1334 4793 1584 4865 spineam
1609 4800 1793 4848 muta-

181 4886 259 4940 tis
290 4885 541 4958 quotidie
570 4886 626 4940 in
661 4886 900 4956 gloriam
922 4884 1343 4955 triumphantis,
1373 4901 1495 4956 quae
1529 4901 1627 4956 per
1647 4901 1794 4938 cam-

183 4993 291 5047 pos
322 4976 760 5047 Scripturarum,
785 4976 1168 5031 indesinenter
1187 4975 1338 5030 velut
1365 4992 1496 5047 apes
1519 4977 1683 5030 ﬂores
1710 4976 1792 5029 le-

182 5064 347 5135 gitis,
365 5071 422 5118 et
441 5082 540 5137 per
559 5073 721 5136 prata
743 5065 977 5120 virentia
993 5081 1226 5136 quaeque
1246 5063 1451 5118 mentis
1472 5070 1528 5117 et
1546 5064 1794 5134 corporis

185 5153 385 5208 labore
409 5155 611 5225 pabula
638 5156 908 5211 virtutum
931 5154 1191 5224 colligitis
1215 5172 1227 5221 ;
1262 5153 1464 5225 quibus
1492 5153 1794 5208 reconditis

187 5264 255 5304 ac
295 5246 348 5301 si
384 5246 444 5299 in
476 5246 723 5300 alveario
751 5262 833 5300 co:
847 5245 932 5301 dis
963 5244 1169 5301 Christi
1200 5245 1366 5299 mella
1395 5244 1791 5311 conficiantur;

187 5338 331 5393 hinc
371 5351 592 5407 quoque
638 5340 788 5389 recte
826 5336 1047 5390 canitur
1088 5352 1290 5408 sponso
1335 5353 1347 5388 :
1395 5334 1569 5401 Quam
1607 5334 1798 5388 dulcia

189 5427 390 5493 faucib
432 5443 456 5478 ,ς
476 5427 611 5478 meis
636 5428 850 5493 eloquia
874 5431 969 5479 tua
988 5442 1153 5494 super
1171 5430 1275 5480 mel
1298 5430 1349 5479 et
1378 5426 1609 5491 favum!
1636 5422 1793 5490 (Psal.

190 5529 386 5580 CXVIII,
428 5514 570 5581 10.5.)
606 5514 764 5578 Quod
793 5514 933 5570 bene
963 5515 1214 5570 Ezechiel
1251 5518 1600 5587 praegustans
1636 5529 1647 5564 :
1694 5514 1798 5566 Fa-

192 5612 349 5663 ctum
386 5610 484 5676 est,
512 5603 714 5678 inquit,
748 5610 1017 5679 tanquam
1055 5608 1163 5663 mel
1199 5608 1354 5663 dulce
1391 5606 1456 5661 in
1492 5619 1575 5660 eos
1612 5618 1799 5659 meum

1874 4523 2089 4590 fenum,
2119 4527 2167 4575 et
2195 4522 2387 4579 cecidit
2413 4526 2530 4593 ﬂos,
2564 4526 2791 4579 verbum
2820 4531 3007 4579 autem
3036 4526 3264 4582 Domini
3290 4537 3478 4587 manet

1877 4618 1939 4668 in
1964 4617 2231 4667 aternum
2266 4615 2408 4681 (Psal
2453 4626 2543 4678 XL,
2566 4610 2638 4677 6).
2659 4613 2809 4681 Ideo,
2838 4613 3199 4682 charissima,
3231 4616 3477 4677 stabilite

1888 4710 1922 4769 |
1943 4705 2132 4769 τοις)
2164 4702 2222 4756 in
2256 4701 2413 4756 vobis
2444 4703 2607 4757 firma
2633 4703 2820 4757 radice
2849 4703 3077 4759 verbum
3107 4707 3254 4778 quod
3286 4698 3479 4770 manét

1876 4797 1932 4845 et
1960 4796 2046 4845 est
2071 4790 2129 4844 in
2158 4796 2427 4845 aeternum
2456 4789 2772 4861 implorate,
2792 4797 2856 4846 ut
2885 4799 3112 4847 maneat
3137 4793 3195 4848 in
3216 4796 3476 4851 cordibus

1875 4880 2092 4945 vestris,
2117 4880 2185 4935 de
2209 4896 2319 4952 quo
2345 4896 2586 4952 praesens
2608 4880 2857 4953 loquitur
2876 4881 3161 4937 Psalmus:
3194 4880 3492 4941 Eructavit-

1875 4988 1967 5025 cor
2006 4988 2189 5025 meum
2219 4972 2443 5024 verbum
2476 4972 2696 5023 bonum.
2730 4969 3123 5041 Conquadrate
3150 4972 3478 5029 fundamen-

1876 5067 2016 5124 tum,
2064 5060 2121 5114 in
2167 5058 2428 5113 cordibus
2466 5059 2806 5130 quadratum
2849 5059 3138 5124 virtutum,
3181 5062 3478 5133 prudentia

1877 5150 2105 5216 scilicet,
2130 5149 2369 5220 justitia,
2403 5155 2461 5202 et
2505 5148 2851 5213 fortitudine,
2882 5165 2948 5203 ac
2984 5151 3384 5221 temperantia,
3417 5151 3475 5206 in

1879 5240 2081 5312 quibus
2106 5239 2262 5310 quasi
2288 5239 2346 5292 in
2372 5254 2538 5293 curru
2560 5254 2662 5292 suo
2684 5238 2941 5294 Christus
2966 5240 3161 5311 auriga
3183 5241 3479 5311 praesideat

1880 5336 1937 5385 et
1964 5335 2124 5400 regat
2151 5334 2337 5383 motus
2360 5328 2542 5383 cordis
2572 5327 2833 5400 dicatque
2862 5330 2931 5384 de
2962 5329 3113 5383 vobis
3139 5348 3150 5383 :
3186 5332 3481 5400 Equitatui

1880 5438 1995 5475 meo
2025 5421 2337 5474 assimilavi
2362 5422 2424 5473 in
2456 5424 2503 5472 te
2532 5434 2728 5477 curru.
2753 5422 2871 5487 ﬁlia
2893 5422 3200 5474 Pharaonis
3217 5421 3403 5492 (Cant.
3436 5434 3477 5490 ι,

1879 5509 2246 5579 9).Quoniam
2277 5508 2398 5563 sine
2428 5514 2670 5580 quatuor
2697 5509 2820 5563 istis
2848 5525 3138 5581 nunquam
3170 5511 3307 5565 bene
3337 5510 3481 5581 regi-

1878 5607 1975 5658 tur
2012 5604 2342 5657 czeterarum
2373 5598 2646 5656 virtutum
2695 5597 3011 5669 integritas,
3051 5615 3234 5673 neque
3277 5597 3480 5656 funda-
