3918 6166
475 197 580 255 993

1258 197 1313 251 S.
1358 193 1740 254 PASCHASII
1777 192 2140 249 RADBERTI
2179 194 2484 253 ABBATIS
2524 196 3012 253 CORBEIENSIS.

3570 204 3672 264 1000

474 328 729 381 mentum
759 323 993 382 locatur.
1028 337 1138 392 quo
1172 326 1503 393 permaneat
1530 320 1767 393 quisque
1795 319 2077 374 radicatus
2093 322 2138 380 A
2159 337 2398 392 sponsus
2426 322 2547 376 sine
2570 337 2794 393 sponsa,
2825 321 2906 376 ita
2933 338 3036 378 nec
3051 339 3252 394 sponsa
3267 324 3377 380 sine
3402 333 3676 386 commercio

472 420 531 469 et
549 414 816 469 fundatus
832 413 890 466 in
910 411 1007 465 illo
1029 409 1214 482 lapide
1234 410 1510 484 angulari,
1528 413 1592 464 in
1614 427 1719 479 quo
1734 413 1913 464 omnis
1933 416 2078 464 stru-

471 508 633 558 ctura
660 506 847 556 crescit
872 503 931 554 in
957 504 1219 567 templum
1241 504 1497 553 sanctum
1530 502 1592 553 in
1612 500 1842 553 Domino
1860 498 2073 568 (Ep/ws.

469 609 532 656 ιι,
566 591 676 653 21).
702 592 765 646 In
791 592 892 644 hoc
915 589 1120 661 quippe
1150 588 1357 659 angulo
1386 588 1734 659 compaginis
1763 594 1947 641 vestra
1969 587 2077 641 fide

469 678 700 734 fundate
727 679 916 743 corda,
953 684 1015 732 ut
1047 677 1199 730 nulla
1234 676 1653 747 Epicureorum,
1682 676 1736 729 id
1768 684 1853 731 est
1879 694 2077 731 carna-

469 768 607 822 lium
658 767 945 821 hominum
978 783 1077 820 vox
1114 764 1374 837 decipiat,
1411 766 1508 836 qui
1536 766 1729 819 dicunt
1757 766 1893 820 illud
1929 766 2077 837 quod

466 858 733 929 scriptum
768 862 891 909 est:
933 856 1263 910 Coroncmus
1304 872 1399 918 nos
1432 858 1568 909 rosis
1597 861 1895 924 antequam
1929 871 2078 908 mar-

468 952 677 1001 cescant
702 964 717 999 :
751 948 913 999 nulla
937 961 1032 998 nos
1050 947 1283 998 luxuria
1300 950 1603 1014 pretereat,
1625 946 1716 998 sed
1736 947 1799 998 in
1818 946 2073 998 omnibus

463 1038 854 1104 relinquamus
880 1037 1043 1101 signa
1075 1036 1277 1088 laetitiae
1324 1038 1519 1087 nostra:
1549 1033 1717 1101 (ϐαρ.
1757 1048 1814 1091 ιι.
1847 1032 1921 1090 8).
1958 1034 2074 1087 Hoc

2160 415 2217 463 et
2243 409 2447 464 fcedere
2474 410 2871 481 sponsalitatis,
2906 417 2969 464 ut
2996 417 3124 482 post
3150 411 3306 466 ﬁdem
3343 416 3677 487 sponsalitatis,

2159 498 2419 570 deinceps
2436 500 2551 553 sint
2572 499 2682 553 duo
2700 498 2756 552 in
2770 516 2936 553 carne
2954 516 3084 555 una.
3111 500 3199 555 Sic
3216 501 3407 574 quippe
3421 505 3551 559 venit
3564 507 3683 562 Deus

2160 587 2216 641 in
2259 588 2483 642 homine
2527 594 2591 642 ut
2619 587 2786 642 homo
2815 594 2961 643 esset
2988 589 3047 643 in
3091 590 3286 650 Deum.
3316 597 3468 662 atque
3496 595 3619 650 Deus
3642 602 3687 651 et

2158 677 2326 730 homo
2354 694 2501 731 unus
2530 683 2677 732 esset
2694 677 2968 753 fibristus,
3000 678 3082 733 ita
3106 696 3326 733 necesse
3352 686 3445 745 est,
3474 683 3687 739 charissi-

2160 782 2283 828 mae,
2317 773 2380 819 ut
2407 782 2531 819 cum
2565 783 2768 838 sponso
2801 784 2975 821 unum
3007 768 3083 823 sit
3114 769 3348 823 Ecclesia
3383 771 3688 840 quodammo-

2159 855 2247 908 do.
2278 856 2404 909 Non
2434 861 2498 909 ut
2526 856 2602 909 sit
2630 856 2799 923 Deus,
2832 857 2979 927 quod
3011 857 3267 913 Christus
3294 865 3391 920 est,
3411 860 3497 914 sed
3525 878 3618 915 una
3637 863 3693 917 sit

2159 960 2288 997 caro
2315 943 2373 997 in
2403 943 2543 1015 ipso,
2578 961 2753 999 unum
2784 962 3008 1016 corpus,
3035 955 3311 1017 quatenus
3352 949 3517 1002 carnis
3549 956 3596 1004 et
3617 948 3691 1004 Dei

2155 1029 2256 1083 ﬁat
2295 1047 2469 1085 unum
2495 1034 2910 1087 commercium.
2941 1034 3087 1098 Quia
3110 1036 3256 1090 Deus
3281 1036 3518 1092 transivit
3540 1038 3589 1093 in
3608 1056 3694 1093 car-

463 1123 670 1178 idcirco
716 1123 985 1187 dixerim,
1033 1122 1167 1193 quia
1224 1122 1555 1193 Symmacus
1601 1121 1751 1177 hunc
1794 1122 2071 1192 psalmum
2154 1134 2306 1185 nem,
2348 1120 2517 1175 homo
2544 1128 2696 1176 totus
2723 1128 2977 1177 transeat
3020 1124 3077 1179 in
3113 1125 3309 1189 Deum,
3351 1132 3404 1180 et
3447 1129 3534 1181 fiat
3556 1143 3691 1183 unum

459 1229 561 1285 pro
592 1212 822 1267 ﬂoribus
851 1213 1256 1284 interpretatus
1287 1218 1390 1275 est,
1428 1228 1499 1266 ne.
1539 1228 1634 1266 vos
1670 1212 1786 1265 ulla
1823 1210 2069 1266 liliorum
2154 1222 2375 1279 corpus,
2409 1227 2633 1282 unaque
2663 1228 2813 1278 caro,
2853 1213 3111 1268 Christus
3141 1220 3198 1268 et
3227 1214 3475 1269 Ecclesia.
3508 1214 3638 1280 Quod
3657 1216 3690 1270 si

460 1302 755 1374 praesentis
775 1301 982 1366 saeculi,
1007 1318 1104 1355 seu
1128 1302 1330 1354 ﬂorum
1354 1300 1640 1371 decipiant
1660 1299 2062 1368 blandimenta,
2152 1297 2234 1351 ita
2262 1298 2331 1353 de
2359 1299 2512 1353 omni
2539 1300 2789 1355 creditur
2816 1317 3068 1372 corpore,
3089 1302 3224 1373 quid
3252 1307 3408 1374 putat
3427 1303 3577 1374 Virgo
3597 1304 3689 1369 Dei,

461 1407 586 1462 quae
619 1407 755 1445 sane
783 1390 948 1444 simul
983 1390 1041 1443 in
1070 1394 1197 1443 ortu
1226 1389 1352 1444 vitm
1390 1389 1645 1443 calcastis
1675 1396 1732 1443 et
1759 1391 2067 1461 sprevistis,
2152 1394 2413 1442 matrona
2455 1389 2682 1455 Christi,
2715 1406 2839 1460 quae
2886 1391 2965 1445 sic
2993 1391 3224 1445 omnino
3271 1392 3327 1446 in
3371 1408 3524 1447 carne
3549 1392 3693 1447 adhuc

460 1480 650 1534 omnia
679 1486 869 1533 autem
903 1478 1230 1533 deliciarum
1280 1477 1690 1533 oblectamenta
1727 1479 1896 1533 veluti
1925 1485 2070 1534 ster-
2153 1488 2257 1541 est,
2286 1483 2349 1532 ut
2370 1479 2492 1549 jam
2522 1478 2641 1533 sine
2667 1479 2851 1535 carnis
2876 1480 3237 1551 corruptione
3264 1481 3320 1535 in
3345 1481 3451 1535 Deo
3470 1482 3569 1535 sit?
3591 1482 3690 1545 Qua

462 1585 598 1625 cora
631 1569 942 1641 respuistis.
980 1569 1196 1622 Vanam
1221 1583 1444 1639 quoque
1473 1567 1745 1634 laetitiam,
1760 1585 2071 1640 vanamque
2153 1583 2356 1637 sponso
2387 1568 2456 1621 ad
2488 1567 2768 1639 integrum
2795 1570 2916 1640 jam
2954 1570 3089 1640 jura
3130 1569 3497 1641 sponsalitatis
3520 1575 3689 1637 servat;

457 1658 698 1730 gloriam
729 1658 898 1713 simul
928 1657 1249 1724 abdicastis,
1282 1664 1347 1711 ut
1384 1675 1569 1712 veram
1602 1658 1792 1723 vitam,
1826 1642 2416 1729 veraququuoniam
2460 1657 2599 1710 nihil
2625 1658 2779 1712 aliud
2814 1674 2982 1728 quam
3013 1658 3202 1729 ipsum
3234 1665 3291 1714 et
3317 1665 3527 1731 propter
3550 1659 3691 1731 ipsum

455 1747 664 1818 gaudia
688 1764 787 1819 per
809 1747 913 1801 hoc
939 1746 1329 1817 compendium
1362 1748 1488 1801 vitae
1515 1746 1667 1802 ocius
1684 1748 2069 1819 apprehenda-
2150 1744 2351 1814 diligit.
2383 1746 2507 1799 Jam
2539 1746 2687 1800 enim
2719 1752 2902 1802 totum
2932 1748 3175 1818 refulget
3202 1748 3260 1803 in
3293 1748 3466 1820 specie
3489 1748 3610 1820 quod
3633 1747 3692 1802 fu-

454 1835 545 1891 tis.
575 1837 702 1890 llaec
730 1836 875 1900 ideo,
898 1834 1293 1893 dilectissimaa.
1320 1835 1538 1890 fortiter
1572 1834 1749 1901 fertis,
1775 1837 1906 1909 quia
1932 1854 2068 1891 sur-
2148 1838 2340 1891 turum
2392 1834 2806 1906 repromittitur
2851 1837 2910 1890 in
2955 1853 3183 1907 genere.
3220 1838 3376 1892 Unde
3413 1853 3608 1892 necesse
3632 1845 3694 1891 est

456 1941 583 1980 sum
618 1924 713 1979 ubi
744 1925 998 1979 Christus
1048 1940 1290 1996 sponsus
1341 1925 1560 1979 videtur
1593 1926 1834 1979 radicem
1885 1926 2068 1981 cordis
2151 1922 2487 1992 respondeat
2512 1924 2681 1994 Virgo
2710 1924 2857 1979 dotis
2905 1925 3093 1992 titulo,
3135 1927 3463 1998 respondeat
3500 1925 3694 1981 moribus

455 2013 691 2079 ﬁxistis;
724 2013 993 2084 quoniam
1026 2014 1149 2068 aliae
1178 2019 1313 2067 sunt
1341 2031 1499 2075 rosae,
1533 2031 1657 2085 quae
1695 2015 1901 2070 Christi
1943 2032 2068 2070 san-
2150 2027 2375 2082 sponso,
2412 2017 2599 2067 mente
2628 2020 2799 2085 atque
2843 2020 2969 2069 actu
3017 2021 3239 2070 asserat
3276 2017 3538 2071 caelestem
3560 2017 3693 2070 vitam

455 2104 627 2177 guine
648 2104 801 2158 intus
815 2103 1191 2175 pinguescunt
1204 2102 1634 2158 etrubricantur
1652 2110 1952 2175 utsemper
1970 2105 2067 2159 ﬂo-
2150 2117 2251 2170 per
2278 2108 2559 2167 naturam,
2594 2119 2762 2173 quam
2810 2109 3111 2158 consecuta
3144 2111 3231 2159 est
3274 2122 3371 2177 per
3395 2105 3622 2176 gratiam,
3654 2109 3696 2159 et

455 2200 621 2247 reant
646 2211 658 2260 ;
687 2193 809 2246 alia;
832 2210 953 2263 quae
983 2192 1041 2246 in
1066 2198 1220 2247 terra
1244 2192 1584 2255 radicantur,
1606 2196 1716 2248 cito
1738 2200 1800 2248 ut
1830 2194 2068 2248 ﬂoreant
2148 2196 2419 2260 sequatur
2459 2193 2680 2262 Agnum
2712 2208 3045 2263 quocunque
3091 2193 3241 2248 ierit.
3276 2195 3525 2266 Sequitur
3547 2199 3692 2249 autem

455 2288 514 2336 et
532 2282 888 2352 postmodum
907 2287 1183 2336 arescant.
1201 2283 1397 2337 Omnis
1418 2284 1623 2354 quippe
1649 2285 1812 2337 luxus
1829 2300 2067 2355 praesen-

453 2369 529 2424 tis
561 2371 685 2426 vitae
715 2387 887 2442 vapor
907 2377 1010 2430 est.
1037 2378 1094 2425 et
1115 2389 1317 2443 spuma
1346 2372 1471 2425 vani
1501 2372 1713 2442 gaudii.
1742 2378 2061 2445 i’ropterea,

453 2466 726 2514 matronae
759 2460 985 2517 Christi.
1018 2461 1309 2515 sectamini
1359 2478 1579 2532 semper
1608 2461 1844 2516 virtutes
1892 2468 1954 2515 ut
1984 2462 2063 2515 vi-

2150 2278 2440 2350 virginitas
2489 2284 2707 2351 Agnum
2752 2297 3088 2353 quocunque
3134 2283 3290 2337 vadit
3324 2286 3488 2353 (Apoc.
3518 2298 3609 2351 xxv,
3635 2282 3688 2352 4),

2148 2368 2230 2421 ita
2258 2376 2448 2423 tamen
2476 2370 2520 2423 si
2552 2370 2905 2425 concordiam
2935 2371 3215 2426 virtutum
3240 2378 3442 2428 teneat.
3470 2372 3691 2437 Quoniam

2148 2458 2404 2512 Christus
2429 2458 2526 2512 Dei
2551 2460 2744 2524 virtus,
2766 2465 2824 2513 et
2851 2460 2949 2514 Dei
2980 2462 3281 2533 sapientia,
3308 2462 3608 2533 principium
3631 2467 3693 2515 est

2145 2548 2394 2601 omnium
2425 2554 2456 2612 |
2475 2554 2594 2612 2:)
2617 2557 2648 2611 |
2677 2547 2987 2615 viarum,et
2999 2549 3123 2621 ipse
3136 2550 3693 2606 virtusomniumvirtu-

2144 2642 2286 2699 tum,
2308 2636 2432 2689 ideo
2455 2635 2551 2707 qui
2568 2642 2694 2707 post
2713 2654 2839 2691 eum
2859 2637 2938 2692 ire
2957 2639 3217 2705 festinat,
3237 2647 3293 2695 et
3308 2640 3457 2711 sequi
3478 2640 3579 2694 vult
3594 2655 3695 2710 quo.

450 2554 614 2603 reant
642 2549 872 2611 ﬂoridae.
902 2556 1329 2621 augeanturque
1360 2550 1477 2604 lilia
1497 2550 1789 2605 castitatis.
1822 2552 1880 2604 ln
1901 2551 2062 2621 genis

451 2637 652 2693 rubeat
684 2656 811 2694 rosa
842 2639 1050 2694 Christi
1091 2639 1365 2711 sanguine
1403 2657 1676 2711 respersa.
1709 2640 1851 2705 Quia
1881 2641 2063 2694 omnis

451 2729 889 2793 ornatusanimi,
910 2746 1243 2800 morumque
1256 2728 1573 2800 probitasin
1591 2729 2065 2800 facieresplendet
2144 2741 2362 2796 cunque
2397 2725 2616 2791 abierit,
2650 2724 2817 2780 debet
2863 2726 3113 2797 primum
3152 2730 3355 2784 mentis
3386 2729 3696 2801 incorruptio-

449 2818 702 2890 virginis.
733 2819 890 2879 llinc,
927 2834 1132 2889 quaeso,
1160 2817 1361 2887 erigite
1384 2834 1633 2888 scopum,
1677 2817 1728 2870 id
1763 2826 1849 2871 est
1874 2818 2062 2871 inten-
2144 2831 2274 2869 nem
2297 2831 2520 2869 servare
2547 2820 2717 2886 atque
2747 2816 2948 2882 carnis,
2982 2817 3191 2873 deinde
3216 2826 3532 2874 ceterarum
3555 2819 3696 2873 virtu-

450 2907 661 2962 tionem
683 2908 869 2962 cordis
892 2907 1108 2977 jugiter
1140 2913 1271 2960 ante
1302 2907 1511 2965 oculos.
1531 2912 1588 2959 et
1612 2906 1775 2969 talos,
1807 2906 1863 2959 id
1894 2912 1981 2960 est
2005 2907 2066 2959 ﬁ-
2144 2908 2269 2957 tum
2290 2902 2406 2957 vias
2435 2902 2672 2975 ingredi,
2702 2904 3059 2977 charitasque
3088 2906 3344 2962 membra
3362 2908 3535 2962 omnia
3556 2912 3697 2961 custo-

448 3011 579 3049 nem
608 2995 779 3049 nolite
798 2996 1101 3065 negligere.
1124 2996 1266 3048 Nam
1288 2996 1429 3056 τέλος
1451 2995 1578 3048 ﬁnis
1599 2994 1848 3048 omnium
1873 3012 2061 3049 rerum
2083 3003 2125 3061 C
2147 2992 2286 3047 dire.
2324 2992 2586 3063 Alioquin
2617 2992 2909 3063 virginitas
2938 2995 3145 3061 carnis,
3177 2996 3301 3051 sine
3329 2997 3543 3068 reliquis
3566 2996 3698 3049 virtu-

447 3090 551 3137 est.
586 3083 745 3137 Unde
772 3083 827 3135 in
860 3083 963 3136 hoc
993 3083 1157 3136 titulo
1207 3082 1476 3152 scriptum
1511 3089 1596 3136 est
1631 3102 1642 3135 :
1675 3084 1733 3136 in
1762 3084 1930 3137 finem
1963 3102 2062 3155 pro
2144 3081 2313 3141 tibus.
2349 3098 2462 3136 non
2504 3083 2763 3153 sequitur
2792 3088 3016 3153 Agnum
3049 3101 3388 3158 quocunque
3429 3086 3561 3140 ierit.
3589 3083 3701 3149 Quia

446 3172 536 3226 his
566 3172 659 3243 qui
692 3172 1207 3226 commutabuntur.
1233 3172 1386 3225 Finis
1415 3177 1604 3226 autem
1638 3172 1777 3243 legis
1804 3173 2062 3228 Christus

447 3267 552 3325 est,
586 3261 652 3314 ad
680 3260 965 3329 justitiam
994 3262 1146 3315 omni
1175 3262 1443 3316 credenti.
1483 3264 1609 3317 Non
1638 3280 1772 3334 ergo
1805 3264 2061 3319 Christus

447 3350 577 3405 finis
609 3358 694 3405 est
722 3350 879 3421 legis,
912 3368 983 3405 ne
1014 3350 1089 3405 sit
1120 3371 1132 3413 ;
1181 3351 1276 3405 sed
1307 3352 1434 3406 ﬁnis
1464 3353 1584 3423 ejus
1614 3361 1718 3414 est,
1756 3359 1818 3407 ut
1854 3354 2061 3408 habeat

446 3440 1186 3511 consummatamjustitiam
1204 3458 1265 3493 ex
1287 3441 1393 3494 fide
1427 3449 1457 3505 |
1478 3443 1811 3506 σεειιηεειι
1825 3442 2054 3497 Christi.

446 3528 723 3595 Quoniam
746 3530 868 3584 sine
890 3529 1112 3584 Christo
1133 3529 1460 3601 imperfecta
1479 3537 1567 3584 est
1593 3531 1706 3596 lex;
1748 3532 2052 3601 perficitur,

444 3625 632 3674 autem
666 3636 766 3690 per
811 3619 1118 3683 Christum,
1152 3636 1276 3673 cum
1311 3620 1570 3674 Christus
1613 3620 1671 3673 in
1710 3620 1831 3690 lege
1862 3638 2055 3692 repro-

443 3708 669 3771 missus,
690 3708 936 3762 creditus
957 3707 1281 3779 suscipitur,
1305 3715 1363 3761 et
1385 3714 1677 3779 susceptus
1702 3709 1807 3762 [ide
1835 3708 2057 3779 integra

440 3801 686 3852 tenetur.
713 3797 839 3851 Non
874 3797 1024 3851 enim
1063 3797 1320 3852 Christus
1344 3797 1469 3852 ideo
1498 3798 1625 3851 ﬁnis
1646 3797 1829 3852 dictus
1855 3805 1960 3857 est.
1991 3804 2057 3853 ut

441 3887 502 3942 in
524 3904 590 3942 eo
613 3887 886 3942 ﬁniantur
900 3904 971 3941 ne
991 3886 1123 3949 sint.
1140 3903 1487 3959 quaecunque
1506 3892 1719 3942 statuta
1740 3895 1872 3942 sunt
1886 3904 1919 3941 a
1935 3888 2053 3944 Deo

441 3983 509 4030 ut
537 3976 677 4039 sint;
710 3976 806 4030 sed
829 3977 886 4030 in
902 3993 968 4031 eo
991 3982 1049 4030 et
1069 3975 1140 4031 ad
1160 3993 1288 4031 eum
1320 3976 1648 4048 perveniant
1668 3981 1733 4031 ut
1751 3975 1894 4031 bene
1917 3977 2050 4032 sint.

440 4063 704 4136 Alioquin
726 4065 846 4118 sine
868 4066 989 4136 ipso
1012 4065 1168 4120 nulla
1187 4066 1363 4120 virtus
1383 4070 1471 4120 est
1494 4071 1914 4133 consummata;
1947 4066 2053 4120 sic-

443 4156 509 4207 ut
552 4169 655 4207 nec
698 4153 923 4208 initium
958 4153 1126 4208 habet
1169 4155 1369 4219 virtus,
1403 4154 1450 4208 si
1498 4171 1607 4209 non
1647 4155 1716 4209 ab
1762 4155 1882 4227 ipso
1913 4155 2053 4210 inci-

441 4240 689 4313 piantur,
724 4243 989 4312 quoniam
1029 4242 1147 4314 ipse
1177 4249 1264 4297 est
1310 4263 1340 4294 α
1371 4249 1428 4297 et
1461 4265 1523 4310 ω,
1556 4244 1626 4298 ab
1674 4244 1794 4315 ipso
1831 4245 2054 4315 justitia

2143 3172 2338 3240 Agnus
2359 3170 2460 3225 Dei
2486 3171 2739 3225 Christus
2770 3172 3023 3227 omnium
3055 3173 3282 3229 viarum
3310 3176 3408 3231 Dei
3437 3175 3597 3230 forma
3617 3178 3697 3234 θεῖν

2145 3260 2265 3332 ipse
2294 3261 2384 3314 via
2421 3266 2477 3314 et
2504 3260 2862 3332 principium.

2213 3350 2569 3421 Quapropter
2606 3350 2761 3421 virgo
2794 3349 3020 3414 Christi,
3067 3358 3140 3407 ut
3180 3353 3255 3409 sit
3291 3371 3502 3426 sponsa,
3548 3358 3597 3407 et
3629 3367 3698 3405 se-

2142 3445 2348 3508 quatur
2377 3439 2435 3492 in
2464 3437 2724 3491 omnibus
2752 3438 2840 3493 cui
2871 3456 2931 3493 se
2960 3439 3126 3498 vovit,
3166 3448 3386 3513 oportet
3406 3444 3555 3513 juxta
3577 3442 3696 3511 Apo-

2139 3528 2342 3581 stolum
2375 3533 2441 3582 ut
2469 3528 2543 3581 sit
2571 3544 2737 3581 carne
2766 3544 2831 3582 ac
2861 3534 3049 3582 mente
3077 3537 3298 3589 sancta.
3331 3535 3387 3585 et
3415 3526 3697 3584 incontami-

2140 3624 2291 3683 nata,
2321 3634 2391 3672 ne
2423 3618 2564 3671 forte
2593 3624 2835 3671 mentem
2859 3618 3096 3672 interius
3114 3635 3221 3689 per
3239 3637 3298 3674 se
3319 3619 3556 3674 diabolus
3574 3618 3695 3671 intus

2140 3713 2484 3778 corrumpat,
2514 3723 2681 3778 quam
2714 3706 2958 3761 exterius
2993 3708 3148 3761 nitor
3173 3710 3361 3765 carnis
3388 3709 3579 3763 adulat.
3600 3706 3688 3759 Vir

2134 3794 2325 3864 ginem
2349 3795 2499 3848 enim
2523 3794 2779 3849 Christus
2800 3794 3078 3865 integram
3104 3796 3215 3851 sibi
3246 3797 3462 3868 querit,
3480 3796 3559 3850 cui
3577 3793 3694 3847 viam

2136 3899 2196 3937 se
2225 3882 2481 3954 praebuit,
2510 3888 2575 3937 ut
2619 3889 2890 3954 sequatur
2919 3899 3257 3957 quocunque
3285 3886 3413 3943 ierit
3449 3885 3559 3958 ipse
3591 3881 3695 3938 uni-

2134 3972 2357 4042 genitus
2381 3971 2480 4027 Dei
2511 3972 2702 4039 Filius,
2723 3971 3049 4042 unigenitus
3078 3974 3255 4029 etiam
3286 3974 3522 4046 Virginis
3539 3978 3690 4027 natus.

2136 4061 2292 4115 Unus
2317 4060 2571 4115 omnium
2604 4077 2890 4116 sacrarum
2921 4062 3209 4134 virginum
3238 4079 3489 4136 sponsus,
3525 4065 3692 4117 sancte

2135 4150 2473 4220 virginitatis
2488 4150 2721 4217 fructus,
2745 4150 2935 4218 decus,
2968 4158 3026 4206 et
3044 4168 3271 4220 munus,
3297 4169 3458 4226 quem
3477 4162 3694 4222 corpora-

2135 4238 2265 4294 liter
2295 4246 2490 4295 sancta
2511 4239 2801 4312 virginitas
2821 4240 3058 4313 peperit,
3078 4243 3168 4297 cui
3196 4242 3520 4314 spiritaliter
3534 4241 3692 4296 sancta

442 4329 575 4385 ﬁdei
606 4329 976 4401 concipiatur,
1010 4336 1067 4385 et
1095 4331 1153 4384 in
1184 4331 1304 4401 ipso
1333 4339 1789 4402 consummatur;
1832 4350 1943 4389 non
1990 4322 2669 4401 utDvirginitasnubit.A
2683 4346 2792 4401 quo
2809 4330 3693 4404 sanctavirginitasfecundatur,ut

438 4437 553 4475 non
586 4421 679 4487 sit,
716 4421 813 4476 sed
845 4426 906 4475 ut
959 4419 1202 4492 perfecta
1248 4420 1321 4474 sit
1369 4420 1426 4474 in
1469 4437 1535 4475 ea
1578 4422 1797 4491 justitia
1829 4440 1951 4495 quae
1980 4424 2049 4479 de

371 4554 387 4571 ς
438 4511 578 4567 ccelo
606 4511 905 4584 prospexit.
937 4510 1096 4566 Unde
1129 4509 1301 4564 David
1332 4509 1583 4565 eruditus
1608 4527 1642 4564 a
1672 4511 1885 4582 Spiritu
1915 4530 2048 4568 san-

439 4607 528 4656 cto
557 4600 692 4654 dicit
723 4619 733 4653 :
773 4600 965 4656 Omnis
1005 4602 1499 4654 consummationis
1530 4602 1647 4653 vidi
1674 4603 1842 4668 ﬁnem
1880 4606 2042 4671 (Psal.

438 4702 625 4750 cxvnt,
663 4686 768 4744 66».
804 4688 945 4753 Quia
1000 4689 1139 4744 nihil
1181 4693 1266 4743 est
1313 4689 1461 4760 quod
1509 4688 1817 4760 perfectum
1849 4690 1922 4745 sit
1949 4697 2049 4746 aut

438 4782 912 4843 consummatum,
938 4777 985 4832 si
1015 4795 1127 4833 non
1149 4778 1207 4832 in
1236 4778 1459 4832 Christo
1484 4774 1825 4849 perficiatur,
1850 4784 1914 4833 ut
1934 4796 2048 4834 ma-

437 4873 573 4920 neat
590 4866 647 4919 in
672 4872 962 4921 aeternum.
988 4868 1148 4930 Quod
1171 4868 1242 4921 ad
1267 4868 1550 4922 Christum
1578 4884 1757 4939 usque
1776 4868 2042 4933 cucurrit,

436 4971 510 5010 ne
550 4954 673 5011 sine
714 4956 936 5010 Christo
965 4957 1332 5012 inveniretur.
1367 4957 1508 5012 Hinc
1535 4974 1757 5029 quoque
1785 4957 2048 5012 hortatur

436 5046 769 5118 Apostolus:
794 5044 886 5100 Sic
903 5050 1113 5101 currite
1130 5053 1191 5101 ut
1212 5049 1696 5116 comprehendatis.
1718 5046 2041 5118 Propterea,

437 5152 655 5206 sponsae
684 5134 910 5190 Christi.
944 5135 1316 5206 quodcunque
1339 5136 1505 5206 agitis
1526 5136 1784 5191 Christus
1803 5135 1878 5191 sit
1903 5154 2044 5191 sem-

438 5241 541 5297 per
568 5225 626 5297 in
657 5242 844 5283 causa.
874 5231 939 5279 ut
969 5225 1017 5278 ei
1053 5223 1335 5295 placeatis.
1364 5226 1451 5279 cui
1482 5243 1577 5280 vos
1611 5226 1897 5282 vovistis.)
1917 5228 2038 5281 Cor.

437 5327 513 5377 Ix,
545 5311 612 5369 2’1
644 5354 657 5366 .
691 5314 1155 5385 Quandoquidem
1204 5313 1379 5368 virtus
1428 5314 1719 5385 virginitas
1749 5322 1866 5370 tum
1899 5315 2038 5371 bene

440 5402 737 5459 virtutibus
784 5404 1031 5469 fulcitur,
1063 5402 1109 5456 si
1158 5401 1429 5474 quidquid
1469 5404 1586 5475 agit
1628 5405 1800 5476 virgo,
1847 5423 2038 5461 amore

436 5493 627 5566 sponsi
656 5492 745 5549 sui
770 5492 829 5549 in
856 5492 1047 5551 animo
1061 5492 1378 5551 decoratur.
1401 5491 1677 5559 Quoniam
1699 5494 1844 5552 sicut
1872 5512 2037 5553 nemo

2132 4425 2447 4490 perseveret
2492 4419 2722 4485 intacta,
2758 4437 2793 4473 a
2822 4436 2931 4491 quo
2978 4419 3281 4477 decoratur
3307 4428 3371 4478 ut
3404 4420 3692 4495 permaneat

2130 4509 2381 4579 pulchra,
2407 4524 2441 4562 a
2471 4524 2581 4579 quo
2609 4515 2917 4564 coronatur
2942 4514 3007 4565 ut
3037 4518 3242 4583 regnet
3268 4510 3575 4585 perenniter
3595 4506 3691 4577 glo-

2129 4598 2277 4652 riosa
2336 4597 2622 4668 Virginem
2661 4615 2877 4653 sacram
2915 4615 3017 4654 suo
3057 4599 3165 4654 sibi
3208 4601 3455 4673 gratuito
3490 4608 3689 4653 munere

2128 4688 2247 4759 ipse
2274 4687 2424 4750 facit,
2459 4687 2591 4757 quia
2613 4688 2803 4742 omnia
2835 4704 3181 4760 quacunque
3206 4690 3327 4745 vult
3362 4689 3505 4745 facit.
3530 4689 3573 4742 A
3598 4697 3687 4755 quo

2128 4777 2272 4843 ideo,
2317 4776 2485 4831 nullis
2531 4776 2970 4848 praecedentibus
3017 4778 3309 4849 virginitas
3361 4793 3512 4833 sacra
3547 4774 3690 4828 datur

2128 4867 2365 4932 meritis,
2396 4873 2460 4921 ut
2487 4866 2568 4920 illi
2597 4883 2819 4938 semper
2843 4866 3157 4937 gratiarum
3197 4870 3343 4925 actio
3373 4883 3509 4940 pura
3533 4860 3687 4919 cordis

2128 4957 2446 5013 humilitate
2473 4956 2759 5011 reddatur.
2784 4955 2945 5020 Quod
2969 4958 3016 5012 si
3045 4958 3287 5014 delectat
3309 4957 3448 5014 tanti
3475 4948 3685 5011 nominis

2126 5047 2431 5118 fastigium,
2454 5046 2609 5117 virgo
2635 5052 2905 5116 sequatur
2918 5062 3144 5103 necesse
3165 5054 3250 5103 est
3268 5064 3406 5119 opus
3426 5046 3681 5103 virtutum,

2124 5143 2189 5192 ut
2216 5154 2279 5190 ex
2312 5136 2535 5191 nomine
2563 5142 2923 5191 consecretur
2950 5154 3110 5209 opus,
3145 5144 3201 5193 et
3248 5154 3314 5192 ex
3354 5151 3512 5208 opere
3551 5144 3681 5185 com-

2125 5228 2348 5299 pleatur
2371 5242 2593 5281 nomen.
2614 5225 2759 5290 Quia
2786 5233 2901 5280 tam
2929 5243 3195 5299 magnum
3224 5226 3398 5281 voluit
3415 5225 3552 5279 Deus
3579 5231 3681 5274 esse

2122 5318 2328 5371 bonum
2387 5315 2740 5387 virginitatis,
2795 5322 2858 5370 ut
2912 5316 3049 5371 illud
3109 5333 3218 5371 non
3269 5314 3486 5370 aliunde
3530 5321 3679 5381 quam

2121 5420 2184 5462 ex
2214 5406 2478 5460 vocabulo
2525 5392 2831 5460 sortiretur.
2850 5406 3092 5464 virtutis.
3127 5403 3471 5477 Virginitatis
3497 5399 3677 5473 quippe

2119 5494 2167 5553 si
2201 5496 2328 5569 quis
2354 5493 2488 5553 velit
2524 5495 2850 5569 diligentius
2879 5496 3226 5553 considerare
3263 5491 3591 5557 vocabulum,
3619 5498 3674 5538 ex
