3918 6166
257 232 390 293 1005

1173 234 1553 291 EXPOSITIO
1593 236 1672 291 IN
1709 233 2054 290 PSALMUM
2092 233 2282 289 XLIV.
2317 265 2383 277 —
2422 235 2558 291 LIB.
2598 238 2643 292 Ι.

3400 247 3530 307 1006

250 360 458 416 tuitate
485 364 716 426 aeterna,
743 356 839 413 ubi
865 359 1024 412 stella
1052 372 1087 411 a
1117 361 1276 413 stella
1304 359 1489 427 di/fert
1522 362 1585 414 in
1607 362 1859 414 claritate
1875 362 1915 418 Α
1938 356 2272 428 nium,quod
2290 356 2459 428 hujus
2486 359 2607 430 agri
2627 360 2792 416 ﬂores
2812 378 2877 418 ac
2892 363 3227 433 fructum,de
3240 385 3349 440 quo
3370 375 3530 427 tanta

254 452 304 518 (Ι
325 450 448 504 Cor.
482 463 574 509 xv,
621 447 733 516 lil).
766 447 927 501 Unde
980 452 1038 501 et
1081 447 1172 501 hic
1206 447 1446 502 dicitur:
1496 451 1601 503 Pro
1637 450 1721 502 his
1757 450 1858 517 qui

250 538 769 601 commutabantur,
802 536 883 589 vel
913 552 1013 604 pro
1030 538 1301 606 floribus;
1345 537 1613 608 quoniam
1661 553 1855 591 omnes

250 627 541 682 ﬂorebunt
566 626 624 679 in
652 624 811 679 atriis
839 624 1040 678 domus
1069 624 1187 681 Dei.
1224 626 1287 679 Et
1309 626 1453 679 sicut
1480 626 1667 680 differt
1694 627 1857 680 stella

249 734 286 771 a
316 717 501 782 stella,
529 715 610 769 ita
638 715 740 767 ﬂos
766 730 801 767 a
820 714 974 767 ﬂore.
998 714 1083 768 Ita
1108 719 1171 768 ut
1190 714 1501 785 virginitas,
1527 715 1672 786 quod
1691 731 1858 785 gene-

247 805 374 859 rale
395 810 482 859 est
509 803 661 857 omni
694 802 948 856 Ecclesiae
969 803 1287 873 specialiter
1317 803 1448 858 liliis
1466 804 1523 857 in
1550 803 1856 873 virginibus

249 896 637 963 comparetur.
663 889 996 963 martyrium
1027 906 1155 943 vero
1195 891 1336 944 rosis
1372 891 1752 957 vernantibus,
1795 896 1858 945 ut

247 980 463 1052 singuli
494 978 729 1049 singulis
767 980 883 1033 suis
920 979 1136 1049 fulgore
1166 985 1524 1050 coaequentur
1544 978 1853 1052 speciebus,

249 1070 336 1125 ita
364 1075 432 1125 ut
451 1068 839 1140 unusquisque
870 1085 1063 1123 eorum
1105 1086 1205 1123 suo
1236 1075 1307 1137 et
1335 1070 1545 1123 Christi
1567 1086 1858 1141 respersus

248 1158 549 1230 sanguine,
582 1174 647 1211 ac
678 1156 724 1211 si
750 1173 878 1211 rosa
905 1157 963 1211 in
996 1156 1276 1224 Hiericho,
1310 1157 1511 1212 rubeat
1553 1159 1855 1230 speciosus,

249 1250 312 1300 et
340 1246 412 1299 de
443 1244 586 1300 bello
611 1261 739 1299 cum
760 1243 982 1298 Christo
1009 1243 1180 1298 simul
1209 1244 1279 1297 ad
1309 1260 1543 1315 regnum
1574 1251 1733 1299 exeat
1745 1245 1862 1316 glo-

250 1335 463 1389 riosus.
502 1334 812 1405 Virginitas
844 1349 969 1387 vero
1007 1334 1247 1387 candore
1281 1333 1378 1387 lilii
1409 1334 1610 1389 vestita
1632 1339 1863 1406 propter

248 1423 755 1495 incorruptionem,
800 1428 858 1477 et
894 1423 1018 1494 ipsa
1050 1428 1213 1477 exeat
1249 1422 1419 1477 etiam
1462 1424 1676 1495 angelis
1728 1440 1862 1478 coae-

249 1513 503 1584 quanda.

1938 446 2304 501 odoramenta
2333 447 2600 501 virtutum
2626 449 2865 521 fragant,
2898 453 3016 524 ipse
3040 472 3141 527 per
3169 473 3228 511 se
3242 458 3405 528 juxta
3425 461 3534 516 ele-

1938 536 2139 589 ctionis
2165 536 2407 604 gratiam
2434 537 2896 607 possideatintus.
2930 544 2993 597 In
3016 561 3125 615 quo
3155 563 3289 616 agro
3320 548 3437 619 ipse
3462 550 3535 604 vi-

1936 624 2011 678 tis
2039 629 2124 678 est
2153 641 2299 681 vera,
2328 624 2397 678 de
2418 643 2529 696 qua
2557 636 2899 698 propagatur
2927 634 3109 687 omnis
3140 635 3387 691 Ecclesia
3405 654 3535 693 cum

1937 728 2230 783 pomorum
2262 713 2549 767 fructibus.
2610 715 2961 787 Quapropter
3014 727 3261 787 ιπευ
3289 723 3429 780 bene
3474 725 3535 779 in

1939 800 2182 855 Canticis
2202 818 2468 872 sponsum
2504 802 2700 857 invitat
2719 821 2924 875 sponsa
2951 807 3139 863 dicens
3164 829 3174 861 :
3224 813 3366 878 Veni,
3401 815 3536 868 ditc-

1938 893 2017 943 cie
2036 893 2135 954 mi,
2162 892 2514 958 egrediantur
2545 894 2604 945 in.
2624 909 2848 959 agrum,
2865 912 3269 952 commoremur
3290 904 3349 954 in
3362 905 3530 969 villis,

1939 994 2102 1032 mane
2132 994 2429 1045 surgamus
2444 982 2517 1033 ad
2540 983 2744 1047 vineas,
2765 985 3046 1038 rideamus
3064 989 3114 1038 si
3137 990 3332 1056 ﬂoruit
3351 992 3531 1072 vinea,

1940 1068 1990 1119 ,ςί
2010 1068 2171 1136 ﬂores
2198 1068 2416 1134 fructus
2442 1073 2793 1136 parturiunt,
2818 1076 2868 1126 si
2894 1077 3209 1142 ﬂoruerunt
3245 1079 3399 1133 mala
3423 1068 3537 1149 pa;

1942 1158 2069 1209 nica
2092 1155 2276 1223 (Cant.
2309 1171 2382 1222 1v,
2420 1154 2514 1224 l3;
2547 1170 2643 1221 vn,
2670 1157 2781 1226 1|).

2014 1242 2181 1297 Novit
2233 1243 2407 1314 igitur
2451 1261 2674 1315 sponsa,
2718 1246 2871 1301 novit
2906 1255 2964 1302 et
3013 1266 3143 1306 vera
3172 1253 3346 1325 virgo,
3387 1256 3536 1327 quod

1944 1347 2179 1402 sponsus
2192 1332 2293 1385 ﬂos
2312 1332 2493 1403 campi
2522 1339 2672 1387 totus
2689 1335 2838 1389 vadit
2854 1336 2913 1390 in
2929 1338 3192 1407 fructum,
3217 1349 3274 1396 et
3292 1343 3535 1399 delecta-

1947 1426 2043 1473 tur
2069 1420 2126 1473 in
2156 1420 2406 1474 ﬂoribus.
2436 1421 2567 1476 Ideo
2595 1439 2725 1476 eum
2758 1431 2922 1495 rogat
2963 1433 3021 1481 et
3048 1428 3309 1485 hortatur
3346 1433 3537 1502 egredi

1949 1508 2005 1561 in
2027 1524 2245 1578 agrum,
2291 1510 2569 1581 ﬂoresque
2597 1511 2771 1566 vineae
2821 1513 3079 1581 invisere,
3113 1518 3244 1588 quia
3270 1520 3389 1574 sine
3417 1521 3538 1593 ipso

353 1608 392 1668 ι
410 1601 771 1668 zaaUnde
791 1617 920 1655 reor
945 1599 1171 1655 beatum
1199 1601 1472 1655 Hilarium
1489 1600 1548 1654 in
1568 1600 1920 1680 Evangelio_
1948 1597 2189 1651 fructum
2227 1598 2374 1653 ferre
2420 1615 2534 1654 non
2588 1606 2839 1671 possunt.
2873 1602 3161 1660 Promittit
3197 1608 3366 1662 etiam
3392 1610 3541 1680 quod

248 1700 311 1746 et
334 1691 393 1745 in
420 1690 541 1764 loco
571 1689 670 1744 ubi
714 1690 796 1744 ait
841 1690 1097 1744 Salvator
1128 1710 1139 1744 :
1173 1692 1517 1746 Considerate
1555 1693 1680 1744 lilia
1710 1693 1858 1757 agri,
1881 1673 1925 1732 Β
1949 1685 2333 1755 mandragorae
2356 1687 2475 1757 jam
2508 1688 2566 1742 in
2596 1689 2772 1759 portis
2801 1690 3060 1747 dederint
3095 1695 3322 1750 odorem
3351 1673 3537 1752 su-um.

246 1779 525 1848 quomodo
588 1783 837 1831 crescunt
879 1778 1094 1843 (Matth.
1136 1792 1208 1843 γι,
1247 1775 1355 1844 ‘28),
1412 1781 1469 1832 et
1504 1782 1704 1848 caetera
1742 1793 1864 1847 quae

247 1847 592 1938 sequuntur,
623 1867 693 1920 de
718 1866 936 1937 angelis
966 1866 1176 1920 dictum
1209 1866 1335 1920 ideo
1364 1847 1705 1930 intelliicisse,
1733 1866 1865 1936 quia

252 1956 557 2026 virginitas
594 1972 719 2025 quae
757 1955 971 2025 angelis
999 1960 1375 2026 comparatur,
1408 1971 1509 2025 per
1538 1953 1657 2007 lilia
1695 1971 1863 2025 quam

249 2061 407 2116 saepe
446 2044 506 2098 in
542 2043 847 2114 Scripturis
875 2044 1047 2098 sacris
1076 2044 1485 2114 praeﬁguratur.
1520 2044 1589 2097 Et
1612 2044 1737 2098 ideo
1777 2044 1863 2097 di-

251 2134 407 2188 xerit
425 2132 718 2197 Dominus,
734 2132 881 2202 quod
905 2148 1000 2185 nec
1023 2132 1283 2186 Salomon
1294 2136 1358 2186 in
1374 2136 1530 2185 omni
1546 2136 1731 2201 gloria
1760 2148 1862 2186 sua

252 2226 541 2290 coopertus
568 2220 642 2274 sit
667 2224 809 2273 sicut
833 2237 1014 2273 unum
1055 2237 1122 2273 ea:
1160 2224 1278 2273 istis
1309 2222 1528 2283 (Matth.
1552 2235 1628 2283 γι,
1654 2221 1763 2287 ς29).
1798 2222 1862 2276 In

255 2309 470 2382 quibus
498 2309 766 2363 nimirum
801 2308 1029 2362 ﬂoribus
1066 2308 1273 2362 retinet
1292 2308 1445 2363 intus
1465 2310 1617 2364 ﬂoris
1646 2311 1762 2364 veri
1781 2310 1865 2364 in-

255 2397 571 2468 corruptio,
600 2403 658 2451 et
686 2396 1041 2467 pulchritudo
1056 2413 1157 2468 per
1175 2397 1505 2451 charitatem
1525 2398 1757 2469 integra:
1775 2416 1871 2453 ca-

258 2486 499 2541 stitatis.
537 2486 776 2557 PrOpter
803 2486 948 2556 quod
980 2486 1140 2539 velim
1171 2503 1267 2540 vos
1305 2486 1677 2553 considerare,
1712 2489 1872 2559 virgi-

252 2575 413 2630 nitas
440 2590 608 2645 quam
628 2576 896 2645 prmclara
922 2574 1013 2635 sit,
1048 2591 1169 2646 quae
1185 2574 1359 2629 tantis
1383 2580 1441 2629 et
1467 2575 1672 2631 talibus
1701 2579 1870 2632 attol-

255 2664 402 2718 litur
417 2661 730 2734 pmconiis.
753 2662 898 2716 Nam
928 2667 993 2715 ut
1018 2662 1202 2716 fassus
1217 2679 1363 2727 sum,
1387 2662 1609 2718 duobus
1629 2665 1873 2721 Ecclesia

252 2751 606 2822 generaliter
666 2750 791 2804 istis
829 2757 1187 2821 comparatur
1248 2751 1500 2815 floribus,
1541 2769 1664 2823 quae
1712 2754 1875 2809 rubet

1946 1770 2105 1824 Unde
2137 1786 2283 1824 unus
2313 1788 2508 1826 eorum
2540 1772 2726 1827 aiebat
2757 1776 2852 1844 qui
2864 1784 3039 1846 portae
3065 1778 3345 1847 dicuntur,
3361 1784 3540 1837 Bonus

1946 1860 2079 1913 odor
2095 1875 2289 1913 sumus
2305 1862 2403 1914 Dei
2440 1863 2503 1914 in
2523 1865 2683 1915 omni
2720 1866 2830 1916 loco
2844 1865 2887 1925 (1
2900 1866 3020 1920 Cor.
3045 1881 3105 1931 n,
3126 1866 3540 1937 15).Verumta-

1948 1963 2076 2000 men
2104 1963 2268 2001 nemo
2294 1948 2363 2001 ad
2385 1949 2501 2002 haec
2528 1948 2780 2003 idoneus.
2817 1951 2924 2004 Sed
2951 1968 3115 2006 nemo
3149 1970 3209 2008 se
3237 1956 3536 2024 deterreat,

1945 2051 2073 2089 cum
2095 2035 2252 2090 audit
2270 2036 2372 2090 hos
2399 2042 2514 2090 tam
2546 2038 2853 2109 praecipuos
2873 2040 2930 2092 in
2951 2057 3086 2110 agro
3105 2042 3327 2098 Domini
3343 2046 3543 2100 ﬂorere

1945 2130 1999 2179 et
2027 2125 2278 2196 fragrare
2305 2131 2420 2179 tam
2478 2126 2768 2181 immensis
2814 2127 3086 2183 virtutum
3145 2131 3539 2189 odoramentis.

1946 2215 2089 2268 Sunt
2116 2214 2321 2268 etenim
2352 2214 2410 2268 in
2430 2214 2550 2286 ipso
2573 2216 2768 2269 eodem
2799 2212 2933 2286 agro
2967 2218 3266 2290 Evangelii,
3298 2221 3432 2287 lilia,
3458 2240 3546 2278 ro-

1946 2320 2041 2369 sae,
2075 2303 2285 2357 nardus
2339 2309 2396 2357 et
2439 2321 2651 2370 crocus,
2688 2305 3038 2377 humilesque
3086 2309 3261 2374 violae,
3295 2328 3417 2381 quae
3445 2328 3547 2367 suo

1951 2392 2181 2446 vincunt
2197 2409 2502 2464 purpuram
2536 2394 2685 2464 regis
2717 2394 3023 2449 muriceam
3081 2398 3284 2452 colore.
3313 2400 3455 2454 Sunt
3492 2405 3551 2455 et

1952 2480 2267 2551 heliotropii
2298 2482 2480 2549 ﬂores,
2528 2482 2624 2553 qui
2680 2484 2927 2553 profecto
2968 2485 3219 2554 gaudent
3261 2488 3333 2541 ad
3361 2495 3550 2544 ortum

1952 2568 2103 2631 solis,
2137 2570 2294 2639 cujus
2323 2570 2645 2625 colorantur
2684 2571 2837 2626 intus
2869 2572 3065 2627 forisve
3106 2575 3341 2645 fulgore,
3374 2583 3431 2631 et
3460 2595 3552 2633 se-

1955 2663 2205 2728 quuntur
2214 2664 2485 2728 quantum
2499 2659 2580 2713 fas
2601 2665 2687 2714 est
2704 2667 2830 2731 post
2842 2661 3095 2732 vestigia,
3111 2664 3188 2717 ita
3208 2671 3272 2718 ut
3298 2666 3551 2721 nesciant

1954 2746 2063 2800 nisi
2080 2747 2252 2801 solem
2270 2747 2781 2818 inspicere.ldcirco
2807 2766 2871 2803 ac
2889 2750 2936 2804 si
2954 2755 3114 2806 nocte
3133 2769 3228 2807 vos
3249 2754 3549 2821 clausistis,

260 2838 481 2893 Christi
503 2854 761 2910 respersa
785 2839 1094 2909 sanguine;
1125 2856 1384 2911 respersa
1422 2839 1556 2894 foris
1586 2841 1870 2913 intusque,
1955 2835 2320 2903 charissimze,
2351 2842 2415 2890 ut
2439 2837 2510 2891 ad
2539 2844 2724 2892 ortum
2753 2838 2886 2892 solis
2910 2840 3123 2906 aeterni,
3147 2858 3275 2896 mox
3292 2859 3358 2897 ac
3382 2844 3428 2899 si
3459 2860 3552 2899 re-

264 2927 410 2998 quia
444 2926 504 2980 in
534 2933 773 2998 utroque
817 2928 1108 2981 coccineus
1153 2928 1306 2982 color
1332 2934 1435 2994 est,
1480 2936 1537 2983 et
1572 2930 1776 2984 candet
1812 2939 1876 2987 ut
1957 2929 2122 2992 natae,
2147 2926 2279 2996 quia
2324 2926 2585 2981 tenebras
2606 2928 2880 2993 nescistis,
2904 2930 3131 2999 possitis
3161 2933 3441 3005 suscipere
3471 2935 3555 2990 lu-

263 3016 476 3084 lilium,
508 3016 577 3070 de
603 3033 715 3087 qua
740 3016 944 3070 dicitur
968 3036 979 3068 :
1009 3016 1163 3072 Sicut
1196 3020 1385 3070 lilium
1410 3019 1778 3087 interspinas,
1801 3025 1882 3077 sic
1901 3027 2107 3086 Cmen.
2147 3015 2291 3069 Sunt
2311 3016 2516 3069 etenim
2543 3032 2827 3071 sacrarum
2862 3018 3275 3090 Scripturarum
3306 3022 3555 3080 caelestes

256 3109 450 3160 amica
482 3121 608 3159 mea
643 3108 793 3159 inter
833 3107 980 3172 ﬁlias
1029 3105 1208 3170 (Cant.
1246 3121 1302 3171 ιι,
1342 3104 1417 3176 2).
1447 3106 1580 3170 Quae
1621 3110 1875 3176 quamvis
1955 3102 2051 3156 alii
2081 3104 2479 3174 quamplurimi
2503 3106 2682 3169 ﬂores,
2735 3106 2793 3160 in
2816 3105 3018 3177 quibus
3059 3110 3374 3166 animarum
3404 3114 3557 3184 agri-

253 3194 774 3266 impmsentiarum
805 3193 954 3247 inter
993 3194 1169 3248 malos
1206 3200 1475 3261 versetur,
1510 3201 1632 3251 tota
1676 3197 1876 3252 ﬂorida
1959 3193 2466 3248 culturaformatur
2483 3195 2788 3265 passim,et
2814 3196 3112 3252 decoratur
3129 3200 3336 3255 Christi
3368 3203 3557 3258 Eccle-

258 3290 353 3338 est
377 3285 521 3355 ipsa,
563 3290 621 3337 et
660 3283 861 3337 decora
886 3282 1074 3348 nimis,
1109 3283 1301 3337 multis
1334 3291 1597 3339 exornata
1622 3287 1873 3341 muneri-

254 3371 387 3427 bus.
409 3372 521 3426 Sed
553 3372 686 3442 quia
704 3371 946 3425 scribere
972 3371 1193 3426 decrevi
1218 3371 1287 3425 ad
1315 3372 1579 3441 virgines,
1596 3391 1870 3446 verasque

258 3461 480 3527 viduas,
505 3461 785 3514 malestem
817 3460 988 3514 vitam
1020 3467 1270 3531 agentes,
1296 3462 1769 3533 Opportunissime
1798 3463 1874 3518 vi-

260 3566 392 3606 sum
421 3555 526 3615 est,
562 3549 732 3603 etiam
771 3549 905 3619 quia
932 3549 1098 3603 ﬂores
1128 3550 1373 3620 paradisi
1403 3556 1553 3616 sunt,
1589 3556 1655 3605 ut
1684 3552 1755 3605 ad
1775 3567 1871 3607 eas

265 3637 338 3692 de
377 3637 574 3691 multis
613 3636 918 3691 edisseram
948 3636 1195 3702 ﬂoribus,
1231 3637 1288 3691 in
1323 3637 1523 3709 quibus
1562 3639 1873 3694 delectatur

261 3742 528 3798 sponsus.
566 3726 721 3780 Unde
752 3725 999 3780 Ecclesia
1023 3725 1079 3779 in
1112 3725 1390 3781 Canticis:
1421 3730 1625 3782 Fulcite
1655 3746 1757 3795 me,
1780 3730 1869 3783 in-

257 3815 404 3887 quit,
437 3814 693 3884 ﬂoribus,
724 3816 922 3883 stipata
951 3831 1035 3869 me
1063 3818 1249 3879 malis,
1272 3820 1405 3885 quia
1432 3832 1620 3870 amore
1637 3820 1869 3886 iangueo

257 3906 440 3974 (Cant.
473 3918 533 3970 Il,
564 3902 637 3974 5).
672 3903 778 3958 Sed
803 3902 935 3974 quia
964 3903 1141 3957 multa
1176 3905 1376 3958 ﬂorum
1413 3905 1729 3960 diﬂerentia
1760 3911 1865 3971 est,

256 3993 507 4048 orandus
535 3998 625 4047 est
653 3992 894 4064 Spiritus
914 3998 1159 4059 sanctus,
1189 3998 1253 4047 ut
1272 3994 1470 4064 perﬂet
1488 4010 1686 4064 agrum
1708 4011 1868 4049 men-

256 4081 352 4146 tis,
404 4086 475 4135 ut
517 4097 586 4135 ex
624 4096 690 4134 eo
727 4081 1016 4151 proﬂuant
1050 4085 1305 4135 aromata
1328 4081 1507 4136 'illius
1529 4122 1543 4147 ,
1586 4082 1718 4154 quia
1754 4099 1865 4136 non

265 4169 498 4224 aliunde
529 4169 866 4223 fecundatur
892 4169 982 4223 hic
1028 4185 1163 4240 ager
1188 4168 1469 4237 Ecclesiae,
1494 4171 1601 4225 nisi
1632 4188 1694 4225 ex
1724 4171 1870 4226 infu-

262 4259 422 4313 sione
457 4258 701 4329 Spiritus
729 4258 928 4312 sancti.
953 4259 1065 4312 Iste
1119 4275 1361 4329 namque
1389 4276 1525 4329 ager
1550 4266 1635 4315 est
1663 4277 1728 4315 ex
1757 4278 1867 4332 quo

1956 3281 2057 3335 sia.
2092 3282 2156 3336 In
2187 3282 2387 3352 quibus
2426 3288 2693 3354 operatur
2738 3284 3028 3354 virginitas
3073 3287 3178 3341 sibi
3205 3305 3457 3358 coronas,
3500 3298 3558 3347 et

1955 3386 2159 3440 sponso
2215 3370 2400 3424 dulcia
2437 3370 2646 3424 caelesti
2705 3388 2830 3425 rore
2877 3374 3156 3446 constipat
3202 3378 3387 3432 mella.
3418 3380 3555 3444 Quis

1954 3458 2101 3512 enim
2136 3459 2350 3513 nesciat
2375 3459 2523 3529 quod
2553 3459 2817 3529 pudicitia
2846 3461 3150 3531 virginalis,
3198 3482 3297 3521 seu
3326 3469 3553 3524 castitas
3604 3527 3621 3542 ε

1953 3547 2207 3607 vidualis,
2227 3546 2378 3600 aliud
2409 3547 2628 3617 operari
2650 3563 2759 3601 non
2780 3556 3007 3614 norunt,
3025 3550 3130 3604 nisi
3148 3551 3208 3605 in
3237 3553 3439 3623 quibus
3459 3556 3553 3610 de-

1951 3637 2192 3690 lectatur
2215 3633 2497 3707 sponsus?
2523 3636 2657 3690 Inde
2686 3641 2773 3689 est
2792 3637 2939 3707 quod
2981 3639 3140 3709 quasi
3169 3656 3300 3711 apes
3326 3649 3550 3699 sancta-

1951 3741 2077 3779 rum
2099 3724 2513 3795 Scripturarum
2532 3723 2760 3794 carpitis
2775 3724 2955 3781 ﬂores
2976 3727 3239 3796 quoniam
3259 3733 3358 3797 qui
3372 3736 3549 3799 pasci-

1953 3818 2048 3866 tur
2079 3817 2228 3867 inler
2258 3816 2382 3867 lilia
2414 3811 2593 3880 (Cant.
2614 3827 2686 3879 v1,
2705 3811 2778 3882 2),
2810 3815 3196 3869 totusvaditin
3217 3816 3468 3888 ﬂoribus,
3486 3820 3545 3875 in

1950 3900 2180 3955 ﬂoribus
2213 3901 2542 3966 delectatur,
2569 3906 2625 3954 et
2652 3917 2764 3955 non
2784 3900 2841 3955 in
2873 3902 2998 3956 aliis
3026 3902 3367 3973 quibuslibet
3388 3907 3544 3962 ﬂori-

1946 3988 2070 4057 bus,
2085 3991 2193 4045 nisi
2214 3990 2381 4062 quiin
2402 3990 2648 4044 convalle
2667 3989 3003 4046 humilitatis
3014 3992 3325 4047 ﬂoruerint.
3358 3993 3545 4049 Floret

1953 4079 2102 4133 enim
2122 4079 2462 4149 virginitatis
2483 4078 2540 4133 in
2566 4079 2812 4133 convalle
2830 4080 3362 4152 lacrymarum,dum
3393 4099 3543 4137 sem-

1949 4184 2051 4239 per
2072 4184 2135 4221 ea
2156 4167 2397 4222 intendit
2411 4173 2617 4232 mente,
2640 4183 2762 4238 quae
2773 4167 3108 4222 humilitatis
3124 4174 3404 4240 sunt,qure
3419 4188 3540 4225 cas-

1950 4256 2145 4323 titatis;
2169 4256 2433 4327 quoniam
2455 4272 2582 4311 eum
2600 4257 2790 4310 ﬂorem
2803 4263 2991 4327 portat
3008 4257 3064 4311 in
3088 4264 3309 4329 pectore
3339 4260 3435 4330 qui
3455 4267 3543 4315 est

266 4348 425 4402 Isaac
452 4347 525 4401 de
552 4346 671 4401 ﬁlio
704 4367 719 4402 :
748 4347 875 4401 Ecce
905 4348 1037 4401 odor
1075 4348 1187 4414 ﬁlii
1215 4350 1343 4412 mei,
1393 4350 1534 4402 sicut
1581 4351 1713 4402 odor
1738 4353 1866 4417 agri
1885 4340 1931 4398 D
1951 4348 2137 4399 lilium
2169 4349 2505 4399 convallium
2537 4345 2711 4409 (Cant.
2746 4358 2803 4409 ll,
2862 4346 2937 4415 1),
2972 4353 3028 4399 et
3055 4346 3251 4401 crescit
3275 4347 3331 4400 in
3361 4348 3538 4402 hortis

260 4439 617 4505 pleni,qucm
641 4437 1197 4490 benedixitllominus
1216 4436 1360 4499 (Gen.
1405 4450 1568 4499 xxvn,
1602 4434 1711 4504 27).
1746 4437 1865 4491 Ple-

260 4540 367 4579 nus
396 4530 486 4579 est
509 4523 601 4578 hic
630 4539 766 4594 ager
796 4523 1044 4588 ﬂoribus,
1065 4524 1264 4597 plenus
1292 4530 1512 4579 aeternae
1540 4525 1663 4578 vitae
1683 4525 1865 4580 odori-

263 4612 385 4681 bus,
413 4614 474 4668 in
508 4630 622 4684 quo
654 4613 919 4667 nimirum
948 4614 1249 4669 thesaurus
1296 4614 1389 4669 ille
1425 4614 1783 4669 absconditus
1806 4613 1863 4667 in

264 4702 569 4773 Evangelia
597 4702 899 4769 invenitur,
922 4719 1023 4773 pro
1054 4718 1164 4772 quo
1188 4702 1378 4756 ﬁdeles
1405 4703 1593 4756 omnia
1618 4703 1866 4757 vendunt

263 4808 386 4853 sua,
419 4791 518 4862 qui
550 4791 672 4860 ejus
694 4806 886 4844 amore
912 4790 1227 4861 rapiuntur,
1258 4797 1315 4844 et
1351 4792 1668 4861 relinquent
1691 4792 1861 4845 etiam

265 4886 325 4934 et
349 4881 587 4951 seipsos,
620 4886 679 4933 et
700 4878 768 4933 ad
799 4895 975 4933 unum
998 4878 1323 4949 perveniant
1335 4881 1547 4934 ﬂorem.
1573 4880 1666 4951 qui
1695 4881 1763 4935 de
1780 4897 1863 4935 se-

262 4969 385 5041 ipso
406 4970 489 5023 ait
507 4968 569 5022 in
589 4967 834 5022 Canticis
859 4986 870 5021 :
897 4968 1004 5036 Ego
1023 4971 1119 5037 ﬂos
1137 4972 1337 5036 campi,
1360 4974 1410 5021 et
1432 4972 1618 5022 tilium
1649 4973 1864 5024 conval-

269 5061 411 5113 lium
432 5059 622 5129 (Cant.
655 5070 715 5121 ιι,
747 5057 823 5111 li.
875 5057 1050 5127 Cujus
1104 5057 1294 5128 itaque
1322 5058 1506 5129 campi
1554 5058 1865 5112 fecunditas

265 5161 493 5216 semper
521 5160 653 5198 cum
683 5144 798 5199 Deo
826 5161 947 5199 esse
973 5145 1194 5199 dicitur.
1234 5145 1313 5199 De
1344 5162 1453 5216 quo
1475 5144 1608 5198 alibi
1632 5144 1691 5198 in
1716 5145 1866 5216 psal-

266 5251 380 5299 mo,
412 5250 542 5289 cum
564 5232 950 5305 descripsisset
969 5234 1116 5304 quod
1146 5234 1336 5289 omnia
1367 5251 1489 5305 quae
1513 5234 1634 5288 caeli
1664 5250 1727 5288 ac
1746 5239 1868 5287 ter-

266 5328 521 5385 msunt,
579 5339 682 5377 sua
733 5333 938 5387 essent,
969 5329 1019 5377 et
1069 5324 1446 5393 pulchritudo,
1478 5322 1683 5394 inquit,
1741 5325 1869 5391 agri

264 5430 480 5483 semper
507 5429 723 5467 mecum
748 5418 823 5466 est
853 5415 1017 5477 (Psal.
1036 5429 1175 5480 XLIX,
1209 5412 1318 5471 ll).
1367 5412 1488 5477 Quo
1525 5411 1772 5484 profecto
1800 5410 1869 5465 li-

269 5507 426 5575 quet,
456 5501 567 5558 etsi
594 5501 878 5574 possideat
899 5501 1091 5557 omnia
1116 5518 1217 5574 per
1241 5501 1550 5574 majestatis
1569 5517 1684 5558 suae
1698 5500 1875 5557 domi-

1946 4434 2269 4488 deliciarum
2302 4450 2443 4504 quos
2489 4433 2698 4488 irrorat
2730 4433 2972 4504 Spiritus
3010 4442 3254 4491 sanctus.
3288 4435 3393 4500 Qui
3424 4436 3538 4491 sint

1946 4529 2133 4577 autem
2165 4523 2311 4576 horti
2337 4522 2681 4590 deliciarum,
2704 4523 2823 4593 ipse
2844 4540 3082 4595 sponsus
3110 4524 3461 4580 demonstrat
3478 4524 3537 4580 in

1946 4610 2220 4665 Canticis:
2251 4613 2915 4665 ﬂortusconclusussorm'
2956 4630 3073 4666 mea
3108 4630 3321 4682 sponsa,
3346 4615 3537 4669 hortus

1945 4703 2250 4763 conclusus,
2280 4700 2404 4766 fons
2431 4702 2683 4767 signatus
2709 4699 2891 4767 (Cant.
2925 4713 2999 4766 ιν,
3039 4701 3123 4767 12)
3156 4721 3168 4765 ς
3203 4720 3268 4757 eo
3300 4704 3448 4774 quod
3476 4704 3536 4758 in

1945 4787 2122 4841 hortis
2148 4787 2464 4857 bujusmodi
2514 4787 2613 4841 Dei
2669 4787 2942 4858 impressa
2995 4789 3297 4859 signaculis
3351 4793 3537 4862 imago

1944 4877 2479 4940 servaturinvoluta,
2508 4876 2867 4929 sincerissimi
2913 4876 3080 4932 fontis
3109 4880 3259 4933 unda
3289 4881 3534 4951 pexfusa.

1945 4966 2026 5021 De
2064 4982 2174 5036 quo
2232 4966 2442 5019 dictum
2497 4970 2582 5018 est
2648 4964 2718 5018 ad
2775 4965 3043 5020 Patrem:
3081 4969 3348 5035 Quoniam
3387 4970 3539 5038 apud

1949 5060 1996 5109 te
2024 5060 2099 5109 est
2127 5057 2249 5122 fons
2267 5058 2388 5107 vita:
2421 5056 2579 5123 (Psal.
2601 5067 2753 5117 xxxv,
2788 5053 3002 5119 12).Qui
3026 5057 3266 5127 profecto
3296 5064 3331 5121 |
3349 5062 3530 5123 24|

1946 5144 2072 5197 fons
2096 5143 2235 5196 bene
2268 5142 2323 5195 in
2362 5141 2526 5195 corde
2548 5141 2778 5211 virginis
2817 5143 3070 5213 signatus
3127 5145 3307 5200 oritur
3334 5151 3390 5199 et
3415 5146 3542 5200 ﬂuit

1943 5232 2172 5302 jugitcr,
2193 5237 2255 5285 ut
2276 5230 2471 5299 irriget
2493 5229 2781 5285 universos
2801 5232 3127 5286 deliciarum
3152 5234 3315 5287 ﬂores
3333 5240 3389 5288 et
3400 5236 3544 5289 fruc-

1949 5324 2040 5373 tus
2060 5318 2322 5390 paradisi,
2356 5318 2413 5371 id
2445 5324 2529 5372 est
2558 5318 2876 5391 heliotropii
2916 5321 3098 5384 ﬂores,
3132 5321 3201 5375 de
3231 5321 3433 5391 quibus
3464 5323 3544 5376 di-

1951 5425 2160 5474 xeram,
2190 5407 2283 5479 qui
2313 5406 2571 5461 nesciunt
2598 5408 2845 5479 aspicere
2875 5408 2983 5462 nisi
3014 5409 3190 5463 solem
3223 5410 3542 5476 (.liristum;

1955 5497 2211 5554 nesciunt
2235 5496 2485 5567 gaudere
2512 5496 2620 5552 nisi
2651 5497 2720 5552 de
2770 5496 3023 5552 claritate
3052 5502 3109 5551 et
3128 5497 3311 5553 calore
3340 5497 3507 5555 Verbi
3533 5516 3545 5553 :
