3918 6166
513 249 646 304 1007

1275 251 1330 305 S.
1375 252 1746 308 PASCHASII
1788 251 2147 308 RADBERTI
2186 248 2490 307 ABBATIS
2533 245 3025 304 CORBEIENSIS.

3577 247 3681 306 l008

507 375 585 433 ita
605 380 669 429 ut
697 375 886 430 videas
914 376 972 429 in
1001 375 1236 429 meridie
1264 376 1512 445 ejusdem
1538 376 1690 430 ﬂoris
1720 376 1994 432 orbiculos
2017 395 2104 431 ex-
2121 374 2834 443 Aconvolastis,unamque
2858 387 3094 442 praeesse
3107 368 3251 425 vobis
3267 369 3508 440 elegistis;
3532 380 3686 442 quate-

504 469 694 520 tensos
727 470 783 519 et
810 465 1090 529 dilatatos,
1124 466 1180 518 in
1207 471 1426 518 tantum
1457 470 1520 518 ut
1545 481 1719 536 gyrus
1749 467 1998 537 ejusdem
2022 468 2103 520 la-

508 555 621 608 tior
648 555 706 608 in
735 554 866 609 orbe
889 571 1055 626 quam
1084 554 1157 607 sit
1179 570 1293 625 prae
1311 553 1518 624 gaudio
1538 554 1793 608 videatur
1831 556 2102 627 Expansis

508 644 750 698 ﬂosculis
779 650 939 715 putes
961 661 1053 697 eos
1082 643 1288 696 sentire
1309 659 1373 695 ac
1400 642 1576 696 laetari
1605 660 1717 715 prae
1747 645 1999 698 claritate
2023 646 2105 699 lu-

509 733 698 787 minis.
727 733 1001 787 Fortassis
1031 749 1162 802 ergo
1192 733 1362 784 sentit
1382 734 1863 804 natura,quamvis
1879 751 2106 789 sensum

508 839 621 876 non
646 821 853 875 habeat
881 821 1177 886 sentiendi,
1217 827 1274 875 et
1297 821 1607 892 interrogat
1639 822 1774 876 illud
1815 824 1883 877 de
1912 825 2105 878 Canti-

506 911 630 964 ticis
663 928 674 962 :
713 911 810 963 Ubi
824 913 1020 978 pascis,
1050 913 1148 964 ubi
1171 913 1371 964 cubas?
1396 911 1499 966 Cui
1527 911 1732 966 dicitur
1758 915 1820 966 in
1854 915 2102 968 meridie.

508 999 578 1052 Et
606 998 737 1068 quia
765 998 824 1051 in
857 999 1092 1052 meridie
1138 1015 1376 1070 sponsus
1421 999 1671 1070 pascitur
1716 1000 1865 1054 inter
1895 1001 2012 1055 lilia
2047 1006 2104 1055 et

506 1086 804 1140 umbratur
824 1087 880 1140 in
912 1087 1089 1142 hcitis
1118 1088 1464 1153 deliciarum,
1491 1089 1619 1158 jure
1639 1090 1804 1144 flores
1831 1089 2104 1144 virtutum

507 1175 912 1231 ofﬁciosissime
942 1193 1001 1231 se
1031 1177 1288 1248 pandunt
1315 1183 1372 1231 et
1390 1177 1787 1245 dilatantur,ut
1800 1180 2108 1251 suscipiant

507 1265 784 1334 fulgorem
832 1265 946 1319 veri
1001 1265 1153 1332 solis,
1195 1271 1252 1320 et
1287 1267 1689 1322 confoveantur
1743 1267 1895 1323 intus
1923 1269 2107 1323 calore

503 1353 694 1408 Verbi.
728 1354 937 1408 Idcirco
974 1371 1306 1426 quocunque
1343 1356 1597 1426 gyrando
1626 1357 1708 1410 sol
1736 1357 1904 1424 vadit,
1929 1374 1990 1412 se
2017 1358 2106 1412 in-

505 1443 984 1514 clinant,eumque
1004 1461 1225 1516 semper
1241 1445 1563 1516 inspiciunt.
1595 1445 1930 1501 humilitatis
1950 1446 2106 1502 obse-

2187 481 2292 518 nus
2311 465 2377 517 ad
2411 463 2589 517 instar
2607 478 2821 526 earum,
2847 459 2976 531 quia
3003 459 3073 512 de
3103 473 3196 512 ore
3223 458 3541 529 prudentium
3564 461 3691 514 mella

2186 553 2512 624 procedunt.
2546 553 2661 606 Deo
2681 553 2833 606 favos
2862 557 2920 604 et
2946 549 3187 604 fructum
3213 548 3327 604 vitia
3353 548 3692 603 reddatis.Vere

2185 642 2488 696 alvearium
2511 640 2828 695 monasticae
2857 638 3161 710 disciplina:
3183 639 3306 707 jure
3331 637 3410 691 hic
3429 638 3558 692 locus
3576 653 3696 692 voca-

2187 738 2299 794 tur,
2331 748 2440 803 quo
2473 737 2684 786 aeterna
2709 731 2968 784 clausura
2993 745 3092 782 vos
3120 727 3423 786 obserastis.
3436 743 3496 780 ne
3520 727 3624 780 ullis
3637 727 3696 780 in-

2188 821 2456 875 sidiarum
2478 819 2768 874 fraudibus
2793 824 2977 874 castra
3011 817 3287 871 violentur
3312 815 3523 870 Domino
3545 831 3696 870 conse-

2188 917 2362 964 crata.
2389 911 2484 963 l~Tst
2510 909 2702 979 igitur,
2729 914 2790 963 ut
2804 908 2882 962 ita
2911 909 3112 973 fatear,
3141 906 3421 977 plusquam
3433 905 3695 970 alvearium,

2186 999 2317 1071 quia
2333 1015 2610 1070 nusquam
2629 1005 2685 1053 et
2696 1013 2983 1069 nunquam
2996 995 3196 1050 exinde
3214 993 3624 1065 alicubivagando
3633 995 3700 1047 llo-

2187 1106 2278 1143 res
2297 1087 2632 1158 legitis,quae
2647 1089 2800 1142 intus
2819 1083 3698 1156 sanctarumScripturarumindesi-

2188 1183 2390 1233 nenter
2417 1177 2686 1231 melliﬂua
2706 1192 2939 1248 quinque
2975 1175 3224 1247 carpitis,
3245 1173 3337 1228 ubi
3364 1179 3590 1227 nectarco
3611 1187 3700 1226 rore

2188 1267 2358 1321 corda
2375 1266 2806 1338 vestraSpiritus
2817 1271 3042 1320 sanctus
3053 1263 3311 1328 inebriat,
3314 1261 3562 1333 jubarque
3577 1260 3701 1314 divini

2190 1356 2422 1411 luminis
2450 1355 2738 1428 perfundit
2763 1359 2821 1410 et
2840 1355 3106 1409 illustrat.
3140 1352 3247 1407 Ubi
3275 1352 3406 1407 nihil
3423 1351 3556 1405 aliud
3580 1365 3703 1420 quam

2189 1445 2389 1500 coelum
2421 1445 2716 1516 respicitis,
2740 1445 2874 1515 quia
2902 1444 2973 1497 ad
3009 1443 3116 1497 hoc
3164 1458 3403 1507 carnem,
3432 1456 3540 1512 quae
3562 1455 3705 1494 concu-

505 1533 636 1603 quio
653 1539 710 1587 et
724 1549 835 1603 prae
848 1533 1053 1603 gaudio
1076 1533 1417 1587 exsultantes
1446 1534 2106 1606 quodammodo,semper
2181 1537 2345 1604 piscit
2373 1535 2633 1587 adversus
2652 1536 2918 1602 spiritum
2937 1533 3146 1604 (Galat.
3168 1545 3222 1596 v,
3255 1530 3354 1599 l7),
3376 1529 3519 1600 quasi
3539 1543 3706 1582 carcere

505 1622 680 1676 tensis
707 1622 925 1675 alarum
955 1621 1201 1692 remigiis
1234 1621 1468 1676 adorare
1523 1623 1816 1691 videntur;
1849 1624 1927 1680 ita
1956 1631 2020 1679 ut
2046 1625 2104 1678 in
2185 1621 2480 1687 clausistis,
2496 1628 2560 1676 ut
2573 1622 2715 1676 liber
2729 1621 2952 1676 animus
2967 1621 3218 1692 pervolet
3249 1617 3342 1672 ubi
3375 1634 3584 1690 sponsus
3607 1615 3705 1670 abiit

505 1727 751 1782 vespere,
775 1727 901 1764 cum
931 1727 991 1765 se
1029 1711 1111 1764 sol
1135 1709 1450 1778 abduxerit,
1481 1718 1538 1766 et
1556 1729 1590 1765 a
1619 1713 1831 1768 fervore
1859 1705 2166 1769 cessave-B
2183 1711 2490 1765 secundum
2522 1711 2947 1776 humanitatem,
2973 1716 3032 1765 et
3055 1709 3217 1764 sedet
3241 1725 3276 1763 a
3304 1709 3496 1763 dextris
3520 1704 3705 1762 Dei.Ubi

503 1800 579 1854 rit
606 1800 823 1865 caloris,
855 1799 1125 1871 paulatim
1155 1806 1212 1854 et
1235 1800 1342 1872 ipsi
1370 1801 1534 1855 flores
1561 1819 1620 1856 se
1641 1803 1908 1873 colligant
1937 1809 1994 1858 et
2019 1820 2104 1858 re-
2185 1801 2437 1872 quamvis
2457 1817 2655 1854 novem
2681 1801 2940 1855 dicantur
2964 1800 3193 1854 ordines
3211 1799 3519 1868 angelorum
3543 1814 3554 1861 ;
3577 1793 3706 1849 millia

502 1889 716 1960 cipiant
730 1906 851 1944 sese
880 1889 936 1942 in
965 1905 1161 1956 unum,
1197 1905 1408 1960 suoque
1437 1907 1502 1943 ac
1529 1891 1576 1944 si
1607 1890 1664 1944 in
1694 1891 1967 1957 cubiculo,
2001 1910 2103 1947 sua
2185 1889 2421 1943 millium
2447 1889 2738 1956 assistunt,
2791 1889 2994 1961 quibus
3047 1889 3238 1943 nullus
3279 1892 3362 1941 est
3401 1901 3642 1948 numerus,
3666 1890 3706 1936 et

503 1979 837 2033 concludant
865 1978 1097 2045 intima;
1126 1979 1173 2032 si
1204 1979 1484 2049 quomodo
1515 1979 1813 2034 exhibeant
1857 1998 1916 2036 se
1964 1981 2098 2034 solis
2185 1978 2528 2044 ministrant,
2560 1979 2791 2033 Daniele
2816 1983 2959 2032 teste
2993 1980 3134 2047 (cap.
3155 1992 3256 2042 vn,
3300 1975 3406 2045 11),
3434 1974 3590 2030 decies
3611 1989 3704 2026 cen-

503 2068 814 2122 absentiam
846 2068 991 2122 ferre
1012 2085 1122 2121 non
1154 2084 1336 2138 posse,
1367 2073 1432 2121 ut
1455 2067 1660 2123 clausis
1693 2069 1852 2124 ostiis
1876 2075 2098 2124 tantum

501 2158 736 2229 lugeant
762 2175 876 2228 prae
903 2174 1141 2212 maerore
1181 2157 1237 2210 in
1269 2163 1430 2212 nocte
1479 2165 1754 2229 quantum
1791 2160 2011 2229 gavisos
2038 2177 2098 2216 se

500 2264 618 2320 pra:
645 2247 853 2318 gaudio
882 2248 940 2300 in
966 2247 1055 2300 die
1078 2245 1249 2300 fuisse
1271 2253 1676 2301 monstrarunt.
1721 2247 1863 2302 Hinc
1895 2265 2101 2320 sponsa

500 2338 559 2392 in
581 2337 850 2392 Canticis:
892 2338 958 2390 In
990 2337 1182 2390 lectulo
1206 2354 1320 2390 meo
1341 2341 1404 2391 in
1435 2340 1681 2391 noctibus
1703 2341 1928 2405 quaesivi
1939 2355 2099 2408 quem

499 2426 689 2494 diligit
716 2428 912 2479 anima
957 2441 1076 2477 mea
1131 2426 1308 2491 (Cant.
1360 2439 1443 2489 III,
1503 2425 1574 2495 1).
1624 2426 1900 2490 Quoniam
1938 2444 2101 2482 verus

500 2531 659 2568 amor
686 2531 902 2586 sponsae
928 2529 1039 2567 non
1071 2513 1286 2584 patitur
1304 2513 1614 2568 absentiam
1641 2517 1831 2586 sponsi
1859 2518 2099 2572 sustine-

499 2621 560 2658 re
580 2604 697 2672 sui;
728 2603 984 2658 sedinfra
1005 2601 1208 2657 cubilia
1237 2603 1437 2664 cordis,
1464 2621 1628 2674 quem
1657 2605 1833 2660 oculis
1862 2623 1972 2661 non
2003 2624 2098 2677 po-

498 2699 610 2748 test
636 2694 904 2765 aspicere,
955 2691 1062 2747 fide
1114 2699 1172 2746 et
1219 2692 1497 2746 desiderio
1523 2695 1738 2764 jugiter
1760 2701 1948 2750 mente
1975 2713 2095 2750 me-

495 2782 711 2837 ditatur
736 2788 948 2837 tenere.

575 2873 684 2926 Sed
716 2871 847 2943 quia
873 2870 1042 2924 incidi
1071 2871 1130 2923 in
1165 2875 1352 2940 partes
1386 2870 1558 2940 hujus
1586 2871 1756 2934 ﬂoris,
1815 2887 1885 2925 ne
1908 2872 2102 2926 videar

2181 2072 2312 2122 tena
2343 2068 2538 2132 millia,
2565 2073 2796 2138 propter
2817 2083 2913 2121 eos
2943 2066 3041 2138 qui
3070 2065 3446 2120 hereditatem
3460 2069 3574 2118 sunt
3590 2077 3703 2116 acce-

2181 2157 2352 2228 pturi.
2382 2156 2487 2211 Ubi
2509 2157 2686 2227 judex
2715 2156 3100 2227 apostolorum
3127 2155 3329 2209 chorus
3364 2154 3420 2207 in
3468 2167 3628 2206 eorum
3644 2165 3705 2203 ex-

2181 2246 2355 2300 sultat
2382 2245 2682 2310 consortio,
2707 2250 2764 2300 et
2794 2250 3109 2316 martyrum
3131 2243 3453 2299 candidatus
3471 2254 3703 2295 cumcoro-

2182 2335 2269 2388 nis
2289 2335 2552 2389 decantat
2572 2335 2846 2388 exercitus
2871 2353 2884 2403 ;
2909 2333 3004 2388 ubi
3029 2334 3215 2405 patria
3223 2333 3468 2387 rcharum
3481 2328 3597 2384 tuba
3609 2342 3705 2398 prie-

2183 2423 2319 2478 cinit
2343 2429 2400 2478 et
2426 2424 2827 2496 prophetarum
2865 2421 3133 2494 providus
3157 2419 3450 2494 respondet
3464 2431 3702 2473 numerus:

2181 2513 2314 2584 quia
2343 2529 2466 2583 qua;
2496 2530 2595 2584 per
2616 2529 2711 2567 eos
2767 2511 3044 2583 promissa
3073 2517 3226 2574 sunt,
3261 2509 3520 2580 completa
3563 2502 3705 2559 omnia

2179 2607 2506 2656 cunctorum
2545 2603 2664 2671 jam
2712 2602 3038 2672 releguntur
3091 2599 3422 2672 aspectibus.
3450 2595 3522 2650 Ibi
3547 2592 3703 2648 etenim

2177 2697 2498 2746 sanctorum
2527 2691 2910 2745 confessorum
2944 2691 3062 2745 suis
3100 2707 3202 2762 pro
3231 2687 3472 2761 plebibus
3496 2685 3703 2755 depreca-

2183 2785 2278 2832 tur
2304 2787 2531 2834 senatus
2561 2781 2710 2834 infra
2731 2786 2939 2834 aeterna
2955 2780 3169 2850 gaudia
3205 2780 3454 2834 stolatus.
3489 2775 3560 2832 Ibi
3583 2774 3706 2843 hym-

2181 2868 2350 2924 nidici
2380 2875 2698 2924 sanctorum
2728 2869 3006 2939 virginum
3026 2869 3206 2934 chori,
3237 2885 3360 2922 cum
3389 2865 3494 2920 suis
3520 2858 3706 2917 victrici-

500 2961 808 3031 virginibus
838 2960 1157 3030 importune
1179 2959 1454 3028 ingerere,
1478 2975 1600 3028 quae
1622 2959 2013 3030 nonleguntur
2040 2962 2097 3015 in
2119 3021 2152 3031 Α
2180 2957 2284 3013 bus
2318 2959 2537 3030 palmis,
2571 2964 2884 3029 sequuntur
2910 2960 3135 3028 Agnum
3173 2971 3490 3029 quocunque
3514 2949 3706 3010 vadit,et

497 3021 699 3102 divinis
725 3021 946 3112 litteris,
977 3047 1100 3117 ipsa
1129 3021 1333 3100 natura
1364 3021 1526 3100 docet
1557 3065 1678 3118 quae
1703 3021 2056 3119 suggerimus
2081 3070 2092 3118 ;
2113 3021 2154 3080 Ο
2178 3021 2481 3102 decahtant
2509 3047 2568 3102 in
2588 3021 2833 3117 organis,
2865 3021 2992 3118 quae.
3030 3053 3069 3113 Ι
3089 3021 3278 3114 πέει
3305 3021 3460 3100 nemo
3487 3034 3706 3113 potestdi-

497 3136 761 3207 quoniam
779 3137 940 3205 juxta
967 3134 1296 3204 Apostolum
1349 3137 1516 3190 (Rom.
1561 3150 1600 3201 Ι,
1633 3135 1719 3206 20)
1752 3153 1852 3207 per
1879 3154 1946 3192 ea
1973 3155 2096 3209 quae

497 3225 646 3278 facta
655 3231 789 3278 sunt
815 3223 1099 3277 intellecta
1115 3222 1686 3295 conspiciuntur.Non
1703 3225 1852 3280 enim
1869 3226 2094 3283 elaboro

494 3319 690 3367 nostra
743 3319 808 3367 ut
858 3312 1102 3366 habeant
1142 3317 1258 3366 tam
1315 3313 1669 3383 splendorem
1697 3315 1882 3381 Verbi,
1925 3333 2095 3387 quam

494 3417 758 3456 sensuum
773 3400 1108 3472 elegantiam
1127 3406 1184 3455 et
1195 3409 1457 3454 ornatum
1473 3401 2094 3473 intelligentiaa.ldcirco

495 3506 608 3544 non
637 3488 874 3544 adhibeo
902 3490 1236 3544 ornatricem
1292 3490 1558 3544 facierum
1593 3492 1993 3563 eloquentiam,
2032 3500 2096 3549 ut

492 3577 729 3648 pulchra
757 3578 831 3633 sit
857 3584 913 3632 et
932 3578 1228 3633 laudabilis
1257 3585 1450 3633 nostra
1469 3579 1680 3648 oratio;
1717 3582 1814 3635 sed
1865 3588 2089 3638 tantum

495 3667 642 3738 quod
659 3668 832 3739 possit
849 3668 1057 3722 illicere
1077 3685 1311 3739 sponsas
1321 3668 1575 3738 juniores
1599 3669 1658 3724 in
1669 3686 1858 3725 amore
1874 3673 2086 3743 sponsi,

491 3762 548 3811 et
611 3756 966 3812 dilectionem
1000 3757 1378 3828 sponsalitatis
1435 3775 1660 3828 augere.
1707 3759 1851 3823 Quia
1903 3777 2088 3815 sermo

492 3846 683 3902 senilis
704 3864 929 3918 pressus
958 3851 1014 3901 et
1063 3847 1267 3918 gravis,
1309 3864 1412 3902 nec
1457 3860 1710 3920 comptus
1741 3848 1907 3904 debet
1943 3867 2084 3918 esse,

492 3936 612 3991 sine
641 3936 992 3991 concinentia
1014 3935 1334 4004 verborum,
1368 3942 1426 3991 et
1441 3943 1760 4013 __venustate
1797 3937 2088 3992 urbanita-

492 4025 585 4080 tis.
611 4025 730 4080 Imo
751 4031 1026 4089 maturus,
1059 4024 1338 4094 sapientia
1366 4024 1616 4091 ﬂoridus,
1667 4041 1768 4096 per
1813 4025 2088 4096 judicium

489 4129 712 4185 quoque
741 4113 1036 4184 probitatis
1055 4113 1308 4179 collatus,
1329 4113 1526 4184 plenus
1551 4119 1595 4180 ι
1608 4119 1795 4181 παίω
1815 4115 2090 4181 veritatis,

490 4200 616 4254 fuco
639 4217 835 4271 purus,
866 4207 1152 4255 senectute
1177 4202 1400 4271 dignus,
1429 4201 2087 4267 honorabilis.Quoniam

489 4289 655 4358 longe
685 4288 837 4342 aliud
865 4295 968 4356 est,
993 4306 1120 4343 cum
1145 4297 1272 4359 post
1297 4306 1529 4358 germen
1560 4291 1872 4362 pubertatis
1887 4293 2086 4347 ﬂorere

2178 3154 2322 3202 cere,
2357 3138 2464 3192 nisi
2492 3138 2588 3209 qui
2626 3154 2752 3192 cum
2778 3137 2912 3208 ipsis
2943 3141 3263 3207 sequuntur
3283 3135 3340 3188 in
3367 3133 3512 3187 albis.
3540 3127 3608 3184 lbi
3632 3140 3705 3178 cie-

2177 3226 2480 3281 libatorum
2533 3233 2591 3281 et
2639 3227 2934 3281 viduarum
2981 3226 3375 3281 consociantnr
3425 3234 3624 3291 greges;
3648 3211 3705 3266 ibi

2177 3317 2604 3386 conjugatorum
2632 3315 3179 3386 eonjugatarumque
3234 3317 3420 3368 sancta
3467 3308 3707 3363 decoratur

2175 3404 2444 3466 societas;
2471 3404 2545 3458 ibi
2568 3403 2754 3475 ρυὲίΠί
2776 3420 2904 3458 cum
2933 3404 3176 3474 magnis.
3209 3409 3267 3458 et
3289 3401 3448 3456 turba
3471 3411 3613 3468 quam
3635 3406 3706 3446 ne-

2177 3509 2269 3547 mo
2290 3499 2476 3565 potest
2500 3494 2877 3559 dinumerare,
2910 3493 3266 3548 Alleluiatica
3291 3507 3388 3563 per
3413 3482 3705 3542 omnesvicos

2173 3583 2293 3652 ejus
2318 3583 2477 3636 valde
2496 3582 2912 3652 gratulabunda
2959 3582 3172 3652 gaudia
3209 3580 3372 3636 canit.
3423 3578 3556 3632 inter
3598 3583 3704 3640 quos

2171 3687 2299 3725 cum
2329 3687 2490 3725 mens
2518 3670 2699 3725 ﬁdelis
2720 3670 3055 3741 quandoque
3086 3671 3309 3743 rapitur
3350 3683 3416 3722 ex
3461 3656 3706 3722 desiderio,

2171 3758 2310 3812 fides
2333 3774 2455 3828 quae
2484 3758 2889 3830 sperandorum
2909 3757 3230 3814 substantia
3257 3762 3358 3822 est,
3387 3755 3493 3808 haec
3508 3746 3705 3821 profecto

2172 3863 2285 3901 non
2314 3852 2472 3901 extra
2491 3863 2551 3901 se
2580 3848 2777 3913 cernit,
2828 3847 2928 3901 sed
2972 3847 3122 3902 inter
3150 3847 3332 3903 cordis
3380 3840 3579 3903 cubilia,
3612 3847 3704 3904 qui!

2172 3951 2284 3989 non
2313 3935 2592 4001 videntur,
2622 3935 2756 4005 quia
2783 3935 2842 3989 in
2872 3935 2987 3990 Deo
3015 3941 3172 4002 sunt,
3195 3934 3368 3990 credit
3394 3937 3546 4001 atque
3570 3919 3701 3978 intel-

2171 4023 2295 4094 ligit
2306 4023 2470 4093 juxta
2498 4024 2829 4079 munditiam
2845 4023 3111 4088 cordis,et
3133 4024 3320 4095 diligit
3344 4021 3701 4081 universa;cum

2173 4112 2376 4182 quibus
2404 4112 2642 4185 quisque
2674 4119 2862 4167 mente
2890 4130 3018 4168 cum
3045 4118 3149 4180 est,
3159 4119 3293 4185 puto
3317 4110 3457 4183 quod
3474 4112 3700 4173 nusquam

2169 4202 2321 4256 solus
2349 4208 2465 4270 est;
2485 4219 2614 4256 cum
2639 4219 2770 4257 vero
2799 4201 2920 4272 agit
2940 4219 3063 4274 quae
3092 4207 3287 4273 agunt,
3320 4209 3580 4268 nunquam
3595 4187 3702 4274 otio-

2169 4306 2284 4345 sus.
2318 4291 2388 4345 Et
2414 4290 2460 4344 si
2501 4291 2704 4361 quaeris
2731 4290 2866 4361 quid
2913 4273 3105 4362 agant,
3137 4293 3309 4357 Beati,
3352 4285 3520 4358 inquit
3542 4273 3696 4337 David,

490 4377 686 4449 incipit
695 4379 980 4448 juventus,
1004 4376 1216 4443 viridis,
1249 4377 1533 4432 illustrata
1567 4380 1882 4447 coloribus;
1932 4381 2080 4436 aliud
2101 4370 2148 4428 D
2168 4382 2267 4448 qui
2294 4379 2544 4434 habitant
2566 4383 2630 4434 in
2645 4381 2801 4434 domo
2822 4384 2938 4447 tua,
2962 4381 3210 4448 Domine,
3234 4384 3296 4434 in
3313 4378 3496 4433 suum
3529 4367 3701 4425 saculo-

490 4483 619 4521 cum
649 4483 862 4520 annosa
891 4471 1148 4518 senectus
1168 4464 1335 4534 longe
1363 4465 1460 4520 diu
1489 4467 1726 4537 fatigata
1748 4469 2087 4542 labore,pro-

488 4555 693 4610 fectum
727 4553 964 4626 requirit
1017 4553 1233 4608 salutis.
1289 4554 1421 4618 Quae
1476 4555 1523 4608 si
1570 4555 1766 4611 alienae.
1813 4559 1996 4613 aetatis
2026 4577 2086 4614 se

487 4645 733 4716 phaleris
759 4658 1028 4698 exornare
1056 4641 1315 4700 voluerit.
1349 4643 1531 4698 ridere
1570 4645 1849 4701 videbitur
1904 4649 2083 4719 magis

487 4750 656 4805 quam
680 4749 944 4804 perorare
968 4750 980 4800 ;
1013 4731 1161 4786 unde
1191 4731 1464 4788 ridebitur
1496 4735 1682 4806 potius
1711 4753 1879 4807 quam
1908 4738 2083 4793 hone-

485 4820 743 4875 stabitur.

556 4909 700 4963 Hinc
725 4926 911 4980 quaeso
943 4927 1013 4966 ne
1042 4911 1235 4964 videar
1266 4910 1418 4966 vobis
1461 4911 1768 4983 improbus,
1793 4913 1838 4965 si
1865 4913 2082 4969 obtem-

483 5016 751 5072 peravero
768 5001 1066 5070 juvenibus
1090 5006 1154 5053 ut
1181 5001 1380 5070 loquar
1437 5001 1506 5054 de
1555 5000 1814 5065 ﬂoribus;
1850 5002 1982 5072 quia
2023 5003 2082 5058 in

481 5091 587 5145 hoc
617 5089 864 5144 carmine
895 5095 1077 5143 totum
1107 5089 1328 5143 canitur
1357 5106 1456 5160 pro
1486 5089 1616 5143 liliis
1641 5095 1699 5144 et
1723 5090 1972 5157 ﬂoribus,
2020 5099 2083 5148 ut

481 5181 700 5234 discant
729 5179 843 5233 veri
866 5181 1033 5232 ﬂores
1063 5178 1270 5232 Christi
1292 5195 1418 5232 cum
1433 5179 1654 5233 Christo
1681 5180 1910 5233 versari.
1935 5181 2079 5236 Nam

477 5269 608 5322 inde
639 5275 726 5322 est
753 5268 898 5339 quod
930 5267 1090 5338 quasi
1119 5283 1251 5337 apes
1289 5273 1606 5322 sanctarum
1664 5269 2079 5340 Scripturarum

476 5373 702 5427 campos
751 5359 1174 5428 perlustrantes,
1217 5372 1328 5409 non
1379 5357 1558 5410 solum
1612 5374 1834 5428 sponso,
1886 5376 2080 5417 verum

476 5445 647 5501 etiam
685 5445 958 5501 vobismet
1010 5452 1066 5500 et
1117 5444 1372 5500 omnibus
1430 5445 1785 5506 mellificatis.
1837 5448 1925 5502 Ad
1973 5448 2079 5503 hoc

474 5535 681 5610 quippe
709 5551 774 5592 ac
820 5535 870 5592 si
911 5534 984 5592 ad
1020 5533 1330 5592 alvearium
1373 5533 1580 5592 Christi
1618 5551 1686 5592 ex
1730 5536 1884 5594 omni
1909 5542 2072 5611 parte

2167 4485 2298 4522 rum
2329 4470 2636 4522 laudabunt
2669 4474 2714 4522 te
2742 4471 2908 4536 (Psal.
2940 4483 3168 4537 Lxxxm,
3202 4467 3271 4540 5).
3317 4464 3466 4531 Quod
3494 4460 3536 4514 si
3559 4458 3700 4512 inter-

2166 4557 2376 4628 pellare
2396 4557 2634 4611 voluerit
2655 4557 2960 4628 quemlibet
2971 4575 3188 4624 eorum,
3208 4559 3292 4612 vel
3312 4549 3588 4628 quemlibet
3602 4557 3698 4598 san-

2167 4652 2403 4713 ctorum,
2427 4646 2584 4701 adest
2612 4647 2875 4702 continuo
2904 4648 2962 4702 in
2991 4665 3057 4704 eo
3097 4649 3194 4720 qui
3222 4647 3422 4717 ubique
3467 4643 3573 4698 est;
3599 4644 3697 4688 cum

2167 4752 2276 4807 quo
2297 4743 2354 4790 et
2384 4753 2486 4790 nos
2507 4753 2730 4808 semper
2753 4753 2967 4802 omnes,
3013 4737 3143 4809 quia
3176 4741 3240 4792 in
3268 4754 3322 4792 eo
3349 4735 3582 4791 vivimus,
3611 4734 3696 4774 mo-

2164 4842 2359 4880 vemur
2376 4833 2423 4881 et
2457 4843 2650 4882 sumus
2680 4830 2814 4895 (Act.
2833 4842 2967 4892 xvn,
2991 4826 3100 4894 28).
3135 4829 3244 4884 Sed
3268 4826 3424 4881 aliter
3449 4833 3559 4875 cum
3585 4827 3638 4869 eo
3654 4812 3696 4862 et

2165 4931 2292 4968 cum
2313 4915 2521 4970 sanctis
2542 4933 2757 4983 sumus,
2783 4917 2830 4971 si
2860 4933 2927 4971 ea
2954 4917 3238 4988 diligimus
3267 4930 3384 4986 quae
3406 4907 3628 4978 diligunt.
3650 4900 3695 4950 ει

2164 5003 2384 5074 agimus
2404 5004 2588 5059 devoti
2599 5006 2667 5059 ad
2679 5005 2918 5076 gloriam
2931 5012 2989 5060 et
3001 5007 3221 5061 laudem
3235 5003 3402 5077 ipsius
3413 4990 3690 5070 queagunt;

2164 5092 2327 5146 aliter
2354 5109 2482 5147 vero
2513 5110 2640 5148 cum
2669 5110 2858 5148 coram
2884 5095 3059 5150 oculis
3086 5096 3208 5165 ejus
3249 5105 3457 5162 semper
3479 5082 3568 5139 sub
3595 5079 3690 5148 ίΡ⁸⁰

2164 5186 2222 5235 et
2244 5180 2302 5234 in
2328 5181 2468 5251 ipso,
2497 5181 2592 5235 ubi
2614 5183 2699 5236 vel
2724 5181 2820 5236 ubi
2848 5199 3066 5237 sumus.
3098 5182 3254 5247 Quod
3299 5182 3342 5234 si
3371 5176 3520 5232 aliter
3555 5174 3690 5238 quam

2161 5269 2296 5324 velit
2322 5271 2441 5340 ipse
2469 5271 2722 5325 volumus
2750 5277 2850 5326 aut
2875 5273 3114 5342 agimus,
3149 5271 3332 5344 procul
3357 5263 3510 5321 dubio
3556 5257 3688 5344 longe

2163 5359 2233 5413 ab
2266 5359 2360 5412 illo
2385 5376 2601 5426 sumus,
2625 5361 2692 5414 in
2714 5367 2988 5431 quantum
3010 5361 3303 5416 dissimiles
3339 5367 3532 5411 sumus.
3560 5337 3687 5398 Unde

2161 5448 2411 5520 quotidie
2442 5449 2503 5505 in
2528 5450 2782 5505 oratione
2817 5457 2968 5506 recte
3018 5451 3252 5506 dicimus
3282 5467 3294 5502 :
3325 5445 3446 5502 Fiat
3472 5433 3685 5494 υοιυηιω

2158 5543 2274 5606 tua,
2308 5539 2450 5595 sicut
2479 5541 2544 5594 in
2567 5542 2691 5598 calo
2712 5544 2766 5596 et
2793 5543 2859 5597 in
2889 5545 3045 5598 terra
3074 5540 3280 5615 (Matth.
3309 5548 3377 5602 νιν
3405 5527 3505 5601 10)-
