3918 6166
207 297 354 359 1009

1106 299 1486 356 EXPOSITIO
1527 303 1605 358 IN
1642 303 1990 364 PSALMUM
2025 309 2216 365 XLIV.
2261 340 2325 351 —
2365 310 2502 365 LIB.
2545 312 2589 366 Ι.

3331 318 3483 376 ’1010

283 427 416 482 Hac
444 425 653 492 omnia,
686 440 808 498 qua
835 423 1080 497 profecto
1109 425 1394 481 credibilia
1422 428 1559 484 ﬁdes
1588 430 1801 501 pandit,
1825 433 1869 492 A
1889 439 2106 490 ctorum
2123 435 2449 502 multorum,
2468 437 2886 511 multarumque
2905 439 3183 514 virginum
3200 443 3476 513 coluntur,

207 532 340 589 spes
391 515 514 570 adit
550 532 674 586 qua
701 515 812 569 ﬁde
841 515 1148 570 creduntur
1174 521 1231 570 et
1270 517 1575 587 prasumit.
1613 520 1809 574 Pulsat

208 622 343 661 vero
367 609 793 677 perseveranter
822 605 1086 670 Charitas,
1120 605 1299 660 donec
1340 624 1531 678 preces
1577 613 1634 662 et
1681 615 1809 663 vota

206 695 366 750 intus
393 711 584 749 coram
610 710 829 749 summo
869 695 1001 761 Deo,
1019 711 1318 766 coramque
1346 698 1556 752 sanctis
1586 697 1803 752 otl‘erat.

205 784 371 840 Unde
395 799 508 838 non
525 783 688 849 redit,
713 784 891 838 donec
912 800 1040 838 cum
1069 785 1150 838 eis
1169 801 1308 856 quos
1335 785 1673 859 interpellat,
1697 788 1808 842 ﬁde

204 889 324 929 non
351 875 486 928 ﬁcta
504 873 807 944 impetrata
833 878 1100 944 reportet.
1149 873 1351 929 Verum
1376 875 1511 946 quia
1539 892 1634 930 vos
1663 878 1807 932 tales

205 980 356 1028 esse,
404 962 769 1029 charissima,
811 963 966 1024 novi.
1013 963 1452 1036 quotiescunque
1496 966 1804 1021 oratorium

202 1051 388 1107 beata
415 1051 605 1106 Maria
623 1051 871 1122 Virginis
897 1056 1084 1106 mente
1101 1051 1405 1122 ingredior,
1422 1053 1628 1108 scalam
1651 1055 1806 1109 illam

204 1141 380 1197 Jacob
402 1146 649 1195 erectam
672 1140 849 1206 video,
884 1158 984 1212 per
1012 1157 1180 1211 quam
1213 1142 1576 1198 ascendentes
1599 1145 1670 1198 ad
1689 1162 1804 1211 vos,

204 1231 726 1302 descendentesque
750 1230 978 1302 angelos
999 1230 1231 1285 minime
1255 1231 1588 1304 difﬁdo,quo
1611 1233 1669 1288 in
1689 1235 1809 1289 loco

204 1320 444 1374 domum
472 1319 574 1374 Dei
595 1324 928 1390 portamque
950 1319 1075 1373 coeli
1105 1337 1225 1374 esse
1254 1337 1367 1375 non
1392 1321 1634 1392 ambigo.
1667 1321 1800 1377 Pro-

201 1414 407 1481 pterea
433 1413 489 1463 et
516 1408 562 1462 si
589 1408 658 1462 de
683 1408 770 1462 his
795 1407 1005 1479 aliquid
1036 1408 1272 1463 dixerim
1300 1427 1674 1481 super-narum
1706 1412 1810 1465 vir-

199 1503 398 1554 tutum
429 1496 684 1563 ﬂoribus,
722 1497 852 1568 quia
880 1497 1025 1551 civcs
1055 1514 1247 1552 eorum
1280 1500 1433 1564 estis,
1484 1501 1686 1555 melius
1717 1516 1808 1554 vos

203 1593 449 1642 eatenus
483 1586 626 1640 scire
681 1602 787 1640 usu
838 1587 1344 1658 contemplationis,
1399 1607 1568 1660 quam
1623 1607 1807 1648 sermo

205 1676 436 1748 explere
456 1675 650 1746 possit,
681 1675 867 1730 credo.
901 1676 1198 1740 Quoniam,
1225 1677 1424 1748 quibus
1459 1680 1611 1734 omni
1641 1681 1808 1736 devo-

1889 540 2011 593 qua
2040 525 2156 578 suis
2186 523 2434 578 excubiis
2457 525 2527 578 ad
2558 526 2783 580 laudem
2811 528 2912 582 Dei
2953 535 3168 584 vestras
3195 530 3484 587 illustrant

1889 612 2128 682 vigilias,
2153 619 2209 667 et
2232 615 2555 668 custodiunt
2579 622 2783 670 castra.

1961 702 2106 766 Quid
2135 703 2284 757 enim
2315 704 2468 758 aliud
2499 711 2601 769 est,
2653 705 3012 773 charissima,
3047 710 3245 765 domus
3274 713 3391 766 hac
3424 713 3484 768 in
3509 705 3524 716 “

1890 807 2001 862 qua
2019 792 2240 862 degitis,
2275 809 2443 864 quam
2469 801 2654 848 castra
2680 795 2798 861 Dei,
2821 803 2878 850 et
2905 798 3094 852 schola
3121 799 3291 854 divini
3319 803 3489 857 servi-

1887 880 1972 946 tii,
1992 881 2214 936 ofﬁcina
2229 883 2520 947 virtutum,
2536 885 2707 938 turris
2735 892 2958 941 aterna
2976 890 3484 960 contemplationis,

1888 971 2142 1025 custodia
2196 977 2478 1042 perpetua
2537 973 2808 1028 castitatis
2852 975 2876 1027 ?
2935 977 3066 1030 Ideo
3137 995 3270 1048 ergo
3334 985 3486 1034 recte

1898 1065 1936 1124 ι
1952 1063 2140 1124 πιιδ
2163 1067 2365 1125 castra,
2383 1061 2516 1131 quia
2527 1069 2728 1116 castra.
2748 1064 2862 1116 Nec
2882 1064 3184 1132 immerito,
3200 1068 3332 1138 quia
3350 1085 3486 1123 con-

1888 1148 2126 1202 versatio
2156 1155 2360 1212 vestra,
2393 1149 2595 1204 militia
2634 1152 2878 1206 caelestis
2923 1160 3010 1208 est
3053 1155 3390 1228 disciplina;
3428 1163 3486 1213 et

1888 1253 2068 1308 genus
2095 1237 2463 1292 fortissimum
2502 1240 2904 1294 monachorum
2939 1241 3034 1297 ubi
3059 1244 3347 1315 virginitas
3387 1264 3487 1302 ex-

1890 1327 2060 1392 cellit,
2092 1331 2149 1380 et
2174 1327 2506 1398 frequentia,
2538 1335 2769 1399 propter
2787 1329 3044 1385 excubias
3064 1335 3268 1388 summi
3300 1337 3487 1407 Regis,

1891 1416 2155 1470 discurrit
2182 1416 2530 1486 angelorum.
2571 1417 2677 1472 Ubi
2704 1417 2960 1473 videlicet
3001 1420 3253 1491 invigilat
3285 1425 3489 1480 chorus

1892 1504 2092 1558 divinis
2119 1505 2402 1574 laudibus,
2432 1512 2488 1559 et
2516 1501 2784 1577 prospicit
2827 1507 2873 1561 si
2919 1525 3032 1578 qua
3071 1511 3210 1564 hora
3253 1529 3491 1583 sponsus

1889 1593 2093 1660 veniat,
2144 1599 2208 1648 ut
2235 1594 2447 1665 paratis
2474 1594 2847 1666 lampadibus,
2883 1613 3012 1651 cum
3058 1614 3123 1652 eo
3153 1600 3224 1652 ad
3265 1601 3492 1671 nuptias

1894 1683 2006 1749 (ubi
2031 1685 2150 1753 jam
2181 1684 2368 1738 ascita
2417 1683 2575 1754 estis)
2604 1684 2771 1755 digne
2809 1686 3024 1740 intrare
3070 1688 3313 1758 possitis.
3349 1691 3492 1746 Hinc

202 1767 366 1821 tione
395 1764 528 1820 ﬁdei
566 1764 968 1836 charitatisque
1005 1765 1205 1820 ardore
1228 1767 1349 1836 jam
1379 1768 1576 1823 vinctae
1604 1769 1664 1824 in
1692 1767 2092 1840 ca-Bjugiter
2133 1769 2570 1840 symphonizatis
2611 1769 2872 1825 laudibus
2920 1772 3038 1827 hac
3067 1774 3198 1828 aula
3228 1776 3486 1843 resultat,

201 1853 448 1911 lestibus
477 1854 628 1920 estis,
665 1871 804 1925 quos
839 1855 1220 1910 indesinenter
1249 1857 1650 1928 interpellatis;
1683 1877 1811 1916 cum

205 1944 418 2018 quibus
439 1943 715 2015 colloquia
744 1944 915 2010 intus,
950 1951 1007 1999 et
1034 1962 1225 2016 preces
1256 1947 1371 2001 Deo
1393 1948 1624 2015 offertis,
1657 1949 1812 2020 igno-

205 2052 340 2090 rare
357 2050 714 2106 nequaquam
737 2033 990 2104 potestis.
1015 2033 1215 2088 Certus
1232 2052 1356 2090 sum
1377 2037 1527 2107 quod
1539 2039 1812 2094 charitate

204 2124 498 2179 vobiscum
555 2129 794 2189 [244
825 2128 978 2187 sunt,
1009 2123 1154 2177 inter
1195 2141 1361 2195 quos,
1386 2125 1517 2180 licet
1543 2127 1601 2181 in
1647 2129 1812 2184 terris

202 2214 412 2279 adhuc,
450 2217 514 2266 ut
539 2211 672 2268 dixi.
704 2217 890 2266 mente
913 2213 1032 2282 jam
1078 2229 1322 2279 sursum,
1355 2231 1529 2269 unum
1575 2217 1815 2273 Alleluia

201 2302 416 2368 dicitis,
440 2318 724 2373 unamque
742 2301 981 2372 gloriam
1003 2302 1171 2373 digne
1193 2303 1456 2358 Trinitati
1470 2305 1584 2360 Deo
1604 2307 1812 2377 persol-

201 2393 356 2446 vitis.
393 2391 539 2445 Hinc
568 2391 876 2461 gratiarum
905 2392 1070 2459 actio,
1099 2391 1236 2452 laus.
1272 2398 1329 2447 et
1357 2394 1536 2448 honor
1557 2395 1806 2452 offertur.

204 2482 277 2538 Et
304 2481 436 2536 ideo
456 2497 642 2552 quaeso
671 2497 741 2535 ne
765 2481 1018 2535 videatur
1037 2481 1190 2535 vobis
1220 2482 1371 2537 locus
1385 2483 1492 2538 iste
1512 2491 1804 2555 angustus,

202 2570 302 2626 ubi
347 2587 443 2625 vos
493 2570 792 2635 clausistis,
825 2569 1183 2637 charissima,
1216 2572 1482 2643 quoniam
1523 2573 1723 2645 ingens
1753 2579 1811 2629 et

200 2676 416 2731 magna
451 2660 650 2714 domus
679 2659 779 2714 Dei
817 2665 904 2714 est
946 2660 1017 2714 ad
1049 2676 1220 2730 quam
1249 2660 1503 2716 intrastis
1536 2681 1547 2716 :
1582 2680 1804 2734 magna,

199 2749 464 2820 inquam,
498 2749 630 2820 quia
659 2765 772 2803 non
821 2749 992 2804 habet
1036 2752 1600 2806 consummationem.
1630 2754 1807 2810 Nemo

200 2839 556 2901 mortalium,
586 2839 682 2910 qui
703 2856 828 2893 eam
853 2839 1074 2911 penitus
1099 2846 1165 2894 ut
1187 2846 1274 2894 est
1291 2841 1472 2896 valeat
1487 2848 1803 2913 penetrare,

198 2927 296 2982 ubi
313 2927 475 2982 Deus
505 2927 730 2982 claritas
751 2935 836 2982 est
856 2934 912 2982 et
923 2927 1144 2982 inﬁnita
1159 2930 1457 3000 possessio.
1479 2931 1658 2995 Quam
1673 2950 1807 2989 sane

201 3016 443 3071 domum
470 3019 715 3072 Joannes
752 3017 1115 3088 conspiciens,
1151 3019 1238 3072 vix
1279 3019 1478 3074 saltem
1508 3037 1628 3091 qua
1671 3023 1809 3078 vidit

1893 1858 2022 1913 hinc
2061 1857 2208 1928 quod
2236 1858 2481 1928 gemitus
2509 1864 2692 1912 vester
2719 1859 2933 1924 divinas
2962 1861 3149 1931 pulsat
3175 1863 3247 1916 ad
3274 1880 3440 1919 aures
3475 1884 3488 1932 ;

1892 1947 2021 2002 hinc
2051 1947 2198 2018 quod
2219 1963 2253 2001 a
2273 1947 2511 2001 maxillis
2540 1948 2802 2019 lacryma
2830 1955 3090 2020 surgunt,
3112 1952 3268 2017 iuxta
3297 1953 3490 2008 Hiere-

1893 2037 2084 2104 miam,
2114 2041 2523 2108 penetrantque
2552 2037 2752 2104 caelos;
2788 2037 2917 2093 hinc
2947 2039 3092 2110 quod
3118 2041 3335 2110 jejunia
3373 2059 3491 2096 car-

1893 2142 2022 2179 nem
2053 2129 2340 2178 macerant
2367 2143 2378 2191 ;
2409 2125 2558 2196 quod
2585 2124 2812 2179 afflictio
2855 2125 3024 2181 robur
3061 2133 3343 2184 extenuat.
3377 2131 3493 2185 Ista

1897 2214 2071 2285 igitur
2097 2219 2182 2269 est
2209 2214 2582 2285 intelligentia
2610 2213 2853 2281 ﬁliorum
2884 2215 3085 2281 Chore,
3120 2216 3271 2273 istud
3301 2220 3492 2274 erudi-

1897 2304 2066 2358 tionis
2115 2303 2415 2366 canticum,
2456 2304 2618 2373 juxta
2672 2303 3028 2371 Hebraicum,
3089 2323 3222 2361 nam
3275 2310 3493 2364 Melchit

1892 2394 2042 2464 apud
2072 2409 2166 2447 eos
2193 2394 2562 2447 eruditionem
2595 2393 2677 2446 vel
2714 2395 3092 2449 doctissimum
3119 2401 3299 2452 sonat.
3333 2398 3492 2453 Idida

1891 2483 2184 2552 antiquum
2205 2497 2410 2535 nomen
2433 2486 2518 2535 est
2541 2481 2874 2546 Salomonis,
2899 2484 3048 2554 quod
3067 2491 3183 2539 tam
3195 2489 3492 2555 paciﬁcum

1893 2587 2060 2643 quam
2090 2575 2148 2625 et
2174 2571 2434 2624 dilectum
2459 2576 2640 2624 sonat.
2666 2570 2797 2624 Ideo
2816 2571 2872 2624 in
2901 2572 3012 2626 fine
3035 2573 3184 2627 tituli
3205 2575 3491 2630 concludi-

1890 2665 2001 2724 tur,
2035 2661 2386 2713 Eruditionis
2430 2659 2723 2714 Canticum
2753 2663 3154 2727 amantissimi,
3202 2663 3348 2734 quod
3389 2664 3491 2718 Se-

1891 2749 2188 2821 ptuaginta
2210 2765 2311 2817 pro
2338 2749 2531 2802 dilecto
2560 2765 2797 2818 posuere
2821 2768 2834 2806 ς
2867 2749 3000 2820 quia
3033 2750 3258 2806 Gracus
3297 2751 3493 2807 ablati-

1888 2855 2019 2892 vum
2044 2854 2155 2892 non
2184 2837 2373 2891 habet.
2410 2837 2518 2891 Sed
2547 2837 2695 2908 quod
2734 2837 2870 2892 dicit
2897 2839 3175 2894 canticum
3215 2841 3488 2896 amantis-

1889 2927 2038 2994 simi,
2095 2943 2273 2982 unum
2305 2930 2391 2980 est
2418 2942 2482 2980 ac
2528 2927 2576 2980 si
2618 2927 2790 2983 dicat.
2830 2928 3162 2984 eruditionis
3193 2931 3488 2986 Canticum

1889 3015 2259 3072 dilectissimi.
2303 3016 2476 3070 Porro
2529 3015 2770 3070 eruditio
2819 3022 2876 3071 et
2929 3017 3304 3090 intelligentia
3350 3021 3491 3076 nihil

199 3106 394 3178 potuit
441 3122 720 3160 enarrare.
767 3107 852 3161 Ad
896 3124 1065 3179 quam
1104 3124 1281 3179 usque
1332 3089 1541 3164 Paulus
1591 3117 1804 3182 raptus,
1825 3089 1870 3150 (ἶ
1891 3105 2079 3160 dilfert
2098 3105 2156 3160 in
2185 3121 2372 3170 sensu,
2398 3106 2560 3175 juxta
2578 3105 2717 3160 illud
2752 3124 2763 3158 :
2796 3107 2862 3161 Et
2884 3123 3052 3174 nunc,
3088 3089 3254 3177 rcges,
3283 3113 3492 3166 intelli-

203 3195 466 3267 quamvis
485 3196 595 3250 dux
625 3195 815 3261 Verbi,
842 3213 908 3250 ea
935 3213 1059 3268 qua
1087 3197 1296 3252 audivit
1315 3197 1498 3253 fassus
1529 3205 1630 3266 est,
1658 3203 1808 3272 quod

202 3301 318 3339 non
348 3284 520 3339 liceat
546 3284 762 3338 homini
791 3285 943 3356 loqui
969 3287 1049 3357 (II
1079 3287 1200 3342 Cor.
1234 3301 1331 3352 xu,
1365 3285 1438 3353 4).
1478 3288 1689 3344 Idcirco
1719 3291 1807 3345 di-

201 3371 464 3427 latamini
484 3373 670 3438 corde,
703 3389 917 3444 sponsa
949 3373 1174 3434 Christi,
1193 3374 1508 3430 dilatamini
1524 3396 1536 3444 ;
1555 3383 1612 3432 et
1633 3379 1806 3433 nolite

201 3478 333 3516 cum
352 3461 679 3516 inﬁdelibus
702 3462 1059 3533 coangustari
1079 3463 1091 3516 !
1110 3463 1242 3533 quia
1261 3480 1467 3535 magna
1478 3472 1563 3520 est
1581 3466 1800 3534 domus,

202 3557 260 3605 et
286 3551 494 3622 ingens
517 3551 814 3622 possessio,
839 3569 962 3622 qua
983 3551 1132 3606 vobis
1153 3569 1218 3606 ex
1239 3553 1368 3612 dote
1388 3553 1647 3622 debetur;
1681 3573 1803 3627 qua

201 3658 306 3697 nec
324 3641 527 3712 spatiis
549 3641 799 3696 locorum
829 3641 1183 3707 terminatur,
1220 3659 1323 3696 nec
1353 3644 1463 3697 ﬁne
1491 3650 1809 3716 temporum

201 3730 507 3785 clauditur.
525 3730 777 3785 Sufﬁciat
793 3730 948 3784 vobis
968 3730 1306 3786 cohabitatio
1325 3733 1397 3786 ad
1416 3734 1807 3789 necessitatem

203 3825 445 3882 natura,
472 3836 596 3890 qua
617 3835 714 3873 vos
741 3819 986 3890 suscepit
1011 3820 1080 3873 de
1112 3821 1320 3875 mundo
1354 3838 1418 3875 ac
1447 3822 1492 3877 si
1522 3823 1808 3879 columbas

203 3909 459 3963 volantes
470 3909 542 3963 ad
554 3909 753 3963 coelum
765 3909 925 3972 .Quia
939 3908 993 3962 in
1009 3909 1218 3963 mundo
1225 3911 1717 3982 juxtaApostolum
1729 3913 1812 3968 ni-

204 3998 284 4051 hil
302 3998 461 4054 aliud
483 4015 653 4070 quam
678 3998 1127 4068 concupiscentia
1145 3999 1434 4054 oculorum
1461 4005 1518 4054 et
1545 4001 1808 4072 superbia

205 4087 329 4142 vita
348 4091 396 4149 (Ι
407 4090 566 4142 ,Ιοαηί
589 4101 646 4153 n,
670 4084 768 4158 16).
791 4087 1040 4142 Sufﬁciat
1056 4088 1406 4142 solummodo
1427 4090 1560 4160 quia
1575 4091 1676 4144 soli
1691 4091 1805 4145 Deo

204 4175 540 4243 vacatis,ubi
552 4183 610 4231 et
629 4178 1014 4232 necessitatem
1035 4177 1366 4232 sufﬁcientia
1383 4194 1494 4232 non
1511 4179 1808 4244 excedit,et

203 4267 513 4322 necessitas
549 4266 895 4321 sufﬁcientia
935 4268 1162 4321 modum
1192 4283 1301 4322 non
1340 4267 1556 4322 adimit.
1590 4268 1807 4322 Sufficit

1889 3198 2015 3264 gite,
2050 3196 2363 3249 erudimini
2390 3197 2491 3263 qui
2521 3195 2792 3263 judicatis
2823 3201 3033 3251 terram
3072 3200 3236 3265 (Psat.
3283 3214 3341 3264 Il.
3373 3200 3488 3270 10).

1890 3284 2035 3348 Quia
2077 3300 2207 3338 vera
2234 3283 2606 3354 intelligentia
2642 3284 2865 3354 plenam
2895 3286 3058 3341 affert
3085 3288 3487 3359 eruditionem;

1889 3373 2051 3427 sicuti
2081 3377 2135 3427 et
2167 3389 2298 3428 vera
2326 3372 2568 3426 eruditio
2591 3372 3024 3443 intelligentiam
3051 3376 3154 3430 viri
3175 3379 3487 3448 prudentis.

1887 3464 1966 3518 Ac
1994 3478 2095 3534 per
2112 3463 2236 3520 hoc.
2276 3467 2341 3516 ut
2369 3461 2483 3514 dixi
2509 3462 2674 3532 paulo
2700 3463 2976 3533 superius,
3021 3465 3354 3536 mysterium
3389 3469 3492 3523 hu-

1880 3551 1975 3621 jus
2003 3549 2204 3604 cantici
2234 3550 2495 3603 lectorem
2515 3550 2824 3620 spiritalem
2852 3553 3090 3623 requirit
3109 3561 3165 3608 et
3183 3554 3486 3611 intentum.

1888 3638 2152 3708 Alioquin
2177 3636 2272 3691 ubi
2300 3637 2533 3708 simplex
2557 3644 2643 3692 est
2662 3654 2858 3694 sensus
2887 3645 2942 3694 et
2957 3647 3203 3711 apertus,
3230 3643 3364 3713 quid
3394 3661 3488 3698 ne-

1890 3743 2042 3782 cesse
2091 3733 2213 3781 erat
2239 3726 2562 3781 audientem
2599 3729 2934 3798 pramoneri
2980 3729 3147 3783 verbo
3176 3730 3490 3802 intelligen-

1890 3817 2067 3884 tia,et
2085 3816 2193 3871 dici
2211 3817 2281 3870 ad
2303 3833 2432 3870 eum
2456 3833 2467 3868 :
2495 3816 2602 3882 Qui
2621 3818 2775 3870 habet
2790 3833 2954 3871 aures
2977 3820 3261 3876 audiendi.
3289 3824 3486 3876 audiat

1890 3906 2104 3976 (Matth.
2160 3921 2234 3971 x1,
2283 3904 2402 3971 15)?
2451 3905 2792 3960 Eruditionis
2819 3923 3041 3977 quoque
3069 3908 3349 3963 canticum
3391 3927 3487 3965 ca-

1891 3996 2046 4051 nitur
2073 3995 2460 4049 amantissimo
2489 4000 2546 4048 et
2594 3995 3044 4059 dilecto,canitur
3072 3997 3265 4051 victori
3294 4005 3352 4052 et
3379 4015 3483 4070 pro

1887 4084 2173 4155 triumpho
2188 4102 2201 4149 ;
2216 4083 2438 4138 canitur
2451 4088 2640 4137 autem
2662 4099 2762 4154 pro
2784 4084 2902 4137 flori
2912 4084 3012 4138 bus
3034 4090 3091 4139 et
3105 4085 3486 4152 liliis,canitur

1887 4179 1944 4228 et
1970 4189 2071 4245 pro
2099 4173 2186 4227 his
2213 4173 2309 4243 qui
2337 4173 2850 4227 commutabuntur.
2887 4173 3044 4228 Unde
3074 4191 3176 4228 nec
3197 4175 3482 4232 immerito

1887 4262 2033 4316 sicut
2059 4263 2318 4334 pramisi,
2342 4279 2377 4316 a
2407 4263 2614 4317 sanctis
2636 4262 2898 4317 Patribus
2927 4263 3352 4334 epithalamium
3384 4283 3483 4320 vo-

205 4357 353 4410 enim
377 4372 583 4410 census
608 4356 860 4427 exiguus,
889 4356 980 4410 cui
1008 4361 1218 4411 aterna
1255 4357 1530 4427 possessio
1549 4357 1700 4412 solus
1721 4365 1865 4432 estD
1887 4358 2065 4408 catur.
2092 4352 2526 4422 Epithalamium
2575 4369 2820 4422 namque
2851 4352 3090 4423 primum
3123 4370 3156 4407 a
3186 4354 3484 4410 Salomone

204 4445 506 4515 Deus(Luc.
533 4462 584 4511 x,
603 4443 711 4508 4'2).
738 4445 914 4500 Maria
929 4462 1171 4517 namque
1185 4446 1677 4517 optimampartem
1690 4448 1800 4501 ele-

202 4533 304 4603 git,
329 4534 468 4588 dum
493 4533 845 4588 solummodo
875 4534 1094 4588 Domini
1123 4534 1308 4589 tenuit
1336 4534 1524 4605 pedes,
1557 4551 1696 4605 quos
1722 4536 1807 4589 la-

203 4623 412 4692 crymis
431 4622 654 4692 rigavit.
671 4622 777 4678 Sed
801 4629 854 4677 et
868 4623 966 4678 Dei
983 4624 1250 4694 genitrix,
1269 4624 1428 4693 cujus
1446 4623 1676 4679 obtentu
1694 4640 1807 4679 ser-

202 4711 338 4765 vitio
355 4728 455 4766 vos
476 4711 578 4766 Dei
609 4711 851 4774 vovistis,
889 4729 1002 4766 non
1035 4713 1221 4784 ampla
1238 4713 1490 4783 quasivit
1523 4714 1802 4785 pratoria,

202 4800 431 4871 quando
440 4800 500 4854 in
511 4800 816 4855 diversorio
827 4801 980 4856 nullu
991 4818 1043 4855 m
1057 4801 1254 4856 habuit
1264 4802 1581 4867 locum,nisi
1589 4804 1807 4873 jumen-

201 4894 394 4944 torum
413 4890 768 4962 prasepium,
794 4907 906 4961 quo
937 4891 1224 4946 reclinavit
1244 4891 1422 4946 Deum
1441 4892 1802 4948 infantulum.

201 4979 459 5050 Apostoli
478 4979 538 5033 in
557 4995 780 5034 carcere
799 4980 1179 5036 collaudantes
1197 4981 1372 5035 Deum
1395 4981 1770 5036 exaudiuntur
1791 4999 1802 5035 :

202 5075 418 5138 quanto
454 5068 638 5138 magis
669 5085 781 5134 vos,
811 5085 948 5139 grex
977 5069 1400 5136 Christi,coram
1425 5071 1631 5125 sanctis
1662 5072 1804 5126 alta-

201 5155 362 5211 ribus
414 5157 697 5212 contidere
741 5157 976 5223 debetis,
1009 5159 1103 5213 ubi
1161 5159 1324 5214 beata
1369 5165 1426 5214 et
1472 5161 1804 5215 venerabilis

201 5245 379 5316 Virgo
407 5253 711 5301 veneratur
762 5253 820 5302 et
878 5248 1100 5313 colitur,
1133 5265 1302 5320 super
1358 5249 1558 5305 choros
1587 5250 1803 5305 elevata

199 5335 490 5406 angelicos
510 5336 523 5388 Ξ
546 5335 680 5400 Qua
705 5353 804 5408 pro
845 5336 996 5391 vobis
1017 5353 1204 5392 coram
1231 5353 1452 5392 summo
1481 5338 1595 5392 Deo
1623 5338 1800 5392 inter-

200 5424 430 5491 cedens,
467 5432 681 5480 vestras
709 5427 1065 5482 commendat
1094 5427 1377 5482 orationes
1409 5433 1466 5482 et
1484 5428 1647 5482 oll‘ert
1673 5433 1805 5482 vota

200 5514 586 5586 lacrymarum
602 5521 935 5585 vestrarum,
959 5533 1098 5589 quas
1129 5517 1465 5590 multiplices
1484 5517 1805 5573 indesinen-

202 5610 296 5659 ter
319 5603 557 5661 funditis
579 5605 699 5662 suis
725 5623 853 5663 cum
885 5606 1158 5680 precibus.
1187 5607 1294 5665 Ubi
1332 5613 1392 5664 et
1417 5607 1654 5680 pignora
1681 5624 1806 5664 san-

1886 4441 1945 4495 in
1977 4441 2201 4495 laudem
2229 4442 2437 4496 Christi
2463 4447 2521 4496 et
2561 4442 2816 4497 Ecclesia
2852 4443 3222 4514 compositum
3249 4461 3369 4498 esse
3403 4446 3482 4500 le-

1868 4521 2093 4600 'gimus.
2122 4531 2258 4584 Inde
2288 4532 2584 4585 saculares
2604 4531 2704 4585 viri
2726 4532 2951 4585 demum
2980 4548 3083 4586 sua
3101 4537 3320 4586 traxere
3349 4533 3481 4588 dra-

1889 4625 2061 4686 mata,
2117 4626 2395 4692 quatenus
2432 4621 2492 4675 in
2537 4621 2751 4692 nuptiis
2789 4620 2859 4675 ob
2889 4622 3159 4675 honorem
3190 4623 3381 4694 sponsi
3417 4641 3483 4678 ac

1887 4725 2104 4780 sponsa
2129 4716 2259 4764 ante
2287 4710 2596 4765 thalamum
2643 4710 2774 4764 hinc
2793 4710 2926 4764 inde
2965 4710 3205 4766 vicissim
3251 4729 3483 4769 carmen

1889 4799 2072 4853 laudis
2105 4799 2487 4856 decantarent.
2535 4800 2643 4854 Sed
2675 4806 2733 4854 et
2767 4800 2958 4864 David,
2997 4801 3092 4872 qui
3120 4806 3274 4856 totus
3303 4803 3484 4858 fertur

1890 4889 2134 4943 musicus
2175 4889 2365 4955 fuisse,
2417 4890 2476 4943 in
2532 4890 2637 4944 hoc
2684 4889 2898 4961 psalmo
2949 4890 3194 4961 pratulit
3240 4891 3482 4946 formam

1889 4978 2058 5049 hujus
2104 4979 2393 5033 dramatis.
2423 4979 2492 5034 Et
2518 4979 2642 5033 ideo
2682 4995 2795 5033 non
2841 4996 2901 5033 se
2937 4981 3139 5046 solum,
3172 4985 3271 5035 aut
3303 4997 3481 5035 unum

1887 5069 2309 5139 prophetarum,
2354 5069 2451 5123 sed
2483 5083 2705 5123 omnem
2747 5069 2980 5122 chorum
3009 5069 3254 5124 ﬁliorum
3299 5071 3480 5125 Chore

1885 5165 2178 5212 canentem
2219 5158 2426 5228 simul;
2476 5164 2532 5213 et
2573 5175 2839 5230 sponsum
2883 5159 2952 5213 ab
2980 5166 3188 5214 aterno
3217 5160 3284 5213 de
3315 5159 3481 5214 corde

1887 5247 2070 5302 Patris
2103 5248 2376 5319 genitum,
2417 5249 2734 5303 venientem
2783 5249 2852 5303 ad
2891 5249 3118 5320 nuptias
3151 5249 3479 5304 introducit.

1894 5343 1933 5403 Ι
1950 5337 2417 5403 240Dilectum
2437 5344 2626 5393 autem
2647 5355 2796 5401 eum,
2811 5344 2868 5393 et
2877 5339 2996 5393 sine
3013 5338 3126 5392 ullo
3138 5338 3487 5394 additamen-

1885 5431 1963 5492 to,
1991 5427 2075 5480 vel
2099 5427 2547 5482 amantissimum
2572 5433 2731 5482 vocat
2763 5446 2774 5480 :
2809 5429 2938 5499 quia
2965 5427 3022 5481 in
3061 5428 3483 5498 comparatione

1888 5519 2030 5588 ejus,
2054 5518 2181 5586 jure
2215 5517 2403 5572 nullus
2457 5517 2691 5572 dilectus
2743 5517 3005 5572 creditur.
3056 5516 3164 5581 Qui
3208 5523 3402 5587 tropus
3447 5533 3481 5569 a

1886 5607 2269 5680 grammaticis
2299 5608 2685 5664 antonomasia
2728 5606 2951 5663 dicitur.
2976 5606 3135 5678 quasi
3164 5605 3418 5676 quadam
3447 5620 3481 5658 a
