3918 6166
390 291 527 353 1011

1149 296 1207 352 S.
1247 288 1624 350 PASCHASII
1662 285 2023 343 RADBERTI
2060 285 2366 345 ABBATIS
2404 288 2902 346 CORBEIENSIS.

3497 293 3621 353 1012

395 418 564 476 rebus
581 422 1014 494 cognominatio,
1037 427 1095 479 et
1122 420 1331 495 prOprii
1353 419 1596 476 nominis
1620 416 1984 489 signiﬁcatio—
2000 415 2053 478 Α
2069 416 2322 472 tionabili
2352 422 2611 473 creatura
2637 417 2973 490 diligendus,
2997 434 3109 474 una
3134 435 3265 476 cum
3283 421 3440 476 Patre
3456 425 3508 478 et
3523 422 3628 495 Spio

392 525 523 564 nem
550 511 801 579 trahens,
832 513 965 566 dum
996 529 1235 583 persona
1282 509 1544 581 quaelibet
1569 508 1645 561 ita
1676 506 1863 577 aliquo
1889 522 1984 558 ex-

395 598 548 653 cellit
574 600 861 663 vocabulo,
891 606 955 655 ut
979 602 1167 655 nullus
1196 600 1339 653 alter
1367 597 1715 666 intelligatur
1740 612 1906 666 quam
1938 595 1985 649 is

397 687 468 742 de
498 704 607 758 quo
636 689 859 743 dicitur.
900 690 989 743 Fit
1027 689 1173 743 enim
1214 686 1406 740 multis
1435 684 1615 738 modis
1644 700 1810 753 quam
1842 700 1987 754 saepe

396 776 567 831 etiam
597 783 654 831 ('t
694 778 753 831 in
798 777 997 831 divinis
1037 774 1338 847 Scripturis
1370 794 1380 801 ο
1435 778 1627 842 utpote
1665 772 1722 824 in
1765 772 1988 825 Psalmo

395 880 563 929 nono,
587 868 650 918 de
678 869 900 919 occultis
929 868 1058 932 ﬁlii,
1091 866 1269 918 solum
1293 862 1468 916 filium
1487 862 1675 915 volens
1694 861 1987 914 ostendere

396 953 716 1019 Christum;
762 957 819 1006 et
844 953 912 1006 de
940 954 1154 1007 Joanne
1190 971 1201 1006 :
1244 954 1344 1007 Hic
1380 956 1455 1004 cst
1496 952 1798 1017 discipulus
1826 966 1985 1018 quem

394 1043 652 1108 diligebat
672 1044 825 1095 Jcsus
858 1043 1037 1110 (Joan.
1071 1056 1181 1107 xxx,
1206 1039 1254 1109 7)
1284 1059 1295 1092 :
1329 1055 1440 1094 non
1462 1039 1609 1109 quod
1634 1044 1691 1091 et
1708 1038 1846 1091 alios
1875 1055 1986 1092 non

394 1128 668 1200 diligeret;
690 1131 786 1184 sed
804 1130 934 1201 quia
953 1147 1081 1185 eum
1099 1130 1380 1202 praecipue
1401 1134 1455 1183 et
1471 1144 1583 1199 pra:
1596 1126 1854 1181 omnibus
1869 1127 1989 1181 dili-

388 1215 674 1287 gebat.Sic
690 1235 912 1290 quoque
932 1226 990 1273 et
1009 1219 1064 1273 in
1086 1220 1191 1273 hoc
1211 1219 1329 1272 loco
1345 1216 1637 1272 Canticum
1662 1232 1761 1287 pro
1786 1216 1987 1270 dilecto

389 1307 481 1361 vel
507 1307 894 1362 amantissimo
932 1308 1174 1375 dicitur;
1210 1307 1342 1379 quia
1390 1306 1494 1361 etsi
1540 1306 1634 1359 alii
1677 1305 1989 1375 diliguntur

388 1399 618 1466 propter
630 1396 945 1467 adoptionis
954 1397 1217 1467 gratiam,
1240 1396 1330 1450 hic
1345 1412 1473 1450 vero
1487 1399 1713 1466 propter
1741 1395 1987 1468 proprie-

387 1486 562 1537 tatem
581 1490 814 1540 naturae.
840 1486 964 1539 Non
985 1486 1136 1556 quod
1158 1484 1399 1539 exterius
1420 1484 1696 1554 acceperit
1715 1489 1779 1538 ut
1798 1484 1982 1555 diligi-

386 1571 514 1626 bilis
540 1579 714 1639 esset;
740 1574 838 1627 sed
862 1574 980 1644 ipse
1010 1574 1066 1627 in
1104 1591 1164 1628 se
1192 1571 1407 1627 habens
1434 1578 1635 1627 natura
1656 1579 1721 1627 ut
1746 1572 1983 1628 dilectus

2065 506 2176 561 ritu
2207 513 2398 561 sancto
2422 507 2785 562 venerandus.

2143 597 2366 651 Interea
2380 596 2499 666 ipse
2515 598 2668 650 solus
2690 597 2838 651 Deus
2858 615 2959 668 pro
2971 598 3460 655 hominibushomo
3476 602 3632 657 factus

2064 686 2193 754 jure
2214 685 2366 739 solus
2394 684 2541 740 inter
2567 685 2821 739 homines
2840 686 3047 740 dicitur
3064 687 3300 742 dilectus
3319 694 3376 742 et
3393 690 3633 745 amantis-

2071 773 2247 827 simus
2275 790 2388 844 prae
2412 772 2673 827 omnibus
2702 792 2714 826 ί
2748 779 2805 827 et
2834 773 2967 844 quia
2996 775 3205 829 Psalmi
3236 776 3431 831 titulus
3459 784 3552 843 est,
3585 779 3636 833 in

2073 862 2220 931 quod
2249 862 2317 916 de
2351 862 2471 933 ipso
2501 869 2559 916 et
2587 879 2792 932 sponsa
2811 863 3053 929 canitur,
3079 872 3233 919 recte
3261 864 3465 937 absque
3482 864 3637 921 ambi-

2065 967 2197 1021 guo,
2220 967 2318 1019 pro
2341 950 2536 1004 dilecto
2579 951 2660 1004 vel
2690 955 3078 1007 amantissimo
3097 953 3437 1020 inscribitur,
3475 960 3533 1008 ut
3553 971 3638 1009 ne-

2066 1056 2158 1091 mo
2183 1038 2391 1109 absque
2417 1054 2481 1092 eo
2511 1038 2784 1093 amandus
2814 1038 2884 1092 ab
2932 1056 3137 1111 sponsa
3187 1041 3519 1111 requiratur,
3556 1043 3639 1096 sed

2070 1144 2459 1198 quemcunque
2488 1144 2694 1199 sponsa
2727 1127 2934 1182 Christi
2972 1130 3266 1194 amaverit,
3299 1135 3398 1185 aut
3422 1131 3531 1202 ipse
3561 1131 3638 1196 sit,

2069 1221 2169 1269 aut
2194 1215 2252 1269 in
2273 1214 2413 1286 ipso,
2449 1221 2549 1269 aut
2576 1221 2805 1287 propter
2836 1217 3041 1288 ipsum,
3074 1223 3138 1272 ut
3177 1234 3375 1272 omnes
3418 1218 3473 1274 in
3491 1218 3644 1273 chari-

2067 1309 2183 1358 tate
2226 1309 2464 1369 ιπιια
2498 1321 2671 1358 unum
2731 1305 2861 1359 sint.
2895 1306 3054 1361 Unde
3106 1307 3411 1378 Apostolus
3438 1326 3449 1360 :
3475 1308 3643 1363 Gratia

2070 1396 2295 1448 Domini
2319 1396 2498 1447 nostri
2532 1396 2658 1448 Jcsu
2696 1394 2924 1459 Christi,
2958 1394 3158 1465 inquit,
3191 1402 3241 1449 et
3286 1397 3522 1450 Charitas
3545 1398 3643 1460 Dei,

2068 1488 2115 1535 ct
2149 1485 2577 1536 cormnunicatio
2601 1481 2848 1550 Spiritus
2899 1485 3097 1549 sancti,
3128 1487 3202 1537 sit
3247 1501 3373 1538 cum
3420 1486 3644 1539 omnibus

2068 1572 2211 1624 vobis
2232 1571 2307 1639 (II
2327 1572 2447 1623 Cor.
2468 1583 2588 1634 xm,
2626 1568 2719 1637 ‘3).
2759 1570 2893 1633 Quae
2922 1570 3190 1626 nimirum
3214 1571 3641 1638 communicatio,

388 1667 552 1715 esset.
589 1662 729 1726 Quia
762 1667 955 1716 sancta
983 1662 1258 1717 naturalis
1288 1662 1493 1727 unitas,
1525 1666 1582 1715 et
1606 1661 1897 1731 aequalitas
1928 1650 2045 1717 etB
2064 1674 2258 1712 omnes
2288 1674 2463 1712 unum
2494 1658 2552 1711 in
2578 1674 2643 1711 eo
2673 1658 2806 1712 facit
2833 1659 2921 1713 cui
2950 1660 3462 1714 communicantur.
3494 1661 3642 1715 Porro

386 1750 909 1820 charitas,unitatis,
925 1767 1035 1805 non
1051 1751 1277 1805 aliunde
1296 1767 1464 1822 quam
1482 1766 1585 1804 ase
1601 1749 1769 1805 habet
1788 1756 1853 1805 ut
1862 1750 1983 1804 dili-

384 1845 571 1910 gatur.
621 1840 765 1894 sicut
809 1840 1035 1911 adoptio
1064 1856 1257 1895 eorum
1298 1856 1438 1911 quos
1482 1839 1731 1910 adoptat.
1784 1840 1847 1893 In
1889 1840 1983 1894 illa

388 1927 594 1999 quippe
624 1927 937 1983 substantia
978 1928 1270 1983 Trinitatis
1311 1928 1500 1982 unitas
1529 1934 1611 1981 est
1658 1927 1715 1981 in
1746 1927 1979 1998 origine.

386 2017 678 2087 aequalitas
709 2018 765 2071 in
812 2017 999 2088 prole;
1054 2017 1113 2071 in
1156 2016 1429 2072 charitate
1479 2021 1668 2071 autem
1718 2017 1898 2071 Patris
1928 2022 1985 2071 et

386 2104 534 2172 Filii,
556 2107 793 2161 unitatis
824 2107 1272 2177 aequalitatisque
1298 2106 1634 2161 communio.
1669 2106 1800 2160 Ideo
1832 2107 1983 2160 nulla

388 2199 474 2249 est
535 2195 732 2249 divisio
788 2196 1039 2261 unitatis,
1077 2195 1173 2250 sed
1231 2195 1505 2249 naturalis
1561 2194 1782 2249 dilectio
1810 2196 1983 2250 totius

387 2284 719 2354 majestatis.
752 2284 999 2338 Dilectus
1029 2290 1115 2338 est
1157 2284 1331 2354 igitur
1350 2284 1464 2338 Deo
1494 2283 1647 2338 Patri
1684 2300 1749 2337 ac
1775 2285 1821 2337 si
1852 2302 1980 2354 pro-

387 2372 564 2442 prius,
590 2371 659 2425 de
681 2388 790 2443 quo
819 2372 937 2443 ipse
957 2373 1013 2426 in
1036 2372 1333 2443 Evangelio
1357 2391 1367 2425 :
1396 2374 1498 2427 llic
1525 2377 1598 2425 cst
1618 2372 1795 2426 Filius
1808 2389 1975 2439 meus,

383 2466 587 2538 inquit,
612 2469 859 2533 dilectus,
896 2472 958 2522 in
991 2486 1096 2538 quo
1125 2471 1251 2523 bene
1270 2472 1575 2537 complacui
1592 2470 1809 2541 (Matth.
1842 2485 1977 2536 xvn,

384 2563 464 2634 5).
490 2564 665 2620 Isaias
686 2566 745 2620 in
776 2566 1003 2621 Cantico
1037 2584 1048 2618 :
1083 2568 1346 2635 Cantabo,
1374 2565 1574 2636 inquit,
1611 2569 1802 2621 dilecto
1841 2586 1975 2636 meo,

382 2667 660 2719 canticum
679 2668 927 2733 patrueli
946 2681 1059 2718 meo
1088 2667 1256 2719 vincar
1283 2681 1411 2718 sum.
1439 2665 1519 2718 Ac
1547 2665 1780 2719 deinde:
1821 2668 1978 2721 Vinea

380 2761 529 2829 facta
560 2768 631 2815 cst
678 2762 872 2816 dilecto
909 2765 974 2815 in
1002 2778 1178 2815 cornu
1209 2764 1272 2813 in
1313 2762 1424 2815 loco
1465 2763 1625 2815 uberi
1652 2765 1780 2817 (lsa.
1815 2780 1865 2828 v,
1900 2764 1974 2830 1).

383 2858 518 2924 Qua:
547 2859 814 2915 nimirum
841 2860 1005 2913 vinea
1033 2858 1275 2913 Ecclesia
1306 2858 1513 2913 Christi
1546 2864 1653 2923 est,
1683 2876 1805 2929 quae
1834 2860 1983 2914 facta

385 2962 470 3012 est
499 2974 706 3029 sponsa
734 2958 900 3013 unico
918 2962 976 3011 et
993 2956 1194 3009 dilecto
1214 2956 1347 3009 tilio.
1364 2953 1763 3010 Verumtamen
1784 2962 1841 3010 et
1862 2957 1982 3029 ipsa

2065 1746 2125 1801 in
2145 1746 2420 1801 Trinitate
2449 1746 2589 1800 nihil
2640 1747 2923 1819 discrepat
2968 1748 3308 1814 dilectionis,
3333 1750 3462 1818 quia
3488 1766 3646 1819 aequa-

2066 1836 2195 1889 litas
2223 1836 2396 1889 chara
2416 1840 2473 1889 et
2501 1852 2614 1889 una
2641 1843 2760 1890 est:
2788 1836 2975 1891 unitas
3002 1854 3134 1892 vero
3149 1839 3390 1910 aequalis
3408 1844 3463 1893 et
3478 1839 3642 1893 chara.

2066 1924 2277 1980 Deinde
2302 1924 2545 1978 Charitas
2574 1924 2806 1996 aequalis
2860 1931 3030 1996 atque
3074 1943 3190 1981 una
3223 1928 3566 1993 naturaliter,
3599 1932 3647 1981 et

2064 2000 2963 2084 incomparabiliterperseverat.
3043 2016 3113 2070 Et
3167 2015 3299 2071 ideo
3353 2017 3481 2088 quia
3518 2017 3644 2070 Deus

2066 2102 2235 2156 Pater
2263 2102 2550 2173 proprium
2582 2102 2844 2157 mittebat
2873 2103 3079 2158 Filium
3105 2104 3161 2159 in
3210 2106 3439 2169 mundo,
3463 2110 3523 2160 ut
3559 2121 3644 2158 sua

2064 2191 2270 2245 virtute
2302 2190 2404 2245 sibi
2463 2207 2731 2261 sponsam
2778 2192 3008 2247 duceret
3060 2193 3215 2249 inter
3246 2194 3497 2248 homines
3546 2194 3644 2264 ipse

2063 2281 2211 2334 Deus
2240 2280 2443 2346 homo;
2478 2280 2711 2350 dignum
2732 2280 2907 2335 fuitin
2929 2290 3288 2338 sacramento
3308 2282 3643 2354 titulipsalmi

2064 2370 2237 2440 hujus
2254 2368 2398 2439 quod
2416 2369 2705 2439 praemisit,
2731 2370 2824 2439 qui
2845 2370 2913 2423 de
2948 2371 3159 2443 nuptiis
3181 2379 3463 2438 cantatur,
3492 2371 3645 2425 canti-

2063 2475 2188 2513 cum
2240 2475 2339 2529 pro
2368 2457 2590 2521 dilecto,
2634 2458 2719 2511 vel
2765 2459 3044 2514 canticum
3094 2462 3494 2525 amantissimi,
3532 2478 3645 2531 qua-

2063 2551 2226 2601 tenus
2264 2564 2364 2618 per
2414 2546 2520 2601 hoc
2550 2548 2717 2617 plena
2763 2546 2985 2601 dilectio
3015 2550 3451 2605 commendetur
3490 2548 3640 2613 Filii;

2060 2635 2153 2706 qui
2180 2635 2259 2688 sic
2286 2634 2522 2689 dilectus
2551 2634 2760 2705 absque
2787 2635 3169 2691 additamento
3203 2638 3432 2699 dicitur.
3459 2644 3520 2693 ut
3536 2638 3637 2708 ipse

2059 2724 2212 2777 solus
2261 2723 2607 2793 intelligatur
2651 2724 2887 2778 dilectus
2925 2742 2936 2777 :
2969 2724 3027 2778 in
3075 2742 3185 2796 quo
3219 2727 3527 2797 diliguntur
3552 2725 3634 2796 qui

2067 2812 2257 2865 dilecti
2290 2817 2439 2876 sunt,
2476 2818 2533 2867 et
2561 2812 2618 2867 in
2642 2829 2751 2884 quo
2781 2813 2895 2867 Deo
2917 2814 3071 2868 Patri
3103 2813 3249 2870 bene
3285 2813 3635 2886 complacuit;

2065 2907 2147 2954 ita
2170 2905 2234 2954 ut
2266 2900 2321 2953 in
2352 2918 2417 2955 eo
2459 2901 2660 2973 reliqui
2691 2919 2885 2956 omnes
2914 2902 3190 2973 placeant,
3236 2922 3376 2976 quos
3404 2902 3503 2958 sibi
3529 2901 3641 2955 ado-

1999 2998 2041 3057 C
2067 2989 2242 3060 ptavit
2270 2990 2328 3043 in
2360 2990 2528 3047 ﬁlios.
2571 2990 2670 3044 His
2702 2990 2781 3045 ita
2821 2991 2890 3044 de
2928 2991 3091 3046 titulo
3142 2992 3469 3063 praemissis.
3500 2998 3555 3046 ut
3579 2988 3640 3043 ad

383 3053 607 3120 dilecta,
635 3055 731 3108 sed
761 3058 991 3126 propter
1017 3070 1145 3107 eum
1170 3052 1265 3123 qui
1296 3052 1673 3107 reconciliavit
1692 3071 1815 3108 eam
1854 3054 1978 3122 sibi,
2005 3052 2041 3057 ’“
2065 3052 2342 3133 gantiam,
2373 3085 2430 3133 et
2448 3079 2517 3133 ad
2545 3096 2611 3133 ea
2636 3097 2757 3150 qua,
2780 3085 2914 3134 sunt
2939 3052 3171 3151 τημείῴ
3194 3082 3461 3137 accedere
3486 3077 3640 3152 possit

386 3155 445 3204 et
472 3150 679 3221 eripuit
707 3150 778 3203 ab
805 3151 891 3203 ira
919 3149 1295 3203 damnationis
1328 3157 1391 3203 ut
1419 3156 1567 3203 esset
1595 3150 1822 3207 dilecta.
1858 3153 1983 3224 Ipse
2066 3169 2310 3231 animus.
2337 3168 2616 3222 ﬁniendus
2657 3149 2749 3222 θρει
2780 3168 2939 3222 ,ιίδειι
2962 3149 3200 3241 pﬁmus,
3237 3177 3297 3225 et
3346 3149 3639 3225 exon-"ldus

385 3260 517 3299 vero
548 3261 649 3316 per
676 3260 735 3298 se
777 3245 1032 3311 dilectUS,
1085 3246 1218 3316 quia
1267 3262 1301 3299 ἃ
1346 3252 1549 3300 natura
1586 3247 1754 3314 ﬁlius.
1794 3248 1869 3303 ita
1921 3255 1985 3304 ut
2068 3257 2310 3327 Spiritus
2338 3262 2583 3321 sanctus,
2616 3262 2679 3310 ut
2708 3273 2772 3311 eo
2797 3256 3185 3313 describantur
3211 3260 3361 3331 stylo
3399 3259 3455 3313 in
3482 3256 3638 3312 cordi-

387 3357 555 3396 nemo
586 3342 645 3396 in
671 3342 1088 3414 comparatione
1125 3344 1247 3414 ejus
1291 3345 1419 3415 jure
1463 3344 1699 3400 dilectus
1739 3346 1979 3403 dicatur.
2066 3344 2170 3399 bus
2191 3346 2415 3412 nostris,
2450 3362 2560 3416 quo
2590 3351 2839 3400 reserata
2862 3352 2997 3401 sunt
3014 3347 3225 3401 sanctis
3262 3349 3360 3403 Dei
3382 3345 3642 3419 prophetis

396 3431 532 3486 Jure
561 3431 677 3501 agit
705 3431 825 3503 ipse
857 3432 916 3486 in
944 3431 1123 3487 Deum
1154 3438 1211 3487 et
1236 3433 1560 3501 Dominum,
1604 3433 1674 3489 ab
1701 3436 1854 3491 omni
1890 3454 1982 3492 ra-
2065 3433 2343 3489 omnibus.

1585 3766 1874 3840 LIBER
1924 3765 2451 3843 SECUNDUS.

465 4024 729 4089 Quamvis
759 4024 828 4078 de
859 4022 1092 4078 occultis
1132 4025 1189 4076 et
1212 4020 1463 4078 obscuris
1486 4021 1585 4077 diu
1618 4022 1990 4094 multumque.
2076 4024 2439 4081 obscuramur
2457 4031 2514 4081 et
2542 4025 2891 4092 involvimur,
2916 4027 3023 4081 nisi
3048 4032 3326 4099 quantum
3348 4026 3529 4081 divina
3546 4022 3644 4095 pie-

394 4113 553 4184 virgo
576 4113 801 4177 Christi,
822 4116 1124 4166 tractatum
1156 4110 1246 4169 sit.
1273 4128 1385 4165 non
1415 4111 1554 4165 adeo
1584 4128 1619 4166 a
1646 4111 1805 4167 nobis
1831 4113 1994 4183 igno-
2075 4117 2163 4167 tas
2180 4113 2340 4169 nobis
2361 4131 2611 4169 reserare
2628 4116 2895 4187 dignatur
2908 4117 3450 4189 qualitercunqueut
3467 4126 3643 4185 capere

395 4200 582 4255 rantia
623 4200 853 4270 depulsa
887 4205 991 4264 est,
1040 4216 1109 4253 ne
1149 4199 1360 4253 eisdem
1391 4216 1612 4272 semper
1645 4200 1996 4256 involvamur
2077 4204 2375 4273 possimus.
2406 4205 2545 4259 Hinc
2576 4221 2799 4277 quoque
2830 4206 2943 4260 Deo
2973 4206 3428 4278 gratulabundus
3452 4202 3643 4275 gratias

396 4287 666 4352 obscuris,
699 4286 807 4341 nisi
829 4292 1101 4357 quantum
1128 4287 1476 4342 illustramur
1500 4289 1681 4358 gratia
1735 4290 1992 4362 Quapro-
2011 4348 2052 4364 ﬁ
2077 4293 2321 4347 referens
2344 4294 2456 4347 Deo
2477 4293 2696 4364 agebat:
2723 4297 2941 4349 Incerta
2966 4303 3017 4349 ct
3035 4299 3246 4350 occulta
3262 4296 3536 4364 sapientia:
3554 4296 3644 4343 tua?

396 4380 523 4447 pter
544 4348 769 4445 quidam
794 4348 1128 4445 philosophi,
1146 4392 1272 4430 cum
1295 4383 1483 4430 essent
1501 4348 1628 4431 sine
1651 4348 1785 4444 Deo,
1801 4348 1991 4434 omnia
2011 4348 2055 4405 Β
2076 4387 2448 4452 mani/cstasti
2472 4348 2615 4438 niihi
2640 4386 2782 4455 (Psat
2833 4404 2884 4452 ι,
2902 4383 2976 4450 8).
3001 4348 3213 4451 Quibus
3239 4348 3456 4440 duobus
3477 4385 3644 4437 noster

397 4463 569 4518 dubia
598 4480 718 4519 esse
748 4463 1023 4518 dixerunt.
1060 4463 1169 4517 Alii
1189 4480 1317 4518 vero
1348 4465 1451 4519 hoc
1478 4466 1642 4536 longe
1661 4484 1694 4521 a
1717 4484 1776 4521 se
1813 4486 1993 4523 remo-
2074 4472 2310 4528 nimium
2352 4472 2685 4527 obscuratur
2712 4474 2954 4536 animus,
2987 4475 3122 4529 dum
3151 4478 3450 4530 occurrunt
3478 4469 3638 4530 nobis,

394 4559 589 4609 ventes
609 4559 1087 4625 praesumpserant
1123 4569 1182 4606 se
1211 4553 1353 4608 scire
1383 4570 1504 4625 quae
1552 4554 1890 4611 nesciebant.
1925 4559 1991 4613 Et
2075 4577 2185 4616 non
2208 4562 2385 4618 solum
2410 4579 2532 4633 qua!
2553 4563 2769 4616 occulta
2783 4570 3130 4627 sunt,verum
3154 4564 3327 4618 etiam
3345 4562 3638 4635 quaeincer-

395 4642 521 4696 ideo
574 4649 725 4696 recte
768 4659 899 4713 pars
942 4641 1188 4696 scientiae
1228 4660 1349 4698 esse
1394 4643 1617 4711 dicitur,
1665 4644 1805 4700 scire
1842 4648 1991 4718 quod
2073 4655 2150 4704 ta.
2183 4651 2257 4706 Ut
2275 4656 2430 4721 puta.
2453 4651 2587 4705 dum
2625 4652 2904 4724 quispiam
2931 4653 3040 4708 iter
3075 4653 3265 4707 volens
3293 4669 3474 4724 agere,
3511 4650 3642 4703 inter

395 4731 633 4785 nescias.
678 4731 811 4795 Qum
836 4737 1027 4785 tamen
1060 4731 1384 4798 nescientia,
1418 4733 1542 4788 ideo
1570 4734 1803 4789 scientia
1831 4753 1991 4791 voca-
2072 4739 2287 4794 medias
2335 4740 2515 4795 noctis
2553 4740 2835 4805 tenebras,
2885 4742 2944 4796 in
2984 4742 3264 4813 quoddam
3312 4737 3637 4813 quadrivium

394 4824 528 4875 tur:
566 4819 700 4890 quia
727 4819 856 4873 etsi
901 4836 1030 4891 pars
1076 4821 1320 4877 scientia-
1364 4823 1671 4878 nescientia
1713 4830 1817 4892 est,
1849 4826 1990 4882 scire
2073 4828 2314 4894 devenit,
2362 4829 2544 4883 sciens
2577 4830 2695 4900 jam
2733 4830 2867 4901 quid
2896 4832 2971 4885 sit
3007 4831 3114 4896 via,
3159 4832 3412 4886 nesciens
3457 4826 3638 4882 ibidem

399 4908 546 4980 quod
582 4909 799 4963 nescias
832 4926 843 4961 :
880 4910 1055 4964 multo
1084 4912 1265 4981 magis
1294 4917 1381 4966 est
1416 4918 1606 4968 tamen
1650 4913 1985 4984 ignorantia,
2071 4923 2261 4972 tamen
2286 4918 2454 4972 ullam
2473 4918 2555 4973 vel
2578 4920 2836 4973 semitam
2863 4920 3346 4984 esse,obscuritate
3362 4917 3633 4974 involutus.

395 4998 482 5053 vel
512 4998 559 5053 si
588 4997 804 5052 nescias
833 4999 964 5068 quid
987 5016 1221 5069 qureras.
1248 5001 1389 5055 Hinc
1408 5002 1633 5073 quidam
1654 5004 1763 5058 tria
1789 5004 1989 5059 obsou-
2073 5007 2241 5061 Facto
2271 5012 2462 5061 autem
2500 5024 2682 5074 mane,
2716 5010 2864 5079 quod
2895 5010 3173 5065 occultum
3204 5016 3325 5064 erat
3363 5011 3476 5079 jam
3505 5004 3637 5057 detb

395 5104 588 5143 rorum
640 5087 900 5142 dixerunt
940 5103 1061 5141 esse
1110 5105 1336 5159 genera.
1386 5091 1637 5154 Quorum
1680 5109 1855 5146 unum
1906 5098 1994 5147 est
2074 5104 2224 5151 ctum
2257 5104 2376 5153 est:
2415 5100 2513 5154 sed
2544 5100 2820 5154 incertum
2850 5099 2901 5154 ei
2936 5106 3130 5167 restat,
3159 5115 3324 5172 quam
3354 5093 3634 5169 apprehen-

399 5178 621 5249 quando
652 5194 742 5231 res
777 5176 966 5230 sensui
1007 5184 1178 5247 patet,
1201 5179 1297 5233 sed
1325 5179 1513 5236 animo
1533 5181 1667 5252 quid
1695 5181 1768 5236 sit
1791 5181 1990 5237 obscu-
2073 5186 2205 5240 dere
2233 5186 2434 5242 debeat
2461 5188 2604 5242 viam
2638 5204 2702 5242 ex
2733 5187 3010 5254 omnibus,
3042 5189 3125 5242 vel
3163 5204 3272 5260 quo
3308 5187 3507 5241 ducant
3537 5180 3635 5233 sin.

397 5283 523 5321 rum
544 5272 647 5321 est.
670 5267 926 5322 Alterum
952 5283 1079 5319 vero
1103 5273 1204 5331 est,
1223 5266 1314 5321 ubi
1338 5285 1426 5322 res
1441 5269 1628 5323 animo
1644 5276 1864 5342 pateret
1882 5272 1990 5326 nisi
2071 5275 2234 5345 gulae.
2260 5279 2307 5330 A
2332 5276 2532 5348 quibus
2543 5276 2761 5331 duobus
2781 5277 3050 5349 propheta
3070 5277 3334 5331 liberatus
3354 5270 3627 5329 erroribus.

398 5355 586 5411 sensui
622 5355 996 5409 clauderetur.
1041 5356 1214 5410 Porro
1265 5356 1493 5412 tertium
1533 5359 1991 5417 obscurissimum
2067 5365 2186 5434 jam
2221 5366 2336 5419 Deo
2364 5366 2579 5437 gratias
2604 5365 2892 5437 refert,qui
2915 5367 2965 5420 ei
2985 5366 3353 5438 inspiraverat
3369 5359 3627 5419 divinitus.

396 5444 792 5516 comprobatur
821 5461 960 5512 esse,
994 5445 1217 5516 quando
1267 5462 1355 5500 res
1398 5447 1658 5517 quaelibet
1693 5465 1796 5504 nec
1823 5468 1989 5505 sensu
2074 5454 2221 5525 quod
2243 5454 2519 5510 incertum
2541 5460 2664 5510 erat
2692 5460 2750 5509 et
2775 5456 3054 5511 occultum
3094 5455 3309 5511 saeculis
3337 5458 3391 5507 et
3415 5462 3629 5523 genera-

396 5534 635 5607 capitur,
654 5532 767 5588 nec'
782 5535 974 5589 animo
999 5534 1350 5605 intelligitur,
1379 5551 1481 5589 nec
1502 5536 1718 5592 ratione
1735 5540 1817 5593 vel
1838 5539 1885 5594 si
1908 5546 1992 5595 est
2072 5542 2337 5599 tionibus.
2362 5546 2509 5599 sicut
2531 5545 2588 5599 in
2611 5545 2715 5599 hoc
2733 5544 3095 5615 epithalamio
3117 5544 3392 5617 virginum
3411 5538 3628 5595 declara-

395 5624 905 5700 comprehenditur.
926 5625 1048 5691 Quo
1067 5641 1202 5682 sane
1218 5641 1424 5698 genere
1446 5626 1503 5681 in
1524 5627 1717 5684 multis
1746 5636 1785 5696 ι
1802 5635 1989 5697 248
2070 5638 2189 5691 tur.
2217 5633 2377 5689 Unde
2397 5640 2619 5709 oportet
2647 5638 2706 5690 et
2726 5634 3221 5704 nos,charissima,
3250 5630 3456 5707 gratias
3484 5637 3630 5699 agere
