3918 6166
225 360 371 423 1013

1125 372 1502 429 EXPOSITIO
1545 374 1620 428 IN
1661 371 2002 428 PSALMUM
2042 373 2231 428 XLIV.
2270 402 2334 414 -
2364 371 2498 428 LIB.
2543 375 2614 430 ΙΙ.

3364 377 3504 436 1014

225 487 510 551 Salvatori
531 495 670 566 Deo,
700 497 794 570 qui
827 515 928 554 nos
949 499 1016 553 de
1047 494 1218 554 tantis
1245 499 1451 572 eripuit
1477 499 1742 564 tenebris,
1772 501 1977 559 etAni
2003 502 2122 566 regi
2159 502 2258 568 qui
2286 501 2413 566 fecit
2465 502 2690 568 nuptias
2729 503 2844 568 ﬁlio
2881 517 2977 556 suo
3017 504 3227 568 (Matth.
3261 516 3393 567 xm,
3425 501 3501 571 2).

226 583 299 637 ad
334 601 521 639 veram
554 586 814 656 perduxit
835 587 1034 642 lucem.
1056 588 1163 652 Qui
1200 605 1312 642 non
1339 589 1519 642 solum
1550 605 1608 642 se
1645 588 1826 642 lucem

225 674 478 728 ostendit
507 674 709 730 visibili
740 676 798 730 in
837 677 1018 747 specie
1063 677 1317 731 sensibus
1346 677 1551 731 nostris
1586 695 1597 730 :
1634 693 1824 730 verum

223 767 285 814 et
314 763 506 816 oculos
535 765 719 818 cordis
740 765 893 819 intus
910 765 1264 830 illuminavit,
1290 771 1353 820 ut
1374 784 1438 820 ex
1463 767 1682 836 integro
1703 783 1824 836 quae

220 851 446 905 occulta
490 858 655 907 erant
696 860 752 907 et
791 853 1026 909 obscura
1067 855 1292 909 deitatis
1344 855 1630 926 mysteria,
1667 854 1825 908 nobis

213 941 530 996 manifesta
561 942 784 998 fierent.
827 944 969 998 Hinc
991 961 1211 1015 quoque
1245 945 1418 999 Isaias
1447 950 1504 998 et
1538 945 1656 1015 ipse
1683 960 1826 1014 gau-

207 1028 368 1082 dens
393 1028 746 1085 illuminatus
774 1031 959 1087 aiebat
996 1055 1006 1088 :
1062 1035 1136 1086 Tu
1179 1051 1229 1086 es
1279 1036 1416 1087 Deus
1453 1036 1822 1099 absconditus,

219 1117 368 1170 Deus
401 1121 592 1184 Israel,
637 1126 684 1173 et
733 1137 827 1173 nos
868 1123 1236 1176 nesciebamus
1279 1128 1325 1175 te
1373 1125 1498 1183 Usa.
1549 1136 1671 1184 xcv,
1720 1118 1821 1186 15).

209 1205 337 1260 Sed
363 1212 421 1261 et
467 1215 602 1261 tunc
632 1209 857 1279 quando
889 1209 997 1264 ista
1034 1209 1295 1264 dicebant
1323 1228 1357 1265 a
1403 1212 1517 1265 Deo
1565 1209 1825 1281 inspirati

212 1296 531 1366 prophetae,
580 1298 740 1351 valde
789 1298 1024 1352 obscura
1071 1306 1233 1353 erant
1281 1305 1338 1353 et
1378 1300 1639 1354 occulta:
1693 1299 1824 1370 quia

1912 587 2062 651 Quas
2087 588 2276 658 itaque
2299 589 2546 659 nuptias,
2593 589 2640 643 si
2681 590 3100 656 animadvertis,
3149 593 3254 646 hoc
3293 592 3351 646 in
3381 593 3501 646 loco

1908 681 2170 748 primum,
2221 678 2469 731 invenies
2516 685 2676 748 pacto
2708 679 2950 739 fcederis.
2996 697 3106 734 non
3146 680 3268 735 dico
3307 680 3505 735 subar-

1907 769 2118 831 rhatas,
2140 784 2333 821 verum
2359 768 2548 830 etiam,
2577 785 2641 820 ac
2670 768 2716 821 si
2753 769 2809 822 in
2846 768 3052 822 tabulis
3075 770 3337 824 connubii
3375 787 3505 825 con-

1909 857 2145 928 scriptas
2173 874 2184 908 :
2216 855 2310 910 ubi
2340 857 2486 909 Deus
2517 857 2683 910 Pater
2708 857 2970 920 Verbum,
3007 859 3153 928 quod
3197 859 3253 912 in
3295 860 3504 930 princi-

1909 947 2001 1016 pio
2051 951 2190 1008 erat,
2225 951 2508 999 eructasse
2543 961 2644 1000 suo
2673 946 2742 1000 de
2782 947 2948 1000 corde
2977 947 3130 1010 dicit,
3164 954 3230 1000 ut
3255 946 3500 1001 Verbum

1911 1051 2041 1089 caro
2062 1035 2353 1088 ﬁeret.Cui
2374 1033 2624 1105 profecto
2646 1035 3062 1100 Verbo,scilicet
3081 1036 3222 1090 Filio
3243 1052 3344 1090 suo
3357 1036 3498 1106 regi,

1910 1124 2060 1178 dicta
2089 1124 2354 1192 majestas
2384 1139 2487 1176 sua
2509 1139 2696 1194 opera,
2715 1130 2771 1178 et
2801 1124 3010 1178 indicat
3029 1141 3150 1194 quae
3173 1125 3355 1178 ﬂenda
3367 1131 3501 1179 sunt

1907 1230 2008 1284 per
2036 1213 2219 1283 ipsum
2243 1212 2519 1266 universa.
2557 1212 2716 1276 Quod
2738 1229 2864 1266 cum
2896 1213 3075 1277 audis,
3097 1213 3251 1282 virgo
3265 1213 3492 1277 Christi,

1906 1303 2130 1355 Patrem
2153 1301 2294 1354 Filio
2315 1316 2416 1353 suo
2432 1300 2569 1369 regi,
2588 1316 2652 1352 ex
2672 1300 2892 1370 eloquio
2909 1301 3496 1370 prophetali.indicare

211 1399 347 1454 qua:
373 1386 774 1455 praedestinata
803 1395 962 1442 erant
990 1388 1237 1442 nondum
1267 1398 1430 1442 erant
1473 1388 1638 1442 rebus
1666 1404 1818 1442 com-
1904 1390 2127 1444 virtutis
2152 1407 2266 1444 sua)
2295 1405 2483 1459 opera,
2517 1389 2764 1458 cogitare
2792 1394 3030 1458 oportet,
3081 1389 3228 1459 quod
3258 1390 3378 1460 ipse
3425 1391 3498 1445 sit

210 1473 375 1544 pleta
417 1479 476 1527 et
513 1475 889 1530 manifestata.
930 1475 1066 1531 Erat
1105 1477 1332 1548 quidem
1371 1477 1521 1531 Deus
1559 1479 1728 1531 Pater
1764 1482 1822 1531 et
1902 1479 2084 1533 scriba
2103 1479 2292 1544 velox;
2325 1479 2592 1532 caelorum
2615 1477 2762 1531 enim
2787 1483 3110 1531 reserantur
3137 1493 3360 1543 arcana,
3385 1495 3497 1533 non

210 1562 397 1616 Filius
427 1567 484 1616 et
515 1563 757 1633 Spiritus
796 1571 1042 1628 sanctus,
1085 1566 1183 1619 sed
1220 1567 1352 1636 quia
1378 1572 1700 1620 sanctorum
1730 1566 1817 1619 via
1901 1568 2002 1634 illi,
2035 1569 2131 1622 sed
2160 1567 2375 1622 saeculis
2405 1567 2750 1630 abscondita,
2770 1570 2870 1635 qui
2902 1568 3117 1634 profert
3152 1568 3216 1620 de
3247 1567 3499 1620 thesauro

209 1651 472 1705 nondum
496 1657 620 1705 erat
649 1654 942 1724 proiialata
973 1655 1155 1720 (Hebr.
1182 1669 1257 1718 Iv,
1277 1655 1355 1724 8),
1381 1656 1527 1708 Deus
1547 1655 1814 1720 Trinitas,
1900 1674 2002 1710 suo
2031 1673 2171 1710 nova
2200 1661 2249 1710 et
2268 1662 2446 1710 vetera
2469 1657 2681 1720 (Matth.
2707 1670 2826 1719 xm,
2845 1654 2957 1724 5‘2).
2995 1655 3102 1709 Sed
3133 1654 3266 1725 quia
3294 1654 3495 1721 scriba,

208 1739 326 1794 nisi
356 1755 394 1792 a
414 1741 631 1810 paucis,
667 1742 889 1812 penitus
914 1743 1298 1813 ignorabatur.
1324 1745 1482 1798 Unde
1513 1744 1653 1798 sicut
1683 1744 1819 1798 dicit
1901 1746 2153 1816 quamvis
2175 1744 2572 1809 velocissimus,
2591 1744 2712 1797 sine
2731 1744 2946 1798 calamo
2965 1749 3066 1797 aut
3091 1744 3234 1814 stylo
3256 1743 3498 1798 scribere

205 1829 524 1898 Apostolus
553 1847 563 1881 :
596 1830 731 1884 Cum
753 1835 1118 1900 cognovissent
1148 1834 1319 1886 Deum
1338 1848 1434 1901 per
1450 1849 1510 1886 ea
1530 1849 1648 1901 quae
1667 1835 1816 1898 facta
1837 1818 1881 1877 Β
1901 1852 2024 1906 quae
2053 1834 2212 1888 audit
2240 1850 2350 1889 non
2380 1834 2544 1898 valet,
2576 1833 2839 1887 continuo
2886 1832 3233 1886 subinfertur
3259 1848 3325 1886 ac
3354 1833 3400 1886 si
3433 1848 3498 1886 ex

201 1922 369 1982 sunt,
407 1933 522 1972 non
567 1921 710 1972 sicut
751 1921 923 1973 Deum
953 1923 1426 1989 gloriﬁcaverunt,
1465 1927 1564 1975 aut
1603 1927 1819 1988 gratias
1900 1938 2031 1976 voce
2064 1921 2262 1985 Patris,
2299 1923 2497 1988 lingua
2525 1936 2646 1973 mea
2685 1922 2953 1982 calamus,
2986 1918 3071 1972 vel
3106 1918 3284 1988 stylus
3330 1919 3496 1988 juxta

203 2008 566 2072 egerunt,sed
583 2013 932 2062 evanuerunt
954 2012 1014 2062 in
1037 2013 1457 2076 cogitationibus
1467 2013 1582 2064 suis
1595 2012 1816 2078 (Romi,
1901 2009 2258 2075 Hebraicum,
2280 2012 2530 2064 velociter
2547 2010 2854 2062 scribentis.
2881 2013 2917 2071 ι
2935 2011 3125 2072 περ
3139 2006 3352 2070 Quibus
3371 2023 3495 2078 pro-

203 2091 324 2160 2i).
370 2093 536 2147 Viam
563 2112 686 2166 quae
717 2096 976 2150 Christus
1005 2104 1108 2158 est,
1144 2099 1289 2151 viam
1335 2099 1545 2152 scilicet
1574 2099 1816 2154 civitatis
1899 2099 2042 2154 fecto
2059 2099 2239 2152 verbis
2259 2098 2398 2152 nihil
2415 2097 2566 2151 aliud
2595 2112 2812 2166 sponsa
2839 2100 3015 2149 restat
3041 2095 3306 2165 cogitare,
3323 2113 3492 2166 quam

208 2182 338 2247 Dei,
381 2183 580 2254 utique
619 2185 688 2238 ad
731 2202 899 2255 quam
947 2187 1249 2250 tendimus,
1293 2205 1404 2241 non
1460 2188 1813 2243 invenerunt.
1900 2189 1969 2242 de
2000 2188 2206 2242 foedere
2237 2187 2582 2258 nuptiarum,
2617 2202 2739 2256 quae
2769 2201 3059 2255 nunquam
3088 2184 3336 2252 legitime
3374 2185 3494 2240 sine

205 2271 527 2342 Propterea
540 2278 605 2326 ut
625 2279 803 2327 totam
835 2276 1169 2330 emundaret
1197 2277 1494 2331 stultitiam
1517 2278 1700 2331 cordis
1721 2294 1816 2332 no-

207 2361 315 2415 stri
350 2361 541 2415 divina
572 2362 770 2433 pietas,
790 2365 955 2434 longe
979 2373 1105 2435 post
1125 2383 1248 2437 quae
1270 2366 1601 2420 dicebantur
1629 2367 1812 2422 adim-

206 2449 405 2520 plevit,
458 2457 521 2504 ut
559 2451 741 2506 omnis
780 2452 1089 2508 obscuritas
1119 2456 1437 2525 pelleretur.
1468 2461 1724 2526 essetque
1755 2456 1814 2509 in

205 2554 327 2592 uno
357 2539 669 2612 eodemque
691 2542 913 2596 Christo
953 2544 1100 2613 quod
1140 2544 1313 2598 oculis
1357 2561 1633 2608 cerneres,
1666 2545 1815 2615 quod

206 2643 389 2682 manu
422 2630 699 2700 palpares,
729 2638 785 2685 et
813 2633 961 2702 quod
1007 2639 1193 2687 mente
1223 2635 1600 2704 intelligeres;
1633 2635 1711 2688 ita
1750 2639 1815 2688 ut

201 2718 477 2789 palpares
515 2720 798 2775 hominem
830 2727 888 2776 et
913 2723 1256 2792 intelligeres
1278 2725 1475 2778 Deum.
1506 2724 1649 2778 Hinc
1678 2740 1814 2794 quo-

196 2823 322 2879 que
353 2809 604 2864 Joannes
624 2810 811 2865 aiebat
837 2829 848 2863 :
881 2812 947 2866 Et
978 2829 1183 2866 manus
1209 2818 1405 2867 nostrae
1431 2819 1814 2868 tractaverunt

195 2897 278 2950 tde
306 2901 477 2951 uerbo
507 2903 628 2953 vitae
651 2903 700 2965 (Ι
727 2903 888 2955 Joan.
925 2915 964 2966 Ι,
1005 2900 1067 2966 i).

276 2987 466 3040 Audis
521 2987 711 3058 igitur,
755 2989 886 3060 quia
944 3007 1144 3045 manus
1203 2992 1394 3062 palpat
1430 2993 1813 3063 apostolorum

214 3077 736 3142 I249Verbum
768 3079 932 3133 vitae?
963 3079 1067 3134 Ubi
1088 3087 1274 3134 autem
1301 3097 1499 3136 manus
1521 3087 1727 3136 tractat
1756 3087 1813 3135 et

1899 2278 2029 2331 dote
2059 2278 2373 2331 firmantur.
2393 2275 2628 2339 Idcirco,
2655 2273 3034 2328 sacratissima
3055 2289 3232 2334 soror,
3249 2289 3375 2327 cum
3399 2291 3496 2328 au-

1897 2367 1984 2420 dis
2016 2367 2198 2420 Patris
2237 2365 2500 2419 dictantis
2544 2364 2796 2432 linguam
2831 2363 3110 2416 calamum
3149 2379 3271 2416 esse
3301 2363 3493 2417 scribae

1897 2455 2158 2508 velociter
2185 2453 2498 2514 scribentis,
2522 2452 2664 2506 scias
2693 2467 2862 2505 unam
2886 2467 3008 2505 esse
3037 2457 3297 2505 naturam
3320 2451 3492 2505 trium

1897 2560 2284 2615 personarum,
2319 2558 2560 2613 quorum
2601 2556 2715 2594 una
2759 2546 2846 2594 est
2874 2540 3069 2605 virtus,
3111 2555 3337 2610 unaque
3366 2555 3495 2610 ope-

1897 2633 2058 2698 ratio,
2093 2638 2157 2686 ut
2179 2632 2284 2686 iste
2314 2629 2622 2700 virginibus
2647 2627 3031 2683 conscribatur
3072 2628 3292 2682 libellus
3321 2628 3486 2682 dotis.

1896 2722 1960 2776 In
1991 2737 2100 2792 quo
2128 2720 2372 2792 primum
2402 2720 2548 2773 unde
2574 2735 2754 2789 genus
2781 2719 2951 2772 ducat
2978 2733 3216 2788 sponsus
3243 2716 3492 2771 ostendi-

1895 2817 2021 2877 tur;
2048 2809 2292 2864 Verbum
2318 2809 2386 2863 de
2408 2808 2574 2862 corde
2603 2807 2804 2871 Patris,
2827 2806 3066 2861 Verbum
3087 2806 3234 2877 quod
3257 2805 3314 2859 in
3334 2806 3491 2876 prin-

1895 2900 2041 2970 cipio
2071 2905 2210 2965 erat,
2236 2899 2430 2968 utique
2449 2897 2597 2968 apud
2623 2897 2818 2958 Deum,
2833 2900 2892 2950 et
2910 2896 3059 2950 Deus
3081 2901 3202 2949 erat
3221 2894 3486 2949 Verbum.

1897 2989 2015 3042 Hoc
2054 2989 2244 3058 itaque
2282 2986 2488 3040 bonum
2532 2984 2790 3049 Verbum,
2825 2979 2973 3054 quod
3003 2984 3071 3037 de
3101 2983 3266 3037 corde
3307 2983 3490 3037 Patris

1893 3082 2212 3132 eructatum
2234 3081 2338 3141 est,
2375 3075 2611 3146 suscipe.
2638 3074 2782 3138 Quia
2801 3074 2905 3127 hoc
2933 3079 3035 3135 est,
3065 3073 3214 3142 quod
3245 3072 3363 3143 ipse
3384 3077 3488 3138 est,

209 3165 425 3235 tangit,
460 3182 684 3220 carnem
711 3167 978 3238 intellige.
1007 3169 1111 3223 Ubi
1144 3169 1387 3224 Verbum
1418 3171 1597 3235 audis,
1634 3171 1690 3225 id
1720 3187 1808 3225 re-
1829 3180 1872 3237 ο
1894 3184 1928 3221 a
1956 3183 2066 3237 quo
2096 3172 2209 3229 est;
2234 3182 2335 3236 per
2356 3164 2505 3236 quod
2521 3163 2709 3218 omnia
2728 3163 2840 3216 ista
2868 3161 3014 3216 bona
3032 3162 3181 3215 facta
3195 3166 3344 3227 sunt,
3369 3176 3492 3231 quia

206 3270 490 3325 cognosce
507 3256 654 3325 quod
677 3262 795 3310 erat
814 3261 874 3310 in
893 3261 1172 3327 principio
1189 3261 1341 3327 apud
1370 3261 1561 3322 Deum,
1593 3266 1639 3313 et
1670 3262 1810 3314 Deus

206 3349 334 3396 erat
377 3345 605 3396 Verbum
657 3346 837 3411 (Joan.
882 3361 920 3410 ι,
975 3346 1041 3408 ι).
1095 3346 1487 3422 Verumtamen
1549 3349 1809 3403 eumdem

204 3432 395 3486 Deum
432 3437 490 3485 et
517 3433 800 3488 hominem
831 3435 1103 3490 veraciter
1133 3453 1306 3491 unum
1328 3438 1577 3508 intellige
1608 3439 1804 3501 Deum,

205 3537 380 3592 quem
412 3538 686 3592 sponsum
717 3523 773 3577 in
819 3524 1034 3593 psalmo
1063 3526 1342 3597 Propheta
1373 3543 1437 3580 ac
1465 3526 1509 3579 si
1557 3526 1613 3580 in
1645 3526 1809 3580 titulo

205 3609 360 3663 dotis
390 3610 679 3671 describit.
702 3620 1019 3684 sanctasque
1054 3616 1342 3686 conjungit
1365 3615 1806 3679 EcclesizeNide,

207 3713 424 3768 quaeso.
468 3716 676 3769 sponsa
721 3701 950 3766 Christi,
995 3720 1160 3774 quam
1218 3705 1496 3758 occultum
1549 3710 1673 3758 erat
1724 3705 1809 3758 vel

205 3785 536 3852 obscurum,
567 3790 790 3859 quando
821 3792 1176 3846 nesciebatur
1206 3793 1262 3846 in
1294 3792 1616 3848 hominibus
1649 3793 1732 3847 vel
1762 3792 1810 3846 si

207 3875 363 3930 Deus
394 3883 558 3936 esset.
593 3878 700 3932 nisi
730 3881 1122 3934 tantummodo
1144 3881 1200 3936 in
1229 3883 1439 3936 Judaaa.
1469 3883 1627 3937 Unde
1655 3883 1809 3936 cani-

207 3969 306 4019 tur
343 3965 401 4018 in
437 3966 652 4036 psalmo
685 3985 696 4019 :
751 3970 922 4022 Notus
955 3973 1015 4023 in
1041 3973 1228 4024 Juda'a
1271 3974 1409 4026 Deus
1445 3975 1608 4039 (l’sal.
1645 3987 1806 4035 Lxxv,

206 4051 287 4118 2);
321 4053 380 4107 in
411 4071 523 4124 qua
562 4056 732 4110 etiam
774 4056 922 4112 Deus
949 4059 1047 4113 Dei
1081 4058 1251 4114 Filius
1281 4061 1366 4114 vel
1394 4060 1441 4113 si
1480 4065 1628 4114 esset
1656 4061 1811 4130 prius

205 4141 469 4212 ignotum
526 4150 663 4199 erat.
707 4146 830 4200 Jam
886 4165 1013 4201 vero
1058 4165 1182 4202 cum
1223 4149 1428 4203 dicitur
1465 4156 1699 4220 paterna
1745 4165 1810 4202 ex

209 4247 344 4286 voce
372 4249 474 4303 per
500 4233 841 4305 Prophetam
875 4255 887 4290 :
923 4238 1207 4292 Eructavit
1249 4255 1340 4292 cor
1373 4255 1552 4292 meum
1582 4240 1807 4291 verbum

211 4321 421 4374 bonum
444 4325 612 4384 (Psat.
639 4339 784 4391 xuv,
814 4328 887 4394 1),
916 4326 1192 4381 incertum
1221 4334 1346 4381 erat
1365 4327 1432 4381 de
1463 4344 1571 4398 quo
1593 4328 1808 4381 dicere-

203 4413 306 4464 tur
325 4407 518 4477 verbo,
555 4413 663 4468 nisi
693 4415 895 4486 quibus
924 4415 1388 4471 illuminabantur
1418 4417 1582 4481 oculi,
1621 4423 1684 4471 ut
1720 4417 1807 4470 in-

1891 3256 2168 3310 videntur.

1964 3346 2044 3399 De
2067 3345 2171 3398 hoc
2199 3343 2373 3413 igitur
2401 3341 2544 3396 bono
2570 3357 2672 3395 suo
2700 3341 2867 3394 verbo
2907 3341 3075 3394 Pater
3114 3340 3255 3393 dixit
3287 3358 3298 3392 :
3349 3342 3494 3394 Eru-

1893 3438 2060 3488 ctavit
2089 3451 2182 3488 car
2212 3449 2394 3486 meum
2416 3434 2641 3485 verbum
2666 3433 2887 3484 bonum.
2911 3430 3020 3484 Per
3035 3430 3181 3500 quod
3203 3431 3383 3483 solum
3408 3435 3495 3484 est

1894 3539 2058 3577 omne
2087 3521 2318 3585 bonum,
2351 3526 2408 3574 et
2428 3520 2554 3574 ideo
2583 3519 2921 3587 diligendus,
2954 3519 3086 3588 quia
3118 3518 3294 3571 bonus
3325 3523 3383 3571 et
3406 3524 3492 3572 ut-

1893 3628 2113 3681 cunque
2136 3609 2266 3664 boni
2297 3625 2417 3662 esse
2448 3623 2762 3678 possumus.
2779 3605 2850 3660 ab
2878 3605 3000 3676 ipso
3031 3611 3117 3658 est
3159 3605 3215 3658 Si
3248 3605 3396 3657 enim
3430 3609 3491 3656 tu

1893 3702 2081 3762 homo,
2137 3700 2508 3770 quodcunque
2552 3696 2681 3750 boni
2711 3697 2979 3757 facturus,
3012 3694 3069 3746 in
3115 3693 3299 3754 corde,
3333 3697 3390 3745 et
3432 3692 3490 3744 in

1891 3791 2121 3845 consilio
2146 3789 2335 3846 habes.
2369 3787 2533 3858 quale
2565 3787 2768 3840 bonum
2803 3785 2886 3838 vel
2915 3783 3138 3854 quando
3175 3784 3274 3835 fiat
3312 3781 3446 3834 illud
3474 3800 3486 3846 ;

1893 3885 2103 3951 quanto
2136 3878 2314 3949 magis
2335 3878 2482 3932 Deus
2502 3877 2559 3929 in
2583 3876 2688 3928 hoc
2709 3874 2870 3928 unico
2893 3888 2994 3926 suo
3022 3871 3188 3925 verbo
3210 3875 3488 3923 coaeterno

1891 3975 2073 4024 totum
2128 3967 2326 4022 habuit
2381 3966 2526 4038 quod
2578 3963 2824 4018 flendum
2869 3961 3033 4016 erat?
3073 3965 3129 4013 et
3166 3959 3291 4013 ideo
3329 3960 3490 4028 juxta

1891 4058 2120 4112 Joannis
2157 4073 2380 4122 vocem;
2428 4057 2571 4123 quod
2607 4056 2818 4122 factum
2850 4056 2942 4115 est,
2987 4053 3049 4103 in
3080 4052 3194 4117 ipso
3227 4051 3344 4100 vita
3369 4053 3490 4101 erat

1899 4151 2070 4210 (Joan.
2104 4165 2140 4212 ι,
2173 4145 2224 4210 3,
2268 4147 2339 4201 lu.
2390 4143 2550 4198 Unde
2579 4141 2794 4196 addidit
2847 4139 3006 4211 quasi
3045 4144 3305 4208 repetens
3336 4137 3487 4207 quod

1890 4237 2107 4290 dixerat
2130 4253 2139 4288 :
2162 4237 2288 4289 Dico
2309 4251 2400 4301 ego
2427 4248 2590 4300 opera
2623 4247 2740 4284 mea
2763 4233 2881 4296 regi
2900 4248 2914 4290 ;
2949 4245 3012 4281 ac
3042 4227 3089 4280 si
3115 4231 3374 4297 patenter
3403 4224 3492 4278 di-

1891 4331 1981 4380 cat
2014 4343 2024 4377 :
2058 4326 2189 4380 Ideo
2221 4325 2270 4377 ei
2294 4338 2466 4393 opera
2482 4337 2608 4375 mea
2627 4321 2768 4382 dico,
2802 4334 2913 4389 qua
2939 4317 3124 4387 ipsum
3147 4315 3318 4384 genui
3347 4315 3488 4368 Ver-

1890 4413 2042 4477 bum,
2075 4414 2133 4468 in
2164 4429 2274 4484 quo
2305 4417 2438 4466 sunt
2464 4409 2653 4464 omnia
2683 4424 2808 4461 mea
2830 4422 3016 4477 opera,
3039 4420 3162 4474 quae
3192 4419 3292 4474 per
3306 4403 3488 4472 ipsum

207 4508 367 4555 Certa
392 4503 704 4557 certissime
731 4505 957 4566 scirent,
992 4511 1048 4560 et
1077 4523 1200 4570 quae
1237 4507 1424 4560 futura
1455 4511 1618 4560 erant
1645 4499 1873 4560 cordeD
1895 4521 1929 4558 a
1959 4521 2049 4558 me
2078 4503 2265 4557 ﬁenda
2291 4507 2442 4555 sunt.
2487 4497 2748 4568 Alioquin
2802 4495 3041 4548 visibilia
3089 4499 3146 4546 et
3189 4490 3489 4544 inViSibilia

207 4590 527 4646 crederent.
564 4593 672 4672 Sed
705 4593 865 4647 nobis
897 4595 1029 4664 quia
1068 4601 1314 4649 reserata
1364 4601 1496 4650 sunt
1525 4596 1714 4650 omnia
1753 4601 1810 4649 et

205 4681 508 4751 completa,
561 4683 702 4737 nihil
745 4683 1043 4738 obscurum
1100 4691 1291 4749 restat,
1339 4685 1478 4738 nihil
1509 4685 1806 4743 incertum.

206 4769 425 4824 Idcirco
466 4771 597 4842 quia
631 4772 865 4842 suscipit
892 4773 1070 4827 fidelis
1099 4773 1288 4828 anima
1315 4773 1371 4827 in
1404 4775 1506 4828 hoc
1536 4775 1810 4846 epithala-

204 4857 324 4912 mio
344 4859 578 4913 verbum
619 4861 974 4931 progenitum
1009 4861 1075 4915 de
1103 4862 1268 4916 corde
1309 4863 1510 4928 Patris,
1543 4863 1812 4934 suscipiat

199 4965 414 5021 sponsa
438 4949 685 5003 libellum
716 4950 881 5012 dotis,
907 4958 964 5004 et
981 4951 1306 5022 incorrupta
1329 4952 1618 5021 virginitas
1645 4970 1811 5023 spon-

205 5056 336 5094 sum
367 5039 440 5093 de
469 5038 684 5092 intimis
703 5039 802 5092 Dei
830 5039 933 5092 sibi
965 5040 1198 5094 missum
1231 5041 1550 5111 praecordiis
1598 5042 1676 5096 De
1701 5059 1812 5113 quo

208 5130 382 5184 Pater
414 5128 706 5198 signanter
746 5127 864 5181 ait:
901 5130 1187 5182 Eructau‘t
1235 5146 1327 5183 cor
1366 5147 1547 5183 meum
1586 5133 1810 5184 verbum

209 5220 441 5272 bonum.
479 5217 724 5270 Verbum
755 5216 951 5287 utique
982 5216 1210 5282 bonum,
1259 5218 1408 5288 quod
1441 5222 1501 5271 in
1531 5222 1814 5286 principio

209 5312 336 5360 erat
361 5307 516 5374 apud
544 5306 736 5367 Deum,
763 5310 810 5358 et
844 5307 980 5359 Deus
1014 5311 1131 5359 erat
1175 5309 1400 5360 Verbum
1433 5310 1616 5372 (Joan.
1659 5321 1698 5372 I,
1732 5308 1802 5371 1).

212 5395 287 5449 Et
306 5411 376 5449 ne
397 5394 643 5455 mireris,
689 5393 933 5464 prudens
960 5394 1134 5464 virgo,
1151 5395 1298 5465 quod
1326 5396 1472 5449 hunc
1499 5396 1808 5450 vocaverim

210 5483 518 5556 psalmum,
543 5482 791 5537 libellum
821 5483 984 5544 dotis,
1004 5484 1060 5537 in
1093 5501 1202 5555 quo
1231 5485 1367 5539 talia
1398 5486 1640 5556 primum
1669 5502 1815 5539 asa:-

211 5572 340 5626 culo
369 5571 700 5643 panduntur
728 5571 937 5625 fcedera
978 5572 1326 5642 nuptiarum.
1364 5573 1546 5627 Habes
1573 5589 1813 5644 namque

211 5663 274 5722 in
305 5659 781 5734 Evangelio,quod
795 5660 991 5717 Simile
1005 5666 1079 5716 est
1101 5677 1336 5730 regnum
1354 5666 1608 5719 calorum
1631 5663 1811 5717 homi-

1893 4610 2004 4647 non
2028 4597 2216 4647 essent
2242 4591 2299 4644 in
2323 4587 2630 4647 rebus.nisi
2661 4585 2816 4656 prius
2845 4585 2902 4637 in
2933 4581 3099 4636 verbo
3131 4585 3308 4634 esset:
3342 4579 3488 4632 sicut

1895 4689 1952 4736 et
1995 4683 2051 4736 in
2097 4688 2153 4736 te
2203 4696 2315 4734 non
2371 4683 2519 4732 esset
2565 4675 2776 4729 fabrica
2805 4688 3018 4737 rerum,
3053 4674 3152 4724 aut
3185 4685 3343 4738 opus,
3377 4667 3488 4721 nisi

1893 4771 2048 4842 prius
2099 4770 2156 4823 in
2201 4767 2430 4824 consilio
2475 4771 2638 4820 esset.
2673 4764 2846 4818 Erant
2885 4762 3073 4815 autem
3101 4757 3292 4811 omnia
3318 4772 3489 4827 opera

1895 4862 1994 4916 Dei
2021 4862 2078 4914 in
2111 4858 2291 4913 Verbo
2321 4857 2526 4920 Patris,
2562 4861 2619 4909 et
2663 4852 2911 4908 nondum
2956 4853 3119 4902 erant
3165 4863 3355 4918 opera,
3390 4844 3487 4898 sed

1898 4949 2138 5004 Verbum
2171 4954 2309 5011 erat,
2342 4945 2431 5000 cui
2461 4944 2666 5004 Pater;
2698 4942 2831 5012 quia
2857 4937 3054 5010 genuit
3094 4953 3223 4991 eum
3253 4940 3490 4989 coaeter-

1894 5056 2050 5104 num,
2083 5053 2185 5091 sua
2213 5035 2422 5098 omnia,
2443 5031 2710 5104 quidquid
2735 5029 2884 5084 istud
2915 5033 3018 5093 est,
3043 5023 3491 5080 indicavit.ldeo-

1896 5143 2005 5196 que
2035 5143 2169 5179 sane
2197 5121 2708 5194 incomparabiliter
2738 5119 2964 5183 bonum,
2996 5115 3126 5188 quia
3160 5115 3264 5168 hoc
3300 5111 3488 5181 ipsum

1897 5215 2140 5269 Verbum
2173 5215 2322 5268 Deus
2363 5219 2465 5266 est.
2499 5211 2641 5266 Hinc
2669 5224 2894 5264 necesse
2923 5212 3009 5261 est
3037 5204 3184 5276 quod
3214 5203 3282 5255 de
3321 5199 3488 5254 corde

1899 5304 2134 5368 refulsit,
2162 5310 2224 5358 ut
2256 5302 2332 5356 ibi
2365 5317 2491 5356 eum
2524 5299 2792 5370 suscipiat
2821 5313 3044 5368 sponsa,
3077 5299 3133 5346 et
3158 5289 3491 5360 complecta-

1895 5401 1991 5448 tur
2018 5397 2206 5449 dotem
2237 5394 2434 5448 salutis
2464 5397 2706 5451 aeternae.
2738 5389 2886 5445 unde
2916 5388 2988 5442 ad
3026 5401 3127 5439 nos
3166 5386 3487 5436 eructatum

1896 5484 2067 5539 venit.
2101 5484 2244 5548 Quia
2275 5483 2423 5554 quod
2469 5483 2537 5536 de
2566 5481 2730 5536 corde
2761 5477 2985 5551 prodiit,
3019 5490 3130 5528 non
3169 5471 3277 5526 nisi
3323 5467 3490 5524 corde

1895 5573 2216 5628 teneturvel
2241 5572 2476 5644 capitur.
2501 5571 2709 5626 Idcirco
2726 5565 3148 5624 amantissimus
3167 5560 3342 5615 Filius
3357 5557 3489 5644 Veri-

1897 5662 2142 5742 bumque
2179 5643 2387 5718 bonum
2420 5661 2487 5716 de
2516 5660 2680 5721 corde
2706 5658 2908 5724 Patris,
2943 5669 3158 5729 sponsae
3190 5647 3391 5704 missus
3419 5643 3489 5698 ad
