3918 6166
431 225 575 283 1015

1185 225 1244 281 S.
1286 224 1665 283 PASCHASII
1700 219 2064 280 RADBERTI
2102 219 2413 279 ABBATIS
2451 215 2950 280 CORBEIENSIS.

3545 217 3656 277 1016

430 349 661 421 nuptias
681 350 999 416 nuntiatur,
1032 354 1099 405 ut
1126 349 1276 404 idem
1310 345 1553 418 amplius
1581 343 1735 399 omni
1755 339 2429 400 charitateAdemutatio
2480 339 2793 397 divinitatis
2849 338 2988 408 ejus,
3021 336 3117 392 sed
3160 337 3437 393 miseratio
3469 339 3661 411 pietatis

430 435 491 491 in
521 437 710 492 animo
737 438 1027 508 diligatur.
1052 438 1177 491 Non
1198 435 1342 507 quod
1367 436 1517 489 Deus
1539 432 1709 487 Pater
1733 445 2032 501 corporeus

432 526 586 581 credi
612 526 835 593 debeat,
868 532 933 581 ut
960 543 1075 593 cor,
1097 531 1197 580 aut
1215 530 1462 589 uterum,
1494 527 1805 592 caeteraque
1826 512 2034 573 habere

433 613 691 671 membra
729 615 1107 685 intelligatur;
1160 613 1257 669 sed
1295 618 1356 667 ut
1385 627 1488 683 per
1510 609 1883 682 corporalium
1912 607 2035 662 effi-

435 703 768 759 cientiarum
819 703 1068 768 nomine,
1117 701 1425 756 divinitatis
1457 701 1580 771 ejus
1608 714 1812 753 arcana
1856 695 2036 752 conci-

436 793 684 865 piantur.
716 792 844 847 Non
885 791 1038 845 enim
1068 798 1105 858 ι
1123 796 1304 857 πει
1356 788 1627 844 membris
1651 786 2035 859 corporalibus

436 881 692 938 consistit
720 881 890 935 Deus.
941 881 1087 934 Nam
1133 878 1267 933 alibi
1293 878 1718 949 generationem
1753 876 1877 931 Filii
1906 892 2036 930 cum

434 972 602 1027 vellet
620 985 1081 1031 commemorare,
1114 967 1197 1022 ait
1228 984 1241 1022 :
1287 969 1370 1022 Ea:
1393 971 1550 1021 utero
1577 971 1706 1020 ante
1735 967 2033 1033 luciferum

432 1061 606 1129 genui
627 1064 674 1113 te
694 1059 856 1127 (Psal.
877 1074 983 1123 cxx,
1007 1056 1079 1127 3);
1120 1061 1398 1128 quatenus
1424 1053 1859 1110 inenarrabilem
1882 1054 2035 1107 illam

434 1146 712 1218 unigeniti
736 1163 802 1201 ex
830 1164 890 1201 se
921 1146 1048 1201 Filii
1080 1146 1434 1200 nativitatem
1472 1161 1539 1199 ex
1574 1143 1883 1199 divinitatis
1923 1159 2037 1197 suae

433 1237 674 1292 veritate
691 1235 1128 1300 commendaret,
1155 1234 1226 1291 ad
1254 1233 1642 1304 intelligentiae
1671 1232 2036 1303 ﬁdem,quem

437 1343 507 1382 ex
550 1331 711 1383 utero
746 1324 1034 1396 generavit
1081 1329 1145 1378 ut
1191 1323 1395 1378 Filium
1443 1329 1575 1377 ante
1615 1321 1931 1388 luciferum,
1975 1326 2041 1376 ut

442 1420 748 1482 aeternum;
782 1430 951 1485 quem
981 1430 1047 1468 ex
1074 1412 1241 1467 corde
1271 1412 1546 1467 eructavit
1572 1416 1638 1466 ut
1664 1410 1932 1465 Verbum.
1978 1411 2043 1465 In

438 1505 529 1559 his
549 1502 809 1559 omnibus
836 1503 1057 1558 locutus
1086 1508 1173 1557 est
1198 1517 1444 1573 namque
1469 1501 1539 1555 de
1563 1500 1766 1555 divinis
1806 1500 1924 1554 suis
1952 1516 2044 1554 re-

2113 429 2222 484 fuit
2242 430 2301 483 in
2329 430 2717 501 assumptione
2747 426 3112 483 humanitatis
3185 426 3244 481 Si
3287 427 3430 481 enim
3471 428 3663 501 Paulus,

2114 534 2242 573 cum
2294 524 2527 573 evacuat
2574 535 2641 572 ea
2689 519 2746 572 in
2793 533 2851 571 se
2899 533 3022 588 quae
3053 516 3273 587 parvuli
3303 522 3456 571 erant
3480 521 3668 588 quando

2114 606 2296 661 factus
2324 612 2411 661 est
2431 607 2534 674 vir,
2550 623 2654 664 nec
2677 611 2948 672 mutatur,
2970 621 3038 659 ne
3061 609 3164 659 aut
3191 603 3311 675 ipse
3329 605 3567 678 idemque
3580 625 3671 665 non

2114 696 2189 750 sit
2215 696 2311 768 qui
2337 696 2538 763 fuerat,
2573 701 2631 751 et
2667 695 2815 767 quod
2847 695 3063 760 fuerat;
3110 698 3325 764 quanto
3359 696 3524 766 magis
3550 697 3673 752 Deus

2114 785 2216 841 Dei
2237 784 2412 840 Filius
2424 785 2572 841 idem
2589 785 2710 857 ipse
2729 781 3267 839 incommutabiliter
3281 788 3504 850 est,cum
3522 792 3675 841 semi-

2118 875 2300 942 ipsum
2330 877 2663 937 exinanivit,
2684 875 2931 942 formam
2949 875 3095 927 servi
3117 874 3398 940 accipiens
3412 878 3435 925 .9
3452 874 3676 944 quoniam

2116 961 2176 1016 in
2204 967 2445 1034 utroque
2476 963 2695 1033 integer
2728 979 2740 1015 :
2775 962 2925 1016 Deus
2973 967 3029 1016 et
3072 960 3245 1016 homo
3287 965 3389 1015 est.
3436 961 3537 1016 Sed
3573 963 3679 1035 quia

2118 1048 2300 1104 forma
2321 1050 2933 1106 divinitatisinvisibilis
2961 1048 3177 1104 latebat
3202 1050 3263 1104 in
3285 1049 3503 1104 homine
3522 1050 3679 1107 visibi-

2119 1138 2178 1206 li,
2211 1155 2390 1195 unum
2420 1140 2793 1211 eumdemque
2830 1155 2891 1194 se
2936 1138 3207 1195 exhibens
3254 1138 3316 1193 in
3359 1139 3529 1194 forma
3566 1141 3681 1195 servi

2120 1228 2434 1283 exinanisse
2461 1228 2530 1283 ab
2556 1228 2824 1300 Apostolo
2851 1229 2981 1298 jure
3007 1227 3369 1299 praedicatur.

2192 1318 2257 1371 In
2280 1334 2392 1388 qua
2404 1318 2596 1389 itaque
2617 1317 2815 1377 forma,
2839 1317 2984 1371 sicut
3003 1316 3237 1371 beatum
3259 1317 3520 1372 Basiliam
3535 1319 3685 1373 omnis

2126 1404 2234 1460 fert
2254 1408 2436 1476 gratia
2468 1407 2696 1467 dixisse,
2718 1423 2862 1461 nova
2880 1406 3134 1478 quaedam
3150 1405 3262 1476 Dei
3279 1405 3450 1460 virilis
3472 1408 3683 1477 operatio

2126 1496 2566 1561 monstrabatur,
2599 1495 2746 1567 quod
2788 1500 2847 1549 et
2881 1499 3068 1549 textus
3103 1494 3291 1548 sancti
3321 1495 3587 1566 Evangelii
3607 1496 3685 1549 de-

440 1589 545 1646 bus
559 1591 867 1646 secundum
886 1591 1193 1645 humanam
1208 1593 1469 1645 naturam
1494 1607 1507 1644 :
1530 1594 1829 1644 utsensum
1850 1588 2046 1642 huma-
2126 1583 2303 1638 claret
2348 1601 2526 1656 usque
2582 1584 2652 1638 ad
2702 1585 2892 1638 finem.
2925 1583 3071 1648 Quia
3116 1584 3392 1656 profecto,
3423 1584 3557 1639 sicut
3577 1602 3687 1656 prrs-

438 1696 525 1735 nas
555 1687 771 1735 naturae
810 1679 883 1734 ad
913 1679 1049 1734 fidei
1083 1678 1376 1734 scientiam
1406 1677 1685 1745 erudiret;
1736 1683 1800 1732 ut
1828 1694 1940 1732 non
1980 1694 2046 1732 ex
2066 1656 2278 1728 Bfatus
2299 1673 2495 1728 doctor
2517 1672 2961 1728 luculentissime
2990 1689 3055 1727 eo
3102 1672 3304 1727 allusit
3333 1672 3512 1737 verbo,
3539 1673 3687 1728 virum

439 1769 638 1835 nihilo,
668 1786 782 1824 non
810 1769 1039 1824 aliunde
1061 1769 1346 1823 videretur
1367 1784 1431 1823 ac
1456 1768 1502 1821 si
1526 1773 1747 1821 creatus
1785 1766 2049 1822 subsiste-
2129 1762 2307 1817 Deum
2329 1763 2630 1817 ostendens
2660 1761 2886 1821 factum.
2916 1761 2974 1815 in
3005 1777 3121 1816 una
3150 1762 3463 1833 eademque
3489 1778 3686 1834 persona

442 1876 524 1926 re,
552 1859 649 1915 sed
679 1876 747 1913 ex
774 1875 834 1913 se
859 1858 1137 1929 unigeniti
1166 1857 1256 1912 sui
1280 1856 1553 1912 naturalis
1585 1857 1848 1911 nativitas
1879 1857 2046 1911 doce-

444 1954 620 2003 retur.
650 1947 740 2002 Sic
767 1947 960 2018 itaque
990 1946 1095 2000 hoc
1120 1946 1179 1999 in
1207 1946 1329 2000 loco
1367 1962 1497 1999 vera
1532 1945 1777 1999 essentia
1804 1944 1950 2011 Filii,
1982 1961 2050 1999 ex

443 2036 629 2092 Patris
648 2042 855 2091 natura
875 2034 1324 2091 commendatur.
1359 2034 1467 2089 Sed
1499 2034 1633 2105 quia
1671 2034 1936 2089 dilectum
1968 2035 2055 2087 vel

445 2125 898 2182 amantissimum
939 2140 1067 2179 eum
1114 2123 1349 2189 dixerat,
1384 2128 1449 2177 ut
1477 2123 1762 2194 diligatur,
1804 2129 1862 2177 et
1890 2124 2055 2194 plena

450 2214 674 2269 dilectio
730 2212 1086 2268 credentibus
1143 2212 1585 2279 commendetur,
1642 2212 1933 2275 insinuat;
1987 2228 2053 2266 eo

454 2302 604 2375 quod
632 2319 699 2356 ex
723 2301 955 2366 intimis,
988 2300 1359 2372 vitalibusque
1400 2300 1587 2355 cordis
1617 2300 1705 2355 sui
1746 2299 2051 2354 visceribus

450 2388 683 2445 verbum
720 2406 906 2452 suum,
950 2389 1098 2459 quod
1136 2389 1196 2443 in
1238 2406 1299 2443 se
1333 2405 1556 2461 semper
1584 2394 1725 2456 erat,
1754 2407 1815 2444 se
1847 2389 2053 2444 astruit

453 2485 756 2535 eructasse.
777 2479 903 2534 Non
921 2478 1072 2549 quod
1091 2478 1222 2533 inde
1238 2478 1530 2534 recesserit
1548 2479 1604 2533 in
1620 2496 1732 2551 quo
1754 2478 2017 2533 manebat
2034 2498 2048 2547 ;

455 2564 553 2620 sed
580 2563 711 2635 quia
754 2565 978 2618 Verbum
1005 2579 1133 2617 caro
1158 2564 1371 2631 factum
1420 2569 1495 2617 est
1542 2566 1722 2630 (Joan.
1762 2578 1801 2629 ι,
1840 2564 1942 2630 t4),
1975 2564 2056 2618 sic

451 2654 521 2709 ad
550 2669 655 2710 nos
681 2652 853 2711 venit.
883 2657 948 2708 ut
976 2652 1107 2707 inde
1135 2669 1246 2707 non
1284 2652 1597 2708 recederet.
1636 2653 1794 2707 Unde
1841 2659 1905 2707 ut
1951 2653 2057 2707 hoc

450 2743 783 2816 mysterium
802 2744 973 2797 Pater
987 2741 1344 2797 credentibus
1358 2742 1696 2806 ostenderet,
1719 2742 1965 2796 insinuat
1988 2741 2057 2796 de

453 2848 564 2904 quo
591 2831 811 2887 dixerat
831 2829 1022 2885 verbo.
1049 2829 1310 2883 Insinuat
1336 2829 1484 2899 quod
1524 2829 1644 2900 ipse
1684 2829 1754 2883 sit
1788 2832 2053 2897 speciosus

454 2923 642 2990 forma
674 2935 792 2988 prae
822 2922 957 2985 ﬁliis
995 2919 1288 2971 hominum
1316 2918 1548 2989 (Philip.
1582 2932 1640 2983 ιι,
1665 2915 1740 2982 7i,
1774 2923 1830 2971 et
1858 2917 1961 2972 hoc
1995 2917 2053 2971 in

2129 1853 2274 1908 sicut
2295 1850 2523 1921 gemina
2542 1849 2857 1904 substantia
2876 1850 3001 1918 fuit,
3016 1850 3098 1904 ita
3116 1860 3178 1905 et
3193 1850 3427 1920 gemina
3452 1850 3688 1921 operatio.

2133 1942 2256 1996 Una
2290 1938 2501 1993 scilicet
2526 1955 2626 2010 per
2669 1954 2839 2009 quam
2880 1954 3042 1992 verus
3081 1939 3239 1993 Deus
3283 1937 3687 2007 monstrabatur;

2135 2029 2244 2085 alia
2267 2044 2398 2082 vero
2425 2043 2526 2099 per
2556 2043 2723 2098 quam
2753 2042 2918 2081 verus
2965 2026 3154 2083 homo.
3215 2027 3380 2093 Quod
3409 2026 3694 2099 mysterium

2134 2134 2247 2173 non
2280 2116 2468 2171 minus
2496 2115 2648 2171 dictu
2665 2132 2933 2171 arcanum
2950 2121 3160 2183 manet,
3184 2133 3357 2188 quem
3380 2122 3436 2170 et
3452 2114 3694 2170 intellectu

2134 2211 2390 2281 ignotum
2418 2226 2428 2261 :
2455 2207 2603 2279 quod
2626 2208 2721 2279 qui
2745 2223 2857 2262 non
2881 2206 3129 2279 potuerit
3143 2208 3219 2261 ad
3242 2207 3513 2279 liquidum
3531 2205 3696 2260 discer-

2132 2316 2286 2359 nere.
2310 2297 2505 2353 credat
2531 2313 2757 2352 necesse
2785 2302 2888 2351 est.
2920 2295 3100 2351 Aliter
3118 2301 3318 2352 autem
3339 2301 3550 2351 tantum
3571 2293 3696 2348 aber-

2133 2387 2277 2443 ravit
2305 2403 2339 2441 a
2375 2403 2525 2453 vero,
2555 2391 2831 2456 quantum
2860 2385 3031 2441 fuerit
3057 2385 3389 2457 ignorantia
3416 2384 3526 2440 veri
3551 2382 3697 2438 defos-

2134 2493 2251 2543 sus,
2284 2493 2497 2547 suaque
2548 2474 2983 2546 praesumptione
3020 2475 3316 2547 deceptus.
3364 2474 3616 2540 Quoniam
3655 2472 3701 2529 in

2139 2583 2250 2622 una
2287 2565 2595 2636 eademque
2640 2563 2879 2618 indivisa
2924 2580 3165 2635 persona
3220 2562 3446 2627 Christi,
3475 2567 3529 2618 et
3551 2561 3701 2633 divina

2138 2672 2238 2727 per
2294 2670 2488 2709 omnes
2546 2652 2776 2725 paginas
2823 2653 3038 2707 Veteris
3086 2653 3347 2726 Novique
3400 2649 3699 2708 Testamenti

2139 2749 2528 2799 monstrantur
2552 2759 2724 2814 opera
2762 2745 2818 2797 et
2846 2742 3115 2797 humana.
3148 2743 3223 2799 Et
3256 2744 3375 2799 haec
3401 2746 3484 2797 est
3503 2756 3625 2796 nova
3661 2742 3707 2793 et

2134 2832 2430 2888 ineti‘abilis
2461 2832 2718 2904 quaedam
2748 2830 2921 2884 virilis
2950 2831 3052 2885 Dei
3099 2833 3336 2903 gemina
3365 2829 3615 2904 operatio,
3655 2827 3700 2881 in

2134 2922 2315 2977 forma
2338 2921 2582 2976 hominis
2610 2920 2669 2975 in
2697 2936 2810 2991 qua
2856 2920 3141 2991 speciosus
3171 2921 3508 2993 praedicatur
3548 2914 3698 2986 benig-

457 3009 641 3063 forma
667 3006 832 3061 servi.
865 3006 1022 3059 Alias
1070 3009 1262 3059 autem
1298 3005 1357 3058 in
1408 3004 1589 3058 forma
1635 3004 1754 3070 Dei,
1802 3005 1941 3059 nulli
1972 3011 2058 3060 est
2078 3011 2403 3081 Cnissimus
2431 3012 2592 3065 Jesus
2632 3010 2887 3065 Christus
2930 3026 3044 3080 prae
3072 3009 3203 3065 ﬁliis
3228 3011 3533 3073 hominum,
3552 3012 3600 3061 et
3620 3004 3698 3059 be-

457 3095 870 3167 comparandus
918 3097 984 3147 ut
1033 3093 1257 3147 dicatur
1305 3092 1610 3164 speciosior
1655 3098 1712 3147 et
1752 3093 2054 3165 pulchrior.

455 3184 601 3250 Quia
629 3182 937 3237 secundum
966 3180 1315 3236 divinitatem
1336 3181 1477 3236 nulli
1495 3189 1886 3254 comparatur;
1919 3199 2058 3255 quo-

456 3274 612 3328 niam
662 3271 819 3326 nulla
863 3287 1053 3325 rerum
1084 3270 1264 3325 forma
1291 3270 1502 3342 absque
1541 3273 1779 3327 materia
1813 3278 1915 3339 est,
1951 3273 2059 3327 nisi

458 3361 664 3418 divina.
694 3361 829 3425 Quae
856 3358 1129 3414 nimirum
1152 3358 1354 3425 forma,
1371 3376 1485 3414 non
1512 3360 1665 3415 aliud
1692 3376 1862 3432 quam
1882 3378 2058 3417 unum

458 3456 582 3519 est;
611 3456 667 3505 et
695 3449 820 3530 ideo
844 3449 950 3503 hoc
978 3465 1156 3505 unum
1187 3465 1410 3521 semper
1432 3455 1519 3504 est
1537 3450 1593 3504 id
1634 3451 1783 3522 quod
1804 3457 1907 3508 est.
1945 3454 2060 3508 Nc-

458 3558 568 3615 que
595 3541 851 3597 accidens
881 3540 941 3595 in
973 3556 1039 3595 eo
1064 3545 1168 3605 est,
1201 3556 1237 3595 a
1272 3557 1381 3611 quo
1426 3557 1562 3595 sane
1592 3556 1756 3596 omne
1802 3558 1923 3597 esse
1953 3549 2055 3599 est.

461 3633 570 3690 Sed
600 3631 739 3687 illud
768 3647 804 3685 a
829 3630 983 3685 nullo
1012 3629 1123 3684 alio
1153 3635 1236 3684 est
1256 3648 1269 3697 ;
1292 3629 1499 3684 idcirco
1534 3630 1776 3684 materia
1807 3637 1864 3685 et
1904 3636 2062 3686 motu

458 3725 634 3790 caret,
659 3724 830 3790 atque
866 3718 927 3772 in
957 3735 1081 3773 sese
1109 3734 1332 3790 semper
1360 3719 1727 3774 immobiliter
1767 3726 1870 3775 est.
1907 3720 2060 3776 Reli-

462 3826 574 3880 qua
593 3825 721 3864 vero
744 3808 938 3863 omnia
967 3824 1091 3879 qum
1121 3806 1191 3861 ab
1230 3824 1295 3862 eo
1334 3807 1576 3862 formata
1609 3814 1743 3863 sunt
1769 3813 1823 3862 et
1851 3815 2058 3875 creata,

460 3916 575 3955 non
601 3904 735 3955 sunt
759 3896 817 3953 id
848 3896 997 3969 quod
1027 3906 1162 3951 sunt
1186 3916 1198 3961 ;
1227 3897 1358 3967 quia
1395 3897 1840 3968 unumquodque
1868 3914 2063 3952 eorum

461 4005 574 4044 non
598 3987 768 4043 habet
796 4003 919 4042 esse
946 3986 1256 4051 suum,nisi
1278 4002 1349 4040 ex
1377 3986 1464 4040 his
1493 4003 1560 4040 ex
1579 3986 1782 4057 quibus
1806 3991 1862 4041 et
1889 4003 1923 4040 a
1953 4003 2063 4058 quo

464 4084 567 4144 est,
601 4077 659 4131 id
689 4081 772 4132 est
795 4093 863 4130 ex
883 4075 1137 4147 partibus
1158 4076 1294 4129 suis.
1310 4076 1616 4147 Propterea
1632 4076 1780 4130 Deus
1801 4075 1860 4129 in
1885 4075 2066 4130 forma

463 4166 566 4221 Dei
585 4164 724 4220 nulli
753 4169 840 4218 est
865 4164 1293 4235 comparandus,
1327 4164 1422 4234 qui
1454 4180 1567 4218 non
1592 4164 1820 4219 aliunde
1841 4180 2007 4235 quam
2031 4181 2066 4220 a

463 4271 527 4309 se
554 4259 660 4307 est.
688 4252 797 4307 Sed
826 4252 1023 4307 miseri
1054 4251 1321 4315 haeretici,
1362 4251 1457 4321 qui
1486 4253 1591 4306 hoc
1628 4254 1938 4324 persentire
1965 4258 2065 4309 aut

464 4342 781 4412 intelligere
814 4341 1046 4396 minime
1074 4340 1388 4405 voluerunt,
1423 4347 1523 4395 aut
1565 4347 1887 4411 potuerunt,
1915 4344 2065 4414 quod

466 4433 526 4487 in
554 4431 660 4486 hac
688 4430 872 4485 forma
898 4427 1210 4483 divinitatis
1240 4443 1356 4481 non
1383 4426 1491 4481 nisi
1520 4428 1706 4483 unitas
1737 4445 1858 4484 esse
1882 4436 2069 4501 potest

466 4520 732 4585 Trinitas,
773 4535 887 4573 una
928 4515 1238 4586 aequalitas,
1281 4532 1397 4571 una
1416 4517 1667 4571 essentia
1694 4518 1941 4585 deitatis,
1975 4521 2065 4575 cui

468 4626 758 4680 nunquam
787 4613 888 4662 aut
917 4622 1195 4676 nusquam
1238 4611 1324 4661 est
1349 4606 1503 4661 aliud
1532 4622 1672 4673 esse,
1701 4624 1867 4679 quam
1915 4610 2066 4664 idem

468 4712 691 4767 semper
714 4696 947 4753 esse.Et
969 4694 1092 4749 ideo
1118 4711 1278 4749 servo
1302 4712 1404 4751 suo
1432 4696 1611 4767 Moysi
1631 4697 1712 4751 ait
1745 4715 1757 4750 :
1803 4699 1915 4765 Ego
1944 4715 2069 4752 sum.

469 4789 569 4858 qui
593 4802 718 4840 sum
750 4785 900 4853 (Gen.
930 4783 1144 4853 111,14).
1179 4784 1324 4849 Quia
1348 4785 1488 4839 nihil
1517 4790 1605 4839 est
1632 4786 1682 4839 ei
1711 4786 1821 4841 nisi
1848 4803 2071 4859 semper

470 4877 624 4931 idem
646 4890 787 4935 esse,
822 4878 879 4928 et
908 4875 1097 4929 omnia
1125 4891 1307 4946 posse.
1332 4876 1397 4930 In
1425 4892 1539 4946 qua
1554 4875 1735 4929 forma
1767 4875 1939 4930 Filius
1968 4877 2070 4931 Dei

471 4982 599 5020 cum
620 4968 787 5028 esset,
818 4979 931 5018 non
957 4980 1058 5033 per
1080 4965 1339 5035 rapinam
1378 4971 1415 5029 Ι
1432 4971 1620 5031 253
1648 4963 1878 5035 aequalis
1915 4965 2029 5019 Deo
2054 4983 2066 5032 ;

471 5054 570 5109 sed
598 5069 697 5125 per
723 5057 985 5107 naturam
1018 5069 1158 5107 verae
1185 5052 1510 5117 nativitatis,
1559 5053 1692 5123 quia
1733 5052 1958 5124 genitus
1985 5058 2074 5108 est

473 5161 505 5199 a
534 5145 650 5200 Deo
702 5142 891 5209 Patre,
922 5145 1272 5210 semetipsum
1300 5145 1630 5207 exinaniri},
1662 5158 1775 5197 non
1818 5148 1881 5198 ut
1927 5143 2072 5198 alius

475 5246 643 5301 quam
675 5230 796 5303 ipse
816 5235 983 5297 esset,
1003 5230 1099 5283 sed
1120 5235 1185 5283 ut
1205 5232 1449 5297 formam
1464 5235 1611 5286 servi
1624 5235 1899 5301 accipiens
1928 5235 2073 5296 (Phi-

476 5321 611 5387 lipp.
635 5334 696 5383 11,
724 5317 778 5388 7)
811 5336 911 5390 pro
941 5323 1133 5375 nostra
1162 5317 1565 5390 redemptione,
1598 5320 1745 5374 idem
1775 5321 1897 5392 ipse
1923 5322 2072 5376 Deus

475 5412 533 5462 et
560 5408 729 5463 homo
758 5412 924 5463 esset.
942 5409 1006 5462 In
1025 5423 1137 5478 qua
1159 5407 1349 5478 itaque
1368 5408 1547 5462 forma
1574 5410 1856 5480 speciosus
1869 5410 2074 5465 dicitur

478 5514 593 5570 pra
620 5496 752 5553 filiis
780 5496 1094 5553 hominum.
1145 5497 1279 5561 Quae
1307 5496 1575 5553 nimirum
1603 5499 1926 5567 exinanitio,
1960 5516 2073 5555 non

2140 3100 2397 3157 nedictus
2440 3098 2498 3153 in
2530 3104 2822 3154 aeternum.
2866 3099 3279 3175 Quarelautem
3319 3099 3584 3172 speciosus
3605 3104 3695 3165 pra?

2141 3189 2271 3244 ﬁliis
2300 3189 2610 3253 hominum,
2642 3192 2699 3243 et
2734 3203 2848 3241 non
2886 3203 3000 3258 prae
3024 3186 3289 3244 omnibus
3318 3186 3520 3260 angelis
3545 3181 3695 3256 potius

2141 3279 2380 3342 dicatur,
2403 3293 2530 3332 cum
2547 3281 2707 3331 tanto
2720 3276 2794 3329 sit
2814 3276 3086 3331 excelsior
3108 3279 3348 3349 angelis,
3371 3282 3566 3348 quanto
3577 3272 3697 3338 cii/Ie-

2142 3370 2358 3424 rentius
2367 3383 2483 3437 pra:
2512 3369 2631 3421 illis
2646 3382 2846 3420 nomen
2863 3366 3209 3422 hereditarii!
3231 3368 3359 3423 Filii
3392 3367 3559 3434 (Hebr.
3580 3379 3612 3427 ι,
3633 3357 3694 3421 4),

2142 3472 2255 3510 non
2287 3455 2357 3510 ab
2387 3471 2447 3508 re
2477 3454 2774 3526 quaeritur;
2811 3455 2920 3510 nisi
2951 3455 3083 3527 quia
3111 3462 3270 3526 patet
3292 3472 3483 3511 sensus
3510 3447 3697 3524 quodin

2142 3544 2320 3601 forma
2380 3544 2624 3599 hominis
2653 3544 2851 3600 unicus
2899 3545 3001 3599 Dei
3042 3546 3222 3601 Patris
3267 3546 3439 3601 Filius
3464 3552 3698 3598 commen-

2144 3635 2312 3691 datur
2359 3635 2602 3695 futurus,
2660 3650 2732 3688 ne
2782 3633 2949 3688 homo
2998 3640 3306 3706 negaretur
3348 3631 3548 3705 angelis
3576 3640 3698 3683 com-

2144 3729 2394 3796 paratus.
2447 3722 2793 3776 Przedicatur
2835 3726 3024 3776 autem
3083 3723 3371 3794 speciosus
3434 3737 3539 3793 prae
3599 3712 3699 3770 ﬁliis

2147 3813 2462 3878 hominum,
2509 3827 2582 3865 ne
2639 3817 2738 3866 aut
2768 3826 2897 3865 eum
2952 3816 3110 3865 extra
3150 3811 3438 3866 hominem
3466 3807 3696 3865 crederes.

2158 3906 2401 3969 ηδε)
2428 3906 2529 3954 aut
2556 3916 2731 3955 unum
2784 3898 3093 3970 quemlibet
3120 3899 3190 3954 de
3216 3900 3387 3955 turba
3431 3889 3695 3953 communis

2145 3989 2368 4060 generis
2396 3988 2722 4051 aestimares,
2763 4003 2890 4041 cum
2923 3992 3071 4042 esset
3094 3987 3263 4042 homo
3293 3989 3442 4043 inter
3464 3981 3694 4040 homines.

2148 4079 2320 4133 etiam
2339 4094 2406 4132 ex
2435 4076 2564 4131 filiis
2594 4076 2887 4131 hominum
2912 4077 3193 4147 speciosus
3221 4077 3419 4133 forma.
3456 4073 3694 4129 Verumta-

2146 4183 2275 4222 men
2305 4167 2363 4221 in
2406 4164 2675 4221 Hebraico
2704 4165 2775 4219 ad
2808 4166 2989 4237 ipsum
3033 4165 3299 4221 dilectum
3350 4179 3527 4236 regem
3561 4158 3696 4213 victo-

2149 4273 2381 4328 remque
2417 4254 2656 4310 Verbum
2690 4254 2871 4309 Patris
2899 4255 2969 4309 de
2998 4271 3109 4326 quo
3153 4256 3347 4310 omnia
3394 4259 3532 4309 retro
3576 4248 3695 4302 dicta

2150 4353 2302 4413 sunt,
2362 4344 2522 4417 quasi
2560 4344 2720 4399 finito
2758 4344 3051 4416 prommio,
3083 4344 3218 4399 facit
3266 4345 3358 4401 hic
3404 4333 3695 4398 narrationis

2150 4435 2460 4499 exordium,
2485 4437 2542 4487 et
2553 4432 2686 4487 facit
2697 4432 3093 4504 apostrophen,
3113 4433 3183 4487 ad
3200 4433 3385 4504 ipsum
3418 4421 3692 4485 amantissi-

2148 4542 2303 4580 mum
2331 4523 2816 4593 triumphatorem,
2848 4522 2938 4576 cui
2974 4522 3165 4576 omnia
3186 4522 3322 4578 dicit
3347 4535 3505 4594 opera
3522 4530 3625 4577 sua.
3649 4512 3696 4563 et

2153 4617 2454 4668 consecuta
2480 4617 2609 4666 sunt
2650 4627 2994 4683 quaecunque
3048 4611 3118 4665 de
3159 4628 3225 4666 eo
3274 4612 3421 4667 dicta
3454 4610 3587 4663 sunt.
3630 4598 3692 4652 De

2153 4697 2562 4768 Chore,inquit,
2579 4695 2925 4768 pulchriores
2945 4695 3074 4750 ﬁliis
3094 4695 3405 4751 hominum.
3427 4691 3524 4749 Sed
3535 4697 3691 4743 rursus

2153 4788 2424 4860 qureritur
2443 4786 2720 4858 quomodo
2739 4785 3024 4857 pulchrior
3060 4785 3135 4839 sit
3161 4785 3375 4841 cunctis
3412 4780 3530 4837 ﬁliis
3554 4768 3694 4831 homi-

2151 4892 2308 4941 num,
2341 4875 2564 4946 quando
2592 4874 2835 4945 legimus
2865 4873 2924 4927 in
2957 4873 3135 4928 Isaia:
3175 4875 3414 4929 Vidimus
3432 4868 3689 4926 eumetnon

2153 4966 2380 5020 habebat
2397 4961 2625 5033 speciem
2656 4979 2824 5031 neque
2851 4963 3113 5029 decorem,
3142 4965 3235 5016 sed
3267 4964 3548 5033 despectum
3580 4953 3692 5006 viro-

2153 5070 2316 5117 rum;
2355 5055 2550 5121 species
2569 5055 2685 5120 ejus
2715 5052 3051 5105 inhonorata
3079 5057 3127 5106 et
3155 5053 3404 5121 deﬁciens
3426 5067 3457 5104 a
3484 5045 3597 5114 filiis
3620 5038 3689 5089 h0-

2152 5143 2560 5207 minum,homo
2577 5144 3052 5210 inplagaposztus,
3071 5147 3121 5194 et
3140 5144 3314 5196 sciens
3331 5143 3467 5210 ferre
3493 5124 3691 5199 inﬁrmi‘

2157 5233 2450 5299 tatem(lsa.
2476 5245 2594 5296 LIII,
2617 5229 2669 5291 2,
2691 5227 2764 5296 3),
2779 5246 2879 5284 seu
2899 5235 3099 5284 caetera
3111 5247 3233 5301 quae
3252 5230 3322 5285 de
3343 5230 3432 5284 illo
3451 5241 3509 5281 eo
3531 5221 3579 5274 in
3596 5217 3686 5269 loco

2154 5338 2187 5375 a
2216 5319 2448 5373 diversis
2479 5318 2880 5390 interpretibus
2909 5319 3370 5391 interpretantur.
3394 5316 3489 5374 Ubi
3511 5309 3552 5365 si
3578 5306 3689 5359 belle

2153 5409 2492 5473 consideras,
2527 5408 2681 5463 nulla
2708 5408 3124 5480 Scripturarum
3147 5406 3481 5464 dissonantia
3499 5405 3688 5473 genem'

2155 5503 2267 5565 tur,
2301 5498 2567 5569 quoniam
2596 5497 2673 5552 ibi
2703 5497 2952 5568 corporis
2990 5497 3329 5569 ignobilitas,
3359 5511 3462 5551 non
3502 5486 3686 5563 pro?ter
