3918 6166
225 244 374 303 1017

1115 244 1495 304 EXPOSITIO
1532 248 1611 304 IN
1647 244 1995 303 PSALMUM
2030 244 2221 301 XLIV.
2255 272 2323 286 —
2358 244 2496 299 LIB.
2538 243 2611 299 II.

3354 235 3498 295 1018

229 384 314 435 se,
349 367 448 423 sed
493 373 724 440 propter
773 368 1014 440 ﬂagella,
1045 374 1227 441 sputa,
1262 376 1319 425 et
1346 371 1556 445 alapas,
1596 370 2044 445 propterAdum
2075 369 2363 435 deitatem,
2391 369 2577 434 Pater,
2610 372 2669 422 et
2690 367 2884 429 Filius,
2917 370 2974 420 et
3002 363 3243 437 Spiritus
3270 364 3497 416 sanctus

231 457 420 511 clavos
439 472 664 528 quoque
694 461 751 510 et
787 457 1079 512 irrisiones
1108 465 1278 529 atque
1306 460 1541 530 injurias
1569 459 1826 532 patibuli,

231 555 291 601 et
310 545 426 601 alia
443 546 779 618 quamplura
797 563 920 618 quae
932 547 1163 618 pertulit
1176 548 1381 619 probra
1396 549 1832 619 benignissimus

231 633 494 689 Salvator
519 638 751 705 propter
798 648 920 696 nos,
952 635 1102 689 unde
1134 652 1234 690 nec
1258 642 1552 707 reputatus
1573 642 1659 691 est
1685 637 1834 691 inter

229 722 511 778 homines.
540 723 646 778 Hic
673 739 803 779 vero
820 724 1176 795 pulchritudo
1200 727 1472 781 virtutum
1496 732 1554 781 et
1567 726 1831 781 honestas

226 812 379 878 vitae,
402 829 623 868 morum
648 812 897 884 probitas
921 818 1092 884 atque
1123 813 1441 881 forma,non
1456 816 1645 870 minus
1660 816 1830 886 justi-

226 901 347 968 tiaz,
392 917 562 973 quam
611 907 669 956 et
692 901 869 956 totius
907 901 1171 957 bonitatis
1201 903 1259 957 in
1293 920 1358 959 eo
1388 905 1669 959 laudatur.
1703 905 1829 958 Non

228 990 386 1063 quod
416 990 681 1045 divinitas
697 990 906 1045 Christi
925 991 1247 1047 hominibus
1266 999 1592 1065 comparata
1618 993 1827 1048 formo-

227 1079 352 1135 sior
372 1079 612 1145 dicatur,
637 1079 925 1151 quiasicut
941 1081 1109 1151 paulo
1138 1086 1270 1137 ante
1296 1082 1564 1154 praemisi.
1581 1082 1721 1137 nulli
1743 1087 1830 1137 est

226 1168 633 1239 comparanda,
673 1168 770 1222 sed
801 1168 933 1240 quia
963 1169 1022 1224 in
1049 1169 1232 1225 forma
1259 1171 1405 1225 servi
1417 1176 1474 1226 et
1498 1171 1693 1227 habitu
1732 1172 1830 1225 ho-

224 1256 404 1310 minis
449 1255 660 1328 absque
689 1257 1002 1329 opprobriis
1027 1264 1085 1313 et
1133 1259 1358 1330 injuriis
1389 1267 1443 1315 et
1472 1261 1829 1333 passionibus

226 1344 434 1410 crucis,
474 1345 781 1416 speciosior
808 1363 922 1418 prae
958 1349 1171 1403 cunctis
1204 1350 1426 1404 refulsit
1465 1350 1824 1406 hominibus:

224 1433 330 1489 ubi
355 1439 413 1489 et
427 1434 691 1489 divinitas
716 1436 1064 1506 resplenduit
1091 1438 1150 1492 in
1186 1438 1449 1510 operibus
1475 1440 1676 1494 clarior
1692 1441 1826 1505 sole,

224 1529 289 1579 et
308 1523 635 1578 humanitas
649 1524 820 1579 etiam
838 1524 895 1579 in
905 1525 1117 1581 eisdem
1140 1528 1494 1598 passionibus
1510 1535 1567 1583 et
1585 1529 1825 1600 injuriis,

225 1612 749 1667 misericordiarum
769 1614 948 1669 virtus
979 1632 1098 1670 esse
1128 1616 1423 1688 probatur.
1455 1619 1524 1673 Et
1543 1618 1666 1672 ideo
1702 1620 1829 1689 jure

1911 475 2057 513 unus
2086 464 2172 512 est
2194 458 2361 513 Deus.
2406 457 2512 512 Ubi
2541 462 2733 511 tantus
2762 462 2848 511 est
2875 457 3045 510 Pater
3074 453 3225 507 solus
3256 454 3499 523 quantus

1913 563 2039 601 cum
2066 547 2205 603 Filio
2246 554 2302 602 et
2332 547 2546 619 Spiritu
2595 554 2823 613 sancto;
2870 550 3172 614 tantusque
3211 546 3296 594 est
3348 538 3501 591 solus

1915 635 2157 706 Spiritus
2187 642 2413 691 sanctus
2433 640 2679 706 quantus
2706 652 2831 689 cum
2854 635 3021 688 Patre
3041 630 3210 686 simul
3248 645 3313 683 ac
3338 626 3497 682 Filio.

1914 724 1998 779 Ibi
2017 726 2174 780 nulla
2201 726 2269 781 de
2281 725 2461 779 tribus
2482 721 3140 797 personishabetduabus
3157 717 3365 789 aliquid
3396 714 3501 769 mi-

1912 830 2038 868 nus.
2062 815 2205 879 Quia
2224 817 2283 871 in
2301 831 2639 885 unaquaque
2664 830 2902 886 persona
2912 813 2991 866 sic
3020 816 3106 866 est
3116 809 3280 881 plena
3297 805 3496 870 deitas,

1911 910 1976 959 ut
2006 911 2063 958 et
2083 905 2141 960 in
2158 906 2338 961 tribus
2364 904 2618 975 personis
2657 920 2770 958 una
2801 903 2892 968 sit,
2923 906 2979 956 et
3006 901 3064 955 in
3092 895 3328 968 singulis
3360 899 3497 991 tota.

1910 993 2033 1047 Non
2051 1010 2184 1064 ergo
2204 991 2656 1065 potuitdivinitas
2672 989 3073 1062 FiliiSpiritum
3087 991 3343 1041 sanctum
3363 989 3504 1035 acci-

1911 1098 2063 1153 pere,
2089 1097 2213 1136 cum
2236 1082 2355 1153 ipse
2390 1080 2632 1153 Spiritus
2665 1083 2892 1133 sanctus
2913 1078 2991 1132 sic
3005 1074 3270 1149 procedat
3300 1090 3334 1126 a
3358 1070 3501 1125 Filio

1911 1169 2056 1224 sicut
2083 1170 2337 1241 procedit
2377 1176 2434 1223 et
2459 1185 2494 1222 a
2520 1168 2704 1233 Patre,
2731 1168 2922 1237 sicque
2951 1166 3114 1219 detur
3134 1180 3168 1216 a
3196 1161 3336 1216 Filio
3357 1159 3504 1214 sirut

1912 1260 2084 1313 datur
2112 1275 2145 1312 a
2167 1260 2353 1313 Patre.
2386 1257 2529 1312 Hinc
2543 1273 2764 1328 quoque
2790 1256 2886 1309 illa
2913 1260 3118 1309 natura
3145 1250 3293 1306 unde
3323 1246 3504 1319 Spiri-

1910 1354 2004 1403 tus
2018 1354 2245 1403 sanctus
2260 1347 2431 1402 habet
2441 1346 2845 1417 originem.nec
2860 1343 3042 1415 potuit
3053 1346 3150 1396 aut
3161 1342 3499 1410 exspectare,

1912 1444 2013 1493 aut
2042 1438 2292 1510 accipere
2339 1436 2676 1506 largitatem.
2710 1434 2962 1488 Profecto
3009 1430 3250 1502 Spiritus
3279 1431 3504 1481 sanctus

1912 1535 2064 1583 totus
2087 1535 2172 1582 est
2202 1527 2405 1591 Patris,
2445 1531 2599 1579 totus
2628 1529 2716 1577 est
2740 1521 2889 1586 Filii,
2920 1520 3053 1592 quia
3091 1525 3125 1583 |
3143 1523 3333 1583 $55
3358 1528 3504 1567 Lnus

1911 1619 2247 1673 naturaliter
2263 1622 2348 1671 est
2370 1614 2550 1670 Patris
2578 1619 2633 1668 et
2673 1612 2817 1667 Filii.
2848 1609 3090 1665 Proinde
3111 1604 3249 1661 nulli
3274 1600 3505 1657 dubium

224 1701 470 1774 pulcher
481 1701 539 1756 in
551 1703 973 1774 cruce,pulcher
986 1705 1043 1759 in
1065 1706 1628 1779 ﬂagellis.pulcherin
1646 1708 1829 1762 omni-
1848 1730 1894 1789 B
1915 1709 2048 1781 quia
2076 1713 2229 1762 totus
2258 1707 2326 1760 de
2361 1706 2531 1794 Patre
2543 1702 2794 1794 procedit
2816 1706 2873 1755 et
2909 1698 3071 1761 Filio,
3095 1701 3246 1794 totus
3261 1694 3319 1794 in
3342 1693 3509 1794 Patre

222 1790 337 1845 bus
363 1789 441 1844 ab
468 1791 728 1846 omnibus
753 1792 1109 1863 praedicatur,
1142 1801 1199 1849 et
1217 1802 1519 1851 veneratur
1538 1797 1596 1851 in
1618 1785 1888 1852 cunctis—
1914 1803 2139 1851 maneat
2169 1813 2232 1851 ac
2261 1795 2420 1859 Filio,
2445 1793 2578 1864 quia
2605 1792 2686 1846 sic
2713 1794 2908 1845 manet
2935 1793 2999 1843 ut
3026 1785 3507 1858 procedat,sicque

225 1880 350 1935 suis
379 1879 664 1951 operibus.
689 1880 834 1945 Quia
867 1882 972 1937 etsi
1004 1883 1259 1938 mirabile
1291 1892 1372 1939 est
1398 1885 1544 1957 quod
1577 1886 1734 1956 virgo
1763 1887 1832 1941 de

224 1968 452 2039 virgine
489 1974 658 2024 natus
695 1976 799 2035 est,
833 1987 937 2025 nec
965 1971 1152 2027 minus
1204 1973 1517 2029 mirabilius
1559 1980 1646 2030 est
1684 1976 1831 2046 quod

225 2072 346 2113 non
363 2072 438 2112 ea:
469 2062 754 2113 voluntate
771 2062 901 2117 viri.
925 2063 1016 2115 sed
1044 2078 1108 2115 ea:
1120 2062 1236 2116 Deo
1264 2068 1433 2117 natus
1454 2068 1538 2118 est
1579 2065 1759 2132 (Joan.
1787 2079 1826 2131 1,

232 2143 358 2215 i3);
410 2151 581 2200 natus
619 2146 679 2201 in
727 2148 838 2201 ﬁne
880 2153 1221 2220 temporum,
1257 2151 1352 2222 qui
1382 2156 1469 2206 est
1507 2152 1628 2207 sine
1669 2151 1830 2207 initio

223 2233 462 2304 genitus
489 2239 620 2289 ante
650 2250 817 2291 omne
846 2239 1090 2308 tempus.

296 2411 450 2467 Hinc
472 2412 647 2484 igitur
687 2419 775 2469 est
797 2413 1027 2485 quodin
1069 2414 1250 2471 forma
1297 2417 1442 2472 servi
1470 2418 1663 2473 omnia
1686 2419 1833 2490 inju-

226 2500 453 2555 riarum
481 2514 713 2572 genera,
746 2502 1202 2575 inﬂrmitatisque
1222 2506 1521 2577 susceptio,
1548 2506 1726 2562 virtus
1747 2513 1833 2562 est

221 2589 479 2660 pietatis,
540 2606 664 2661 quae
720 2591 990 2646 nimirum
1040 2592 1221 2646 forma
1261 2593 1564 2665 speciosior
1605 2600 1690 2650 est
1717 2612 1832 2668 prae

224 2679 457 2734 cunctis
484 2679 778 2735 hominum
797 2681 949 2747 ﬁliis,
982 2682 1117 2751 quia
1146 2681 1204 2735 in
1234 2699 1302 2736 ea
1323 2688 1380 2737 et
1400 2683 1587 2739 divina
1614 2684 1832 2740 refulsit

220 2769 412 2839 gloria
439 2769 840 2839 majestatis,et
854 2786 978 2842 quae
1000 2771 1371 2826 humanitatis
1397 2772 1457 2826 in
1497 2780 1533 2838 Ι
1550 2779 1734 2839 πδιι
1767 2790 1831 2828 eo

220 2856 825 2924 fueruntinﬂrma,aut
842 2860 1023 2914 forma
1038 2860 1257 2915 virtutis
1271 2860 1503 2928 fuit,aut
1517 2862 1832 2933 exemplum

221 2946 964 3020 perfecteeimitationis,aut
973 2949 1501 3021 triumphusnostrac
1513 2952 1835 3017 salutis,aut

1915 1886 2164 1958 procedit
2189 1890 2253 1939 ut
2301 1888 2544 1938 maneat.
2604 1880 2765 1935 Unde
2811 1876 3145 1932 naturaliter
3167 1874 3312 1927 hanc
3336 1869 3508 1958 habet

1915 1957 2042 2030 cum
2073 1976 2239 2028 Patre
2264 1990 2327 2027 ac
2360 1971 2501 2026 Filio
2525 1970 2759 2025 unitatis
2785 1964 3212 2039 plenitudinem,
3245 1969 3300 2015 et
3324 1957 3505 2031 pleni-

1911 2064 2125 2120 tudinis
2154 2063 2521 2126 unitatem,ut
2547 2065 2700 2114 totus
2720 2075 2753 2112 a
2782 2058 2968 2120 Patre,
2996 2059 3148 2109 totus
3167 2050 3443 2105 habeatur
3471 2062 3506 2101 a

1911 2154 2086 2221 Filio;
2115 2169 2228 2207 non
2258 2169 2390 2222 ergo
2415 2150 2628 2221 accepit
2661 2148 2931 2219 Spiritum
2959 2147 3214 2198 sanctum
3242 2137 3504 2194 divinitas

1912 2242 2039 2298 Filii
2068 2258 2191 2296 cum
2228 2257 2340 2312 qua
2367 2239 2536 2294 unius
2566 2244 2780 2293 naturae
2810 2240 2912 2290 est.
2971 2233 3215 2301 Ideoque
3241 2232 3417 2283 restat
3442 2231 3507 2280 ut

1911 2332 2061 2386 Deus
2109 2331 2277 2384 homo
2315 2329 2570 2384 Christus
2597 2328 2655 2381 in
2683 2326 2863 2380 forma
2891 2321 3035 2377 servi
3078 2336 3247 2392 quam
3293 2314 3507 2386 accepit

1911 2420 2183 2492 Spiritum
2226 2427 2483 2474 sanctum
2516 2434 2615 2490 per
2652 2417 2795 2470 hanc
2824 2412 3175 2467 diffusionem
3206 2404 3503 2477 acceperit.

1913 2511 2090 2575 Quem
2120 2515 2311 2564 tamen
2340 2526 2452 2563 non
2478 2508 2548 2562 ad
2575 2520 2898 2561 mensuram
2924 2500 3202 2571 accepisse
3232 2496 3496 2567 legimus,

1914 2600 2010 2671 qui
2035 2604 2215 2654 totum
2243 2598 2474 2669 accepit.
2509 2598 2578 2651 Et
2600 2596 2725 2650 ideo
2769 2594 2973 2648 diffusa
3002 2589 3188 2661 gratia
3230 2586 3289 2640 in
3342 2583 3506 2639 labiis

1913 2689 2120 2744 Christi
2150 2687 2553 2760 plenitudinem
2597 2684 2795 2739 habuit
2824 2677 3214 2754 perfectionis;
3248 2675 3381 2746 quia
3410 2672 3507 2727 ubi

1914 2793 2180 2832 mensura
2208 2793 2321 2830 non
2343 2780 2446 2842 est,
2484 2773 2746 2846 perfectio
2766 2768 3129 2845 plenitudinis
3158 2771 3261 2820 est.
3289 2762 3511 2818 Habue-

1915 2871 2051 2921 runt
2076 2866 2354 2936 siquidem
2382 2864 2560 2919 sancti
2583 2865 2792 2917 donum
2826 2859 3040 2931 gratiae,
3073 2856 3171 2911 sed
3200 2852 3508 2909 secundum

1917 2972 2240 3010 mensuram
2266 2953 2586 3009 donationis
2613 2951 2849 3017 Christi;
2870 2948 3124 3004 Christus
3148 2950 3337 2999 autem
3361 2942 3507 2996 sicut

222 3034 637 3107 certepretium
650 3036 1891 3111 redemptionis,inomnibustamenspecio-C
1914 3046 2197 3117 speciosus
2239 3044 2419 3098 forma
2458 3060 2572 3114 prae
2624 3041 2754 3095 filiis
2783 3038 3095 3102 hominum,
3128 3035 3210 3089 ita
3228 3040 3287 3087 et
3312 3032 3511 3104 plenus

222 3124 344 3179 sior
364 3123 605 3179 cunctis.
629 3125 752 3189 Qua
766 3126 834 3180 de
850 3142 1020 3181 causa
1040 3127 1247 3182 dicitur
1266 3129 1437 3183 etiam
1454 3146 1487 3183 a
1502 3130 1710 3184 sanctis
1731 3147 1828 3201 pa-

221 3213 419 3268 tribus
448 3213 717 3285 quiddam
751 3214 1011 3270 habuisse
1039 3216 1097 3270 in
1127 3217 1284 3271 vultu
1317 3222 1375 3272 et
1400 3218 1459 3272 in
1481 3218 1655 3273 oculis
1689 3219 1831 3274 side-

220 3319 414 3367 reum,
439 3318 552 3374 quo
576 3303 843 3358 divinitus
857 3306 1229 3375 permulceret
1248 3306 1389 3377 pios,
1417 3311 1474 3361 et
1490 3312 1728 3362 terreret
1750 3325 1831 3363 re-

222 3391 456 3464 probos.
487 3392 647 3447 Alias
675 3399 864 3447 autem
885 3409 1240 3465 nequaquam
1263 3411 1391 3450 eum
1424 3396 1613 3450 statim
1654 3398 1831 3451 secuti

222 3485 421 3537 essent
436 3481 678 3552 apostoli
698 3481 768 3535 ad
786 3482 954 3536 unius
975 3482 1284 3552 jussionem
1310 3502 1322 3551 ;
1346 3500 1447 3538 nec
1468 3485 1565 3555 qui
1585 3484 1656 3539 ad
1677 3502 1832 3539 com-

220 3568 697 3643 prehendendum
708 3585 838 3624 eum
852 3577 1122 3625 venerant
1135 3573 1402 3642 prostrati
1422 3590 1548 3627 mox
1563 3574 1683 3627 sola
1705 3590 1833 3629 voce

222 3660 597 3714 corruissent.
624 3659 897 3715 Similiter
918 3661 1140 3731 quando
1168 3666 1227 3716 et
1244 3661 1314 3716 de
1343 3663 1623 3717 resticulis
1646 3664 1835 3732 ﬂagel-

222 3749 343 3805 lum
356 3748 559 3803 fecisse
579 3748 805 3819 legitur,
824 3766 1116 3822 nunquam
1138 3767 1332 3805 omnes
1346 3768 1412 3805 ac
1431 3751 1479 3806 si
1501 3752 1832 3823 potestative

222 3838 293 3893 de
325 3838 543 3909 templo
570 3838 773 3908 ejicere
803 3839 1080 3910 potuisset
1094 3840 1536 3895 contradictores
1563 3846 1617 3895 et
1635 3858 1827 3913 super-

222 3925 401 3991 δοιεί
422 3942 538 3981 non
554 3926 768 3998 aliquid
788 3943 883 3982 eos
897 3928 1121 3983 cwleste
1141 3929 1524 3995 deterruisset,
1559 3947 1668 4001 quo
1699 3947 1830 4002 per-

1911 3134 2096 3205 gratia
2126 3133 2368 3205 Spiritus
2420 3131 2620 3194 sancti,
2673 3146 2787 3202 prae
2834 3125 3093 3181 omnibus
3147 3119 3510 3195 participibus

1913 3224 2050 3278 suis.
2083 3223 2226 3277 Hinc
2255 3238 2477 3294 quoque
2507 3221 2750 3275 Joannes
2776 3234 2902 3272 cum
2929 3216 2997 3270 de
3016 3216 3138 3286 ipso
3159 3211 3301 3267 Filio
3320 3210 3511 3281 loque-

1913 3317 2070 3366 retur
2081 3312 2162 3365 ait
2178 3312 2253 3365 ;Ν
2253 3328 2321 3364 οη
2334 3311 2407 3364 ad
2421 3324 2744 3364 mensuram
2761 3309 2855 3360 dat
2875 3306 3012 3360 Deus
3027 3302 3310 3372 Spiritum
3324 3301 3504 3365 (Joan.

1910 3396 1992 3468 in,
2022 3399 2131 3469 3’s).
2170 3399 2313 3464 Quia
2327 3398 2573 3470 profecto
2596 3396 2742 3451 circa
2760 3395 2863 3450 Dei
2887 3398 3109 3448 sanctos
3130 3406 3326 3445 omnes
3346 3404 3412 3443 ex
3432 3385 3512 3440 af-

1913 3488 2112 3543 ﬂuenti
2125 3488 2270 3543 dono
2293 3487 2600 3542 liberalitas
2618 3483 2910 3555 largientis
2922 3487 3009 3537 est
3036 3500 3048 3549 ;
3071 3481 3128 3534 in
3150 3478 3373 3534 Christo
3405 3492 3509 3530 au-

1914 3584 2026 3633 tem
2056 3578 2229 3632 totius
2258 3581 2451 3630 manet
2472 3576 2529 3630 in
2555 3579 2828 3630 zeternum
2854 3571 3093 3643 Spiritus
3107 3563 3513 3640 plenitudo.ld-

1915 3668 2060 3722 circo
2086 3667 2283 3721 beatus
2307 3666 2626 3737 Apostolus,
2650 3663 2950 3717 secundum
2984 3673 3306 3711 mensuram
3334 3655 3510 3708 dona-

1916 3759 2083 3811 tionis
2101 3758 2309 3811 Christi
2326 3756 2537 3824 (Ephes.
2560 3772 2630 3819 1v,
2661 3752 2775 3818 13),
2809 3750 2945 3805 dicit
2967 3747 3237 3819 Spiritum
3251 3742 3393 3809 dari,
3413 3740 3511 3796 ubi

1913 3852 2142 3901 caeteros
2172 3844 2425 3898 homines
2457 3843 2528 3898 ad
2573 3856 2897 3897 mensuram
2950 3837 3199 3908 accipere
3237 3832 3506 3888 insinuat.

1912 3936 2155 3989 Joannes
2177 3934 2245 3987 de
2266 3934 2490 3988 Christo
2512 3932 2701 3986 volens
2712 3928 3006 3985 ostendere
3029 3941 3251 3980 omnem
3268 3921 3510 3996 plenitu-

128 4296 131 4297 '
224 4298 430 4353 pessus
457 4282 551 4337 sit.
577 4283 738 4349 Quia.
762 4282 963 4354 inquit,
987 4287 1186 4339 avertit
1214 4287 1415 4353 faciem
1437 4302 1620 4351 suam,
1645 4286 1702 4340 id
1723 4292 1827 4354 est,

222 4016 368 4072 culsi
382 4015 655 4071 cederent
670 4017 1053 4072 comminanti.
1080 4018 1331 4090 Denique
1353 4024 1408 4072 et
1428 4019 1486 4073 in
1506 4020 1827 4090 supradicto
1909 4025 2097 4079 dinem
2126 4023 2321 4093 gratiae
2337 4023 2394 4076 in
2425 4039 2491 4076 eo
2516 4021 2707 4086 fuisse,
2732 4036 2843 4074 non
2864 4019 2938 4073 ad
2961 4011 3508 4083 mensuram,inquit,

221 4104 557 4159 testimonio
585 4104 684 4160 ubi
709 4106 825 4160 ait:
854 4107 1024 4160 Homo
1048 4110 1112 4160 in
1146 4111 1313 4175 plaga
1342 4111 1554 4176 positus
1582 4114 1631 4162 et
1655 4113 1827 4163 sciens
1912 4116 2009 4168 dat
2035 4114 2174 4166 Deus
2209 4114 2492 4180 spiritum.
2525 4110 2685 4175 Quod
2716 4114 2773 4163 et
2792 4106 2966 4163 Isaias
2998 4110 3256 4178 patenter
3284 4103 3353 4158 de
3382 4103 3504 4174 ipso

223 4196 377 4261 ferre
402 4195 820 4262 inﬁrmitatem,
863 4194 1049 4249 reddit
1083 4210 1333 4262 causam,
1367 4212 1542 4267 quare
1562 4196 1672 4251 ista
1709 4214 1833 4268 per-
1914 4202 2150 4272 loquens
2174 4201 2443 4255 insinuat.
2480 4201 2547 4254 Et
2593 4201 2901 4269 requiescet,
2948 4194 3152 4265 inquit,
3197 4209 3362 4263 super
3386 4208 3513 4247 eum

1917 4289 2163 4359 Spiritus
2185 4291 2427 4343 Domini.
2444 4288 2689 4357 Spiritus
2701 4288 2981 4356 sapientia:
2998 4289 3047 4340 et
3063 4280 3514 4350 intellectus,Spi-

227 4372 529 4443 paululum
559 4372 768 4427 auxilio
795 4372 1105 4428 divinitatis
1134 4379 1370 4440 remoto,
1393 4390 1594 4445 corpus
1612 4375 1833 4445 injuriae
1852 4362 1900 4420 D
1918 4381 2065 4432 ritus
2089 4381 2314 4433 consilii
2340 4384 2389 4432 et
2418 4379 2794 4446 fortitudinis,
2824 4375 3070 4444 Spiritus
3084 4376 3320 4427 scientias
3339 4376 3387 4426 et
3402 4373 3515 4440 pie-

227 4460 543 4532 dereliquit
589 4465 648 4516 et
674 4461 1033 4526 cruciatibus,
1078 4462 1327 4534 alioquin
1355 4463 1464 4518 nisi
1496 4464 1688 4518 volens
1718 4481 1833 4519 non
1923 4470 2126 4530 tatis,et
2150 4470 2511 4536 replebiteum
2528 4468 2773 4535 Spiritus
2791 4466 3009 4519 timoris
3030 4464 3252 4517 Domini
3275 4462 3403 4527 (Isa.
3435 4477 3508 4526 x1,

232 4555 554 4621 pateretur,
615 4550 712 4621 qui
737 4551 808 4605 ad
839 4552 943 4606 hoc
971 4557 1218 4607 venerat.
1251 4552 1412 4607 Unde
1438 4552 1495 4606 in
1524 4553 1631 4607 hac
1657 4552 1841 4608 forma
1921 4555 1975 4618 2,
2000 4554 2077 4609 3η.
2113 4557 2272 4610 Unde
2290 4562 2444 4627 patet
2464 4556 2595 4626 quia
2612 4555 2826 4626 accepit
2859 4553 3117 4607 Christus
3133 4550 3375 4623 gratiam
3393 4549 3516 4621 Spi-

230 4640 402 4704 servi,
436 4656 551 4711 qua
580 4640 887 4711 speciosior
904 4646 1029 4695 erat
1057 4658 1171 4712 pra:
1200 4641 1333 4695 (iliis
1361 4642 1834 4707 hominum,nulli
1923 4645 2065 4699 ritus
2090 4646 2288 4710 sancti,
2318 4645 2414 4699 sed
2435 4661 2546 4698 non
2572 4644 2641 4697 ad
2678 4660 3024 4698 mensuram.
3050 4639 3211 4705 Quod
3227 4640 3275 4694 si
3293 4639 3512 4707 homini

227 4727 473 4782 dubium
504 4727 769 4784 habuisse
795 4730 1039 4800 gratiam
1066 4730 1346 4797 diffusam,
1378 4736 1443 4785 ut
1470 4732 1660 4785 omnia
1690 4749 1835 4803 quie-

228 4832 461 4889 cunque
484 4818 655 4873 vellet
684 4824 874 4890 posset
901 4825 966 4874 ut
1006 4820 1174 4886 Deus,
1207 4825 1265 4874 et
1320 4837 1442 4891 quae
1484 4822 1601 4892 pati
1649 4822 1836 4877 decre-

225 4905 407 4962 visset
424 4911 718 4978 pateretur
744 4914 807 4963 ut
834 4910 1037 4977 homo;
1071 4924 1185 4964 non
1231 4910 1395 4981 quasi
1452 4910 1678 4971 invitus.
1734 4912 1833 4966 sed

226 4995 398 5068 quasi
422 5002 761 5068 potestatem
782 4997 1010 5063 habens,
1042 5015 1156 5053 non
1185 4999 1370 5053 minus
1398 4999 1456 5053 in
1486 4999 1640 5053 omni
1666 5000 1834 5055 verbo

228 5104 409 5161 quam
427 5089 563 5144 etin
579 5089 734 5144 omni
756 5106 942 5161 opere.
968 5090 1110 5146 Hinc
1135 5107 1356 5163 quoque
1384 5092 1639 5162 sequitur
1673 5109 1684 5144 :
1716 5094 1835 5161 Dif-

225 5180 655 5247 fusaestgratia
673 5181 736 5233 in
755 5180 919 5233 labiis
953 5182 1081 5234 tuis.
1113 5180 1433 5235 Secundum
1470 5181 1704 5234 formam
1733 5182 1835 5235 hu-

226 5268 553 5334 manitatis,
574 5267 634 5323 in
651 5285 760 5340 qua
777 5268 987 5323 foedera
1001 5274 1269 5341 pacturus
1287 5286 1361 5324 nu
1371 5270 1793 5341 ptiarum,venit
1816 5290 1828 5336 ;

226 5355 291 5410 in
322 5372 392 5411 ea
420 5356 609 5428 gratia
634 5357 834 5430 plenus
855 5358 1122 5425 creditur,
1153 5363 1211 5413 et
1238 5375 1350 5414 non
1381 5359 1689 5414 secundum
1719 5360 1833 5415 for-

226 5461 391 5500 mam
411 5445 473 5501 in
505 5462 617 5518 qua
636 5447 864 5519 aequalis
883 5453 966 5503 est
1002 5448 1329 5514 Patri.Quia
1346 5448 1405 5503 in
1421 5466 1488 5504 ea
1507 5448 1689 5503 forma
1713 5450 1834 5521 Spi-

232 5534 417 5590 ritum
444 5541 707 5591 sanctum
737 5536 987 5607 accipere
1007 5553 1119 5594 non
1139 5536 1413 5610 potuit,eo
1461 5537 1611 5611 quod
1638 5554 1832 5595 secun-

1916 4734 2139 4789 Christo
2169 4751 2279 4788 non
2311 4734 2381 4787 ad
2410 4750 2729 4788 mensuram
2763 4732 2919 4786 dedit
2949 4731 3240 4803 Spiritum.
3288 4746 3515 4784 necesse

1917 4830 2003 4879 est
2027 4830 2091 4878 ut
2113 4822 2479 4878 nihilominus
2506 4823 2711 4876 habeat
2740 4820 3027 4892 sapientiae
3074 4824 3131 4874 et
3172 4818 3509 4885 intellectus,

1916 4914 2134 4969 consilii
2160 4919 2217 4967 et
2242 4912 2602 4975 fortitudinis,
2647 4911 2893 4965 scientiae
2924 4915 2981 4964 et
3022 4909 3270 4981 pietatis.
3304 4909 3384 4963 Ac
3413 4923 3514 4980 per

1918 5005 2024 5058 hoc
2055 5020 2168 5056 non
2198 5002 2380 5056 solum
2405 5001 2475 5055 ad
2504 5000 2851 5055 divinitatem
2883 5000 3026 5070 ejus,
3058 5016 3252 5054 verum
3282 4998 3353 5052 ad
3392 4998 3511 5068 ejus

1917 5109 2139 5165 quoque
2175 5091 2586 5145 humanitatem
2630 5090 2727 5144 illa
2757 5089 3116 5161 perfectionis
3146 5086 3513 5160 praerogativa

1916 5182 2213 5254 pertineat,
2249 5197 2417 5251 quam
2430 5179 2537 5250 ipsi
2556 5178 2779 5234 Christo
2794 5178 2993 5234 beatus
3015 5178 3264 5250 assignat
3278 5177 3513 5248 Aposto-

1915 5272 2004 5326 lus
2028 5270 2252 5324 dicens:
2296 5272 2363 5325 In
2402 5286 2508 5339 quo
2554 5274 2686 5323 sunt
2724 5286 2908 5323 omnes
2940 5270 3185 5322 thesauri
3229 5269 3512 5336 sapientia

1919 5367 2079 5431 atque
2107 5362 2347 5414 scientiae
2384 5360 2689 5413 absconditi
2742 5359 2962 5427 (Coloss.
2993 5372 3051 5422 Il,
3081 5354 3152 5424 3).
3182 5356 3248 5410 Et
3278 5355 3412 5427 quia
3440 5355 3511 5410 ad

1917 5462 2239 5504 mensuram
2278 5465 2392 5503 non
2414 5448 2627 5520 accepit
2655 5447 2936 5520 spiritum,
2972 5462 3167 5500 omnes
3211 5446 3509 5500 thesauros

1914 5538 2203 5612 sapientiae
2222 5538 2341 5610 ejus
2370 5542 2539 5612 atque
2570 5537 2812 5593 scientiae
2850 5534 3065 5591 habuit.
3096 5532 3239 5597 Quia
3255 5533 3302 5586 si
3332 5531 3383 5586 ei
3411 5529 3508 5585 ali-
