3918 6166
431 371 574 429 1019

1204 381 1260 437 S.
1304 378 1684 436 PASCHASII
1722 381 2082 437 RADBERTI
2120 382 2423 439 ABBATIS
2461 382 2950 442 CORBEIENSIS.

3526 388 3638 452 1020

436 496 576 568 quid
607 501 730 571 ejus
774 500 1141 574 plenitudinis
1170 504 1364 569 defuit,
1390 521 1738 575 consequens
1760 511 1845 560 est
1870 511 1934 560 ut
1961 506 2096 568 adA
2114 510 2291 562 virtus
2318 525 2437 563 mea
2466 511 2690 577 (Habac.
2716 525 2794 574 III,
2827 510 2904 579 2).
2935 510 3071 566 Ecce
3098 510 3225 566 talis
3254 514 3527 585 tantusque
3542 530 3644 587 pro-

430 602 760 644 mensuram
806 601 838 657 Ι
857 601 1047 659 256
1072 594 1342 665 Spiritum
1382 594 1659 665 accepisse
1688 594 2037 665 praedicetur.

511 676 671 741 Quod
712 680 759 733 si
788 698 979 735 verum
1011 683 1147 736 dicit
1170 683 1489 753 Apostolus.
1533 683 1644 737 imo
1675 683 1808 753 quia
1846 701 2038 739 verum

426 764 574 820 dioit
590 769 737 838 quod
759 769 808 822 ei
832 787 943 823 non
975 773 1047 823 ad
1062 787 1380 824 mensuram
1403 771 1561 825 dedit
1584 773 1722 825 Deus
1736 772 2035 840 Spiritum,

435 863 656 911 constat
686 860 831 928 quod
857 877 1078 913 omnem
1112 861 1521 931 plenitudinem
1550 861 1858 916 divinitatis
1887 863 1945 916 in
1978 879 2037 917 se

435 944 729 1014 habuerit;
761 954 818 1002 et
848 948 942 1002 ubi
977 950 1137 1003 aﬂuit
1156 950 1444 1021 plenitudo
1475 951 1720 1009 deitatis.
1752 951 1827 1005 ibi
1845 958 1903 1006 et
1931 952 2037 1006 vir-

433 1039 614 1089 tutem
645 1037 900 1106 ejusdem
928 1038 1236 1093 divinitatis
1265 1040 1492 1093 aﬂ‘uisse
1534 1040 1891 1095 manifestum
1928 1047 2043 1095 ests

434 1124 741 1194 Propterea
763 1126 1001 1196 subjecit
1020 1128 1071 1181 ei
1089 1145 1254 1182 omne
1297 1146 1458 1199 posse
1478 1128 1535 1182 in
1567 1130 1719 1183 omni
1750 1130 2035 1184 voluntate

434 1229 556 1277 sua,
579 1215 697 1284 jam
739 1222 919 1269 morte
949 1217 1197 1283 devicta;
1231 1217 1329 1271 ubi
1370 1234 1481 1271 non
1522 1218 1766 1289 adoptio,
1802 1235 1913 1273 non
1944 1219 2033 1273 di-

433 1302 575 1356 visio
617 1302 1083 1370 substantiarum,
1142 1323 1254 1361 non
1283 1306 1554 1371 confusio,
1586 1313 1686 1361 aut
1716 1307 2029 1379 permistio,

436 1407 549 1445 non
580 1392 751 1447 ullius
797 1395 878 1448 rei
916 1394 1267 1466 interceptio,
1301 1396 1398 1449 sed
1426 1397 1544 1450 sola
1576 1396 1765 1450 unitas
1784 1413 2032 1468 personae

435 1480 666 1545 Christi,
695 1487 749 1536 et
787 1484 1101 1554 proprietas
1121 1484 1473 1555 praedicatur.
1508 1485 1610 1540 Cui
1628 1502 1693 1540 ex
1706 1491 1823 1540 toto
1842 1486 2036 1540 subest

431 1586 601 1625 nosse
630 1587 793 1641 posse
825 1589 946 1643 quze
1004 1574 1103 1627 Dei
1134 1580 1287 1641 sunt,
1323 1575 1456 1645 quia
1482 1574 1539 1628 in
1567 1575 1720 1629 nullo
1757 1575 2042 1630 invenitur

428 1659 585 1713 aliud
614 1677 786 1731 quam
826 1661 993 1715 Deus.
1039 1663 1281 1732 Reliqua
1330 1664 1520 1718 omnia
1549 1663 1825 1721 membra.
1866 1670 1923 1718 et
1964 1664 2036 1717 ad

430 1764 760 1803 mensuram
791 1750 1002 1804 donum
1029 1751 1227 1821 gratiae
1257 1752 1589 1823 percipiunt,
1636 1758 1694 1807 et
1717 1754 1786 1807 de
1828 1753 2037 1807 Christi

2124 597 2290 668 pheta
2302 598 2548 654 elevatus
2560 600 2767 653 virtute
2781 600 2901 665 Dei,
2928 600 3103 654 sensit
3123 616 3277 654 suam
3296 601 3392 655 sub
3420 618 3474 657 se
3489 620 3645 659 sumu-

2125 684 2307 739 buisse
2325 688 2606 742 virtutem.
2633 689 2723 742 Sic
2752 694 2810 743 et
2834 705 3029 743 omnes
3056 689 3232 743 sancti
3267 705 3301 743 a
3319 691 3500 745 saeculo
3533 709 3644 763 quo-

2121 774 2226 829 ties
2255 776 2392 830 talia
2417 783 2735 843 senserunt,
2762 778 2900 831 nihil
2923 795 2984 832 se
3012 794 3132 832 esse
3151 778 3377 833 confessi
3402 788 3519 834 sunt
3560 782 3647 836 Sed

2122 863 2253 933 quia
2284 865 2515 935 longum
2559 873 2645 921 est
2670 884 2841 937 super
2885 867 2991 922 hoc
3037 874 3436 922 sacramentum
3461 885 3648 939 pavores

2121 954 2379 1025 persequi
2399 962 2746 1022 sanctorum,
2774 958 2986 1027 cogitet
3006 955 3161 1027 virgo
3183 956 3381 1011 Christi
3420 957 3571 1011 multa
3595 958 3649 1011 de

2119 1043 2330 1112 paucis,
2380 1043 2570 1115 sicque
2619 1051 2894 1116 prmparet
2920 1061 3014 1100 cor
3046 1050 3110 1099 ut
3157 1045 3329 1115 possit
3366 1061 3540 1116 capere
3562 1046 3650 1099 tale

2116 1136 2451 1203 tantumque
2503 1134 2770 1187 verbum:
2820 1134 2952 1204 quia
2993 1134 3136 1189 nihil
3160 1139 3248 1189 est
3274 1133 3491 1188 vicinius
3517 1151 3650 1205 quam

2115 1237 2211 1275 cor
2240 1227 2297 1275 et
2323 1221 2722 1277 verbum.Nam
2744 1240 2841 1277 cor
2861 1222 2982 1277 sine
3004 1221 3170 1278 verbo
3192 1221 3389 1276 dicibili
3416 1228 3651 1277 mortuum

2116 1310 2342 1365 videtur
2369 1330 2381 1375 ;
2406 1311 2637 1367 verbum
2672 1330 2799 1367 vero
2825 1329 2937 1367 non
2962 1312 3071 1366 nisi
3098 1312 3158 1366 in
3185 1312 3350 1367 corde
3391 1312 3527 1366 intus
3564 1328 3655 1366 ma-

2116 1403 2230 1461 net,
2266 1417 2369 1454 nec
2412 1400 2520 1454 nisi
2547 1401 2617 1456 de
2642 1401 2809 1456 corde
2848 1402 3119 1473 procedit.
3153 1417 3256 1456 nec
3278 1401 3382 1455 nisi
3418 1400 3654 1455 interdum

2116 1488 2282 1542 corde
2305 1489 2541 1560 capitur.
2578 1491 2738 1554 Quod
2767 1507 2902 1544 sane
2928 1490 3160 1544 verbum
3187 1488 3431 1561 quamvis
3451 1504 3562 1543 voce
3591 1504 3657 1543 ve-

2121 1576 2337 1642 stitum,
2382 1594 2494 1632 non
2529 1579 2636 1634 nisi
2674 1580 2743 1633 de
2780 1580 2945 1635 corde
2966 1580 3209 1645 exit,nec
3226 1579 3295 1633 de
3313 1577 3470 1633 corde
3486 1576 3658 1631 recedit

2120 1665 2254 1719 dum
2280 1666 2413 1732 exit,
2442 1673 2499 1721 et
2515 1669 2585 1721 ad
2607 1685 2703 1722 cor
2725 1669 2891 1734 venit,
2925 1675 2989 1723 ut
3016 1674 3248 1723 maneat
3264 1666 3359 1722 ubi
3371 1665 3522 1721 venit.
3549 1665 3656 1729 Qui-

2118 1748 2225 1823 bus
2248 1752 2495 1821 profecto
2509 1752 2731 1807 indiciis
2750 1753 2939 1808 divina
2957 1751 3118 1807 nobis
3135 1751 3450 1807 insinuatur
3472 1756 3653 1814 natum,

429 1837 783 1909 plenitudine
809 1855 933 1892 eam
959 1839 1257 1911 accipiunt.
1291 1842 1450 1896 Unde
1480 1842 1835 1913 Evangelista
1870 1836 2096 1897 Joan-B
2115 1839 2260 1908 quod
2316 1841 2501 1895 Patris
2556 1848 2615 1895 et
2640 1842 2766 1897 Filii
2790 1858 2904 1896 una
2931 1842 3007 1897 sit
3033 1841 3368 1897 substantia.
3398 1842 3474 1895 Ac
3495 1837 3657 1894 deinde

431 1941 561 1981 nes:
589 1929 714 1993 Nos,
747 1930 950 2001 inquit,
985 1947 1170 1986 omnes
1198 1933 1264 1985 de
1295 1933 1646 2000 plenitudine
1674 1935 1789 1999 ejus
1818 1935 2029 2000 accepi-

432 2031 558 2070 mus
581 2021 830 2085 gratiam
858 2035 958 2086 pro
984 2023 1173 2087 gratia
1208 2023 1394 2085 (Joan.
1426 2038 1459 2085 ι,
1496 2018 1605 2086 16).
1641 2019 1743 2074 Ubi
1764 2020 1931 2074 datur
1949 2020 2029 2073 in-

432 2105 639 2176 telligi,
668 2105 727 2160 in
776 2107 873 2161 illa
901 2108 1104 2178 speciei
1135 2108 1317 2177 gratia
1356 2126 1479 2180 quae
1508 2108 1677 2162 datur
1709 2125 1809 2179 pro
1845 2108 2029 2179 gratia

438 2193 589 2259 ﬁdei,
620 2211 729 2248 non
757 2212 878 2250 esse
912 2196 1090 2267 ipsum
1118 2197 1524 2268 plenitudinem
1565 2214 1688 2267 quae
1711 2196 1913 2251 diﬂ‘usa
1941 2203 2028 2251 est

427 2282 617 2354 gratia
654 2283 712 2339 in
759 2284 921 2339 labiis
979 2285 1202 2349 Christi,
1255 2287 1352 2339 sed
1402 2285 1805 2357 plenitudinem
1868 2286 2021 2339 illam

427 2388 601 2443 quam
632 2362 916 2444 accipiunt
935 2392 1148 2440 omnes,
1179 2381 1237 2429 et
1266 2374 1607 2445 adimpletur
1627 2374 1808 2428 omnis
1838 2373 2026 2428 Eccle-

427 2460 532 2527 sia,
610 2462 668 2516 in
725 2469 997 2533 quantum
1054 2481 1155 2534 per
1194 2464 1317 2534 ejus
1368 2463 1610 2534 gratiam
1645 2463 2026 2534 unusquisque

428 2566 605 2621 capax
636 2551 690 2603 in
722 2569 788 2604 ea
816 2569 937 2606 esse
967 2551 1254 2622 probatur.
1285 2553 1428 2607 Hinc
1453 2569 1673 2623 quoque
1703 2552 2018 2623 Propheta:

424 2640 765 2709 Adimptebis
795 2658 879 2694 me
905 2644 1097 2695 latitia
1128 2660 1255 2695 cum
1278 2646 1436 2696 vultu
1460 2648 1551 2696 tuo
1577 2644 1737 2712 (Psal.
1757 2659 1846 2704 xv,
1890 2641 1970 2697 ll)
2007 2658 2021 2708 ;

428 2733 488 2783 et
514 2728 719 2783 iterum
744 2744 756 2777 :
808 2732 1158 2798 Iteptebimur
1187 2734 1249 2784 in
1297 2733 1450 2785 bonis
1496 2733 1690 2785 domus
1720 2737 1824 2784 tua;
1855 2732 2017 2797 (Psat.

427 2817 773 2885 Lxrv,5).Sed
795 2818 1306 2890 utimpleamur,de
1336 2819 1686 2890 plenitudine
1717 2820 1839 2889 ejus
1867 2835 2026 2872 acce-

432 2905 639 2977 pimus,
674 2922 784 2977 qua
822 2907 1072 2978 repletur
1098 2908 1315 2969 domus,
1348 2924 1470 2977 quae
1510 2914 1595 2961 est
1638 2906 1880 2961 Ecclesia
1925 2905 2026 2959 Dei

426 2993 553 3048 vivi.
589 2994 761 3049 Porro
791 2996 859 3050 de
889 2996 1008 3067 ipso
1039 2997 1175 3050 dicit
1202 2996 1487 3067 apostolus
1517 2996 1724 3050 Paulus
1751 3016 1761 3049 :
1791 2998 1931 3064 Quia
1964 2998 2024 3047 in

427 3085 544 3151 ipso
562 3085 1028 3139 inhabitatomnis
1045 3087 1328 3155 plenitudo
1338 3087 1651 3139 divinitatis
1665 3086 2026 3153 corporaliter

2113 1944 2240 1982 cum
2272 1929 2576 2001 suscipitur
2622 1930 2693 1985 ab
2730 1947 2955 2002 sponsa,
2986 1931 3076 1985 cui
3104 1931 3433 1985 decantatur
3458 1930 3550 1983 hoc
3571 1927 3658 1999 epi-

2112 2017 2468 2084 thalamium,
2498 2036 2609 2074 non
2639 2018 2749 2073 nisi
2777 2019 2837 2073 in
2865 2019 3032 2074 corde
3061 2017 3324 2084 habetur,
3348 2024 3410 2073 ut
3432 2017 3658 2087 diligatur

2110 2110 2347 2165 dilectus
2373 2110 2573 2174 Patris,
2593 2129 2703 2181 quo
2726 2112 2835 2166 ﬁde
2850 2115 3102 2167 tenetur.
3129 2113 3521 2167 Verumtamen
3533 2107 3659 2177 Sym-

2110 2201 2341 2255 machus
2369 2201 2534 2270 longe
2563 2202 2730 2256 aliter
2750 2200 3070 2256 transtulit:
3118 2203 3459 2257 Gemmatum
3491 2195 3658 2261 est,in-

2108 2288 2252 2356 quit,
2278 2305 2368 2342 cur
2400 2305 2581 2342 meum
2613 2292 2771 2343 verba
2812 2292 2965 2353 bona,
2992 2289 3158 2359 quasi
3179 2289 3332 2344 dicat
3368 2286 3435 2341 de
3466 2281 3659 2338 alterius

2110 2393 2370 2431 sermone
2399 2394 2496 2431 cor
2522 2377 2826 2448 prophetae,
2863 2377 2950 2431 vel
2969 2377 3275 2447 cujuslibet
3290 2374 3528 2436 dicentis,
3543 2386 3659 2426 com-

2111 2466 2357 2523 motum;
2400 2461 2481 2516 ita
2509 2461 2723 2532 Spiritu
2746 2468 2940 2517 sancto
2969 2461 3168 2517 futura
3196 2460 3402 2517 Christi
3424 2457 3659 2530 pandente

2110 2556 2478 2616 sacramenta,
2508 2551 2693 2621 ipsum
2735 2550 2906 2605 etiam
2945 2550 3003 2605 in
3052 2551 3342 2624 eloquium
3365 2545 3658 2621 prorupisse.

2108 2646 2385 2710 quatenus
2416 2646 2472 2694 et
2496 2640 2632 2711 ipse,
2666 2640 3143 2711 quemadmodum
3172 2639 3356 2697 caeteri
3394 2636 3658 2710 propheta.

2109 2729 2177 2783 de
2208 2728 2450 2782 adventu
2481 2728 2689 2784 Christi
2711 2730 3057 2800 loqueretur.
3093 2729 3203 2785 Ubi
3249 2725 3589 2783 nihilominus
3614 2727 3659 2776 et

2112 2818 2233 2889 ipse
2261 2810 2472 2872 bonum
2525 2818 2626 2872 Dei
2671 2818 2917 2874 Verbum
2971 2818 3243 2890 pralicat
3275 2837 3287 2885 ;
3320 2816 3415 2872 sed
3442 2812 3575 2886 quod
3605 2811 3661 2865 de

2108 2909 2276 2963 corde
2296 2908 2479 2963 Patris
2516 2909 2585 2962 ad
2627 2925 2728 2964 nos
2749 2908 3138 2973 exierit,tacet.
3175 2908 3385 2965 Idcirco
3414 2904 3593 2960 melius
3614 2900 3662 2954 in

2108 3016 2349 3070 persona
2373 3001 2573 3067 Patris,
2598 3001 2744 3072 quod
2767 3001 2887 3073 ipse
2906 3002 2975 3056 de
3003 3018 3065 3056 se
3084 3001 3357 3066 Verbum,
3376 2997 3515 3071 quod
3539 2995 3661 3051 Deus

2107 3095 2210 3153 est,
2255 3090 2535 3160 genuerit,
2563 3091 2773 3146 dictum
2802 3090 3090 3162 accipitur,
3152 3098 3214 3146 et
3240 3090 3378 3145 illud
3422 3090 3662 3143 eructasse

426 3172 644 3234 (Coloss.
670 3190 727 3238 ιι,
763 3173 845 3243 9).
878 3153 1076 3239 Quaeso
1124 3191 1194 3228 ne
1255 3174 1372 3227 leve
1414 3173 1668 3227 videatur
1715 3174 1863 3243 quod
1913 3153 2455 3250 ma-Cperhibetur.
2511 3180 2799 3251 Siquidem
2841 3153 2946 3234 hoc
2975 3153 3087 3234 non
3125 3180 3318 3235 minus
3345 3176 3502 3233 verba
3539 3168 3662 3228 tituli

425 3277 602 3331 gnum
664 3267 769 3328 est,
811 3280 881 3316 nc
939 3263 1060 3317 sine
1092 3261 1400 3316 reverentia
1433 3262 1581 3333 quod
1612 3262 1862 3316 divinum
1893 3268 2019 3331 est;
2108 3268 2427 3333 concinunt,
2495 3285 2666 3339 quam
2716 3274 2774 3324 et
2821 3274 3008 3323 textus
3059 3269 3272 3323 Psalmi
3301 3283 3454 3322 more
3479 3256 3662 3318 Cantici

426 3351 692 3421 quoniam
739 3351 843 3405 etsi
865 3352 1171 3422 jocundum
1218 3357 1305 3405 est
1349 3350 1656 3421 virginibus
1682 3352 1829 3422 quod
1876 3352 2024 3406 Deus
2108 3358 2351 3429 idipsum
2375 3358 2575 3428 explet.
2604 3358 3071 3428 Quandoquidem
3092 3358 3165 3412 ad
3187 3346 3662 3427 utramqueintelli-

424 3438 592 3494 homo
614 3457 678 3494 ac
692 3441 1009 3512 sisponsus,
1029 3440 1109 3494 eis
1155 3440 1436 3512 speciosus
1452 3440 1630 3493 forma
1662 3439 2017 3504 describitur,

422 3528 704 3584 ineffabile
723 3535 914 3584 tamen
933 3536 1035 3592 est,
1060 3530 1206 3600 quod
1228 3529 1503 3601 fragilitas
1523 3529 1709 3583 carnis
1740 3529 1811 3583 ad
1850 3535 2020 3584 tanta:

420 3618 832 3689 conjunctionis
864 3619 1104 3690 gloriam
1146 3624 1396 3682 vocatur,
1447 3627 1510 3672 ut
1550 3619 1776 3673 Patrem
1814 3618 2019 3673 habeat

422 3712 625 3778 Deum,
653 3712 857 3767 Filium
886 3713 987 3767 Dei
1019 3713 1266 3774 unicum,
1297 3712 1531 3767 fratrem
1550 3719 1606 3767 et
1625 3729 1912 3784 sponsum.
1940 3713 2017 3767 De

421 3817 533 3872 quo
574 3801 858 3856 mirantur
883 3802 1089 3873 angeli,
1121 3808 1425 3873 pavescunt
1452 3802 1686 3856 virtutes
1716 3802 2011 3859 caelorum.

422 3891 639 3946 Caelum
670 3907 782 3944 non
802 3892 952 3962 capit
980 3908 1146 3963 quem
1177 3892 1332 3961 capit
1362 3896 1574 3957 uterus,
1601 3891 1683 3944 sol
1712 3907 1822 3945 non
1849 3890 2016 3949 videt.

420 3983 576 4033 terra
626 3997 738 4035 non
793 3981 1052 4045 sustinet,
1092 3987 1212 4036 tota
1253 3998 1365 4035 non
1394 3981 1714 4051 assequitur
1741 3986 2018 4035 creatura.

422 4068 567 4132 Quid
617 4069 686 4122 ad
724 4069 843 4123 haec
890 4072 1125 4125 mortale
1154 4070 1322 4125 faciat
1373 4075 1588 4142 pectus,
1637 4070 2022 4125 charissima?

422 4156 635 4219 Quidve
673 4174 831 4211 mens
850 4159 1143 4213 imbecillis
1184 4160 1474 4214 humana?
1510 4160 1800 4224 Quomodo
1836 4160 2021 4230 capiat

420 4243 651 4298 verbum
685 4246 831 4315 quod
885 4255 1197 4301 eructatum
1232 4255 1315 4302 est
1341 4250 1410 4302 de
1440 4250 1605 4303 corde
1635 4249 1835 4313 Patris,
1868 4248 2013 4319 quod

422 4332 828 4402 sempiternum
882 4342 967 4387 est
991 4335 1045 4387 in
1092 4336 1295 4388 Patre?
1317 4336 1461 4399 Quid
1497 4337 1567 4390 ad
1603 4338 1751 4391 istud
1784 4337 2017 4392 humani

421 4436 620 4476 sensus
648 4422 952 4493 angustiae?
970 4422 1114 4487 Quid
1136 4423 1205 4476 ad
1220 4423 1336 4476 haec
1352 4423 1610 4478 humanae
1629 4426 1773 4479 vocis
1792 4427 2019 4480 natura?

2104 3446 2354 3516 gentiam
2371 3463 2706 3518 sensus,quo
2717 3446 2924 3501 dicitur
2943 3452 3232 3502 eructasse
3251 3444 3508 3507 Verbum,
3540 3439 3657 3493 bene

2103 3536 2383 3607 congruit.
3250 3574 3254 3578 Α

2183 3632 2219 3690 Ι
2237 3625 2527 3690 258Est
2543 3630 2735 3679 autem
2754 3625 2977 3696 proprie
3004 3630 3202 3680 ructus
3222 3621 3456 3694 digestio
3480 3617 3593 3681 cibi,
3617 3618 3663 3668 et

2103 3719 2494 3768 concoctarum
2506 3730 2759 3768 escarum
2790 3713 2849 3768 in
2870 3730 3037 3768 auras
3068 3713 3301 3768 efﬂatio.
3334 3712 3411 3766 De
3428 3710 3575 3779 cujus
3597 3702 3662 3758 ni-

2104 3801 2307 3857 mirum
2336 3801 2551 3867 afﬂatu,
2577 3803 2740 3872 juxta
2759 3801 3089 3873 qualitatem
3123 3817 3400 3865 escarum,
3419 3802 3512 3852 aut
3526 3793 3663 3849 colle-

2104 3891 2344 3945 ctionem
2373 3891 2666 3954 stomachi,
2701 3892 2869 3945 ﬂatus
2900 3890 3031 3944 boni
3058 3889 3263 3944 malive
3287 3886 3470 3943 odoris
3503 3896 3659 3939 erum-

2104 3980 2205 4051 pit,
2238 3980 2331 4051 qui
2361 3986 2555 4034 ructus
2604 3980 2830 4035 dicitur.
2863 3979 2972 4033 Sed
3000 3978 3192 4033 divina
3216 3974 3546 4049 dispensatio
3568 3983 3660 4024 non

2103 4069 2442 4140 dedignatur
2469 4069 2539 4123 ad
2568 4068 2982 4123 informandam
3028 4067 3100 4122 de
3137 4084 3200 4124 se
3256 4061 3650 4135 intelligentiam

2104 4164 2375 4221 nostram,
2410 4157 2682 4212 vilitatem
2705 4157 3000 4212 verborum
3017 4173 3326 4220 assumere,
3359 4154 3452 4226 qui
3485 4154 3658 4207 nostra

2099 4248 2363 4318 dignatus
2394 4252 2480 4300 est
2528 4246 2915 4301 inﬁrmitatem
2963 4246 3148 4300 carnis
3205 4258 3502 4301 assumere.
3552 4237 3660 4309 Haec

2102 4336 2307 4408 quippe
2358 4335 2546 4390 omnia
2576 4336 2701 4389 ideo
2729 4334 2863 4389 fecit
2912 4341 2977 4389 ut
3003 4351 3105 4389 nos
3134 4336 3344 4389 nostris
3370 4328 3659 4387 informant

2102 4425 2300 4485 verbis,
2338 4424 2551 4487 usibus,
2584 4430 2642 4478 et
2670 4424 2958 4495 exemplis,
3014 4439 3290 4495 suamque
3317 4418 3657 4477 humilitatem

422 4510 637 4576 Quidve
678 4512 747 4566 ad
769 4512 870 4567 hoc
912 4502 1139 4566 verbum
1160 4512 1859 4582 humanalinguadictura,
1891 4512 2158 4570 cumDin
2191 4513 2449 4569 omnibus
2500 4514 2924 4568 commendaret
2955 4512 3014 4567 in
3042 4512 3223 4567 nobis.
3256 4511 3502 4582 Denique
3534 4506 3660 4559 hunc

420 4600 496 4655 sit
514 4601 792 4656 ineﬂabile
814 4601 1202 4655 etinauditum
1244 4600 1473 4657 verbum
1519 4620 1619 4674 per
1642 4604 1790 4675 quod
1828 4606 2020 4660 omnia

331 4693 337 4698 ’
420 4687 581 4744 sunt?
597 4698 631 4754 ι
648 4696 829 4755 αδδς
844 4690 1083 4745 Verbum
1103 4706 1335 4744 manens
1349 4691 1403 4744 in
1412 4691 1743 4761 Patre,quod
1755 4698 2020 4748 necauris

419 4778 657 4841 audivit,
684 4795 778 4833 nec
796 4783 855 4832 in
876 4796 970 4832 cor
995 4781 1237 4833 hominis
1260 4781 1501 4833 ascendit
1524 4792 1536 4841 (
1551 4783 1579 4836 Ι
1593 4781 1714 4835 Cor.
1747 4796 1805 4846 II,
1840 4779 1914 4850 9).
1940 4783 2018 4837 De

419 4867 525 4921 hoc
554 4865 728 4920 Isaias
758 4866 924 4921 verbo
953 4885 1081 4922 cum
1113 4868 1363 4923 audisset
1389 4869 1878 4937 auditu,divinitus
1930 4872 2016 4925 in-

420 4955 686 5028 spiratus,
714 4956 954 5010 miratur
974 4959 1252 5029 quomodo
1276 4958 1345 5012 ad
1360 4960 1667 5014 humanum
1693 4960 1870 5030 possit
1889 4977 2017 5031 per-

418 5044 611 5100 venire
639 5045 918 5112 auditum,
951 5046 1141 5101 dicens
1170 5065 1180 5099 :
1225 5048 1474 5111 Domine,
1499 5052 1623 5118 quis
1651 5051 1882 5102 credidit
1909 5065 2015 5103 au-

419 5136 570 5189 ditui
614 5140 833 5189 nostro?
860 5137 985 5200 (Isa.
1021 5149 1138 5201 LIII,
1189 5134 1254 5202 ι.)
1284 5138 1362 5190 De
1390 5139 1496 5191 hoc
1544 5137 1837 5201 Jeremias,
1888 5154 2013 5192 cum

420 5222 606 5278 divino
635 5223 982 5295 concepisset
1026 5224 1249 5283 affectu.
1276 5225 1361 5279 vix
1378 5226 1660 5281 sustinens
1688 5226 1969 5281 clamabat
1998 5246 2009 5280 :

431 5314 677 5367 Ventrem
704 5330 907 5377 meum,
922 5319 1165 5367 ventrem
1190 5331 1371 5368 meum
1392 5317 1613 5379 doleo,et
1629 5334 1817 5371 sensus
1834 5318 2014 5371 cordis

419 5402 532 5455 mei
561 5404 881 5455 conturbati
897 5407 1027 5456 sunt
1052 5404 1268 5469 (Jerem.
1303 5417 1375 5468 IV,
1408 5402 1512 5473 19).
1547 5406 1626 5459 De
1648 5406 1753 5460 hoc
1768 5406 2008 5460 Abacuc:

419 5492 671 5555 Domine,
724 5490 927 5562 inquit,
974 5492 1170 5544 audivi
1199 5492 1459 5546 auditum
1499 5498 1677 5561 tuum,
1725 5501 1773 5549 et
1825 5498 2007 5559 timui,

419 5581 764 5636 considerari
783 5596 943 5649 opera
965 5584 1082 5643 tua,
1104 5585 1152 5634 et
1190 5583 1402 5649 capaci.
1431 5581 1501 5637 Et
1525 5582 1724 5638 deinde
1753 5585 1865 5642 ait:
1918 5587 2013 5640 1n-

422 5673 593 5726 tracit
648 5673 854 5727 tremor
910 5673 973 5726 in
1001 5686 1119 5726 ossa
1145 5686 1284 5739 mea,
1318 5676 1366 5726 et
1414 5674 1605 5728 subtus
1650 5691 1734 5729 me
1763 5680 1911 5729 mota
1939 5681 2014 5730 est

2104 4603 2291 4658 odoris
2323 4605 2520 4657 ﬂatum
2559 4602 2629 4656 ab
2671 4602 2834 4657 initio
2859 4618 3054 4656 omnes
3111 4601 3311 4666 sancti,
3344 4598 3543 4654 scilicet
3567 4607 3655 4663 pa-

2107 4693 2362 4747 triarchae
2383 4702 2440 4746 et
2462 4692 2767 4763 prophetas,
2800 4690 2955 4746 intus
2990 4694 3389 4761 persenserunt
3413 4688 3471 4743 in
3496 4679 3655 4742 corde,

2101 4799 2204 4853 per
2261 4781 2533 4853 Spiritum
2571 4785 2847 4845 sanctum,
2898 4780 2958 4834 in
2995 4779 3300 4851 Scripturis
3347 4775 3528 4840 sacris;
3577 4767 3656 4841 qui

2102 4888 2274 4943 quam
2317 4887 2462 4941 saepe
2503 4868 2734 4941 spiritus
2779 4870 2946 4923 ﬂatus
2980 4868 3208 4933 dicitur,
3255 4884 3357 4939 per
3392 4878 3546 4937 quem
3581 4858 3658 4912 de-

2103 4959 2647 5024 monstratur,etiam
2670 4964 2975 5029 antequam
3006 4957 3240 5020 veniret,
3264 4956 3359 5028 qui
3382 4947 3655 5009 mittendus

2099 5054 2241 5104 erat.
2278 5049 2437 5104 Unde
2477 5065 2622 5103 unus
2661 5052 2985 5102 sanctorum
3030 5064 3042 5101 :
3081 5048 3202 5103 Νοη
3228 5047 3447 5113 deﬁciet,
3476 5034 3650 5109 inquit.

2094 5142 2353 5217 princeps
2383 5139 2446 5192 de
2463 5142 2495 5192 J
2501 5140 2633 5206 uda,
2658 5142 2705 5191 et
2726 5138 2848 5191 dua:
2865 5138 2929 5190 de
2946 5136 3247 5204 femoribus
3265 5138 3398 5203 ejus,
3421 5132 3570 5185 donec
3584 5138 3653 5217 ve-

2100 5230 2222 5280 niat
2247 5216 2347 5294 qui
2376 5228 2678 5279 mittendus
2701 5230 2777 5278 est
2809 5225 2952 5291 (Gen.
2986 5237 3132 5288 xux,
3177 5219 3274 5291 10).
3308 5216 3654 5276 Odoramenta

2096 5314 2374 5385 siquidem
2395 5315 2561 5384 hujus
2583 5312 2751 5367 Verbi
2779 5318 2972 5367 ructus
2996 5312 3332 5367 exhalabunt
3359 5305 3532 5362 omnia
3554 5300 3647 5354 Ve-

2096 5404 2231 5459 teris
2249 5404 2595 5458 Testamenti
2613 5402 3036 5472 sacriﬁcia,quaa
3058 5401 3338 5456 Christum
3359 5394 3651 5484 preﬁguta:

2096 5493 2232 5548 bant
2253 5510 2374 5547 esse
2397 5498 2692 5547 venturum
2706 5491 2765 5546 in
2785 5507 2970 5557 carne,
2997 5491 3375 5545 holocaustum
3396 5485 3501 5539 Deo
3516 5480 3647 5535 Patri

2097 5599 2197 5655 pro
2225 5581 2384 5636 nobis
2406 5581 2677 5636 ﬂendum.
2700 5582 2780 5636 De
2810 5579 3012 5653 quibus
3043 5572 3553 5651 quamsepedicitur
3573 5580 3648 5618 sa-

2096 5671 2318 5728 criﬁciis
2354 5689 2365 5724 :
2409 5671 2677 5727 Oderatus
2717 5675 2791 5725 est
2833 5671 3104 5726 Dominus
3140 5669 3350 5724 odorem
3386 5655 3643 5717 suavitati:
