3918 6166
138 318 274 379 1021

1025 320 1405 378 EXPOSITIO
1445 323 1523 378 IN
1562 320 1909 379 PSALMUM
1946 322 2138 381 XLIV.
2185 352 2246 364 -
2288 323 2424 379 LIB.
2467 325 2539 379 II.

3281 322 3306 375 1
3321 319 3427 379 022

140 443 291 503 (Gen.
322 456 446 506 vm,
497 441 610 505 2|).
653 443 815 498 Hunc
843 442 1033 515 itaque
1077 445 1307 499 odorem
1357 451 1611 500 senserat
1648 446 2134 516 pa-Anominare,
2163 447 2325 516 juxta
2371 452 2585 502 textum
2618 447 2847 513 Psalmi,
2878 447 3011 518 quia
3058 462 3296 516 regnum
3324 463 3427 501 sua

141 533 390 587 triarcha
409 531 599 596 Jacob,
635 532 704 587 de
735 549 846 604 quo
874 549 986 587 non
1020 534 1183 603 longe
1209 551 1379 606 supra
1412 535 1524 589 dixi
1558 554 1569 587 :
1619 537 1748 589 Ecce

142 623 295 685 odor,
324 621 532 692 inquit,
557 621 673 691 ﬁlii
700 625 808 675 mei
838 625 981 677 sicut
1005 625 1138 676 odor
1157 628 1287 692 agri
1298 627 1471 692 pleni,
1488 641 1647 692 quem
1669 627 1751 678 be-

148 711 365 764 nedixit
394 712 666 764 Dominus
688 712 835 767 .Gen.
869 725 1038 775 xxvn,
1068 711 1180 777 27).
1212 713 1387 766 Porro
1426 713 1552 782 quis
1590 712 1662 789 sit
1701 714 1749 766 is

142 815 307 870 quem
344 798 618 853 Dominus
642 798 989 854 benedixerit
1033 817 1276 872 praesens
1314 802 1563 856 declarat
1599 802 1748 872 psal-

139 904 263 942 mus
295 904 426 942 cum
458 888 540 942 ait
573 906 585 941 :
614 889 895 957 Speciosus
924 892 1107 957 forma
1126 907 1240 959 prae
1268 893 1404 958 filiis
1432 893 1745 957 hominum;

141 979 348 1043 diffusa
374 983 452 1031 est
468 980 659 1045 gratia
675 981 738 1031 in
769 979 932 1032 labiis
951 982 1081 1043 tuis,
1104 984 1389 1048 propterea
1407 985 1453 1033 te
1475 982 1748 1034 benedixit

139 1065 280 1119 Deus
294 1068 362 1118 in
381 1069 670 1118 aeternum.
694 1066 875 1135 Hujus
891 1083 1134 1138 namque
1153 1066 1521 1138 fragrantiam
1539 1067 1744 1133 odoris,

141 1152 376 1208 naribus
391 1161 767 1225 praesenserat
793 1155 1039 1210 Ecclesia
1059 1156 1116 1210 in
1145 1156 1409 1222 Canticis,
1441 1173 1567 1210 cum
1599 1157 1749 1211 dice-

141 1242 257 1296 bat:
276 1244 633 1311 Unguentum
653 1247 889 1311 effusum
908 1261 1103 1299 nomen
1124 1248 1429 1311 tuum,ideo
1447 1247 1744 1300 adolescen-

142 1336 269 1386 tulz
295 1333 622 1385 dilexerunt
639 1338 686 1386 te
708 1326 881 1387 nimis
913 1335 1143 1399 (CantJ,
1166 1334 1221 1401 3,
1246 1335 1319 1403 4).
1346 1336 1460 1388 Nec
1489 1334 1743 1399 dubium,

141 1419 611 1485 charissimm,vos
626 1437 747 1475 esse
761 1422 1207 1477 adolescentulus
1226 1424 1295 1478 de
1308 1424 1509 1494 quibus
1519 1424 1742 1478 dicitur:

140 1523 236 1562 vos
281 1508 444 1572 estis,
477 1508 733 1578 inquam,
765 1525 888 1580 quae
916 1510 1116 1564 canitis
1144 1511 1293 1565 inter
1321 1511 1546 1565 easdem
1576 1511 1747 1581 virgi-

140 1613 258 1663 nes,
284 1612 534 1667 quarum
564 1612 675 1651 non
697 1602 784 1650 est
813 1614 1084 1652 numerus
1110 1639 1122 1665 ,
1165 1615 1289 1669 quae
1323 1599 1507 1654 dicitis
1545 1616 1748 1671 sponso

1829 536 1931 590 sibi
1968 536 2171 589 virtute
2201 537 2491 606 acquirere
2520 538 2799 601 veniebat,
2831 542 3170 608 et’sponsam
3201 535 3424 589 ducere.

1831 625 1973 679 Hinc
1999 625 2240 695 denique
2270 625 2387 696 ipse
2416 626 2474 679 in
2504 626 2801 696 Evangelio
2838 644 2849 678 :
2884 625 3077 681 Simile
3106 630 3198 690 est,
3222 624 3426 695 inquit,

1831 730 2064 781 regnum
2098 720 2350 768 cer/orum
2370 716 2588 769 homini
2606 719 2741 783 regi,
2771 718 2870 784 qui
2906 716 3033 782 fecit
3072 717 3296 782 nuptias
3314 716 3429 781 [ilio

1830 821 1927 856 suo
1950 804 2159 869 (Matth.
2178 818 2307 867 χχιι,
2336 803 2410 871 ‘2).
2448 805 2516 858 Et
2547 805 2680 875 quia
2708 804 2763 858 in
2792 806 2900 859 isto
2931 804 3177 857 carmine
3207 803 3430 857 Christo

1831 892 1950 961 regi
1979 892 2094 945 ﬁlio
2123 892 2271 961 regis
2291 892 2497 963 nuptiae
2526 893 2888 964 parabantur,
2909 893 2977 946 ad
3006 892 3231 945 laudem
3253 891 3430 944 nomi-

1830 981 1916 1034 nis
1946 986 1999 1033 et
2024 980 2260 1050 gloriam
2274 982 2643 1051 proprietatis
2658 989 2890 1045 naturae,
2912 997 3014 1035 sua
3036 980 3247 1033 indicat
3263 981 3430 1033 Pater

1831 1086 1997 1142 opera
2029 1071 2187 1135 Filio,
2219 1070 2348 1141 quia
2375 1072 2579 1124 Filium
2615 1088 2771 1124 nemo
2804 1074 2953 1125 novit
2976 1073 3088 1123 nisi
3116 1072 3294 1131 Pater,
3328 1084 3426 1121 ne-

1831 1176 1934 1227 que
1962 1162 2177 1213 Patrem
2215 1162 2330 1214 nisi
2360 1161 2552 1222 Filius,
2587 1165 2636 1212 et
2683 1162 2776 1212 cui
2823 1162 3058 1212 voluerit
3084 1160 3258 1211 Filius
3289 1172 3431 1209 reve-

1835 1250 1950 1301 lare
1975 1248 2191 1315 (Matth.
2236 1265 2307 1311 x1,
2363 1246 2476 1316 ‘27).
2514 1248 2723 1301 Idcirco
2752 1247 2833 1300 illi
2880 1248 3048 1300 Pater
3089 1263 3191 1300 sua
3220 1245 3431 1299 indicat

1833 1352 2022 1406 opera,
2049 1336 2181 1406 quia
2218 1335 2466 1389 Verbum
2498 1335 2681 1388 Patris
2720 1342 2823 1400 est,
2859 1341 2914 1388 et
2946 1334 3063 1404 ipse
3103 1334 3255 1387 solus
3277 1332 3432 1385 novit

1832 1424 2019 1486 omnia
2076 1441 2199 1495 quae
2240 1424 2425 1478 Patris
2456 1429 2606 1485 sunt,
2634 1428 2692 1477 et
2734 1422 2820 1477 cui
2852 1422 3087 1476 voluerit
3114 1422 3426 1475 ostendere.

1844 1520 1878 1579 Ι
1897 1519 2087 1578 τῆς)
2108 1514 2411 1584 Propterea
2427 1529 2538 1566 non
2561 1513 2743 1566 solum
2757 1512 2951 1577 semel,
2985 1511 3080 1565 sed
3106 1516 3160 1581 et
3188 1510 3431 1563 secundo

1833 1603 2000 1656 Pater
2017 1601 2085 1655 de
2106 1602 2243 1656 cmlo
2261 1602 2496 1655 clamat:
2519 1602 2618 1655 llic
2631 1607 2706 1654 est
2730 1601 2901 1654 Filius
2932 1615 3083 1652 meus
3114 1599 3431 1663 dilectus,in

147 1687 200 1740 in
239 1685 458 1739 eisdem
491 1685 737 1739 Canticis
772 1705 783 1739 :
824 1688 997 1741 Trahe
1017 1703 1101 1740 me
1124 1694 1245 1756 post
1274 1693 1341 1753 te,
1373 1705 1665 1742 curremus
1687 1692 1749 1742 in
1831 1708 1936 1760 quo
1974 1692 2121 1744 mihi
2152 1693 2278 1744 bene
2308 1693 2632 1759 complacui.
2652 1691 2731 1743 Ac
2752 1690 2797 1743 si
2827 1693 3088 1760 patenter
3111 1686 3432 1756 dicatzlpse

145 1776 368 1829 odorem
399 1779 818 1842 unguentorum
850 1776 1254 1832 tuorum.Alias
1278 1782 1467 1832 autem
1496 1776 1603 1832 nisi
1628 1766 1812 1847 ejusB
1836 1785 1921 1833 est
1951 1779 2039 1833 cui
2069 1779 2258 1833 omnia
2288 1779 2544 1851 patefeci,
2580 1795 2747 1849 quem
2776 1778 2966 1848 genui,
2988 1775 3226 1848 prOprize
3241 1780 3429 1829 tamen

146 1862 286 1916 odor
324 1878 422 1915 vos
459 1867 831 1932 respergeret,
860 1879 1218 1935 nequaquam
1265 1865 1335 1919 iis
1393 1881 1516 1936 qum
1555 1865 1750 1919 mundi
1832 1873 2067 1933 naturae,
2102 1868 2197 1938 qui
2226 1868 2283 1921 in
2315 1885 2403 1921 me
2432 1873 2602 1930 totus,
2636 1873 2695 1921 ct
2723 1883 2825 1937 ego
2845 1866 2902 1919 in
2926 1867 3066 1936 ipso,
3096 1881 3160 1918 ac
3181 1869 3433 1935 prepter-

141 1957 273 2006 sunt
309 1952 611 2023 despectis,
653 1952 725 2005 ad
761 1959 978 2006 tantam
1017 1954 1413 2009 contritionem
1454 1955 1639 2009 carnis
1696 1960 1754 2009 et
1834 1974 1899 2011 ea
1926 1957 2191 2027 placitum
2223 1973 2409 2010 meum
2443 1957 2500 2010 in
2528 1956 2622 2009 illo
2669 1956 2955 2021 constitui,
2982 1954 3169 2025 ipsum
3214 1952 3425 2007 audite.

140 2040 374 2112 spiritus
432 2040 617 2094 venire
654 2042 931 2112 cuperetis
955 2081 969 2109 ,
1009 2049 1067 2097 et
1101 2061 1320 2098 crucem
1360 2045 1419 2098 in
1458 2044 1749 2113 angariam
1836 2047 1976 2100 Hinc
2004 2046 2211 2100 dictum
2240 2052 2326 2100 est
2349 2046 2496 2116 quod
2518 2047 2707 2099 omnia
2728 2063 2850 2117 qua;
2879 2046 3047 2099 Pater
3072 2044 3207 2097 facit
3230 2043 3427 2097 eadem

142 2129 568 2201 postChristum
591 2136 855 2201 portare;
886 2131 965 2185 ita
992 2137 1057 2186 ut
1085 2133 1311 2187 calcatis
1337 2133 1617 2199 omnibus,
1636 2150 1746 2187 non

143 2220 304 2274 aliter
323 2218 456 2272 acsi
473 2219 640 2273 flores
658 2218 977 2291 heliotropii
1017 2221 1086 2276 de
1111 2221 1314 2292 quibus
1345 2222 1615 2287 dixeram,
1657 2239 1749 2276 so-

142 2309 245 2363 lem
259 2307 557 2363 Christum
577 2307 890 2379 respiciatis
912 2315 971 2363 et
997 2310 1334 2380 sequamini,
1368 2311 1501 2381 quia
1546 2311 1751 2364 solum-

146 2398 309 2451 modo
341 2403 633 2452 auctorem
661 2397 786 2452 vitaa
807 2398 1102 2468 dilexistis,
1132 2409 1165 2465 |
1186 2405 1378 2465 259
1406 2406 1463 2455 et
1483 2417 1605 2471 qua:
1623 2417 1748 2455 sur-

144 2504 263 2542 sum
297 2493 438 2543 sunt
456 2487 672 2557 sapitis.
703 2487 820 2541 Nec
860 2488 1163 2543 immerito.
1195 2489 1594 2551 dilectissimae,
1615 2491 1750 2561 quia

142 2578 380 2631 tractum
422 2582 509 2631 est
535 2575 878 2630 alabastrum
930 2578 1204 2649 unguenti
1244 2579 1653 2649 pretiosissimi,
1695 2585 1752 2633 et

144 2682 240 2737 pro
278 2664 444 2720 vobis
499 2665 696 2736 utique
733 2666 971 2721 fractum
1006 2706 1019 2731 ,
1065 2673 1122 2721 et
1159 2667 1389 2738 impleta
1426 2674 1513 2721 est
1548 2668 1748 2722 domus

1831 2143 1887 2189 et
1915 2136 2090 2189 Filius
2120 2136 2383 2189 similiter
2409 2135 2574 2201 facit;
2600 2152 2701 2189 nec
2723 2140 2904 2206 potest
2926 2133 3100 2188 Filius
3125 2133 3326 2198 facere,
3350 2132 3432 2186 ni-

1832 2223 1877 2277 si
1918 2224 2065 2294 quod
2097 2224 2295 2277 viderit
2325 2225 2549 2277 Patrem
2607 2224 2922 2277 facientem.
2956 2223 3233 2276 Caeterum
3272 2221 3429 2290 juxta

1835 2313 2232 2383 Symmachum
2264 2312 2623 2384 propheticus
2662 2312 2865 2365 chorus
2921 2311 3129 2366 Christi
3176 2308 3431 2364 Ecclesiae

1832 2408 2186 2455 sacramenta
2215 2402 2562 2466 dicturus,ne
2592 2401 2841 2455 carmine
2870 2400 3125 2454 videatur
3146 2398 3429 2469 indignus,

1832 2490 2248 2560 loquitur.Cum
2275 2490 2477 2561 quibus
2505 2497 2562 2544 et
2589 2507 2682 2543 vos
2712 2488 3170 2544 sanctimoniales
3202 2488 3428 2553 Christi,

1832 2578 2030 2632 choros
2062 2579 2298 2632 vicissim
2330 2580 2615 2644 ducentes,
2649 2578 2875 2649 pandite
2901 2594 3072 2649 opera
3101 2582 3285 2630 vestra
3313 2577 3433 2645 regi

1832 2668 1969 2735 Deo,
2003 2685 2209 2740 sponso
2241 2676 2446 2733 vestro,
2481 2686 2553 2723 ne
2580 2668 2651 2722 ob
2681 2668 3075 2722 conscientiam
3110 2667 3320 2737 peccati
3345 2665 3432 2719 di-

149 2756 316 2810 odore
337 2754 491 2809 illius
522 2755 796 2825 unguenti
824 2755 987 2809 nardi
1018 2756 1219 2827 pistici.
1256 2756 1399 2810 Hinc
1419 2762 1475 2810 et
1512 2774 1606 2811 vos
1637 2773 1748 2811 una
1829 2761 1990 2810 catur
2021 2775 2032 2809 :
2065 2759 2245 2824 Quare
2278 2763 2337 2811 tu
2364 2774 2598 2811 enarras
2617 2760 2872 2826 justitzas
2906 2770 3068 2821 meas,
3103 2761 3151 2808 et
3195 2757 3433 2808 assumis

144 2860 263 2898 cum
291 2844 589 2915 Apostolo,
616 2844 671 2897 in
703 2844 807 2898 hoc
835 2845 1046 2899 mundo
1070 2845 1247 2900 bonus
1275 2846 1414 2900 odor
1439 2845 1573 2901 estis
1609 2862 1747 2901 cun-
1831 2850 2214 2900 testamentum
2266 2863 2445 2900 meum
2478 2862 2578 2915 per
2604 2863 2660 2899 os
2704 2850 2865 2898 tamn
2884 2850 2907 2897 ?
2935 2846 3099 2905 (Psat.
3134 2857 3279 2903 χιιι.
3329 2841 3430 2910 16.)

145 2933 240 2987 ctis
256 2932 608 2999 hominibus,
626 2933 707 2987 ita
733 2933 1018 2988 utavobis
1038 2936 1218 2989 ﬂuant
1246 2936 1613 2989 odoramenta
1641 2935 1747 2989 vir-
1830 2936 2017 3006 Opera
2064 2940 2248 2989 vestra
2305 2936 2425 3006 regi
2466 2937 2578 2989 Deo
2611 2932 2973 2998 conﬁtemini,
3004 2938 3065 2986 ut
3097 2932 3182 2985 vel
3212 2932 3258 2986 si
3287 2930 3435 2985 bona

140 3020 510 3076 mmm.Hinc
536 3021 783 3076 charitas
796 3022 1084 3086 dilatatur,
1120 3040 1225 3094 pax
1246 3030 1303 3078 et
1330 3025 1604 3095 patientia
1625 3041 1747 3079 mo-
1764 3045 1807 3103 ρ
1828 3025 1948 3096 ipse
1978 3025 2278 3096 suscipiat;
2314 3026 2395 3078 vel
2435 3027 2481 3077 si
2512 3025 2680 3086 mala,
2715 3023 3050 3077 misereatur
3078 3027 3135 3075 et
3155 3021 3424 3087 mundet;

144 3115 527 3164 resexornant
538 3116 769 3175 vestros,
787 3111 1077 3166 bonitaset
1104 3113 1425 3183 benignitas
1453 3113 1741 3184 fragrant;

145 3196 267 3254 hinc
292 3198 592 3254 humilitas
615 3200 892 3271 profunda
919 3202 1121 3255 caelum
1153 3203 1372 3273 pulsat;
1392 3203 1668 3257 modestia
1691 3207 1749 3257 et

142 3288 517 3343 mansuetudo
546 3289 801 3345 habitum
831 3290 1134 3358 decorant;
1166 3297 1522 3362 contemptus
1538 3292 1742 3358 saeculi,

140 3376 543 3450 longanimitas
576 3386 634 3434 et
662 3380 841 3435 victus
870 3381 1216 3452 parcimonia
1239 3382 1297 3436 in
1330 3381 1485 3437 vobis
1513 3383 1705 3453 vigent
1729 3399 1741 3448 ;

139 3464 263 3522 hinc
288 3468 590 3539 virginitas
616 3470 796 3535 ﬂoret,
832 3469 1061 3524 castitas
1090 3475 1148 3524 et
1176 3470 1453 3541 pudicitia
1477 3475 1737 3537 vernant;

140 3556 263 3611 hinc
294 3556 372 3611 de
401 3556 549 3612 bono
574 3558 759 3613 cordis
788 3559 1054 3614 thesauro
1083 3560 1343 3614 doctrina
1370 3560 1661 3627 virtutum,
1690 3565 1748 3614 et

143 3644 381 3716 Spiritus
419 3645 600 3700 sancti
626 3646 775 3701 dona
821 3647 1123 3714 tluunt,.ut
1158 3654 1217 3702 et
1252 3649 1492 3719 singulae
1522 3648 1747 3720 possitis

142 3733 343 3799 dicere,
378 3751 493 3789 non
524 3751 592 3789 ex
619 3734 792 3802 vobis,
825 3736 923 3791 sed
949 3737 1010 3791 in
1035 3754 1101 3792 eo
1138 3754 1239 3809 per
1260 3754 1426 3808 quem
1458 3738 1747 3810 accepistis

144 3822 374 3878 verbum
397 3822 597 3878 salutis
611 3828 670 3878 et
678 3823 888 3879 donum
900 3825 1097 3896 gratiae
1116 3844 1127 3879 :
1157 3827 1442 3881 Eructauit
1461 3843 1550 3880 cor
1563 3843 1748 3881 meum

144 3915 365 3967 verbum
390 3914 636 3977 bonum;
678 3914 811 3984 quia
836 3914 892 3968 in
922 3930 987 3968 eo
1007 3915 1098 3969 cui
1156 3931 1251 3969 vos
1294 3915 1538 3982 vovistis,
1580 3932 1748 3987 quem

144 3999 198 4053 in
227 4001 399 4057 corde
414 4001 637 4072 geritis,
654 4018 851 4057 omnes
881 4004 1133 4059 thesauri
1160 4004 1450 4075 sapientiae
1471 4009 1529 4059 et
1576 4004 1751 4059 scien-

143 4088 246 4144 tiae.

214 4179 378 4235 Unde
409 4179 669 4251 sequitur
696 4198 708 4233 :
743 4183 872 4236 Dico
886 4198 978 4251 ego
998 4198 1161 4251 opera
1204 4199 1324 4237 mea
1345 4186 1481 4251 regi.
1507 4183 1624 4237 Vox
1649 4183 1752 4237 Pa-

1825 3117 1991 3185 juxta
2020 3115 2159 3168 illud
2194 3133 2205 3166 :
2241 3117 2428 3175 Dictu
2447 3116 2612 3182 prius
2644 3115 2966 3181 iniquitates
3000 3116 3142 3175 tuas,
3176 3115 3238 3163 ut
3265 3112 3435 3179 justi-

1830 3207 2165 3272 ﬁceris,quia
2184 3207 2374 3271 justus
2397 3208 2682 3256 accusator
2706 3206 2778 3255 est
2805 3203 2913 3258 sui.
2938 3203 2998 3254 in
3028 3201 3307 3269 principio
3328 3214 3437 3252 ser-

1828 3296 2008 3347 monis
2035 3295 2218 3362 (Prov.
2269 3307 2424 3357 xvm,
2459 3291 2568 3357 l7).
2604 3292 2749 3361 Ergo
2793 3308 2919 3345 cum
2975 3291 3097 3361 ipso
3128 3289 3435 3359 eodemque
3528 3318 3541 3329 ο

1827 3381 2226 3452 prophetarum
2250 3381 2418 3434 choro
2447 3380 2690 3433 ﬁliorum
2714 3380 2919 3439 Chore,
2941 3394 3289 3449 quaecunque
3319 3376 3435 3448 agi-

1826 3470 1921 3535 tis,
1975 3469 2465 3523 mortiﬁcationem
2521 3467 2723 3533 carnis,
2768 3468 3004 3538 vigilias,
3038 3482 3251 3538 preces,
3284 3466 3434 3537 psal-

1828 3574 2051 3613 morum
2076 3558 2330 3612 carmina
2358 3562 2415 3611 et
2441 3557 2636 3611 laudes
2665 3564 2986 3611 consecrate
3014 3557 3129 3610 Deo
3160 3554 3218 3607 in
3248 3553 3433 3607 cordi-

1829 3646 1933 3702 bus
1963 3647 2181 3712 vestris,
2223 3646 2442 3718 ipsique
2472 3646 2576 3700 soli
2601 3651 2811 3703 vacate.
2845 3644 3065 3716 ipsique
3095 3642 3197 3697 soli
3227 3656 3434 3695 arcana

1829 3737 2013 3791 cordis
2035 3741 2310 3804 reserate;
2345 3736 2428 3789 illi
2450 3751 2683 3806 pensum
2710 3733 2993 3788 servitutis
3022 3730 3340 3803 persolvite,
3369 3734 3435 3784 ut

1830 3825 1882 3880 ei
1903 3826 2006 3879 soli
2037 3825 2323 3897 placeatis,
2356 3824 2445 3879 cui
2474 3841 2508 3878 a
2536 3823 2809 3895 principio
2864 3819 3300 3876 conversationis
3342 3834 3433 3872 ve-

1831 3921 1961 3970 stra;
1982 3931 2078 3968 vos
2093 3915 2477 3969 consecrastis.
2500 3914 2801 3982 Nunquam
2833 3928 2966 3981 ergo
2995 3911 3115 3964 sola
3133 3913 3220 3963 cst
3251 3908 3425 3979 virgo,

1831 4020 1957 4058 cum
1981 4021 2092 4075 qua
2114 4009 2198 4058 est
2218 4004 2608 4070 Deus.Lingua
2628 4018 2748 4056 mea
2768 4004 3017 4055 calamus
3036 4000 3223 4053 scribe:
3241 3999 3432 4051 veloci-

1833 4098 1914 4146 ter
1934 4096 2242 4147 scribentis.
2260 4094 2368 4146 Pro
2382 4108 2492 4163 quo
2513 4089 3302 4161 Hieronymusinterpretatus
3323 4091 3427 4151 est,

1833 4183 2044 4249 Lingua
2064 4198 2183 4235 mea
2200 4186 2376 4249 stylus
2393 4183 2580 4235 scribae
2621 4183 2832 4245 velocis,
2852 4177 3201 4232 notariorum
3235 4175 3431 4229 veloci-

148 4268 244 4323 tris
270 4268 645 4324 continuatur
665 4270 759 4341 qui
794 4270 1065 4342 praedicat
1093 4271 1162 4326 de
1191 4271 1352 4337 Filio,
1379 4272 1525 4343 quod
1565 4272 1616 4325 ei
1645 4288 1749 4325 sua
1828 4277 2002 4325 tatem
2031 4271 2306 4325 scribendi
2337 4272 2527 4325 volens
2554 4270 2885 4341 exprimere.
2911 4268 3020 4323 Sed
3052 4266 3292 4320 velocior
3318 4264 3430 4319 lin-

148 4356 359 4413 indicet
373 4375 567 4430 opera,
585 4359 904 4429 juxtaillud
919 4360 1066 4430 quod
1090 4360 1203 4415 ait:
1239 4362 1355 4429 Ipse
1382 4362 1547 4426 dixit,
1580 4367 1627 4415 et
1665 4364 1749 4429 fa-
1827 4376 1942 4430 gua
1966 4361 2169 4422 Patris.
2208 4378 2319 4431 qua
2345 4360 2589 4432 Spiritus
2618 4363 2845 4413 sanctus
2876 4357 3220 4427 designatur,
3270 4354 3431 4424 cujus

147 4452 226 4499 σία
251 4453 410 4513 sunt,
434 4452 548 4516 ipse
574 4451 865 4503 mandavit
882 4456 932 4503 et
956 4442 1142 4504 creata
1164 4454 1296 4503 sunt
1318 4452 1480 4513 (Psat.
1529 4464 1745 4516 CXLVIII,
1767 4443 1813 4500 D
1831 4451 2103 4504 adventus
2123 4450 2377 4505 doctrina
2410 4456 2500 4504 est
2522 4448 2644 4503 orbi
2673 4454 2973 4502 terrarum.
3019 4446 3126 4500 Per
3155 4459 3320 4515 quem
3342 4443 3431 4496 lex

145 4535 215 4600 5!;
240 4544 300 4591 et
328 4537 389 4592 in
416 4537 622 4592 Genesi
650 4555 661 4591 :
698 4539 851 4592 Dixit
875 4540 1033 4601 Deus,
1065 4542 1162 4606 ﬁat
1225 4543 1345 4600 tua),
1394 4544 1442 4593 et
1498 4542 1647 4607 facta
1674 4545 1749 4593 est

148 4626 241 4679 tu:
270 4628 426 4689 tGen.
485 4641 526 4690 1,
570 4624 640 4692 3).
681 4628 807 4682 Non
831 4627 978 4698 quod
1014 4628 1162 4682 Deus
1209 4629 1379 4681 Pater
1415 4628 1748 4699 prolativam

144 4715 443 4786 protulerit
472 4732 683 4782 vocem,
712 4722 777 4770 ut
814 4716 1043 4779 diceret,
1076 4720 1191 4784 ﬁat,
1223 4733 1348 4771 cum
1387 4717 1462 4771 sit
1490 4718 1748 4789 incorpo-

144 4820 271 4859 reus
310 4805 465 4859 Deus
500 4804 750 4859 Trinitas
781 4849 796 4870 ,
838 4821 943 4859 nec
979 4805 1184 4860 habeat
1224 4807 1503 4872 membra,
1546 4806 1748 4878 quibus

143 4894 312 4949 verba
324 4896 662 4961 formentur,
696 4912 799 4951 nec
828 4912 995 4951 aures
1016 4896 1218 4967 quibus
1246 4896 1457 4951 audiat.
1489 4897 1597 4952 Sed
1628 4898 1749 4968 ipse

142 4994 224 5040 est
243 4988 497 5042 Verbum
518 4987 721 5053 Patris,
741 4987 1235 5042 consubstantialis
1254 4992 1312 5041 et
1330 4993 1642 5042 coaeternus
1666 4987 1751 5040 Fi-

139 5073 285 5143 lius;
321 5093 489 5147 quem
517 5076 640 5149 ipse
671 5093 798 5131 cum
828 5078 1041 5148 genuit,
1076 5083 1276 5132 cuncta
1307 5077 1359 5132 ei
1381 5093 1493 5131 non
1524 5077 1752 5148 prolati-

138 5180 216 5229 ve,
250 5165 357 5219 sed
378 5166 664 5237 gignendo
694 5166 1053 5232 aeternaliter,
1087 5165 1421 5219 monstravit
1475 5170 1535 5218 et
1589 5164 1743 5227 dixit,

139 5254 272 5325 quia
292 5270 427 5310 eum
476 5255 679 5327 genuit
697 5272 796 5327 per
816 5272 980 5328 quem
1001 5255 1192 5309 omnia
1234 5254 1381 5308 fecit.
1398 5255 1516 5308 Hoc
1546 5254 1751 5325 quippe

137 5350 222 5397 est
247 5343 340 5398 illi
371 5344 560 5398 dicere
579 5360 753 5417 opera
777 5361 881 5400 sua
908 5344 1046 5415 regi,
1078 5345 1225 5415 quod
1262 5350 1348 5399 est
1375 5344 1637 5415 genuisse
1658 5359 1750 5397 re-

137 5448 288 5502 gem,
321 5450 442 5489 non
466 5434 652 5489 solum
703 5450 803 5506 per
830 5451 996 5507 quem
1050 5439 1265 5490 crearet
1306 5433 1514 5497 omnia,
1560 5448 1750 5487 verum

136 5538 235 5592 per
256 5538 433 5594 quem
456 5522 764 5578 redimeret
784 5529 839 5578 et
858 5529 1075 5595 regeret
1092 5523 1371 5578 universa.
1405 5523 1474 5577 Et
1491 5522 1616 5577 ideo
1647 5522 1752 5577 hoc

139 5608 196 5667 in
221 5612 357 5669 loco
376 5612 566 5685 potius
593 5629 785 5685 regem
817 5614 907 5669 cui
935 5629 1037 5669 sua
1073 5612 1287 5668 indicat
1323 5626 1513 5685 opera,
1555 5610 1752 5667 debuit

1832 4556 1896 4593 ac
1914 4540 1962 4593 si
1987 4539 2162 4609 digito
2192 4540 2288 4593 Dei
2312 4540 2521 4610 scripta
2540 4544 2627 4592 est
2647 4537 2854 4591 tabulis
2874 4533 3126 4606 lapideis,
3145 4550 3246 4604 per
3262 4548 3431 4603 quem

1831 4628 2090 4700 inspirati
2121 4630 2302 4682 sancti
2328 4628 2425 4682 Dei
2456 4644 2649 4681 omnes
2680 4625 2873 4680 futura
2914 4624 3193 4686 dixerunt,
3227 4626 3284 4675 et
3308 4638 3431 4692 quae

1831 4719 2021 4773 divina
2048 4724 2182 4773 sunt
2205 4718 2520 4772 ediderunt.
2553 4717 2629 4771 Ex
2654 4732 2763 4787 quo
2796 4712 3231 4784 benignissimus
3244 4712 3432 4766 Salva-

1831 4815 1921 4863 tor
1942 4810 1998 4862 in
2028 4808 2326 4879 Evangelio
2354 4807 2435 4860 ait
2467 4848 2477 4860 .
2504 4794 2751 4875 Spiritus
2793 4810 3035 4869 sanctus,
3061 4819 3219 4871 quem
3250 4803 3432 4855 mittet

1830 4902 1995 4953 Pater
2017 4901 2077 4951 in
2110 4901 2333 4951 nomine
2356 4912 2490 4961 meo,
2532 4898 2642 4964 ipse
2674 4911 2759 4948 ros
2787 4895 2991 4947 docebit
3025 4894 3215 4946 omnia
3246 4892 3427 4958 (Joan.

1831 5004 1942 5053 xxv,
1963 4987 2070 5056 ‘26).
2087 4987 2246 5041 Unde
2270 5003 2380 5039 non
2421 4984 2629 5055 absque
2671 4981 2939 5054 mysterio
2962 4997 3132 5053 super
3150 4979 3432 5051 apostolos

1832 5078 1890 5131 in
1914 5076 2122 5147 linguis
2152 5075 2331 5147 igneis
2376 5074 2520 5128 idem
2545 5073 2787 5144 Spiritus
2813 5077 3040 5125 sanctus
3060 5070 3273 5123 venisse
3301 5066 3432 5121 dici-

1833 5172 1956 5232 tur;
1989 5166 2250 5236 quoniam
2280 5165 2401 5235 ipse
2431 5169 2516 5217 est
2535 5180 2636 5234 per
2681 5178 2847 5233 quem
2878 5162 3045 5216 Pater
3074 5156 3432 5214 credentibus

1833 5272 1936 5310 sua
1973 5255 2122 5309 dona
2157 5254 2461 5324 dispensat,
2496 5253 2793 5323 ipsumque
2823 5250 3053 5305 ascribit
3087 5249 3144 5301 in
3172 5245 3432 5301 cordibus

1832 5344 2204 5415 singulorum,
2229 5348 2286 5396 et
2298 5358 2659 5413 quoscunque
2680 5340 2979 5412 repleverit
2992 5338 3252 5392 ardentes
3262 5336 3433 5391 simul

1832 5439 1890 5488 et
1918 5434 2212 5505 loquentes
2240 5431 2390 5486 facit.
2413 5432 2538 5502 Ipse
2557 5430 2765 5485 etenim
2800 5429 2858 5484 in
2892 5430 2989 5483 hoc
3020 5428 3161 5496 quod
3190 5428 3431 5480 continet

1831 5525 2022 5577 omnia
2041 5524 2329 5576 scientiam
2344 5522 2499 5575 habet
2518 5523 2659 5575 uocis
2677 5520 2832 5588 (Sap.
2865 5533 2905 5584 ι,
2934 5516 3010 5587 7),
3040 5515 3277 5587 ideoque
3310 5515 3430 5585 ipse

1830 5612 1957 5684 jure
1978 5611 2216 5683 linguaF
2220 5610 2359 5667 atris
2374 5616 2431 5665 et
2446 5610 2564 5664 cala
2571 5625 2695 5663 mus
2715 5606 2908 5663 scribae
2922 5605 3183 5661 velociter
3190 5602 3430 5659 scriben-
