3918 6166
452 309 591 369 1023

1241 314 1297 368 8.
1340 314 1720 371 PASCHASII
1759 313 2124 371 RADBERTI
2159 315 2465 374 ABBATIS
2501 315 2996 374 GORBEIENSIS.

3534 320 3653 381 1024

446 437 521 493 tis
548 444 584 504 1
602 443 728 504 26
740 443 777 504 1
792 443 1048 495 vocatur:
1071 440 1335 511 quoniam
1358 438 1656 494 amborum
1671 444 1757 495 est
1775 440 2036 511 Spiritus,

2134 442 2513 496 distinxerunt
2563 440 2716 496 labia
2763 456 2886 496 mea
2927 441 3089 509 (Psal.
3138 456 3261 508 ω,
3296 441 3392 515 ιδ),
3424 459 3579 516 usque
3608 445 3656 503 in

449 527 636 581 Patris
649 527 860 583 scilicet
871 535 928 584 et
938 529 1227 584 Filii.Nam
1240 530 1267 582 .l
1274 545 1399 583 esus
1413 529 1669 583 Christus
1684 528 1929 583 Verbum
1944 529 2046 584 Pa-

449 616 682 688 trisipse
712 625 797 673 est
824 618 1006 672 scriba
1021 618 1217 673 doctus
1231 624 1288 671 et
1301 618 1451 671 velox
1472 617 1527 671 in
1552 635 1724 688 regno
1754 619 2041 684 ccelorum,

450 705 547 777 qui
558 709 769 775 profert
785 709 849 760 de
870 708 1122 761 thesauro
1142 723 1239 759 suo
1258 722 1396 760 nova
1411 710 1459 759 et
1479 712 1656 760 vetera
1691 708 1903 778 (Matth.
1923 722 2040 774 xm,

452 791 562 863 52).
582 794 755 864 Cujus
784 810 987 848 nomen
1007 793 1182 847 Isaias
1207 793 1457 848 declarat
1474 794 1758 849 futurum:
1797 796 2049 850 Vetociter

450 884 641 946 scribe,
695 886 869 952 spolia
915 883 1155 945 detrahe,
1209 886 1314 937 cito
1366 885 1612 952 pradare
1662 884 1788 950 (Isa.
1819 898 1935 950 vin,
1970 884 2044 951 l).

452 972 697 1042 Ideoque
728 970 870 1025 bene
902 971 1144 1043 Spiritus
1173 973 1661 1028 sanctuscalamus
1682 973 1876 1028 scribae
1894 974 2045 1029 velo-

450 1058 591 1113 citer
618 1059 912 1115 scribentis
935 1060 1158 1126 dicitur,
1194 1062 1325 1132 quia
1356 1061 1595 1116 voluisse
1619 1078 1732 1117 non
1761 1062 1885 1117 dico
1907 1061 2046 1117 scri-

449 1147 646 1219 psisse,
686 1165 882 1204 verum
917 1150 1085 1205 etiam
1136 1150 1333 1205 fecisse
1374 1157 1475 1213 est,
1512 1157 1570 1205 et
1598 1151 1872 1206 docuisse.
1902 1152 2048 1216 Quia

451 1252 689 1309 quorum
721 1246 810 1294 est
837 1256 949 1294 una
975 1240 1248 1306 voluntas,
1281 1256 1505 1313 unaque
1527 1241 1726 1305 deitas,
1751 1246 1937 1296 etuna
1950 1258 2051 1313 po-

452 1330 647 1394 testas,
670 1327 747 1381 ibi
774 1329 931 1383 nulla
984 1328 1355 1400 inaequalitas,
1399 1334 1630 1402 propter
1671 1330 2047 1385 differentiam

449 1416 768 1482 verborum,
786 1419 884 1472 sed
903 1434 1018 1473 una
1036 1418 1316 1487 divinitas,
1340 1436 1564 1490 unaque
1593 1426 1815 1486 natura,
1848 1426 1905 1474 et
1931 1437 2045 1475 una

452 1507 789 1577 cooperatio.
816 1506 1047 1562 Dicebat
1060 1508 1230 1572 enim,
1254 1514 1319 1563 ut
1348 1525 1445 1564 rex
1478 1509 1627 1564 Deus
1650 1510 1817 1563 Pater
1840 1525 1905 1563 ex
1933 1525 2044 1580 quo

2127 530 2296 585 finem
2325 535 2750 602 perseveranter
2766 530 3018 586 reddam.
3068 531 3338 597 Quoniam
3365 534 3494 588 mihi
3513 538 3659 590 vitam

2128 619 2378 674 Christus
2398 626 2492 686 est,
2537 624 2587 674 ct
2617 622 2764 673 mori
2809 623 3033 674 lucrum
3065 622 3224 690 (Phil.
3260 635 3298 688 ι,
3343 619 3450 679 2η.
3490 623 3547 677 In
3571 639 3661 694 quo

2128 709 2310 763 omnis
2335 709 2837 764 consummationis
2870 726 3012 765 meae
3049 711 3221 765 tinem
3249 711 3432 782 posui;
3469 712 3552 783 qui
3576 719 3658 777 est,

2127 800 2271 854 utin
2291 817 2357 855 eo
2376 800 2500 855 sine
2537 801 2647 854 fine
2678 816 3059 871 permaneam.
3107 798 3185 854 Et
3220 805 3284 854 ut
3330 799 3660 870 apertius......

2128 889 2339 943 Idcirco
2363 890 2492 960 jure
2514 905 2627 944 non
2670 890 2729 944 in
2781 889 2972 960 aliquo
2999 888 3288 960 plenitudo
3323 887 3598 944 divinitatis
3624 888 3666 944 ei

2127 977 2322 1032 deesse
2349 978 2616 1045 creditur,
2647 980 2808 1049 cujus
2828 994 2943 1033 una
2973 983 3061 1033 est
3088 994 3333 1050 persona
3355 994 3474 1033 cum
3499 976 3664 1043 Verbo,

2128 1083 2298 1137 quam
2337 1067 2417 1122 sic
2452 1067 2730 1139 sapientia
2787 1067 3037 1139 suscepit
3077 1067 3371 1138 virtusque
3410 1065 3588 1132 Patris,
3620 1071 3670 1121 ut

2128 1156 2324 1211 eadem
2355 1156 2634 1228 sapientia
2662 1172 2728 1211 ac
2754 1156 2951 1210 eadem
2978 1155 3161 1209 virtus
3175 1154 3297 1226 ipse
3315 1154 3540 1219 sit.Quia
3552 1154 3671 1209 Deus

2128 1245 2229 1300 Dei
2255 1246 2429 1301 Filius
2458 1247 2763 1301 humanam
2792 1244 3098 1315 assumpsit
3118 1249 3383 1298 naturam
3406 1256 3569 1315 quam
3584 1259 3673 1298 non

2128 1332 2350 1400 habuit,
2382 1340 2440 1389 et
2484 1350 2597 1389 non
2651 1348 2949 1405 personam
2974 1347 3144 1402 quam
3186 1347 3406 1401 semper
3431 1328 3674 1384 habuitab

2126 1436 2336 1486 {sterno
2374 1426 2430 1481 in
2466 1422 2762 1481 Trinitate.
2804 1421 2939 1485 Qua;
2977 1419 3254 1475 nimirum
3300 1416 3677 1474 humanitasita

2126 1516 2387 1574 transivit
2409 1515 2467 1569 in
2496 1514 2698 1578 Deum,
2722 1515 2787 1567 ut
2835 1525 2949 1566 una
2970 1509 3045 1564 sit
3067 1525 3355 1580 persona;
3385 1524 3499 1579 qua:
3523 1522 3676 1561 rerum

452 1593 662 1663 omnia,
685 1595 875 1650 volens
895 1596 1077 1651 facere
1094 1597 1319 1668 nuptias
1330 1597 1469 1653 Filio
1489 1615 1592 1653 suo
1605 1599 1745 1669 regi,
1760 1614 1860 1670 per
1878 1614 2045 1669 quem
2133 1607 2388 1663 omnium
2419 1604 2478 1658 in
2498 1606 2722 1658 tantum
2760 1599 2909 1655 facta
2925 1605 3013 1654 est
3037 1598 3097 1653 in
3136 1598 3357 1653 unitate
3385 1596 3613 1661 Domina,
3630 1599 3680 1650 ιιι

456 1683 661 1745 omnia,
696 1684 1006 1740 declararet
1033 1686 1090 1741 in
1129 1687 1234 1741 hoc
1289 1688 1485 1742 eodem
1514 1688 1761 1742 carmine
1791 1686 2048 1759 nuptiali,
2067 1761 2106 1766 _
2134 1712 2261 1752 cum
2292 1695 2416 1766 ipsa
2436 1690 2726 1746 divinitate
2745 1704 2850 1743 sua
2877 1704 2991 1743 una
3006 1687 3086 1742 sit
3102 1687 3164 1742 in
3184 1686 3675 1758 Triuitatepersom,

452 1771 622 1827 etiam
647 1773 918 1844 Spiritum
947 1781 1225 1843 sanctum,
1259 1775 1356 1848 qui
1391 1776 1643 1832 continet
1661 1778 1868 1832 omnia.
1892 1777 2048 1831 Alias
2067 1761 2114 1821 Β
2132 1761 2357 1857 unaque
2377 1787 2642 1855 potestas.
2669 1778 3045 1850 Hincquoque
3072 1777 3325 1831 Joannes
3343 1774 3449 1829 ait:
3482 1775 3679 1828 Vidimus

453 1867 643 1917 autem
672 1863 804 1917 talis
832 1869 1103 1936 tantaque
1124 1866 1419 1921 haereditas
1447 1882 1570 1937 quae
1590 1867 1645 1921 in
1676 1867 1781 1922 hoc
1798 1867 2047 1921 carmine
2128 1891 2255 1930 eum
2284 1874 2446 1943 quasi
2464 1871 2822 1938 unigenitum
2843 1868 3052 1921 aPatre
3060 1868 3299 1934 plenum
3316 1866 3500 1933 gratia
3514 1863 3681 1917 stuari-

453 1957 818 2019 monstratur,
872 1969 982 2007 non
1014 1954 1340 2011 attitulatur
1393 1973 1629 2027 sponsae,
1661 1956 1771 2011 nisi
1823 1973 1924 2027 per
1943 1957 2048 2012 hoc
2132 1967 2259 2019 tatis
2294 1965 2471 2030 (Joan.
2522 1974 2561 2025 1,
2605 1957 2717 2023 14).
2765 1956 2844 2011 Ex
2894 1970 3004 2026 quo
3044 1953 3266 2026 liquido
3304 1957 3529 2018 constat,
3564 1949 3682 2022 quod

452 2040 582 2096 ﬁdei
613 2049 1048 2109 sacramentum,
1075 2049 1138 2098 ut
1185 2044 1428 2115 perfecto
1466 2045 1731 2100 credatur
1758 2045 1907 2100 Deus
1931 2045 2050 2100 Tri-
2130 2051 2420 2125 plenitudo
2450 2046 2700 2104 veritatis
2729 2046 2788 2100 in
2836 2044 3019 2115 seipse
3071 2041 3482 2114 plenitudinem
3518 2038 3684 2095 habeat

450 2130 600 2185 nitas
630 2131 884 2199 unitatis,
918 2138 973 2187 et
1000 2133 1188 2188 unitas
1206 2134 1511 2188 Trinitatis.
1538 2135 1789 2199 Quorum
1805 2151 1918 2189 una
1935 2151 2048 2189 ma-
2128 2142 2344 2214 gratia,
2393 2155 2518 2211 qua;
2545 2142 2631 2191 est
2674 2140 2793 2189 tota
2837 2131 3167 2188 humanitas
3194 2132 3256 2187 in
3290 2130 3565 2186 divinitate
3585 2143 3680 2193 sua,
3736 2146 3739 2149 ‘

445 2222 642 2292 les»is
670 2238 959 2294 unumque
988 2240 1245 2294 regnum.
1278 2230 1335 2279 et
1362 2241 1476 2279 una
1519 2225 1793 2279 νοιιιηῐεεο
1828 2224 1950 2289 Qua
1977 2223 2047 2278 de
2129 2236 2187 2285 et
2212 2227 2501 2303 plenitudo
2519 2225 2718 2297 gratiae
2739 2221 3153 2296 plenitudinem
3176 2220 3239 2275 in
3259 2236 3319 2275 se
3365 2218 3556 2274 habeat
3576 2215 3685 2271 veri-

453 2309 700 2364 causain
728 2312 833 2365 hoc
860 2312 1108 2367 carmine
1136 2313 1481 2384 nuptiarum,
1505 2319 1678 2368 testes
1711 2314 1872 2383 quasi
1901 2313 1959 2367 in
1976 2313 2046 2367 11-
2128 2320 2282 2383 tatis,
2310 2334 2434 2389 quae
2466 2321 2554 2371 est
2579 2319 2700 2369 tota
2728 2312 2991 2367 divinitas
3019 2310 3080 2364 in
3117 2309 3472 2365 humanitate
3511 2323 3614 2362 sua.
3633 2304 3688 2360 Et

455 2398 601 2453 bello
623 2399 791 2464 dotis,
814 2406 929 2454 tres
954 2400 1312 2456 ascribuntur
1337 2402 1524 2464 Pater,
1558 2408 1615 2457 et
1638 2402 1831 2463 Filius.
1852 2408 1909 2456 et
1921 2403 2051 2473 Spi-
2132 2410 2249 2465 haec
2275 2406 2458 2478 gratia
2486 2404 2692 2459 ditl‘usa
2720 2402 2779 2457 in
2794 2400 2950 2456 omni
2969 2399 3331 2454 humanitate
3350 2396 3542 2454 Christi
3552 2402 3687 2466 atque

454 2487 598 2541 ritus
613 2495 856 2544 sanctus.
885 2490 974 2545 Sic
1002 2490 1192 2563 itaque
1210 2492 1291 2546 ait
1316 2492 1560 2546 Joannes
1588 2492 2049 2563 apostolus,quod
2131 2498 2376 2571 perfusa,
2404 2495 2485 2550 ita
2511 2499 2577 2548 ut
2632 2489 2922 2563 plenitudo
2957 2488 3217 2543 veritatis
3258 2488 3318 2542 in
3367 2486 3569 2542 unitate
3587 2498 3689 2555 per-

451 2581 567 2632 tres
596 2577 709 2633 sint
733 2578 794 2633 in
822 2580 989 2635 terris
1010 2580 1106 2651 qui
1132 2581 1517 2635 testimonium
1531 2582 1670 2636 dant
1696 2599 1797 2653 pro
1816 2582 1905 2636 his
1926 2598 2049 2653 my-
2131 2604 2299 2651 sonaz,
2332 2582 2740 2658 plenitudinem
2785 2580 2844 2634 in
2885 2595 2947 2633 se
2999 2577 3214 2633 habeat
3255 2572 3613 2638 humanitatis,
3646 2574 3691 2625 et

451 2667 606 2722 sticis
636 2668 980 2735 muneribus,
1011 2670 1273 2742 Spiritus,
1302 2687 1447 2741 aqua
1475 2678 1533 2725 et
1560 2671 1807 2741 sanguis,
1835 2676 1894 2725 et
1906 2671 2052 2726 sicut
2132 2675 2454 2731 humanitas
2482 2669 2891 2743 plenitudinem
2912 2666 3190 2721 veritatis.
3214 2666 3361 2721 Dum
3379 2666 3583 2737 plenam
3606 2662 3689 2717 hu-

452 2754 513 2811 in
561 2759 1037 2814 emendatioribus
1088 2759 1372 2815 codicibus
1421 2761 1705 2815 invenitur
1757 2761 2049 2815 etiaszt
2131 2781 2358 2818 manum
2390 2768 2672 2823 naturam,
2708 2757 2956 2812 animam
2987 2755 3209 2811 scilicet
3226 2761 3394 2827 atque
3412 2750 3688 2817 carnem,in

456 2851 561 2900 tres
582 2853 713 2902 sunt
738 2851 839 2918 qui
884 2852 1259 2903 testimonium
1285 2851 1421 2903 dant
1470 2853 1532 2903 in
1566 2853 1728 2912 cwlis,
1771 2848 2045 2913 videlicet,
2130 2853 2282 2907 illam
2311 2850 2711 2922 sempiternam
2733 2862 2851 2902 suae
2881 2844 3196 2900 divinitatis
3244 2858 3530 2917 personam
3573 2838 3692 2895 acci-

451 2936 631 2998 Pater,
656 2938 917 3001 etFitius,
952 2943 1002 2990 ct
1018 2936 1264 3005 Spiritus
1305 2944 1546 3003 sanctus,
1571 2943 1619 2991 et
1639 2938 1702 2990 hi
1732 2943 1839 2991 tres
1868 2953 2049 2991 unum
2130 2943 2310 3014 piens,
2354 2940 2502 2996 sicut
2546 2935 2882 2993 naturaliter
2917 2939 3071 2990 totus
3110 2950 3283 2990 verus
3312 2938 3398 2989 est
3441 2932 3607 2995 homo,
3629 2929 3692 2983 sic

455 3029 587 3077 sunt
616 3026 666 3086 (Ι
680 3027 906 3090 .Ιοαη.ν,
940 3025 1018 3091 7).
1049 3024 1313 3096 Alioquin
1338 3026 1395 3080 in
1429 3026 1768 3080 conscientia
1795 3025 2046 3097 virginis,
2068 3078 2108 3101 η
2130 3036 2284 3087 totus
2334 3035 2393 3085 et
2427 3029 2577 3084 Deus
2626 3042 2807 3082 verus.
2839 3025 2987 3090 Quia
3011 3023 3165 3079 sicut
3220 3024 3282 3079 in
3319 3021 3590 3077 divinitate
3611 3030 3695 3073 sua

455 3126 521 3165 ac
547 3111 594 3165 si
623 3111 679 3165 in
709 3112 895 3167 libello
926 3112 1169 3180 fcederis,
1192 3114 1298 3169 nisi
1327 3120 1443 3169 tres
1471 3114 1565 3168 isti
1591 3114 1948 3169 ascribuntur
1973 3122 2054 3171 te-

452 3204 586 3267 stes,
614 3201 770 3255 nulla
799 3218 969 3273 penes
998 3200 1177 3256 Deum
1205 3209 1579 3274 consequetur
1605 3204 2052 3276 haereditas,qute

426 3288 644 3366 .Graece
672 3291 975 3363 κληρονομία
1001 3299 1246 3347 vocatur.
1280 3293 1458 3357 Quam
1488 3299 1552 3348 ut
1578 3294 1657 3348 ita
1687 3295 1885 3359 fatear,
1916 3310 1981 3348 ac
2002 3295 2051 3349 si

455 3378 514 3431 in
542 3378 685 3433 libro
708 3379 873 3447 dotis,
908 3382 1231 3452 praeclaram
1260 3382 1364 3437 sub
1391 3383 1575 3454 sigillo
1593 3382 1861 3438 describit
1881 3384 2050 3439 ﬁdem

455 3466 766 3536 Trinitatis,
800 3476 858 3524 et
880 3470 1135 3540 assignat
1159 3489 1374 3544 sponsa:
1403 3472 1640 3528 formam
1664 3473 1791 3527 Filii
1822 3478 1881 3528 et
1918 3473 2051 3542 jura

453 3558 1033 3628 sponsalitatis.Filius
1054 3576 1182 3615 vero
1212 3560 1372 3632 quasi
1398 3560 1582 3616 scriba
1601 3562 1776 3626 velox,
1794 3561 1930 3633 quia
1946 3562 2056 3616 hae-

453 3661 544 3700 res
572 3653 658 3701 est
677 3648 882 3713 Patris,
908 3654 965 3704 et
988 3666 1230 3721 sponsus
1255 3651 1872 3716 Ecclesiae,haareditate
1897 3668 1929 3705 a
1952 3651 2053 3705 Pa-

453 3740 539 3790 tre
568 3744 817 3809 accepta,
849 3754 1067 3810 sponsa:
1095 3756 1211 3794 sum
1239 3740 1430 3806 tradit,
1462 3757 1528 3795 ac
1569 3740 1612 3795 si
1646 3741 1705 3794 in
1734 3739 1920 3795 libello
1948 3740 2051 3794 do-

453 3826 547 3892 tis,
584 3842 712 3881 cum
768 3827 826 3882 in
869 3828 1100 3883 dextera
1152 3828 1474 3883 collocatur.
1504 3829 1908 3884 Verumtamen
1935 3845 2049 3883 non

454 3916 670 3972 calamo
700 3918 1071 3989 corruptibili,
1104 3922 1161 3971 et
1186 3923 1505 3973 atramento
1534 3919 1928 3988 conscriptam,
1952 3918 2050 3971 sed

453 4006 640 4077 gratia
683 4007 927 4078 Spiritus
967 4008 1165 4073 sancti,
1191 4024 1290 4078 per
1333 4024 1498 4078 quem
1546 4008 1790 4062 charitas
1822 4008 1923 4063 Dei
1953 4007 2054 4061 dif-

456 4096 583 4151 fusa
610 4105 697 4149 est
737 4096 798 4151 in
849 4096 1111 4152 cordibus
1165 4097 1438 4163 omnium,
1473 4097 1567 4168 qui
1594 4097 1663 4151 ad
1694 4098 1796 4151 has
1828 4097 2051 4169 nuptias

457 4189 592 4238 sunt
618 4184 903 4239 intraturi.
932 4186 1087 4240 Alias
1129 4192 1339 4249 autem,
1381 4187 1633 4257 quisquis
1688 4186 1832 4241 hanc
1859 4186 1917 4240 in
1946 4187 2056 4240 ﬁde

457 4288 572 4328 non
593 4273 848 4328 attulerit
877 4274 1024 4328 dotis
1054 4274 1373 4339 formulam,
1399 4275 1600 4329 timeat
1648 4291 1719 4330 ne
1763 4276 1906 4330 forte
1964 4292 2059 4330 rex

2135 3126 2316 3176 totam
2340 3119 2510 3174 habet
2529 3112 2840 3173 nativitatis
2869 3131 2986 3170 sua:
3049 3119 3347 3179 naturam,
3371 3111 3452 3166 sic
3469 3114 3524 3164 et
3546 3109 3598 3163 in
3615 3106 3697 3161 hu-

2134 3209 2408 3265 manitate
2424 3224 2529 3262 sua
2553 3210 2733 3261 totam
2778 3204 2951 3259 habet
2998 3202 3322 3258 divinitatis
3345 3216 3457 3257 sum
3473 3199 3695 3255 substan-

2132 3299 2291 3363 tiam,
2323 3302 2500 3352 totam
2522 3295 2895 3366 maiestatem,
2927 3296 3107 3347 totam
3136 3291 3429 3357 virtutem,
3454 3293 3696 3343 totamsao

2133 3388 2404 3460 pientiam
2456 3382 3080 3440 incommutabilitatem
3153 3386 3335 3453 atque
3395 3376 3697 3449 omnipoten-

2130 3477 2291 3531 tiam.

2205 3566 2317 3620 Iste
2346 3564 2520 3635 igitur
2547 3566 2635 3617 est
2659 3575 2900 3632 sponsus
2942 3563 3128 3615 vester
3148 3597 3163 3625 ,
3231 3557 3564 3615 charissima:
3591 3566 3604 3601 :
3646 3556 3699 3605 ut

2130 3655 2250 3727 ipse
2280 3654 2353 3709 sit
2384 3654 2529 3709 Deus
2558 3650 2714 3706 vobis
2760 3654 2819 3705 et
2864 3665 3127 3721 sponsus,
3156 3649 3263 3720 qui
3303 3649 3536 3714 ιτα
3558 3642 3696 3696 homo

2132 3750 2239 3811 est,
2258 3744 2519 3814 idemque
2543 3741 2713 3795 homo
2738 3738 2835 3811 qui
2862 3739 3016 3793 Deus
3040 3742 3148 3804 est,
3178 3753 3353 3793 verus
3396 3740 3453 3790 et
3476 3728 3697 3806 preprins

2132 3834 2235 3889 Dei
2257 3832 2571 3887 Filius.Iste
2582 3834 2669 3885 est
2687 3828 2780 3883 ille
2796 3828 2867 3882 de
2885 3826 3132 3883 Canticis
3150 3827 3385 3882 dilectus
3404 3827 3697 3889 κεῖθι-,ωη-

2133 3924 2298 3977 didus
2320 3928 2368 3976 et
2390 3920 2738 3975 rubicundus
2765 3919 2947 3985 (Cant.
3001 3932 3058 3972 v.
3109 3913 3194 3983 10)
3231 3934 3245 3968 :
3279 3912 3556 3975 candidus,
3590 3903 3697 3979 quia

2137 4012 2289 4081 virgo
2317 4015 2403 4065 est
2424 4013 2591 4064 natus
2629 4007 2699 4062 de
2728 4005 2997 4076 Virgine;
3051 4003 3419 4070 rubicundus,
3462 3999 3584 4072 quia
3612 4008 3696 4049 suo

2137 4115 2430 4170 respersus
2458 4102 2542 4152 est
2570 4094 2862 4166 sanguine.
2890 4094 3000 4150 Sed
3054 4100 3114 4148 et
3157 4092 3430 4148 candidus
3470 4090 3524 4144 in
3549 4082 3691 4145 vobis.

2136 4187 2482 4243 rubicundus
2511 4186 2569 4240 in
2584 4183 2929 4256 martyribus
2947 4202 2959 4237 :
2979 4183 3050 4238 de
3066 4184 3231 4254 cujus
3247 4199 3344 4237 ore
3357 4175 3696 4236 manavithec

2138 4277 2341 4349 gratia,
2366 4276 2423 4330 in
2445 4276 2607 4346 cujus
2618 4290 2715 4328 ore
2743 4273 2893 4327 facta
2920 4277 3008 4327 est
3032 4271 3141 4327 ista
3168 4259 3695 4327 reconciliatio.Unde

455 4378 584 4417 cum
606 4362 893 4433 ingressus
908 4362 1094 4429 fuerit,
1123 4363 1318 4417 audiat
1344 4363 1481 4417 illud
1511 4380 1576 4437 ex
1609 4363 1906 4434 Evangelia
1936 4384 1951 4418 :
1985 4363 2117 4462 A-D
2140 4363 2579 4438 sponsa,inquit,
2626 4364 2909 4419 Osculetur
2930 4378 3015 4416 me
3034 4362 3450 4416 oscuioorissui
3661 4364 3691 4412 ι,

458 4454 615 4518 mica,
658 4453 922 4521 quomodo
946 4453 1052 4505 huc
1081 4454 1329 4506 intrasti.
1365 4467 1478 4505 non
1505 4452 1707 4506 habens
1736 4460 1929 4508 restem
1951 4470 2053 4508 nu-
2069 4440 2116 4462 υ
2140 4454 2212 4522 1).
2236 4456 2475 4509 Noverat
2492 4451 2644 4507 enim
2661 4451 2809 4523 quod
2831 4451 3185 4522 omnipotens
3199 4451 3321 4505 haec
3337 4446 3514 4519 gratia
3524 4440 3697 4497 dill'usa

451 4541 959 4612 ptiatem?(Matth.
992 4553 1120 4605 χχιι,
1164 4538 1264 4606 12.)
1296 4540 1649 4612 Quapropter
1674 4542 1870 4596 audiat
1897 4542 2050 4613 virgo

457 4629 927 4700 benignissimum
955 4645 1223 4700 sponsum
1266 4636 1303 4694 |
1321 4633 1511 4695 πυτ
1538 4630 1820 4685 Christum
1859 4632 2049 4686 Jesum

456 4717 751 4773 docentem
781 4725 840 4773 et
860 4717 1196 4773 scribentem
1227 4719 1437 4773 foedera
1461 4719 1807 4791 nuptiarum;
1839 4720 2052 4785 audiat,

457 4806 710 4877 inquam,
751 4807 1069 4878 diligenter,
1110 4814 1168 4863 et
1195 4808 1467 4876 observet,
1500 4827 1602 4864 nec
1661 4826 1773 4864 non
1831 4816 1889 4864 et
1926 4825 2054 4864 cum

459 4896 615 4950 omni
644 4896 889 4967 puritate
917 4898 1099 4953 cordis
1144 4899 1443 4969 vigilanter
1485 4899 1729 4960 insistat.
1781 4916 1852 4953 ne
1908 4899 2058 4953 inter

459 4985 645 5041 fatuas
661 4987 984 5056 repellatur.
1025 4987 1287 5051 Quinimo
1306 4987 1458 5043 dicat
1479 4993 1536 5042 et
1572 4987 1695 5059 ipsa
1713 4988 1783 5043 de
1802 5004 1879 5051 se,
1906 4986 2056 5041 dicat

461 5075 577 5132 Deo
605 5075 780 5142 Patri,
822 5075 974 5131 dicat
1027 5082 1085 5131 et
1124 5093 1330 5147 sponso
1365 5093 1377 5127 :
1412 5079 1701 5132 Eructavit
1743 5093 1835 5131 cor
1872 5094 2055 5131 meum

459 5170 685 5223 verbum
713 5168 935 5232 bonum,
965 5171 1022 5220 et
1070 5167 1261 5220 omnia
1305 5167 1417 5221 mei
1472 5173 1630 5222 actus
1661 5165 1930 5238 opuscula
1952 5165 2057 5221 tibi

459 5256 699 5312 Domino
727 5255 1043 5312 consecravi
1067 5274 1081 5323 ;
1115 5255 1332 5310 interea
1351 5262 1409 5310 et
1434 5256 1629 5327 lingua
1658 5273 1785 5311 mea
1803 5273 1867 5310 ac
1895 5256 1942 5311 si
1970 5273 2058 5310 ca-

460 5346 645 5401 lamus
657 5344 853 5401 scribae
871 5345 1135 5400 velociter
1154 5344 1466 5410 scribentis,
1493 5363 1605 5400 non
1629 5346 1811 5400 solum
1842 5351 1907 5401 ut
1931 5362 2060 5401 con-

461 5435 681 5491 sodales
708 5435 1096 5507 doceam,quae
1124 5434 1366 5505 Spiritus
1386 5435 1657 5490 infuderit
1683 5442 1741 5490 et
1751 5452 2057 5507 personue-

458 5526 535 5582 rit
563 5524 725 5598 quasi
742 5541 845 5580 suo
874 5524 933 5580 in
978 5539 1223 5596 organo;
1254 5540 1447 5579 verum
1506 5524 1675 5578 etiam
1718 5524 2054 5579 sacrificium

459 5615 644 5672 laudis
676 5612 914 5672 Domino
942 5614 1325 5673 indesinenter
1375 5613 1644 5682 deferam,
1672 5619 1732 5668 et
1769 5619 1893 5669 vota
1939 5629 2057 5684 qua

2132 4549 2280 4599 esset
2305 4543 2363 4597 in
2394 4541 2555 4596 labiis
2585 4540 2815 4605 Christi,
2846 4545 2905 4595 et
2947 4539 3075 4594 ideo
3112 4555 3148 4592 a
3190 4538 3359 4609 longe
3401 4541 3512 4590 tam
3538 4525 3695 4585 dulcia

2132 4632 2397 4704 implorat
2423 4630 2645 4697 oscula;
2678 4645 2791 4684 non
2821 4628 2969 4700 quod
2998 4620 3581 4683 solummodoinlabiis
3601 4616 3695 4689 ple-

2133 4720 2332 4775 nitudo
2357 4719 2555 4791 gratiae
2583 4717 2788 4773 diffusa
2813 4717 3001 4784 fuerit,
3041 4722 3100 4772 et
3125 4731 3239 4771 non
3266 4716 3327 4770 in
3352 4718 3501 4778 toto;
3530 4717 3694 4763 verum

2136 4810 2261 4864 ideo
2286 4809 2343 4863 in
2368 4808 2549 4872 labiis,
2578 4807 2739 4879 quasi
2768 4824 2802 4861 a
2853 4811 3013 4878 parte
3049 4811 3252 4868 totum,
3284 4803 3415 4876 quia
3434 4797 3604 4873 gratia
3624 4791 3695 4847 di-

2139 4898 2249 4952 vini
2271 4897 2426 4953 verbi
2451 4897 2521 4952 de
2550 4896 2704 4952 fonte
2732 4896 2846 4951 oris
2887 4893 3099 4951 Christi
3143 4893 3409 4955 manavit,
3437 4893 3695 4953 totuman

2135 4986 2368 5059 replevit
2394 4986 2693 5042 mundum.
2720 4984 2857 5041 Inde
2883 4984 2943 5039 in
2969 4983 3267 5055 Evangelio
3298 5000 3311 5036 :
3340 4980 3603 5051 Aperiat“,
3628 4970 3696 5024 in-

2139 5074 2279 5149 quit,
2301 5093 2357 5130 os
2387 5092 2575 5138 suum,
2620 5076 2837 5129 docebat
2879 5090 2962 5129 eos
2992 5074 3214 5145 (Matth.
3256 5090 3307 5138 v,
3352 5069 3439 5139 2);
3469 5060 3694 5155 aperienti

2139 5165 2299 5237 quasi
2319 5166 2500 5220 fontes
2520 5164 2664 5229 vitae,
2677 5164 2838 5235 quasi
2862 5179 2896 5218 a
2914 5161 3129 5219 saeculis
3172 5157 3530 5218 absconditos,
3558 5161 3694 5237 quell

2139 5235 2349 5310 arcana
2374 5259 2716 5309 secretorum
2739 5252 2859 5308 Dei.
2879 5252 2988 5308 Sed
3015 5256 3074 5307 et
3095 5251 3208 5306 duo
3239 5235 3693 5336 Testamentaﬂf-

2137 5345 2278 5400 teris
2299 5343 2511 5400 scilicet
2537 5348 2708 5413 atque
2737 5341 2896 5406 Novi,
2947 5340 3096 5396 labia
3122 5339 3328 5397 Christi
3347 5336 3607 5392 dicuntur.
3640 5337 3690 5377 ω

2139 5433 2343 5506 quibus
2363 5433 2480 5488 haec
2500 5434 2827 5488 reserantur
2842 5429 3192 5503 mysteria.et
3203 5428 3384 5485 divina
3401 5419 3690 5496 panduntur

2137 5527 2507 5580 sacramenta.
2525 5522 2780 5578 Fuerunt
2810 5536 3054 5593 namque
3073 5524 3132 5576 et
3154 5535 3255 5575 ora
3279 5509 3685 5590 patriarcharum

2136 5618 2194 5668 et
2222 5612 2622 5686 prophetarum
2644 5608 2873 5683 perfusa
2895 5609 3139 5682 Spiritus
3158 5606 3334 5666 sancti
3362 5600 3554 5676 gratia,
3579 5605 3686 5651 ⁸³⁸⁸·
