3918 6166
242 229 386 289 1025

1137 234 1515 294 EXPOSITIO
1557 238 1633 293 IN
1674 239 2019 297 PSALMUM
2058 243 2246 299 XLIV.
2286 276 2349 287 —
2380 247 2512 302 LIB.
2559 248 2628 302 ll.

3379 256 3510 314 l0‘26

242 381 355 420 non
385 369 442 419 et
459 365 838 436 apostolorum
856 385 872 435 ;
905 367 1003 421 sed
1035 368 1198 439 longe
1230 370 1394 426 aliter
1424 374 1630 428 Christi
1663 374 1833 432 labia,
1859 369 1907 427 Α
1926 372 2045 422 tum
2078 369 2227 424 dona
2253 387 2352 425 seu
2383 371 2643 442 quaelibet
2671 373 2921 429 adhibita
2950 376 3009 430 in
3050 380 3222 434 sacris
3262 383 3464 441 litteris
3492 405 3506 444 :

238 452 401 509 Unde
428 453 575 507 sicut
608 452 816 508 dicitur
851 455 907 508 in
946 456 1128 526 prima
1174 461 1439 528 clausula,
1482 479 1610 517 voce
1659 464 1840 519 Patris

236 539 308 594 de
332 540 473 594 Filio
497 559 509 594 :
543 541 820 610 Speciosus
850 545 1035 610 forma
1046 563 1160 615 prae
1177 551 1314 615 ﬁliis
1333 551 1646 614 hominum,
1675 553 1753 608 ita
1783 562 1838 610 et

233 629 295 684 in
351 629 571 685 duabus
619 631 984 702 sequentibus
1037 635 1570 710 subintelligendum
1620 648 1723 697 est.
1774 649 1838 697 ut

233 717 494 774 dicatur:
531 720 743 787 Diffusa
773 728 846 775 est
871 727 1059 790 gratia
1097 729 1158 779 in
1192 730 1355 781 labiis
1386 733 1514 794 tuis,
1565 747 1678 801 prae
1707 732 1836 786 filiis

230 807 551 872 hominum,
581 813 640 862 et
668 810 943 865 benedixit
972 818 1019 867 te
1043 815 1180 868 Deus
1203 819 1264 869 in
1289 823 1554 872 aeternum
1581 837 1691 890 prae
1709 821 1838 875 filiis

230 898 568 964 hominum;
623 900 889 970 quoniam
939 903 994 956 in
1027 904 1285 960 omnibus
1328 907 1477 962 ultra
1522 907 1626 963 fuit
1669 927 1834 981 quam

231 987 427 1043 homo.
452 987 806 1059 Quapropter
834 989 1112 1062 intelligat
1135 993 1314 1048 ﬁdelis
1327 996 1535 1061 anima,
1559 997 1837 1069 intelligat

227 1083 432 1131 sancta
455 1077 768 1148 virginitas,
780 1078 1104 1135 etintendat
1121 1098 1327 1152 sponsa
1340 1083 1545 1138 Christi
1559 1088 1837 1156 praeconia

226 1181 358 1236 quae
384 1165 455 1220 de
501 1165 623 1238 ipso
668 1166 951 1236 dicuntur,
994 1170 1124 1241 quia
1171 1171 1286 1226 haec
1333 1178 1418 1226 est
1461 1175 1834 1247 intelligentia

225 1254 477 1310 ﬁliorum
533 1255 734 1322 Chore,
793 1256 850 1311 id
890 1263 976 1312 est
1012 1258 1282 1314 Filiorum
1323 1261 1442 1316 Dei.
1479 1263 1592 1317 Cur
1640 1270 1830 1321 autem

221 1343 472 1398 dixerit:
505 1349 802 1414 Propterea
833 1347 1107 1402 benedixit
1141 1354 1187 1402 te
1216 1351 1356 1404 Deus
1388 1353 1452 1405 in
1472 1358 1834 1420 asternum,ex

221 1432 534 1503 praemissis
577 1438 801 1489 constat
848 1435 1032 1490 causis
1069 1454 1081 1489 :
1139 1438 1270 1508 quia
1319 1443 1584 1508 speciosus
1625 1444 1828 1510 forma,

223 1521 366 1592 quia
392 1524 600 1588 diffusa
627 1529 701 1578 est
733 1527 926 1592 gratia
966 1528 1031 1579 in
1065 1529 1227 1580 labiis
1257 1529 1379 1599 ejus
1409 1546 1521 1600 prae
1558 1531 1686 1586 ﬁliis
1728 1533 1832 1588 ho-

1922 457 2063 512 scias
2099 460 2246 530 quod
2291 461 2706 517 benedictiones
2749 465 2928 534 mgis
2972 466 3120 520 dona
3157 469 3419 528 dicuntur
3455 484 3513 532 et

1920 561 2170 600 munera.
2205 547 2362 601 Unde
2385 554 2442 602 et
2471 549 2695 604 Graecus
2724 551 2870 606 dona
2900 554 3160 623 quaelibet
3177 559 3261 611 vel
3279 577 3511 618 munus-

1919 633 2040 686 cula
2071 640 2244 696 vocat,
2275 636 2419 689 sicut
2450 643 2506 689 et
2553 655 2751 707 panem
2797 641 2914 708 jam
2968 659 3031 695 ex
3083 661 3186 698 usu
3223 647 3291 700 de
3339 667 3511 706 manu

1919 723 2224 777 sacerdotis
2253 725 2500 795 eulogias
2532 743 2808 781 vocamus.
2845 730 2951 783 Sed
2992 731 3046 784 in
3079 734 3300 789 Christo
3343 737 3513 795 bene-

1919 809 2086 863 dictio
2135 811 2232 864 illa
2274 812 2329 866 in
2369 815 2682 869 ccelestibus
2710 833 2835 870 vere
2865 817 3071 872 donum
3105 821 3326 891 dicitur,
3362 830 3510 897 quod

1919 904 2006 951 est
2034 916 2202 970 super
2228 917 2395 954 omne
2425 902 2653 967 donum,
2676 905 2806 974 quia
2835 905 2891 958 in
2934 907 3054 976 ipso
3087 911 3273 964 omnia
3303 914 3513 971 donata

1919 994 2050 1040 sunt
2079 988 2256 1042 nobis.
2296 990 2355 1043 Et
2393 991 2516 1044 ideo
2549 1009 2711 1046 nemo
2737 993 2841 1047 sibi
2881 997 3200 1066 applaudat,
3248 1017 3411 1056 nemo
3438 1005 3510 1061 de

1916 1078 2030 1130 suis
2080 1085 2381 1148 praesumat
2438 1081 2670 1134 meritis.
2722 1083 2779 1136 Si
2835 1085 2982 1138 enim
3044 1087 3300 1143 Christus
3357 1096 3509 1147 totus

1917 1167 2008 1220 ille
2054 1167 2220 1222 homo
2273 1168 2329 1222 in
2375 1185 2540 1223 carne
2590 1176 2646 1224 et
2691 1171 2897 1237 anima,
2933 1191 2998 1228 ex
3037 1175 3183 1231 dono
3225 1179 3508 1250 largitoris

1914 1255 2180 1326 percepit,
2249 1262 2314 1310 ut
2367 1257 2442 1310 sit
2497 1257 2821 1314 benedictus
2870 1262 2927 1316 in
2984 1268 3254 1321 aeternum
3308 1269 3508 1339 plenus

1913 1345 2106 1413 gratiae
2157 1352 2214 1398 et
2269 1345 2550 1413 veritatis;
2612 1348 2788 1403 multo
2848 1353 3026 1422 magis
3083 1369 3248 1409 nemo
3300 1363 3508 1413 morta-

1914 1433 2072 1497 lium,
2126 1451 2292 1488 nemo
2350 1435 2520 1488 etiam
2579 1438 2906 1507 angelorum
2954 1441 3123 1496 habet
3150 1444 3361 1514 aliquid
3407 1447 3507 1502 bo-

1913 1521 1971 1575 ni
2023 1521 2130 1575 nisi
2184 1540 2248 1576 ex
2287 1539 2518 1578 munere
2565 1531 2621 1578 et
2681 1526 2827 1581 dono
2877 1529 3158 1584 donantis.
3206 1533 3508 1604 Propterea

220 1609 448 1666 minum
463 1611 752 1684 .Alioquin
771 1618 929 1668 tanta
949 1615 1190 1687 talisque
1211 1615 1523 1673 benedictio
1555 1635 1664 1673 non
1676 1636 1829 1674 com-

1925 1617 2167 1678 ]235
2188 1629 2342 1683 rogo,
2384 1614 2744 1681 charissimae,
2786 1619 3062 1672 custodite
3100 1621 3308 1676 donum
3347 1625 3510 1679 casti-

217 1704 448 1770 ρθιει-θι
473 1682 668 1767 emis;
691 1718 803 1773 pm
823 1703 953 1758 ﬁliis
973 1682 1264 1760 hom—imm
1305 1706 1364 1760 ίη
1394 1707 1652 1763 omnibus
1684 1682 2063 1763 essetBtatis,
2105 1682 2379 1755 custodite
2415 1719 2619 1756 munus
2659 1711 2714 1758 et
2749 1705 2918 1760 decus
2973 1708 3330 1779 virginitatis,
3375 1713 3508 1784 quia

216 1788 531 1859 speciosus,
583 1795 641 1844 et
677 1791 936 1846 diffusam
985 1794 1229 1863 gratiam
1276 1795 1334 1848 in
1365 1813 1424 1849 se
1454 1796 1688 1851 haberet
1714 1814 1828 1868 prae

217 1877 508 1933 omnibus.
544 1879 820 1943 Quoniam
859 1881 977 1936 haec
1008 1881 1320 1938 benedictio
1369 1891 1474 1945 est,
1509 1886 1566 1940 in
1597 1903 1708 1957 qua
1737 1886 1827 1940 be-

215 1967 562 2022 nedicentur
587 1985 782 2024 omnes
801 1971 896 2039 qui
920 1970 1198 2026 benedicti
1238 1979 1371 2028 sunt
1397 1990 1567 2046 super
1590 1982 1820 2030 terram.

216 2056 370 2110 Hinc
399 2073 623 2128 quoque
658 2058 740 2112 ait
784 2061 1082 2130 Apostolus
1133 2084 1146 2116 :
1200 2064 1514 2118 Benedictus
1570 2066 1728 2130 Deus,
1775 2072 1822 2120 et

213 2146 386 2198 Pater
405 2147 635 2200 Domini
658 2151 835 2201 nostri
848 2151 973 2203 Jesu
1001 2151 1208 2205 Christi
1212 2155 1332 2219 ,qui
1350 2154 1621 2206 benedixit
1643 2171 1738 2208 nos
1759 2157 1823 2209 in

217 2238 387 2289 omni
417 2237 781 2290 benedictione
815 2239 1067 2304 spiritali
1094 2242 1156 2292 in
1186 2243 1490 2295 caelestibus
1519 2245 1581 2297 in
1612 2244 1824 2296 Christo

222 2323 441 2395 (Ephes.
465 2339 507 2390 I,
541 2323 617 2392 3).
652 2326 777 2380 Non
805 2326 954 2380 enim
983 2327 1053 2382 de
1073 2329 1330 2393 terrenis,
1353 2336 1453 2384 aut
1472 2331 1717 2385 Judaicis
1741 2337 1827 2386 est

214 2413 333 2468 ista
389 2413 723 2481 benedictio,
773 2430 955 2484 neque
1004 2417 1328 2488 temporalis
1374 2424 1616 2484 tantum,
1660 2425 1724 2474 ut
1751 2420 1827 2474 sit

213 2502 511 2558 eternitas
549 2504 669 2573 ejus
703 2519 881 2574 usque
919 2505 988 2558 ad
1013 2505 1336 2575 jubilazum;
1370 2513 1435 2562 ut
1469 2515 1604 2579 puta
1634 2525 1825 2564 servus

219 2591 502 2646 Hebraeus
523 2591 618 2662 qui
633 2591 878 2646 noluerit
888 2593 1039 2648 exire
1075 2601 1109 2658 |
1127 2599 1311 2660 264
1339 2595 1394 2650 in
1421 2597 1660 2667 septimo
1681 2615 1828 2654 anno

216 2679 386 2746 liber,
421 2680 702 2752 perforata
733 2682 986 2736 auricula
1025 2683 1098 2736 sit
1125 2700 1320 2738 servus
1357 2702 1534 2756 usque
1569 2687 1624 2740 in
1661 2694 1826 2741 aeter-

215 2783 357 2821 num
389 2786 400 2821 :
436 2773 494 2822 et
515 2768 651 2822 talia
671 2769 991 2839 hujusmodi
1021 2771 1078 2824 in
1095 2772 1350 2842 plurimis
1377 2773 1528 2838 locis,
1551 2775 1646 2829 ubi
1666 2782 1824 2830 aeter-

215 2855 372 2910 nitas
410 2873 688 2913 annorum
719 2859 1092 2914 determinata
1139 2861 1412 2931 signatur.
1457 2863 1663 2918 Verum
1706 2865 1822 2919 haec

216 2946 535 3010 aeternitas,
569 2947 628 3000 in
656 2965 767 3018 qua
787 2949 1040 3003 Christus
1069 2949 1434 3016 benedicitur,
1470 2953 1818 3008 immensitas

215 3041 312 3089 est
341 3039 685 3107 temporum,
709 3037 853 3092 sicut
879 3044 934 3092 et
954 3039 1156 3108 gratia,
1191 3057 1302 3111 qua
1327 3041 1682 3112 perfunditur
1710 3043 1816 3097 im-

214 3125 496 3179 mensitas
523 3124 816 3180 donorum.
849 3128 994 3181 Nam
1014 3129 1299 3183 seternitas
1327 3147 1473 3197 vera,
1516 3131 1660 3186 sicut
1690 3132 1816 3204 qui-

211 3213 346 3268 dam
375 3213 672 3280 definiunt,
704 3220 791 3269 est
817 3215 1248 3272 interminabilis
1281 3218 1403 3274 vita:
1425 3225 1543 3275 tota
1573 3221 1741 3276 simul
1763 3228 1820 3276 et

210 3302 467 3374 perfecta
495 3304 803 3373 possessio;
837 3306 971 3377 quia
991 3323 1092 3361 nec
1117 3308 1226 3361 fine
1255 3309 1551 3375 clauditur,
1571 3327 1672 3365 nec
1695 3311 1819 3366 bea-

209 3391 463 3447 titudine
491 3399 775 3448 vacuatur.
811 3395 875 3450 In
903 3412 1015 3466 qua
1041 3396 1282 3467 denique
1324 3399 1638 3453 aeternitate
1663 3400 1822 3454 Chri-

212 3489 354 3545 stus,
385 3483 506 3552 jam
549 3481 894 3550 benedictus,
939 3486 999 3539 in
1039 3503 1136 3540 ore
1177 3488 1519 3559 prophetico,
1554 3505 1618 3543 ex
1673 3490 1820 3545 dono

213 3571 420 3642 gratia
449 3572 808 3643 praedicatur.
840 3573 934 3627 ubi
971 3576 1317 3645 praeteritum
1349 3593 1449 3647 pro
1491 3577 1682 3632 futuro
1727 3595 1820 3650 ap-

212 3664 430 3736 posuit.
489 3665 614 3719 Non
645 3664 1018 3737 qualicunque
1056 3667 1228 3738 igitur
1272 3669 1679 3735 benedictione,
1721 3671 1818 3724 sed

213 3754 366 3808 sicut
381 3754 686 3824 Apostolus
705 3756 976 3826 exposuit,
1003 3757 1156 3811 omni
1174 3757 1562 3813 benedictione
1580 3759 1817 3830 spiritali

213 3841 271 3897 in
297 3841 628 3897 caelestibus
656 3843 981 3900 benedictus
1010 3848 1355 3917 perhibetur.
1385 3849 1454 3903 Et
1483 3849 1812 3916 notandum,

215 3931 369 4002 quod
402 3947 517 3984 non
544 3931 851 3986 secundum
881 3939 1140 3989 naturam
1172 3935 1229 3990 in
1259 3953 1368 4008 qua
1395 3937 1621 4008 genitus
1662 3944 1746 3992 est
1784 3954 1818 3991 a

215 4017 410 4082 Patre,
443 4017 542 4072 sed
567 4020 874 4074 secundum
904 4038 1073 4092 quam
1113 4029 1282 4078 natus
1325 4031 1428 4091 est,
1459 4025 1515 4079 in
1547 4041 1658 4097 qua
1683 4041 1818 4096 gra-

213 4106 380 4171 tiam,
417 4107 684 4179 percepit,
725 4109 820 4164 sed
865 4110 1222 4167 immensam.
1256 4114 1381 4186 Ipse
1429 4121 1514 4169 est
1550 4115 1700 4170 enim
1725 4115 1820 4187 qui

214 4195 333 4263 dat,
356 4195 479 4266 ipse
501 4197 597 4268 qui
615 4198 845 4269 accipit;
877 4206 932 4254 et
961 4201 1094 4272 quia
1110 4208 1311 4274 potens
1327 4209 1412 4258 est
1431 4204 1555 4258 aliis
1576 4205 1646 4259 ad
1668 4221 1819 4259 men-

211 4301 411 4340 suram
439 4285 690 4357 accipere
721 4287 813 4342 :in
842 4288 1022 4344 forma
1069 4291 1218 4346 enim
1245 4293 1346 4347 Dei
1376 4310 1608 4348 manens
1639 4294 1817 4366 Spiri-

1910 1789 2155 1860 profecto
2187 1807 2390 1861 magna
2421 1799 2554 1845 sunt
2582 1793 2810 1862 praemia
2838 1800 3229 1853 remuneratis.
3262 1801 3395 1864 Quae
3417 1803 3508 1857 ni-

1909 1878 2116 1932 mirum
2145 1878 2292 1932 dona
2319 1879 2365 1933 si
2390 1887 2685 1934 servantur
2705 1882 2889 1952 digne,
2922 1885 3034 1948 iam
3058 1887 3179 1957 ipsa
3209 1896 3342 1942 sunt
3369 1908 3506 1960 prm-

1909 1968 2022 2021 mia
2050 1967 2489 2038 mercedis,quia
2511 1986 2622 2023 non
2652 1987 2717 2024 ex
2739 1981 2921 2026 vestro
2954 1973 3171 2029 habetis
3201 1994 3322 2046 quae
3354 1980 3503 2034 novi-

1905 2057 2026 2121 stis,
2044 2057 2140 2110 sed
2170 2074 2236 2110 ex
2265 2074 2497 2111 munere
2520 2059 2822 2128 largitoris,
2839 2063 3013 2116 multo
3037 2064 3221 2119 minus
3243 2072 3305 2121 ut
3322 2073 3505 2124 custo-

1907 2146 2072 2200 diatis
2085 2146 2232 2200 dona
2253 2147 2453 2200 eximia
2465 2164 2586 2218 quae
2609 2150 3031 2220 accepistismisi
3053 2153 3170 2224 ipse
3192 2156 3499 2227 donaverit,

1907 2242 1972 2290 ut
2000 2236 2376 2306 permaneatis
2405 2236 2461 2290 in
2480 2237 2566 2291 his
2588 2255 2709 2309 quae
2742 2240 2981 2294 vovistis.
3007 2242 3148 2306 Quia
3177 2248 3291 2300 nisi
3320 2249 3502 2302 Domi-

1911 2343 2015 2381 nus
2035 2327 2382 2393 a'diﬁcaverit
2403 2328 2648 2393 domum,
2669 2331 2730 2382 in
2751 2345 2959 2384 canum
2982 2331 3502 2406 laborant,quicun-

1911 2429 2018 2482 que
2049 2416 2320 2482 mdificant
2350 2432 2467 2468 eam
2494 2436 2506 2475 ;
2549 2423 2605 2470 et
2635 2421 2747 2472 nisi
2776 2419 3043 2474 Dominus
3071 2425 3391 2480 custodierit
3419 2429 3500 2482 ci-

1907 2507 2130 2556 vitatem
2153 2504 2335 2557 cordis
2365 2510 2462 2558 aut
2493 2506 2676 2560 carnis
2706 2513 2931 2578 nostrae,
2947 2511 3163 2576 frustra
3186 2517 3383 2581 vigilat
3404 2520 3504 2584 qui

1913 2593 2192 2646 custodiat
2222 2611 2340 2646 eam
2372 2597 2535 2654 (Psal.
2560 2610 2734 2658 CXXVI,
2760 2597 2834 2660 1).
2857 2597 3495 2673 Idcirco,dilectissima2,

1911 2682 1990 2734 sic
2027 2681 2296 2738 laborate.
2328 2682 2516 2754 sicque
2562 2685 2980 2739 coaedificamini
3022 2687 3079 2741 in
3124 2689 3378 2757 invicem,
3419 2693 3498 2748 sic

1908 2771 2200 2824 sollicitius
2228 2771 2451 2840 vigilate
2483 2773 2539 2826 in
2571 2773 2848 2839 omnibus,
2884 2780 2947 2828 ut
2967 2781 3148 2830 totum
3180 2779 3292 2832 Deo
3320 2780 3499 2852 depu-

1903 2859 2035 2913 tetis
2061 2859 2207 2930 quod
2225 2859 2459 2918 habetis.
2480 2861 2612 2932 quia
2631 2879 2837 2931 magna
2856 2870 2989 2917 sunt
3009 2881 3131 2936 quae
3152 2869 3495 2939 percepistis.

1901 2949 2106 3003 Totum
2157 2948 2239 3002 illi
2282 2950 2615 3004 committite
2645 2952 2790 3021 quod
2823 2953 3167 3024 percepistis,
3213 2957 3347 3026 quia
3375 2960 3498 3029 ejus

1901 3043 2034 3092 sunt
2058 3054 2310 3104 munera,
2344 3047 2408 3093 ut
2431 3047 2723 3093 serventur
2750 3040 2903 3094 vobis
2943 3041 3082 3096 bene
3123 3045 3270 3115 apud
3314 3045 3498 3117 ipsum

1900 3127 2195 3192 custodita,
2230 3144 2408 3198 usque
2450 3128 2508 3181 in
2549 3128 2696 3182 diem
2743 3134 2964 3184 mternze
3003 3135 3497 3193 remunerationis.

1903 3215 2068 3269 Illum
2093 3216 2383 3269 sectamini
2405 3216 2800 3288 decorem,quo
2822 3235 3058 3288 sponsus
3082 3227 3268 3275 vester
3282 3224 3498 3294 specio-

1903 3321 1997 3358 sus
2035 3304 2370 3375 praedicatur
2399 3311 2454 3358 et
2487 3305 2751 3376 pulcher;
2791 3306 2946 3360 illam
2977 3316 3194 3364 servate
3229 3312 3494 3381 gratiam,

1905 3411 2026 3464 quae
2055 3393 2210 3446 vobis
2235 3394 2289 3446 in
2307 3393 2401 3446 illo
2423 3393 2574 3458 data,
2589 3395 2872 3464 laudatur,
2896 3398 3088 3468 utipse
3109 3405 3165 3453 et
3183 3400 3339 3456 vobis
3359 3402 3498 3458 illud

1902 3482 2053 3536 dicat
2075 3482 2144 3536 de
2171 3481 2415 3536 Canticis
2447 3495 2458 3529 :
2492 3484 2730 3536 Pulchra
2760 3501 2828 3550 es,
2856 3489 3037 3539 amica
3065 3504 3212 3552 mea;
3247 3492 3498 3546 columba

1903 3574 2413 3636 mea,immaculata
2436 3587 2554 3624 mea
2567 3573 2804 3639 pulchra
2823 3591 2838 3637 ;
2865 3589 3014 3640 gena:
3029 3580 3134 3629 tua:
3150 3582 3210 3630 ut
3229 3584 3496 3648 turturis,

1902 3664 2050 3715 oculi
2066 3663 2151 3713 tui
2167 3662 2550 3713 columbarum
2569 3662 2751 3724 (Cant.
2775 3661 3127 3726 II,16).Tunc
3150 3664 3338 3736 itaque
3357 3667 3498 3723 bene

1901 3755 2196 3804 servantur
2239 3748 2446 3802 fcedera
2490 3749 2834 3818 nuptiarum.
2867 3751 2914 3804 si
2963 3768 3026 3804 ex
3069 3759 3306 3824 utraque
3337 3762 3496 3826 parte

1900 3839 2247 3910 impenditur
2275 3854 2435 3892 amor
2453 3843 2618 3890 castae
2654 3837 2985 3902 dilectionis,
3013 3845 3069 3893 et
3089 3843 3276 3910 pudor
3303 3861 3496 3915 perpe-

1901 3926 2371 3992 tuaecastitatis,si
2393 3927 2730 3998 respondeat
2755 3927 2812 3980 in
2833 3927 3067 3981 invicem
3089 3929 3495 3999 pulchritudini

1901 4018 2082 4071 forma
2101 4025 2157 4071 et
2183 4016 2388 4082 decori,
2423 4017 2468 4070 si
2500 4015 2752 4086 invigilet
2780 4033 2997 4070 morum
3020 4017 3359 4088 probitas,et
3373 4020 3498 4075 dili-

1905 4107 2095 4177 gentia
2123 4113 2288 4161 castaa
2327 4105 2747 4171 observationis,
2780 4122 2850 4160 ne
2890 4106 2946 4159 in
2981 4107 3093 4161 ullo
3132 4107 3370 4163 laedatur
3399 4111 3494 4181 jus

1904 4197 2132 4251 amoris.
2160 4196 2305 4260 Quia
2335 4201 2544 4266 quanto
2573 4195 2822 4248 tenerius
2850 4194 3028 4250 fervet
3051 4213 3211 4250 amor
3238 4198 3491 4268 intimus,

1903 4293 2061 4342 tanto
2100 4286 2284 4340 acrius
2312 4285 2554 4339 offensus
2583 4283 2652 4337 ab
2682 4301 2887 4355 sponsa
2909 4283 3134 4340 laeditur
3162 4304 3418 4358 sponsus.

212 4379 339 4428 tum
365 4374 485 4438 dat,
525 4375 765 4430 formam
802 4378 946 4432 servi
971 4380 1247 4452 accipiens
1289 4382 1559 4453 Spiritum
1596 4383 1814 4454 accipit.
1837 4377 1884 4435 D
1974 4377 2131 4432 Unde
2173 4392 2242 4429 ne
2283 4373 2606 4428 blandiatur
2636 4373 2778 4428 forte
2810 4375 2962 4445 virgo
2993 4376 3203 4430 Christi
3243 4379 3401 4448 quasi
3430 4397 3496 4435 ex

214 4464 412 4536 Ipsum
436 4481 683 4536 namque
712 4483 878 4538 quem
907 4468 976 4522 ad
1004 4486 1328 4525 mensuram
1359 4471 1475 4538 dat,
1505 4478 1685 4527 totum
1725 4489 1818 4527 ac-

215 4551 374 4623 cipit.
399 4552 486 4606 Ad
517 4570 836 4610 mensuram
857 4557 1062 4628 quippe
1082 4558 1181 4612 dat
1203 4559 1395 4614 multis
1422 4560 1570 4626 ﬁliis,
1593 4560 1690 4614 sed
1707 4576 1818 4615 non

215 4641 290 4695 ad
319 4657 646 4698 mensuram
676 4645 880 4717 accipit
908 4647 1106 4702 unicus
1126 4647 1317 4716 Filius,
1351 4649 1483 4721 quia
1510 4649 1590 4704 sic
1617 4655 1702 4704 est
1723 4666 1818 4704 ve-

213 4747 314 4786 rus
348 4731 539 4799 homo,
570 4739 634 4788 ut
659 4751 821 4790 verus
846 4737 920 4790 sit
943 4737 1112 4792 Deus.

286 4821 391 4876 His
421 4839 668 4894 namque
697 4831 754 4880 et
784 4826 1168 4896 hujuscemodi
1197 4827 1398 4895 verbis,
1431 4830 1519 4884 lex
1553 4831 1690 4885 Novi
1716 4830 1816 4888 Te-

213 4911 486 4965 stamenti
529 4912 826 4968 testificata
868 4921 956 4969 est
998 4933 1031 4970 a
1077 4916 1200 4986 lege
1240 4924 1298 4971 et
1326 4919 1632 4989 prophetis,
1667 4922 1814 4992 quod

209 4999 332 5070 ipse
360 5000 435 5055 sit
465 5001 724 5057 Christus
749 5004 838 5059 cui
869 5004 1062 5059 datum
1094 5012 1180 5060 est
1205 5023 1421 5074 nomen,
1456 5011 1600 5077 quod
1624 5017 1698 5062 est
1727 5027 1816 5064 su-

203 5104 310 5157 per
350 5105 516 5142 omne
557 5108 754 5146 nomen
805 5095 1024 5164 (Philip.
1067 5110 1124 5158 η,
1166 5095 1246 5164 9);
1281 5098 1547 5166 quoniam
1588 5105 1818 5170 propter

207 5177 654 5234 misericordiam
701 5187 758 5235 et
811 5184 1100 5239 veritatem
1133 5186 1508 5256 magniﬁcavit
1541 5188 1813 5244 Dominus

208 5285 383 5341 super
433 5286 600 5324 omne
641 5287 848 5327 nomen
877 5279 1130 5328 sanctum
1159 5292 1344 5335 suum,
1378 5277 1435 5329 in
1473 5294 1584 5346 quo
1623 5279 1812 5347 posuit

210 5376 437 5414 omnem
487 5360 927 5416 benedictionem
970 5363 1276 5419 divinitatis
1331 5366 1399 5418 Et
1435 5383 1504 5419 ne
1543 5367 1805 5433 aestimes,

207 5449 366 5521 virgo
387 5450 856 5522 Christi,semper
883 5452 1328 5509 benedictionem
1357 5471 1477 5509 esse
1508 5455 1565 5509 in
1596 5456 1811 5510 invoca-

205 5537 458 5598 tionibus
484 5546 543 5596 et
570 5539 1058 5614 precibus,quibus
1077 5549 1494 5618 consequantur
1509 5544 1809 5602 charisma-

1900 4467 2131 4522 lenitate
2151 4464 2362 4537 sponsi,
2399 4464 2594 4518 audiat
2621 4464 2752 4534 quia
2767 4464 3017 4533 gladium
3044 4472 3248 4536 portat,
3271 4472 3326 4520 et
3354 4469 3496 4524 zelo-

1901 4564 2068 4629 typus
2081 4572 2202 4610 esse
2226 4554 2657 4609 minatur.Unde
2675 4554 2932 4623 sequitur
2959 4572 2968 4606 :
3004 4554 3297 4622 Accingere
3307 4559 3493 4623 gladio

1905 4653 1994 4700 tuo
2013 4661 2175 4714 super
2194 4648 2382 4712 femur
2399 4649 2577 4706 tuum,
2594 4645 2989 4712 potentissime.
3007 4642 3164 4706 Quod
3179 4644 3225 4697 si
3246 4643 3386 4698 bene
3412 4645 3494 4700 fe-

1901 4735 2122 4800 ceris,si
2153 4734 2362 4787 foedera
2387 4731 2692 4786 servaveris
2725 4731 3106 4802 sponsalitatis
3138 4738 3268 4800 tum,
3296 4740 3493 4805 potens

1899 4831 1985 4880 est
2015 4832 2071 4878 et
2094 4823 2250 4878 fortis
2273 4822 2419 4876 illius
2448 4821 2613 4890 regis,
2668 4837 2832 4891 quem
2860 4821 3067 4875 duxisti
3094 4839 3360 4894 sponsum
3393 4825 3493 4880 ad-

1897 4915 2131 4985 implere
2160 4912 2408 4967 libellum
2439 4910 2601 4963 dotis.
2640 4909 2737 4963 Sin
2770 4914 2956 4963 autem
2987 4910 3240 4982 improbe
3271 4913 3490 4981 vixeris,

1899 5006 2064 5058 time:
2094 5002 2226 5073 quia
2253 5001 2322 5054 de
2351 5015 2445 5052 ore
2475 4999 2595 5068 ejus
2615 4999 2836 5068 gladius
2856 4999 3150 5069 fulgurans
3173 5019 3236 5054 ex
3258 5010 3493 5073 utraque

1899 5101 2057 5165 parte
2089 5091 2226 5145 exiit
2255 5094 2450 5143 acutus
2480 5093 2536 5141 et
2580 5087 2860 5140 elimatus.
2916 5089 3057 5143 Hinc
3109 5108 3329 5161 quoque
3367 5097 3494 5161 post

1898 5182 2182 5252 egregiam
2211 5179 2449 5232 formam
2477 5175 2851 5247 (lecoris,post
2869 5179 3111 5247 gratiam
3141 5180 3400 5232 ditl'usam
3433 5180 3490 5235 in

1892 5273 2075 5334 labiis,
2107 5277 2232 5342 post
2261 5266 2703 5322 benedictionem
2737 5274 3056 5338 perceptam
3083 5274 3300 5322 aeterna:
3322 5269 3495 5324 luere-

1891 5363 2104 5426 ditatis,
2147 5361 2456 5430 imperatur
2503 5373 2537 5410 a
2588 5357 2752 5409 Patre
2809 5363 2872 5411 ut
2927 5357 3252 5427 accingatur
3305 5359 3494 5429 gladio

1891 5470 2005 5506 suae
2027 5449 2374 5506 fortitudinis
2404 5447 2473 5501 ad
2505 5445 2776 5500 ultionem
2809 5445 3274 5513 inimicorum,ad
3306 5465 3491 5519 repre-

1891 5543 2220 5599 hensionem
2241 5535 2765 5603 contradicentium,
2793 5535 2863 5590 ad
2891 5537 3271 5592 conservanda
3299 5552 3489 5592 rerum
