3918 6166
519 236 658 293 1027

1298 233 1353 287 S.
1399 232 1776 288 PASCHASII
1819 230 2179 287 RADBERTI
2220 232 2523 288 ABBATIS
2560 231 3049 290 CORBEIENSIS.

3600 241 3698 302 1028

517 362 768 418 omnium
794 360 945 433 jura,
974 364 1038 414 ut
1079 360 1139 412 in
1182 373 1314 427 pace
1346 357 1461 411 sint
1500 358 1691 410 omnia
1732 373 1849 426 quae
1880 356 2111 425 possidet
2132 356 2179 414 Α
2199 342 2445 427 liquisse,
2475 357 2729 429 duraque
2758 358 3046 429 praesentis
3075 359 3198 416 vitae
3227 376 3321 432 pro
3348 361 3532 419 Christi
3556 382 3703 423 amore

519 454 650 520 (Luc
669 466 742 515 x1,
765 451 799 506 ‘2
814 450 825 505 I
842 458 874 515 ).
898 451 981 503 Ne
1004 448 1150 502 ullus
1169 447 1237 501 de
1254 446 1498 499 vindicta
1528 452 1561 511 |
1581 449 1772 510 τω
1785 445 1993 515 cogitet
2009 461 2123 498 ser-

516 558 734 601 vorum,
758 541 890 594 dum
918 539 1122 592 viderit
1150 536 1497 608 praeliantem
1526 535 1828 588 Dominum
1852 551 2119 589 mucrone

516 630 747 685 ultionis
769 628 1181 683 accinctum.Et
1196 627 1321 679 ideo
1339 625 1544 695 gaude,
1565 624 1739 694 virgo,
1761 624 1865 677 etsi
1883 623 2113 693 fragilis,

516 716 719 786 gaude,
763 729 985 784 sponsa,
1020 712 1147 765 hinc
1192 711 1321 764 inde
1365 710 1470 763 etsi
1510 709 1658 762 inter
1687 708 1899 762 medios
1932 709 2119 762 hostes

517 803 812 858 ambulans
828 802 991 872 plena
1010 798 1323 853 formidinis
1345 817 1356 865 ;
1377 797 1509 868 quia
1532 797 1898 851 fortissimum
1918 796 2119 851 duxisti

518 908 781 963 sponsum
809 898 869 943 et
884 887 1456 951 armatum.Quinimo
1476 902 1698 939 armare
1720 891 1776 938 et
1792 885 1910 955 ipsa
1932 884 2118 955 gladio

517 980 669 1033 verbi
699 978 890 1032 divini.
919 978 987 1031 de
1013 994 1122 1048 quo
1146 976 1228 1029 ait
1251 975 1552 1045 Apostolus
1577 994 1588 1028 :
1613 976 1677 1028 Et
1706 976 1961 1040 gladium
1992 976 2117 1041 Spi-

514 1072 661 1122 ritus
691 1069 970 1129 assumite,
998 1067 1141 1135 quod
1163 1069 1235 1118 est
1276 1066 1503 1117 verbum
1535 1065 1632 1116 Dei
1657 1063 1871 1134 (Ephcs.
1902 1077 1977 1126 vl,
2010 1063 2115 1132 17),

515 1162 793 1229 quatenus
824 1163 880 1210 et
912 1157 1032 1227 ipsa
1051 1161 1149 1209 tuo
1179 1159 1398 1207 armata
1428 1151 1765 1223 respondeas
1796 1168 2117 1222 propugna-

515 1246 625 1300 tori
656 1262 720 1299 ac
750 1244 1048 1299 defensori.
1086 1244 1263 1306 Quem
1293 1257 1428 1294 sane
1460 1240 1642 1294 locum
1677 1240 1875 1294 melius
1906 1256 1998 1294 vos
2029 1240 2118 1294 in-

514 1336 770 1405 telligere
795 1348 907 1387 non
937 1332 1180 1401 ambigo,
1215 1347 1336 1401 qua:
1365 1330 1435 1383 ab
1457 1329 1685 1383 ineunte
1714 1334 1878 1383 aetate
1910 1329 2117 1383 Christi

511 1424 701 1495 gladio
721 1423 956 1476 viriliter
971 1418 1561 1482 succinctm,didicistis
1584 1419 1887 1473 multarum
1917 1418 2119 1472 solatio

514 1529 579 1566 ac
610 1514 653 1565 si
687 1513 747 1565 in
777 1511 895 1565 acie
918 1510 1139 1563 fortiter
1167 1524 1440 1580 pugnare.
1460 1508 1534 1562 Ut
1559 1508 1746 1562 sciatis
1767 1514 1953 1562 autem
1977 1524 2120 1562 sem-

514 1618 615 1671 per
647 1600 1025 1669 virginitatem
1048 1614 1170 1652 esse
1186 1597 1389 1651 debere
1405 1601 1703 1661 armatam,
1727 1613 1791 1650 ac
1815 1596 1860 1650 si
1887 1613 1944 1650 ιη
1965 1597 2114 1662 acie;

2207 445 2484 499 sustinere
2507 446 2800 518 dispendia
2824 449 2967 513 vitae,
3005 455 3062 503 et
3088 449 3410 520 sempiterna
3435 451 3706 524 infatigabili

2202 533 2391 587 labore
2421 537 2661 590 sectari?
2692 539 2738 590 A
2764 554 2873 608 quo
2903 554 3067 592 nemo
3114 539 3293 609 potuit
3328 557 3414 594 vos
3451 544 3704 612 retrahere;

2202 639 2314 676 non
2331 641 2491 678 amor
2502 625 2621 691 viri,
2649 642 2760 679 non
2783 626 3025 680 ﬁliorum
3040 627 3211 682 chara
3230 628 3448 694 vincula,
3470 646 3563 684 non
3577 631 3707 687 ullius

2201 713 2475 782 asperitas
2529 714 2672 779 vitae,
2729 731 2840 769 non
2869 716 3145 785 tragilitas
3173 718 3368 777 carnis.
3397 734 3496 772 non
3528 719 3711 775 oblecta-

2205 807 2393 855 menta
2413 802 2758 857 deliciarum
2792 805 2995 870 Omnia
3018 806 3263 876 quidem,
3295 808 3711 872 sanctissimam-

2201 890 2370 943 castis
2401 896 2456 943 et
2488 891 2693 946 vicistis
2742 893 2963 948 fortiter
2992 909 3004 943 :
3036 901 3259 949 tantum
3288 896 3465 951 hortor
3498 899 3712 953 sustinen-

2201 980 2339 1034 tiam
2369 998 2545 1052 usque
2577 982 2633 1036 in
2660 984 2827 1037 ﬁnem
2850 984 2907 1038 in
2936 1000 3003 1038 ea
3038 984 3297 1046 mittatis,
3328 985 3488 1040 donec
3514 985 3710 1040 brevium

2201 1070 3120 1143 apprehendatis.Quoniam,juxta
3140 1074 3473 1145 Apostolum,
3491 1076 3713 1130 tribulatio

2195 1161 2535 1225 patientiam
2557 1167 2840 1229 operatur,
2863 1166 3141 1231 patientia
3180 1169 3360 1217 autwn
3386 1166 3711 1230 probationem,

2194 1247 2446 1314 probatio
2476 1264 2599 1301 vero
2630 1266 2797 1317 spem,
2849 1266 2965 1319 spes
3009 1257 3195 1305 autem
3239 1266 3348 1305 non
3382 1250 3711 1306 contunditur:

2200 1337 2333 1403 quia
2353 1337 2598 1391 charitas
2630 1340 2727 1392 Dei
2752 1340 2955 1407 (ii/[usa
2992 1347 3067 1395 est
3093 1343 3158 1395 in
3180 1343 3425 1395 cordibus
3451 1344 3715 1409 nostris,pcr

2201 1422 2480 1492 Spiritum
2526 1434 2784 1483 sanctum.
2815 1430 2979 1490 (Rom.
3006 1447 3058 1497 v,
3092 1428 3225 1496 3-5),
3259 1446 3358 1501 pro
3398 1431 3541 1501 cujus
3577 1446 3717 1484 amore

2201 1514 2389 1568 omnia
2416 1517 2727 1583 sustinetis,
2758 1523 2817 1572 et
2844 1517 3153 1589 reliquistis
3183 1536 3509 1591 quascunque
3532 1519 3718 1590 pretiosa

2201 1601 2409 1658 habere
2437 1606 2717 1676 potuistis,
2753 1607 2985 1678 insuper
3004 1624 3136 1663 cum
3156 1609 3305 1664 vitiis
3324 1615 3379 1664 et
3405 1608 3719 1679 concupiscen-

517 1689 649 1760 quid
677 1688 966 1759 gentilitas
996 1687 1165 1741 variis
1193 1686 1389 1740 delusa
1426 1685 1709 1740 erroribus
1732 1686 1838 1740 sibi
1870 1686 2112 1747 ﬁnxerit,
2141 1670 2292 1750 Btiis
2336 1670 2490 1749 inuis
2538 1670 2745 1749 Christi
2775 1670 3048 1752 ειιεξ-ίιθιε
3096 1703 3393 1769 compacta
3417 1670 3716 1752 οωοίῇχίειίε,

514 1778 870 1832 recolendum
919 1792 1138 1841 censeo,
1206 1775 1339 1847 quia
1384 1774 1627 1845 virgines
1685 1791 1817 1829 suas
1864 1780 2113 1828 armatas

512 1882 847 1938 semperque
868 1865 1146 1920 accinctas
1158 1863 1348 1934 gladio
1361 1863 1553 1916 multis
1569 1879 1873 1935 exposuere
1884 1864 2114 1933 ﬁgmen-

510 1956 602 2010 tis.
620 1955 728 2010 Sed
759 1960 816 2008 et
844 1953 1115 2008 Dominus
1136 1950 1622 2020 succinctosjubet
1642 1951 1860 2006 lumbos
1887 1951 2110 2017 habere,

510 2052 567 2100 et
594 2045 851 2099 lucernas
883 2042 1027 2096 ferre
1058 2043 1115 2095 in
1144 2041 1420 2095 manibus.
1451 2042 1519 2095 Et
1548 2041 1809 2095 Salomon
1835 2041 1893 2094 in
1923 2040 2115 2095 Canti-

508 2134 588 2188 cis
609 2135 895 2201 sexaginta
910 2136 1169 2202 potentes
1189 2131 1473 2197 describit,
1500 2131 1568 2185 de
1599 2133 1865 2196 fortissim
1876 2134 1920 2183 is
1942 2133 2111 2184 Israel

507 2223 566 2278 in
594 2222 829 2277 circuitu
859 2222 1059 2283 Chore,
1089 2237 1273 2273 omnes
1303 2226 1537 2274 tenentes
1556 2219 1826 2288 gladium,
1848 2217 2109 2271 doctissi-

509 2330 630 2367 mos
661 2313 731 2367 ab
762 2312 988 2376 bellum,
1022 2311 1170 2364 viros
1206 2311 1482 2364 accinctos
1509 2308 1697 2380 gladio
1728 2324 1892 2376 super
1925 2309 2113 2375 femur

506 2419 673 2457 suum
705 2402 881 2456 (Cant.
916 2415 994 2466 III,
1029 2400 1101 2465 8).
1156 2400 1314 2464 Quod
1364 2405 1553 2454 autem
1606 2398 1789 2451 femur
1837 2396 2114 2467 signiﬁcet

508 2507 681 2563 opera
703 2490 1026 2562 nuptiarum
1058 2489 1221 2543 docet
1248 2488 1531 2542 Abraham
1557 2488 1711 2553 (Gen.
1734 2501 1882 2549 xxxx,
1914 2486 1990 2555 2),
2017 2485 2113 2556 qui

499 2580 663 2651 jubet
683 2596 903 2634 servum
927 2580 1122 2649 jurare
1140 2577 1196 2631 in
1225 2578 1348 2648 ejus
1371 2578 1599 2634 femore.
1619 2593 1720 2647 per
1748 2576 1926 2630 Deum
1958 2576 2100 2639 cmli,

2196 1784 2356 1839 Unde
2377 1782 2519 1837 bene
2542 1784 2695 1839 locus
2709 1801 2819 1856 quo
2839 1786 3162 1841 conduntur
3177 1803 3306 1842 ossa
3323 1791 3442 1858 post
3457 1786 3600 1840 ﬁnem
3612 1784 3714 1851 vita,

2195 1890 2231 1927 a
2283 1873 2588 1943 majoribus
2617 1873 2750 1927 olim
2781 1873 3072 1929 dedicatus
3101 1881 3190 1930 est
3233 1876 3291 1930 in
3332 1876 3528 1929 honore
3565 1879 3717 1928 sancte

2199 1962 2684 2032 crucis,quatenus
2706 1963 2959 2017 membra
2975 1981 3099 2035 qum
3126 1965 3382 2019 tulerunt
3397 1962 3717 2031 crucemlonge

2198 2050 2406 2121 diuque
2433 2051 2722 2115 Christi,in
2750 2053 3146 2123 angariam,ibi
3178 2052 3714 2124 requiescanthumata,

2198 2156 2262 2193 ac
2290 2140 2337 2193 si
2368 2155 2598 2194 acervus
2651 2140 2848 2202 tritici,
2902 2142 3106 2196 vallata
3166 2142 3317 2206 liliis,
3348 2141 3438 2197 ubi
3471 2138 3717 2209 triumphus

2195 2228 2446 2297 ejusdem
2468 2234 2673 2282 sanctas
2696 2228 2894 2293 crucis,
2910 2236 2968 2284 et
2986 2230 3167 2284 honor
3187 2231 3471 2286 attollitur.
3489 2229 3581 2284 Sed
3604 2228 3715 2296 cujus

2194 2317 2399 2371 auxilio
2431 2318 2514 2371 vel
2546 2317 2870 2373 defensione
2903 2320 2999 2389 qui
3043 2319 3317 2391 pependit
3350 2319 3407 2374 in
3444 2335 3520 2383 ea,
3559 2315 3717 2371 felicius

2193 2408 2337 2462 sicut
2356 2407 2537 2460 lilium
2570 2406 2837 2477 paradisi,
2868 2407 3273 2477 germinabunt
3298 2408 3355 2462 in
3391 2407 3559 2462 futuro
3585 2403 3718 2458 viridi-

2195 2502 2311 2551 tate
2342 2500 2627 2567 perpetua.
2649 2494 2809 2559 Quod
2838 2494 2884 2548 si
2910 2495 3213 2552 humiliata
3225 2513 3371 2551 nunc
3393 2496 3449 2550 in
3472 2502 3611 2550 terra
3632 2491 3718 2563 pul-

2191 2601 2317 2640 vere
2345 2583 2723 2649 exsultabant,
2747 2584 2974 2639 demum
3006 2585 3296 2641 ﬂorebunt
3330 2602 3448 2640 cum
3477 2582 3658 2639 Christo
3676 2580 3717 2633 in

506 2669 602 2740 qui
639 2686 705 2724 ex
753 2686 818 2723 eo
848 2668 1165 2722 nasciturus
1196 2671 1319 2720 erat
1351 2683 1362 2718 :
1408 2683 1510 2720 nec
1537 2682 1649 2720 non
1689 2670 1747 2719 et
1783 2665 1840 2718 in
1886 2681 1971 2726 eo,
2010 2663 2107 2718 ubi
2192 2680 2484 2729 aster-num.
2536 2673 2718 2737 Quam
2746 2689 2904 2744 spem
2949 2690 3179 2745 semper
3206 2675 3262 2730 in
3295 2674 3416 2730 sinu
3443 2671 3717 2729 conﬁdenter

508 2759 768 2831 princeps
800 2758 869 2812 de
897 2757 1202 2812 femoribus
1236 2755 1393 2810 Iudas
1435 2754 1868 2826 repromittitur.
1913 2754 2021 2807 Sed
2052 2759 2109 2807 et
2188 2762 2463 2834 reponite,
2496 2778 2830 2833 semperque
2862 2763 3023 2833 quasi
3048 2779 3312 2819 acervum
3335 2757 3715 2825 testimonﬁﬁde

505 2848 675 2903 Jacob
705 2848 1013 2902 moriturus
1043 2847 1265 2915 adjurat
1290 2843 1566 2914 Josephin
1590 2844 1799 2897 temore
1822 2858 1925 2895 suo
1947 2842 2102 2911 (Gen.
2189 2858 2247 2907 ει
2264 2851 2529 2923 lacrymis
2558 2851 2965 2916 irrorateQuia
2976 2852 3093 2907 hac
3113 2859 3250 2908 sunt
3274 2869 3476 2925 organa
3492 2852 3542 2905 ίη
3565 2846 3715 2921 quibus

506 2951 674 3001 XLVII.
699 2936 811 3003 ‘29),
841 2953 911 2989 ne
934 2952 1062 2989 eum
1094 2932 1325 3004 εθρθιίειῑ
1354 2933 1411 2985 in
1441 2933 1696 3002 Egypto.
1732 2931 1863 2993 Qum
1893 2931 2102 2994 omnia.
2125 2986 2165 3007 η
2190 2939 2560 2994 efﬂoruerunt
2588 2939 3040 2995 seminamtcrnse
3062 2940 3380 2997 viriditatis.
3402 2941 3485 2996 Sic
3502 2948 3708 3007 namque,

505 3032 562 3079 et
587 3025 645 3079 in
676 3025 800 3078 aliis
825 3021 1165 3093 quibuslibet
1193 3020 1347 3085 locis,
1369 3025 1723 3073 sacramenta
1752 3024 1885 3072 sunt
1905 3018 2104 3072 nativi-
2123 3018 2166 3045 υ
2187 3028 2546 3093 charissima,
2580 3033 2767 3081 vestra
2795 3028 3051 3083 dedicata
3069 3036 3210 3085 sunt
3236 3036 3415 3085 castra
3435 3025 3717 3098 inept-eheu.

504 3114 637 3166 tatis
659 3111 886 3167 Christi.
906 3112 1046 3164 Nam
1067 3116 1123 3163 et
1142 3109 1485 3189 consuetudo
1508 3114 1609 3171 est,
1644 3123 1837 3161 eorum
1862 3107 2103 3162 maxime
2185 3115 2439 3179 sibiliter,
2487 3120 2552 3170 ut
2576 3116 2811 3170 doceant
2855 3133 2949 3171 vos
2987 3117 3200 3172 Christi
3229 3118 3470 3189 bajulare
3495 3114 3715 3175 militiam,

494 3186 600 3271 .qui
628 3201 685 3253 in
712 3200 858 3254 bello
886 3198 1057 3251 fortes
1087 3184 1209 3251 esse
1240 3197 1434 3250 volunt
1471 3213 1534 3249 ac
1578 3196 1813 3261 strenui,
1851 3196 2100 3266 gladium

504 3306 727 3361 semper
755 3288 1029 3342 accinctos
1049 3303 1218 3357 super
1250 3286 1432 3355 femur
1454 3302 1669 3355 gerere.
1710 3286 1815 3340 Ubi
1845 3292 1902 3339 et
1929 3303 2100 3356 spon-

502 3395 599 3433 sus
628 3395 661 3432 a
687 3380 851 3432 Patre
869 3376 1085 3445 accingi
1101 3375 1471 3446 jubetur,non
1487 3374 1860 3445 qualicunque
1884 3375 2094 3444 gladio,

500 3467 597 3521 sed
627 3468 771 3521 sicut
795 3466 852 3519 in
884 3465 1117 3520 Hebraeo
1149 3463 1421 3518 habetur:
1459 3465 1751 3530 Accingere
1785 3466 1972 3531 gladio
2007 3469 2100 3517 tuo

501 3572 666 3624 super
673 3558 879 3624 femur,
893 3556 1209 3622 fortissime,
1223 3556 1406 3620 gloria
1430 3557 1545 3614 tua,
1567 3557 1614 3605 et
1639 3554 1826 3606 decore
1854 3557 1965 3607 tuo.
1992 3552 2100 3607 Ubi

499 3646 687 3700 nescio
704 3661 816 3715 qua
843 3643 912 3697 de
940 3659 1127 3708 causa,
1149 3642 1295 3695 male
1321 3641 1381 3695 in
1406 3640 1685 3707 omnibus,
1714 3646 1831 3695 tam
1862 3641 1921 3695 in
1951 3643 2101 3696 Gras-

498 3734 579 3787 cis
608 3750 776 3804 quam
808 3732 867 3786 in
895 3732 1107 3786 Latinis
1135 3729 1436 3797 codicibus,
1464 3730 1638 3783 divise
1662 3730 1887 3800 legitur,
1904 3735 1966 3784 ut
1989 3747 2102 3800 spe-

500 3826 579 3877 cie
608 3829 724 3887 tua,
770 3827 818 3875 et
847 3821 1267 3890 pulchritudine
1299 3824 1415 3884 tua,
1463 3834 1576 3872 non
1604 3818 1675 3872 ad
1706 3818 1952 3889 priorem
1980 3836 2099 3873 ver-

500 3928 645 3977 sum,
673 3910 766 3965 sed
800 3910 867 3963 ad
900 3908 1225 3980 posterioris
1253 3907 1590 3979 principium
1615 3908 1888 3977 jungatur
1922 3907 2097 3972 Quem

495 4008 688 4056 tamen
713 3999 984 4070 gladium,
1018 3996 1113 4052 ubi
1136 3998 1220 4051 vel
1250 3996 1343 4051 ubi
1376 3996 1741 4067 intelligatur,
1758 3996 1908 4051 venit
1937 3999 2099 4052 Jesus

496 4090 558 4144 in
581 4095 792 4143 terram
825 4088 1067 4151 mittere,
1101 4086 1244 4141 sicut
1273 4087 1392 4157 ipse
1442 4086 1524 4139 ait
1554 4104 1564 4138 :
1605 4087 1725 4140 Non
1752 4089 1877 4140 veni
1908 4103 2096 4155 pacem

2186 3210 2242 3259 et
2264 3221 2483 3258 crucem
2517 3212 2740 3275 portare
2792 3211 2924 3276 post
2966 3207 3154 3277 ipsum
3204 3208 3261 3262 in
3291 3207 3575 3278 angariam.
3604 3203 3718 3258 Inter

2187 3310 2325 3364 quas
2354 3293 2548 3348 efﬁcax
2577 3294 2678 3348 Dei
2716 3292 2948 3348 verbum
2986 3296 3391 3366 penetrabilius
3420 3297 3559 3349 omni
3577 3290 3718 3360 gladio

2182 3385 2419 3450 ancipiti
2451 3385 2628 3453 (Hebr.
2664 3397 2736 3449 Iv,
2764 3382 2861 3453 1‘2)
2913 3391 3191 3450 versatur,
3228 3392 3285 3441 et
3318 3384 3520 3441 dirimit
3552 3378 3717 3449 cogita-

2184 3471 2367 3526 tiones
2378 3471 2725 3541 singulorum
2754 3471 3029 3538 cordium,
3051 3490 3115 3527 ac
3132 3474 3179 3528 si
3204 3475 3467 3530 discretor
3485 3472 3717 3543 spinarum

2189 3564 2246 3614 et
2275 3560 2540 3625 liliorum,
2575 3576 2854 3632 superque
2898 3561 3170 3630 intensor,
3204 3570 3269 3619 ut
3294 3561 3580 3635 perpendat
3612 3570 3715 3627 qua-

2183 3648 2313 3704 liter
2342 3666 2471 3704 eum
2484 3650 2745 3720 quaelibet
2773 3656 3024 3704 vestrum
3046 3651 3502 3725 diligat,qualiter
3527 3647 3715 3714 [268

2183 3742 2308 3808 post
2336 3754 2465 3791 eum
2513 3737 2770 3793 intendat
2797 3754 3042 3804 currere,
3074 3742 3383 3811 qualiterve
3427 3739 3492 3794 ad
3519 3737 3623 3807 ejus
3645 3747 3714 3785 vo-

2181 3826 2475 3894 luntatem,
2506 3827 2776 3882 virtutum
2832 3826 3121 3897 speciebus
3167 3830 3401 3901 singulae
3442 3844 3497 3882 se
3541 3824 3712 3881 ornent.

2176 3914 2342 3978 Quod
2374 3915 2421 3969 si
2453 3917 2694 3971 carnalis
2742 3934 2903 3972 amor
2937 3932 3346 3991 nonnunquam
3366 3918 3421 3972 in
3444 3909 3712 3986 conjugibus

2180 4003 2318 4057 talia
2346 4003 2434 4058 sui
2464 4005 2671 4060 amoris
2702 4009 2939 4078 requirit
2963 4015 3112 4075 vota,
3145 4024 3218 4062 ne
3247 4008 3396 4064 aliud
3437 4005 3555 4061 velit
3582 4011 3711 4073 quam

2180 4092 2299 4146 vult
2326 4109 2564 4163 sponsus
2598 4113 2609 4147 :
2646 4095 2778 4165 quid
2809 4103 2996 4168 putas,
3032 4114 3212 4164 soror,
3255 4097 3496 4152 Christus
3536 4092 3586 4146 in
3625 4083 3710 4141 suis

497 4180 717 4231 mittere
740 4180 799 4229 in
825 4182 1034 4229 terram
1059 4177 1149 4228 sed
1157 4177 1432 4243 gladium.
1455 4176 1598 4239 Veni,
1624 4174 1825 4244 inquit,
1840 4191 2096 4244 separare
2178 4180 2489 4251 virginibus
2511 4181 2615 4236 sibi
2644 4184 2883 4240 feliciter
2911 4188 3307 4258 dicatis,quam
3329 4186 3599 4256 diligenter
3611 4189 3709 4230 con-

499 4267 684 4332 ﬁtium
711 4264 973 4316 adversus
987 4268 1205 4331 patrem
1234 4279 1420 4325 suum,
1447 4268 1494 4315 et
1514 4266 1573 4329 ﬁt
1582 4268 1692 4316 iam
1705 4265 1963 4317 adversus
1980 4280 2097 4318 ma-
2114 4300 2160 4358 D
2178 4270 2389 4324 siderat
2408 4270 2611 4341 quibus
2633 4273 3028 4343 pulchrescant
3047 4275 3379 4331 virtutibus?
3405 4258 3710 4344 quibussead

499 4358 658 4418 trem,
691 4366 901 4405 nurum
932 4365 1153 4421 quoque
1176 4352 1433 4403 adversus
1462 4367 1679 4405 socrum
1703 4369 1861 4407 suam
1882 4354 2091 4420 (Matth.
2114 4347 2156 4358 ”
2178 4360 2649 4430 ejusvoluntatem
2678 4371 2881 4432 parant
2901 4366 3334 4432 ornamentis,et
3349 4364 3558 4432 tingunt
3572 4347 3709 4410 intus?

497 4458 553 4504 v,
583 4440 692 4510 3i);
724 4444 782 4493 et
821 4444 1005 4499 erunt,
1034 4437 1240 4507 inquit,
1270 4438 1380 4491 duo
1412 4438 1677 4493 adversus
1717 4445 1852 4504 tres,
1886 4446 1943 4495 et
1979 4447 2093 4497 tres

497 4530 763 4585 adversus
783 4528 945 4581 duos.
974 4528 1262 4595 Erantque
1285 4529 1509 4580 inimici
1546 4527 1785 4603 hominis
1814 4533 2096 4585 domestici

497 4619 827 4687 ejus.Quam
859 4614 1185 4669 divisionem
1219 4614 1408 4684 procul
1438 4613 1606 4669 dubio
1637 4616 1842 4671 Christi
1871 4619 2093 4689 gladius

497 4705 688 4760 attulit
716 4704 908 4758 nobis:
938 4710 995 4756 et
1024 4709 1086 4756 ut
1117 4702 1377 4772 quodidie
1398 4703 1650 4758 videmus
1679 4705 1861 4760 adhuc
1891 4708 2008 4777 agit
2035 4709 2091 4763 in

495 4794 682 4858 terris,
714 4810 782 4846 ne
814 4793 958 4846 male
999 4797 1236 4857 ιοεθτ
1272 4792 1523 4863 potiatur
1549 4794 1771 4848 animus
1791 4795 1955 4850 rebus
1988 4797 2092 4851 sibi

496 4900 530 4937 a
559 4887 760 4936 natura
791 4880 1083 4933 concessis.
1317 4866 1323 4873 ’

567 4970 709 5025 Hinc
735 4974 836 5027 est,
853 4968 1398 5040 dilectissimm,quod
1421 4968 1587 5024 rebus
1617 4988 1712 5024 vos
1744 4972 2091 5041 exspoliastis

2179 4449 2309 4520 quia
2340 4448 2568 4502 omnino
2598 4450 2885 4522 zelotypus
2908 4459 3013 4519 est,
3043 4459 3102 4507 et
3136 4469 3315 4524 usque
3342 4452 3409 4506 ad
3437 4444 3708 4503 divisionem

2176 4537 2396 4602 animae,
2412 4554 2744 4607 compagum
2765 4557 2986 4611 quoque
3011 4549 3065 4595 et
3083 4542 3466 4603 medullarum,
3490 4534 3709 4589 discretol'

2176 4626 2606 4695 cogitationum,
2635 4628 2987 4696 perlustrans
3008 4629 3457 4685 universa.Multo
3475 4622 3619 4684 enim,
3644 4629 3708 4667 εο-

2176 4731 2286 4782 ror,
2314 4714 2553 4769 interius
2584 4715 2828 4771 animam
2860 4719 3301 4791 uniuscujusque
3330 4722 3562 4773 nostrum
3585 4705 3706 4761 inha-

2176 4802 2319 4858 bitat
2342 4805 2519 4871 Deus;
2549 4810 2606 4859 et
2628 4805 2753 4860 ideo
2790 4823 2901 4861 non
2935 4809 3159 4879 ignorat
3186 4808 3314 4880 quid
3345 4804 3548 4875 cogitet.
3573 4805 3704 4867 quam

2174 4892 2364 4947 anima
2392 4893 2682 4964 proprium
2716 4895 2997 4951 inhabitat
3024 4914 3244 4969 corpus,
3268 4894 3513 4968 quoniam
3531 4889 3706 4944 creator

2173 4977 2266 5033 ille
2298 4981 2540 5051 Spiritus
2571 4987 2673 5044 est,
2707 4983 2813 5037 iste
2845 4991 3085 5040 creatus.
3104 4987 3170 5040 Et
3199 4987 3323 5041 ideo
3351 4994 3554 5051 semper
3571 4984 3702 5028 oran-

493 5058 789 5123 Omniblls;
815 5056 949 5148 hi9?
965 5057 1131 5148 (ὶυίῖίξν
1156 5057 1363 5111 relic-tis
1384 5058 2083 5148 parentibus-propinquis,
2172 5069 2307 5123 dum
2339 5076 2514 5133 est,ut
2535 5070 2777 5126 visitatio
2805 5074 2906 5128 Dei
2926 5076 3203 5130 custodiat
3216 5075 3460 5148 spiritum
3473 5072 3697 5124 nostrum.

492 5148 675 5204 charis
704 5153 760 5201 et
788 5143 1003 5209 amicis,
1056 5145 1144 5198 hic
1190 5162 1283 5198 vos
1313 5146 1414 5199 sub
1440 5148 1575 5217 jugo
1615 5148 1825 5207 Christi
1879 5155 2087 5203 aeterna
2170 5155 2414 5210 illustret
2441 5164 2498 5211 et
2527 5167 2800 5230 eXpurget
2826 5162 3017 5232 gladio
3046 5164 3221 5231 verbi,
3339 5162 3532 5217 resecet
3561 5163 3699 5224 puru-

491 5239 750 5292 clausura
776 5233 1094 5324 obserastis.
1149 5233 1536 5324 illnc,_relicto
1568 5244 1727 5307 patre
1769 5239 1851 5291 vel
1885 5246 2082 5302 matre,
2169 5244 2371 5299 lentias
2397 5247 3167 5324 cogitationummmnemque
3183 5253 3535 5309 titillationem
3553 5232 3699 5295 carnis

491 5327 743 5397 cognatis
788 5331 845 5379 et
870 5322 1037 5415 notis
1069 5321 1410 5415 quibuslibet
1438 5330 1494 5377 et
1526 5326 1673 5388 ﬁliis,
1712 5327 1813 5380 soli
1850 5328 2082 5381 Domino
2166 5347 2229 5387 ac
2262 5336 2469 5389 mentis
2499 5336 2806 5407 detergeat,
2839 5356 3053 5411 nosque
3073 5321 3305 5415 semper
3321 5356 3417 5395 sua
3442 5326 3694 5408 praecingat

488 5415 820 5504 adhzesistis.
854 5411 1000 5477 Quid
1054 5412 1215 5504 plura
1247 5428 1594 5504 enumerem,
1626 5432 1754 5469 cum
1809 5417 2081 5487 quidquid
2164 5422 2370 5477 virtute
2400 5429 2457 5478 et
2485 5423 2786 5494 illuminat,
2840 5435 2903 5484 ut
2931 5411 3225 5487 intendere
3254 5430 3511 5504 possimus
3533 5421 3694 5493 postea

488 5521 680 5563 rerum
712 5503 917 5558 habere
940 5500 1223 5573 potuistis,
1243 5500 1411 5556 etiam
1432 5508 1489 5558 et
1509 5511 1724 5561 vosmet
1749 5512 1969 5564 constat
1989 5525 2079 5564 re-
2164 5528 2286 5584 quae
2310 5513 2495 5584 jubet,
