3918 6166
244 197 259 255 l
273 196 375 256 029

1120 190 1499 248 EXPOSITIO
1538 191 1615 246 IN
1656 187 2003 245 PSALMUM
2040 187 2231 243 XLIV.
2278 218 2339 228 —
2380 189 2518 244 LIB.
2560 189 2633 245 II.

3382 184 3514 245 1030

304 318 441 375 Hinc
468 333 692 391 quoque
719 318 975 389 sequitur
1005 333 1107 373 vox
1136 317 1321 374 Patris
1344 317 1415 372 ad
1443 316 1647 371 Filium
1680 335 1691 369 :
1729 318 1823 370 ln-
1842 312 1965 375 Ain
1985 312 2236 381 Christo;
2263 329 2428 367 nemo
2452 314 2510 368 in
2535 314 2771 369 scientia
2791 332 2916 387 qua
2940 315 3120 379 inﬂat,
3145 328 3310 369 nemo
3330 286 3513 367 inali-

233 410 403 473 tende,
435 407 534 471 ait,
562 423 817 476 prospere
842 408 1083 475 procede,
1115 412 1164 460 et
1194 422 1386 474 regna.
1423 407 1597 460 Porro
1628 405 1686 459 in
1720 404 1826 458 He-

232 495 381 551 brao
399 496 572 551 habet
590 511 803 560 rursus,
830 495 1029 550 decore
1048 500 1174 562 tuo;
1200 501 1265 549 ut
1288 496 1362 549 sit
1376 511 1572 549 sensus
1593 512 1603 547 :
1627 494 1824 547 decore

225 587 325 637 tuo
341 598 608 654 prospere
628 582 886 645 ascende,
901 588 958 635 et
977 581 1266 652 accingere
1284 581 1471 653 gladio
1492 588 1611 640 tuo,
1626 579 1824 650 gloria,

225 676 284 725 et
315 671 514 726 decore
554 677 672 725 tuo.
703 670 957 726 Secundo
988 687 1137 736 vero,
1184 670 1381 725 decore
1410 677 1507 725 tuo
1541 670 1703 727 lecto,
1736 669 1827 723 in-

221 760 395 815 tende
422 776 705 832 prospere.
728 760 887 824 Quod
908 759 1112 814 idcirco
1132 760 1387 823 dixerim,
1413 777 1483 813 ne
1516 759 1639 829 quis
1670 763 1830 829 putet

220 848 280 903 in
312 848 589 903 Hebraico
613 847 811 903 vitium
843 847 1142 920 scriptoris
1160 865 1299 903 esse.
1326 849 1435 903 Sed
1461 853 1548 902 est
1570 847 1827 919 repetitio

221 937 474 991 nominis
503 937 714 1008 tropice
741 938 1001 1008 ﬁgurata,
1025 954 1179 1003 more
1208 938 1564 1009 panegyrico,
1591 954 1699 1008 quo
1727 953 1828 1007 ge-

218 1042 357 1080 nere
370 1025 694 1080 laudatores
706 1026 958 1080 rhetores
981 1032 1039 1080 et
1058 1028 1352 1080 saculares
1375 1026 1479 1079 viri
1497 1027 1822 1097 loquuntur,

222 1115 451 1188 quando
481 1115 598 1169 suis
626 1114 869 1169 efferunt
896 1115 1190 1186 praconiis
1212 1115 1358 1186 quod
1387 1115 1619 1169 laudare
1644 1116 1829 1169 decre-

213 1209 442 1259 verunt.
486 1203 575 1258 Sic
618 1202 811 1275 itaque
857 1204 1009 1259 Deus
1059 1204 1247 1268 Pater,
1297 1204 1486 1258 volens
1532 1204 1827 1259 instituere

215 1292 428 1349 Filium
448 1309 614 1347 suum
635 1292 833 1347 ducem
857 1292 1090 1347 humani
1109 1292 1352 1363 generis,
1378 1293 1450 1347 ad
1472 1294 1722 1363 pralium
1741 1310 1827 1348 ar-

216 1389 442 1438 matum
469 1397 598 1436 cum
620 1396 723 1435 suo
745 1381 991 1436 exercitu
1017 1382 1279 1436 hortatur
1296 1382 1366 1436 ad
1391 1381 1600 1437 bellum
1632 1400 1826 1454 proce-

216 1472 377 1537 dere,
396 1486 469 1526 ne
485 1470 657 1525 semel
674 1475 959 1542 arreptam
981 1470 1206 1525 deserat
1220 1472 1686 1526 monomachiam.
1707 1473 1825 1527 Imo

215 1575 397 1632 super
438 1558 688 1614 hostium
738 1564 955 1629 strages
1000 1559 1177 1613 victor
1229 1558 1515 1626 incedens,
1572 1561 1828 1616 intendat

1909 419 2019 473 qua
2038 418 2099 456 re
2118 402 2309 472 gloria
2326 403 2637 473 prasentis.
2654 405 2751 458 sed
2775 408 2875 473 qui
2893 408 3175 473 gloriatur
3196 407 3257 456 in
3281 404 3511 457 Domino

1907 495 2182 558 glorietur
2205 492 2252 556 (Ι
2279 491 2592 561 Uor.1,3l).
2618 493 2775 547 Unde
2815 494 3020 548 Paulus
3050 493 3132 546 ait
3159 511 3170 545 :
3195 494 3346 547 Absit
3369 491 3513 544 mihi

1909 583 2150 648 gloriari
2171 583 2285 634 nisi
2307 583 2370 634 in
2390 598 2547 635 cruce
2571 584 2797 635 Domini
2818 587 2997 636 nostri
3009 585 3134 636 Jesu
3159 582 3384 638 Christi.
3403 585 3509 634 etc.

1908 669 2109 733 (Galat.
2150 685 2227 733 XI,
2263 669 2376 737 14).
2410 671 2571 733 Quod
2611 670 2658 723 si
2703 671 2936 741 gloriari
2970 672 3069 737 vis,
3098 670 3272 740 virgo,
3299 670 3513 724 solum-

1914 758 2077 811 modo
2100 757 2156 811 in
2191 774 2255 811 eo
2274 758 2518 827 gloriare
2541 759 2635 829 qui
2660 766 2745 812 est
2765 760 3029 830 splendor
3050 760 3242 830 gloria
3271 759 3370 813 Dei
3402 758 3512 812 Pa-

1908 846 2032 907 tris,
2055 864 2292 917 sponsus
2312 848 2586 905 Ecclesia.
2609 847 2793 901 forma
2810 849 3055 914 decoris;
3085 849 3140 902 in
3163 865 3226 902 eo
3244 848 3509 918 gloriare,

1910 935 1969 989 in
1999 952 2109 1006 quo
2140 942 2227 989 est
2252 936 2435 989 omnis
2463 937 2747 991 innovatio
2794 938 2944 1003 vitae;
2978 944 3035 991 et
3066 937 3323 991 voluntas
3345 953 3515 1008 gene-

1910 1024 2005 1089 ris,
2030 1040 2141 1094 qua
2173 1024 2417 1078 novitate
2447 1024 2628 1078 renati
2657 1041 2722 1078 ac
2746 1026 2794 1078 si
2824 1025 2882 1080 in
2913 1026 3095 1096 specie
3118 1032 3175 1080 et
3203 1026 3513 1097 pulchritu-

1909 1112 2039 1166 dine
2088 1113 2316 1177 Christi,
2352 1120 2573 1183 oportet
2616 1114 2877 1168 intendas
2926 1132 2995 1169 ne
3037 1115 3092 1169 in
3125 1116 3238 1169 ullo
3270 1115 3515 1169 fadetur

1914 1201 2093 1255 honor
2137 1201 2377 1254 caelestis
2420 1208 2477 1255 et
2532 1202 2701 1255 decus
2747 1203 3198 1273 pulchritudinis.
3244 1203 3511 1268 Quinimo

1908 1290 2063 1359 virgo
2103 1306 2181 1347 es.
2218 1289 2473 1354 intende;
2508 1290 2782 1344 monacha
2810 1308 2887 1354 es,
2924 1292 3188 1360 intende;
3228 1292 3395 1346 vidua
3428 1291 3513 1348 vel

1909 1378 2372 1443 sanctimonialis,
2393 1378 2641 1433 intende.
2660 1380 2875 1434 Deinde
2898 1397 3161 1452 prospere
3181 1382 3418 1453 procede
3440 1382 3511 1437 de

1910 1466 2115 1521 virtute
2144 1466 2203 1520 in
2230 1467 2515 1531 virtutem,
2550 1473 2613 1521 ut
2643 1484 2843 1538 regnes
2869 1486 2997 1523 cum
3028 1487 3093 1524 eo
3132 1470 3228 1541 qui
3254 1487 3358 1525 sua
3387 1487 3514 1542 pro-

1909 1556 2075 1610 cessit
2095 1555 2300 1609 virtute
2320 1556 2492 1622 solus,
2515 1561 2573 1610 et
2591 1556 2747 1610 dedit
2768 1557 3029 1612 omnibus
3046 1564 3107 1613 ut
3122 1559 3511 1629 procederent.

216 1628 506 1722 quatenus
534 1653 815 1721 praparet
841 1628 947 1703 sibi
976 1665 1214 1719 regnum
1242 1649 1311 1703 de
1335 1648 1422 1703 his
1451 1666 1589 1720 quos
1617 1648 1827 1702 diaboli
1852 1628 1893 1688 Β
1914 1643 2022 1707 Qui
2043 1642 2182 1696 dixit
2209 1643 2407 1697 vinctis
2444 1661 2455 1696 :
2497 1651 2530 1709 |
2548 1649 2739 1710 2'30
2764 1646 2936 1711 Exite,
2970 1652 3027 1700 et
3050 1628 3209 1701 cacis
3243 1646 3509 1702 :Revela-

214 1738 473 1809 eripiens
491 1736 759 1809 potestati
788 1753 890 1791 suo
912 1723 1258 1809 copulaverit
1282 1737 1538 1808 imperio,
1563 1742 1621 1791 et
1639 1736 1790 1790 dicat
1813 1754 1824 1789 :

213 1827 325 1895 Ego
346 1832 540 1881 autem
567 1828 896 1881 constitutus
915 1842 1041 1880 sum
1064 1840 1161 1879 rea:
1179 1827 1248 1879 ab
1267 1842 1324 1879 eo
1344 1841 1507 1894 super
1525 1826 1660 1881 Sion
1672 1840 1831 1878 mon-

216 1918 326 1969 tem
388 1920 652 1970 sanctum
700 1931 869 1969 suum
918 1914 1087 1984 (Psal.
1127 1928 1189 1980 ιι,
1233 1912 1306 1985 6).
1350 1915 1429 1968 Eo
1472 1914 1532 1968 in
1579 1919 1831 1985 tempore

216 2004 454 2075 quando
498 2003 783 2075 Propheta
826 2003 944 2058 hac
988 2002 1242 2061 canebat.
1285 2003 1524 2057 necdum
1574 2002 1830 2057 Christus

217 2097 477 2158 venerat,
524 2092 767 2147 necdum
805 2098 1154 2164 processerat
1183 2093 1254 2146 ad
1296 2107 1554 2163 regnum,
1584 2097 1641 2145 et
1680 2107 1830 2145 nunc

210 2182 332 2251 jam
366 2181 583 2235 factum
612 2185 717 2235 est.

287 2269 546 2325 Attende
590 2269 764 2340 igitur
801 2268 992 2324 orbem
1034 2274 1338 2335 terrarum,
1371 2274 1429 2324 et
1456 2268 1668 2323 videbis
1697 2268 1830 2340 quia

212 2361 385 2433 juxta
417 2358 603 2413 Patris
627 2374 819 2413 vocem
864 2359 1107 2413 intendit
1152 2375 1437 2430 prospere,
1475 2358 1746 2429 processit
1774 2364 1832 2412 et

217 2453 434 2520 regnat
446 2448 506 2502 in
519 2449 722 2502 throno
734 2449 851 2518 jam
869 2448 1172 2502 collocatus
1184 2455 1437 2520 paterno.
1462 2449 1532 2502 Et
1544 2448 1691 2519 quod
1710 2452 1832 2501 erat

218 2538 276 2593 in
296 2537 514 2609 spiritu
533 2535 741 2597 videre,
761 2537 866 2590 hoc
878 2535 997 2606 jam
1020 2542 1105 2591 est
1131 2537 1187 2591 in
1208 2538 1443 2592 veritate
1464 2537 1672 2591 factum
1694 2553 1830 2591 con-

1913 1734 2061 1785 mini
2090 1732 2222 1803 (Isa.
2249 1747 2396 1797 XLIX,
2420 1732 2499 1801 9).

1984 1820 2127 1874 Hinc
2154 1821 2412 1891 sequitur
2439 1839 2450 1873 :
2484 1825 2710 1891 Propter
2730 1827 3033 1888 veritatem,
3060 1829 3109 1879 et
3132 1828 3513 1883 mansuetudi-

1915 1925 2059 1975 nem,
2084 1915 2131 1963 et
2150 1913 2440 1978 justitiam
2469 1912 2690 1965 deducet
2716 1917 2763 1965 te
2784 1916 3125 1968 mirabiliter
3148 1917 3369 1969 dextera
3391 1922 3509 1970 tua.

1912 1997 2048 2061 Qua
2077 1998 2344 2052 nimirum
2376 1999 2565 2053 omnia
2614 2000 2694 2054 sic
2722 2001 3097 2072 praedicantur
3123 2004 3183 2057 in
3213 2004 3414 2074 capite,
3446 2010 3513 2059 ut

1911 2085 2173 2157 deinceps
2211 2087 2507 2157 exigantur
2545 2088 2603 2141 in
2632 2104 2878 2159 corpore.
2914 2090 3018 2144 Sed
3054 2091 3218 2161 longe
3249 2092 3415 2146 aliter
3450 2092 3511 2147 in

1912 2174 2026 2237 illo,
2051 2176 2317 2245 quoniam
2350 2176 2469 2247 ipse
2491 2193 2590 2247 per
2617 2194 2676 2230 se
2706 2184 2764 2231 et
2792 2177 2847 2231 in
2878 2195 2937 2231 se
2967 2178 3168 2233 veritas
3190 2186 3276 2234 est
3305 2181 3505 2248 Patris,

1912 2279 2023 2317 non
2067 2265 2340 2328 accidens,
2376 2266 2473 2319 sed
2519 2266 2794 2321 naturalis
2832 2272 2889 2321 et
2925 2267 3166 2337 justitia.
3202 2269 3360 2324 Unde
3390 2256 3511 2342 ipse

1912 2352 1993 2406 ait
2022 2372 2032 2406 :
2073 2354 2177 2421 Ego
2205 2371 2329 2409 sum
2362 2358 2471 2420 via,
2509 2361 2557 2408 et
2601 2359 2820 2421 veritas,
2856 2362 2905 2411 et
2930 2362 3045 2411 vita
3077 2361 3258 2421 (Joan.
3292 2372 3403 2424 xxv,
3432 2358 3508 2427 6).

1913 2441 1983 2495 Et
2009 2443 2309 2513 Apostolus
2338 2461 2350 2497 :
2387 2445 2494 2510 Qui
2533 2445 2713 2511 factus
2759 2451 2836 2498 est
2878 2448 3030 2499 nobis
3057 2462 3092 2499 a
3120 2448 3225 2501 Deo
3255 2451 3507 2517 justitia,

1911 2537 1960 2584 et
1984 2533 2281 2599 redemptio
2300 2532 2355 2599 (Ι
2376 2532 2496 2586 Cor.
2521 2546 2562 2598 ι,
2584 2531 2695 2600 30),
2716 2540 2770 2586 et
2791 2534 3080 2592 sanctitas.
3100 2536 3251 2589 Nulli
3274 2536 3510 2592 dubium

219 2627 465 2698 spicere.
504 2632 539 2691 Ι
557 2629 752 2690 269
772 2624 1115 2679 Pradicabat
1135 2632 1324 2680 autem
1349 2632 1503 2689 tunc,
1518 2626 1665 2697 quod
1689 2642 1830 2680 sem-
1912 2618 2045 2690 quin
2089 2620 2257 2673 etiam
2290 2622 2662 2675 mansuetudo
2704 2622 2959 2676 Christus
2987 2640 3108 2677 esse
3140 2630 3507 2692 monstretur,

220 2710 326 2788 per
353 2715 421 2769 in
448 2720 661 2769 aeterno
690 2714 874 2768 Patris
902 2720 1026 2769 erat
1054 2715 1321 2781 consilio;
1355 2732 1502 2770 nunc
1528 2732 1658 2769 vero
1683 2715 1834 2769 exhi-
1914 2709 2048 2762 dum
2089 2708 2320 2762 victoria
2349 2711 2471 2780 ejus
2506 2709 2825 2781 triumphus
2854 2725 3140 2766 servorum
3172 2713 3506 2781 ostenditur,

222 2802 417 2858 bitum
448 2808 536 2857 est
577 2801 728 2873 quod
767 2802 996 2867 latebat,
1030 2811 1085 2857 et
1122 2803 1492 2858 nuntiabatur
1529 2810 1831 2875 antequam
1915 2805 1973 2850 et
1991 2797 2231 2851 eruditio
2258 2798 2511 2868 magistri
2535 2798 2933 2870 discipulorum
2959 2801 3267 2871 profectus;
3294 2817 3512 2856 verum-

224 2895 424 2957 ﬁeret;
457 2897 517 2945 et
546 2897 611 2945 ut
632 2892 795 2961 juxta
822 2892 968 2963 quod
999 2893 1343 2947 consuetudo
1370 2900 1456 2947 est
1483 2893 1720 2947 canendi
1749 2892 1833 2946 lo-
1852 2942 1891 2963 Π
1914 2890 2107 2940 tamen
2144 2886 2399 2941 Christus
2444 2888 2785 2941 aternaliter
2826 2889 3032 2942 veritas
3079 2895 3182 2943 est.
3215 2889 3427 2944 Idcirco
3456 2891 3510 2945 ei

223 2998 373 3053 quar
408 2979 716 3034 secundum
751 2980 1137 3051 Septuaginta,
1169 2981 1411 3036 intendit
1449 2982 1507 3035 in
1554 2982 1735 3052 specie
1777 2975 1893 3035 etU
1915 2992 2087 3046 supra
2115 2975 2323 3029 dicitur
2351 2976 2405 3029 in
2436 2980 2605 3045 specie
2635 2982 2731 3030 tua
2766 2983 2815 3030 et
2844 2978 3268 3045 pulchritudine
3299 2985 3396 3033 tua
3424 2983 3512 3033 in-

224 3069 657 3142 pulchritudine
686 3085 806 3136 sua,
851 3086 973 3140 qua
1001 3075 1087 3123 est
1116 3070 1320 3124 veritas
1351 3076 1408 3124 et
1449 3070 1690 3140 justitia,
1724 3086 1835 3141 qua
1917 3067 2089 3126 tende,
2142 3064 2275 3135 quia
2305 3065 2361 3119 in
2409 3066 2563 3119 nullo
2603 3083 2637 3118 a
2665 3083 2723 3119 se
2755 3066 2957 3120 veritas
2991 3066 3224 3121 fallitur.
3257 3068 3513 3138 Denique

222 3175 459 3230 semper
477 3158 765 3229 speciosus
784 3163 842 3212 et
868 3158 1101 3229 pulcher
1128 3165 1229 3214 est.
1264 3160 1541 3214 Processit
1568 3174 1834 3230 prospere
1917 3154 1991 3207 idi
1998 3171 2161 3226 psum
2183 3161 2286 3222 est,
2307 3163 2537 3227 propter
2562 3157 3047 3211 mansuetudinem
3068 3156 3401 3212 mirabiliter
3420 3158 3515 3212 de-

223 3265 327 3321 per
355 3264 447 3316 se,
476 3246 750 3318 processit
776 3263 877 3318 per
905 3257 1126 3302 sanctos
1154 3248 1563 3319 praedicatores.
1591 3254 1649 3302 et
1691 3248 1834 3302 dila-
1916 3243 2063 3309 duci,
2101 3245 2245 3315 quod
2277 3251 2363 3299 est
2408 3262 2671 3316 prospere
2717 3246 3035 3316 procedere.
3071 3246 3216 3311 Quia
3245 3246 3429 3318 passio
3459 3252 3517 3301 et

223 3341 417 3391 tatam
448 3341 539 3389 est
566 3350 802 3404 regnum
834 3335 1011 3406 ipsius
1035 3336 1217 3390 adhuc
1241 3336 1428 3399 hodie,
1461 3343 1518 3389 et
1544 3336 1831 3397 dilatatur,
1918 3332 2205 3387 humilitas
2229 3333 2430 3387 lihristi
2452 3334 2728 3404 promotio
2750 3351 2814 3388 ac
2839 3335 3118 3405 processio
3147 3341 3234 3389 est
3261 3336 3515 3390 omnium

224 3439 356 3480 cum
396 3421 721 3477 subdantur
770 3422 822 3476 ei
869 3439 1062 3477 omnes
1102 3430 1319 3494 gentes.
1356 3424 1722 3478 Pradicatum
1753 3429 1839 3478 est
1917 3422 2171 3492 gentium
2201 3423 2271 3477 ad
2301 3423 2466 3476 tidem
2497 3430 2555 3477 et
2596 3424 2665 3477 ad
2703 3441 2960 3494 regnum.
2994 3426 3198 3479 Passus
3230 3431 3315 3479 est
3343 3425 3518 3496 igitur

226 3528 365 3583 ergo
398 3510 787 3580 Evangelium,
820 3511 953 3581 quia
980 3516 1181 3566 ueritas
1218 3514 1281 3566 de
1311 3519 1461 3566 terra
1502 3518 1624 3566 orla
1654 3518 1748 3576 est,
1790 3518 1838 3565 et
1922 3509 2197 3575 Christus,
2223 3511 2371 3582 passi
2391 3516 2525 3566 sunt
2543 3516 2599 3565 et
2630 3517 2909 3582 martyres
2930 3512 3088 3582 quasi
3113 3512 3312 3583 capitis
3334 3529 3515 3567 mem-

220 3602 461 3673 justitia
488 3601 554 3653 de
581 3602 707 3654 caelo
730 3602 1006 3668 prospexit
1041 3602 1205 3668 (Psal.
1244 3614 1460 3663 LXXXIV,
1504 3598 1608 3668 1‘2),
1641 3601 1698 3653 in
1729 3615 1841 3671 qua
1920 3598 2039 3663 bra,
2073 3599 2168 3669 qui
2197 3616 2300 3653 nec
2346 3599 2698 3666 deﬁciebant,
2733 3617 2835 3654 nec
2879 3599 3232 3662 resistebant,
3266 3600 3515 3655 dicentes

230 3689 421 3746 sancti
441 3687 563 3753 Dei,
592 3691 649 3741 et
670 3686 774 3758 ipsi
805 3687 1042 3757 speciosi
1070 3688 1201 3742 facti
1226 3694 1284 3743 et
1304 3688 1523 3759 pulchri
1549 3687 1840 3742 intenden-
1921 3701 2069 3750 vera,
2094 3702 2196 3739 nec
2233 3687 2595 3753 occultantes,
2630 3686 2813 3757 parati
2843 3686 2910 3740 ad
2940 3686 3146 3752 omnia,
3182 3687 3323 3740 nihil
3352 3703 3516 3741 recu-

230 3786 316 3834 tes
366 3783 428 3832 et
472 3791 740 3847 prospere
786 3776 1167 3846 procedentes,
1196 3777 1592 3848 plantaverunt
1631 3776 1837 3831 Christi
1922 3778 2127 3827 santes.
2151 3773 2284 3837 Quae
2314 3774 2581 3828 nimirum
2611 3789 2817 3845 magna
2848 3774 3217 3829 mansuetudo
3244 3774 3303 3828 in
3334 3775 3515 3845 capite

231 3865 535 3923 Eeclesias.
564 3864 817 3929 Quorum
843 3880 989 3919 unus
1006 3864 1264 3920 videlicet
1283 3867 1489 3921 Paulus
1513 3882 1690 3938 usque
1711 3866 1840 3937 Illy-
1922 3863 2238 3933 praecessit;
2279 3863 2404 3918 ideo
2448 3862 2704 3918 Christus
2733 3863 2901 3917 etiam
2931 3868 2989 3917 et
3025 3863 3083 3917 in
3126 3863 3234 3917 illis
3275 3864 3518 3918 multum

230 3955 418 4010 ricum
447 3952 724 4025 pervenit,
757 3957 814 4006 et
844 3952 1006 4007 multi
1047 3952 1142 4007 alii
1171 3953 1432 4026 deinceps
1456 3955 1567 4009 huc
1594 3955 1838 4026 illucque
1922 3951 2194 4021 processit
2227 3951 2298 4006 ad
2326 3967 2585 4022 regnum,
2611 3957 2668 4005 et
2693 3951 2874 4005 adhuc
2898 3950 3063 4005 hodie
3085 3950 3359 4022 procedit.
3384 3952 3520 4007 Cor-

232 4042 430 4098 diffusi
459 4047 857 4113 processerunt
880 4058 1166 4113 prospere,
1193 4043 1325 4114 quia
1354 4044 1554 4104 securi.
1580 4056 1638 4099 et
1657 4044 1843 4098 subdi-
1924 4057 2029 4112 pus
2045 4040 2253 4096 Christi
2275 4040 2786 4095 mansuetissimum
2809 4041 2913 4095 hoc
2930 4041 3078 4100 facit,
3103 4041 3235 4112 quia
3255 4041 3312 4096 in
3334 4041 3517 4113 capite

232 4132 447 4187 derunt
497 4129 770 4185 mundum
800 4131 923 4201 ejus
968 4131 1221 4203 imperio.
1259 4133 1323 4187 In
1355 4132 1556 4205 quibus
1583 4133 1841 4188 omnibus
1924 4144 2024 4183 suo
2054 4129 2191 4183 talia
2231 4128 2438 4183 didicit.
2485 4130 2584 4184 Ille
2616 4129 2890 4200 siquidem
2922 4129 3077 4200 prior
3105 4146 3169 4183 ac
3205 4131 3252 4184 si
3291 4131 3407 4185 ovis
3444 4130 3519 4185 ad

229 4237 463 4293 semper
490 4219 613 4292 ipse
642 4219 931 4291 processit,
956 4225 1014 4274 et
1040 4220 1312 4275 dilatatur
1330 4221 1534 4293 ubique
1565 4223 1622 4277 in
1645 4239 1835 4293 regno,

1923 4218 2254 4273 occisionem
2303 4219 2502 4273 ductus
2548 4225 2651 4285 est,
2693 4236 2870 4290 usque
2917 4220 3057 4273 adeo
3089 4225 3416 4274 mansuetus
3452 4224 3520 4275 ut

228 4328 343 4366 non
389 4309 625 4365 aliunde
668 4324 837 4380 quam
868 4325 964 4364 eos
992 4309 1174 4381 seipso
1205 4326 1430 4381 semper
1466 4312 1752 4382 speciosus
1781 4308 2172 4380 etDpendens
2222 4308 2278 4362 in
2335 4325 2498 4363 cruce
2553 4308 2765 4363 diceret
2814 4327 2824 4361 :
2877 4311 3056 4374 Pater,
3113 4311 3324 4376 ignosce
3376 4312 3513 4375 illis,

226 4400 489 4472 pulcher,
509 4397 641 4469 quia
672 4397 874 4453 veritas
895 4403 951 4453 et
973 4399 1213 4469 justitia,
1247 4400 1367 4471 ipse
1398 4406 1554 4454 ortus
1584 4400 1640 4454 in
1673 4401 1837 4455 terris

230 4489 299 4543 de
326 4489 473 4543 calo
504 4487 673 4541 venit.
699 4486 802 4542 Cui
823 4488 927 4542 soli
944 4487 1176 4555 jubetur
1194 4487 1253 4542 in
1279 4488 1461 4560 specie
1499 4506 1564 4544 ac
1595 4490 1839 4560 pulchri-

227 4578 430 4632 tudine
461 4592 570 4630 sua
596 4576 907 4641 intendere,
934 4593 1037 4632 nec
1065 4593 1177 4631 non
1199 4583 1257 4632 et
1275 4594 1310 4632 a
1328 4595 1388 4632 se
1416 4594 1681 4650 prospere
1707 4596 1835 4650 pro-

229 4666 450 4726 cedere,
499 4664 632 4736 quia
660 4663 779 4735 ipse
826 4664 977 4720 solus
1014 4665 1274 4720 inventus
1306 4672 1392 4721 est
1419 4670 1568 4721 inter
1596 4673 1841 4722 mortuos

231 4757 373 4809 liber
400 4757 576 4819 (Psal.
608 4768 848 4816 LXXXVII.
885 4751 962 4823 6).
988 4755 1186 4810 Cateri
1218 4772 1349 4811 vero
1369 4772 1564 4811 omnes
1587 4774 1697 4811 non
1724 4774 1759 4811 a
1780 4774 1840 4811 se

227 4842 367 4915 ipsis
387 4842 631 4915 speciosi
666 4847 724 4896 et
750 4842 989 4913 pulchri,
1013 4844 1108 4916 qui
1135 4845 1279 4899 servi
1302 4851 1464 4900 erant
1484 4847 1715 4917 peccati,
1741 4847 1837 4900 sed

230 4931 305 4986 ab
336 4933 462 5003 ipso
489 4948 525 4985 a
555 4947 666 5002 quo
710 4932 1058 5001 justificatur
1085 4939 1143 4987 et
1166 4934 1399 5005 pulchra
1430 4938 1493 4988 tit
1524 4935 1703 4989 omnis
1736 4937 1837 4988 Ec-

227 5022 423 5075 clesia.
457 5019 724 5091 Alioquin
756 5037 921 5075 nemo
951 5021 1093 5076 liber
1118 5023 1375 5078 inventus
1400 5030 1486 5078 est
1508 5030 1608 5077 aut
1628 5025 1835 5094 justus.

230 5109 394 5163 Unde.
433 5109 557 5180 ipse
605 5108 662 5163 in
706 5109 1004 5181 Evangelia
1037 5128 1048 5164 :
1082 5110 1237 5165 Tunc
1262 5128 1401 5178 vere,
1436 5111 1640 5182 inquit.
1678 5114 1842 5166 liberi

226 5200 412 5262 eritis,
448 5200 503 5251 si
521 5199 699 5251 Filius
719 5214 808 5251 vos
828 5201 1143 5254 liberaverit
1162 5203 1346 5270 (Joan.
1383 5215 1502 5264 vni,
1538 5197 1646 5269 36).
1671 5200 1841 5255 Idcir-

229 5302 322 5353 co,
347 5286 715 5351 charissima,
746 5302 913 5342 nemo
931 5293 1179 5342 vestrum
1208 5288 1267 5343 in
1287 5306 1348 5343 se
1376 5289 1632 5344 intendat
1654 5296 1718 5344 ut
1736 5287 1840 5343 sibi

230 5375 504 5447 placeat;
563 5392 731 5429 nemo
780 5376 838 5430 in
882 5377 1297 5448 pulchritudine
1329 5379 1531 5444 carnis,
1582 5395 1749 5433 nemo
1783 5379 1842 5434 in

231 5463 505 5522 libertate
522 5468 583 5521 et
596 5462 887 5522 nobilitate
898 5467 1144 5537 generis,
1157 5484 1230 5524 ne
1245 5467 1506 5539 ignobilis
1524 5468 1844 5526 inveniatur

1922 4401 2172 4452 nesciunt
2192 4400 2327 4466 quid
2346 4400 2568 4465 faciunt
2595 4401 2721 4461 (Isa.
2746 4411 2866 4461 Lm,
2901 4395 2976 4463 7).
3001 4398 3137 4452 Inde
3166 4404 3251 4452 est
3270 4414 3515 4469 namque

1920 4487 2064 4558 quod
2082 4487 2334 4559 protulit.
2350 4488 2497 4558 quod
2514 4487 2951 4558 processit,quod
2972 4487 3272 4558 vicit,quod
3289 4492 3509 4557 regnat,

1922 4582 2102 4630 morte
2132 4575 2363 4638 devicta,
2393 4576 2540 4647 quod
2571 4584 2799 4647 propter
2825 4576 3103 4646 justitiam
3135 4584 3401 4630 venturus
3429 4582 3516 4631 est

1922 4665 1989 4719 ad
2006 4665 2302 4735 judicium,
2325 4672 2382 4718 et
2401 4664 2674 4719 retribuet
2692 4664 2992 4734 unicuique
3017 4664 3323 4718 secundum
3344 4681 3517 4736 opera

1922 4771 2043 4808 sua.
2090 4756 2216 4825 Ipse
2253 4753 2528 4824 siquidem
2563 4770 2663 4824 per
2703 4769 2762 4807 se
2791 4754 3013 4810 veritas.
3048 4762 3105 4807 et
3139 4754 3265 4807 ideo
3303 4754 3361 4808 in
3394 4771 3515 4809 sese

1915 4843 2148 4914 jubetur
2174 4843 2482 4896 intendere.
2507 4842 2589 4895 Tu
2613 4849 2823 4908 autem,
2840 4842 2992 4912 virgo
3017 4843 3243 4897 Christi.
3261 4844 3515 4914 quamvis

1922 4938 2132 4991 sancta,
2150 4932 2403 5003 quamvis
2424 4932 2743 5002 incorrupta
2765 4937 2821 4984 et
2840 4931 3300 4993 incontaminata,
3324 4949 3517 5003 quam~

1922 5021 2185 5075 visbonis
2214 5020 2473 5075 omnibus
2493 5020 2691 5082 ditata,
2723 5020 2835 5073 noli
2868 5026 2923 5074 te
2962 5021 3270 5085 attendere,
3303 5021 3415 5074 noli
3446 5021 3515 5075 de

1923 5116 1978 5164 te
2008 5126 2345 5181 praesumere
2379 5129 2390 5163 :
2427 5110 2558 5180 quia
2604 5110 2719 5164 hac
2747 5109 2931 5163 omnia
2966 5127 3087 5180 qua
3118 5109 3287 5163 habes
3332 5125 3442 5163 non
3480 5125 3515 5163 a

1921 5205 1977 5253 te
2004 5199 2103 5253 tibi
2132 5205 2282 5264 sunt,
2322 5200 2419 5253 sed
2448 5198 2517 5252 ab
2550 5199 2644 5252 illo
2675 5216 2708 5252 a
2735 5216 2845 5270 quo
2872 5198 3133 5269 accepisti
3172 5204 3230 5251 ut
3256 5197 3511 5253 haberes.

1922 5287 1985 5342 Si
2012 5295 2197 5342 autem
2236 5291 2505 5357 accepisti,
2550 5290 2685 5357 quid
2720 5291 2987 5356 gloriaris
3025 5291 3186 5356 quasi
3226 5304 3337 5341 non
3374 5305 3518 5342 acce-

1918 5383 2114 5448 peris?
2157 5381 2207 5445 (Ι
2233 5379 2354 5433 Cor.
2388 5392 2463 5443 ιν,
2498 5375 2572 5433 7.ὶ
2607 5379 2732 5432 Non
2762 5378 2907 5431 enim
2938 5383 2992 5430 te
3022 5377 3078 5429 in
3112 5376 3196 5430 his
3234 5377 3396 5431 donis
3425 5378 3518 5432 de-

1923 5468 2077 5525 ducit
2096 5468 2326 5523 dextera
2345 5472 2467 5535 tua,
2482 5467 2581 5522 sed
2600 5466 3036 5523 misericorditer
3052 5465 3282 5521 dextera
3302 5466 3510 5537 ipsius:
