3918 6166
470 266 599 326 1031
1225 254 1283 310 S:
1324 250 1703 310 PASCHASII
1743 247 2105 306 RADBERTI
2142 249 2450 309 ABBATIS
2488 249 2990 309 CORBEIENSIS.
3555 255 3670 316 1032

465 394 653 466 ipsum
695 390 885 441 autem
929 378 1261 436 mirabiliter
1297 378 1525 432 dextera
1552 393 1673 430 sua.
1706 376 1824 430 Hoc
1850 375 2056 446 quippe
2074 378 2117 435 A
2144 374 2285 431 Hinc
2307 378 2426 449 jam
2451 377 2507 431 in
2535 377 2795 432 cordibus
2815 377 3167 432 inimicorum
3197 376 3365 432 victor
3383 381 3511 452 regit
3528 388 3578 436 et,
3600 383 3678 438 do.

463 465 694 537 noverat
724 488 928 547 sponsa
956 471 1014 524 in
1057 468 1317 524 Canticis.
1354 472 1410 521 ct
1446 466 1574 520 ideo
1602 466 1683 519 ait
1715 484 1725 519 :
1764 467 1911 520 Lava
1942 468 2058 533 ejus
2140 466 2570 539 minatur:quia
2592 485 2657 523 ex
2683 465 2927 522 inimicis
2948 472 3006 521 et
3026 465 3118 521 iraa
3143 466 3269 521 filiis
3299 465 3421 522 fecit
3449 468 3542 524 sibi
3563 472 3677 527 ami-

463 572 564 626 sub
601 568 775 636 capite
812 579 952 620 meo.
993 565 1041 614 et
1078 560 1296 612 dextera
1335 559 1491 609 illius
1521 556 1935 624 amplexabitur
1976 569 2059 606 me
2138 572 2250 621 cos,
2274 573 2417 627 quos
2442 574 2545 612 sua
2572 556 2718 628 regit
2744 557 2973 618 virtute,
3008 560 3065 609 et
3088 554 3479 626 gubernatione
3504 559 3681 630 princi-

460 662 646 731 (Οαηι.
678 670 739 721 ΙΙ,
772 650 847 718 6)-
873 650 1016 715 Quia
1046 646 1153 702 Diei
1174 647 1401 699 dextera
1429 644 1620 716 sponsi
1640 643 2057 714 circumplecta-
2139 652 2307 715 patur
2331 646 2601 718 piissima.
2627 645 2779 701 Felix
2807 662 2904 700 cor
2936 644 3082 716 quod
3114 644 3320 700 talibus
3346 648 3569 717 quotidie
3585 650 3682 704 aﬁi-

460 755 556 805 tur
574 759 855 818 sponsam,
881 744 1033 792 casta
1058 751 1386 808 permanere
1406 750 1517 787 non
1540 737 1738 805 potest.
1764 732 1885 786 Non
1907 732 2056 785 enim
2143 733 2289 788 citur
2316 734 2555 805 sagittis.
2583 733 2789 813 talibus
2816 733 3144 789 vulneratur
3163 734 3402 806 spiculis,
3419 742 3471 790 et
3493 754 3683 794 concre-

462 838 619 893 novit
664 849 799 887 vera
835 832 1064 882 castitas
1107 824 1339 878 alterius
1367 823 1673 894 amplexus,
1715 837 1828 875 non
1870 821 2060 875 oscula
2143 824 2599 879 maturincendio
2620 824 2791 878 divini
2814 823 3053 878 amoris!
3082 824 3233 879 Talis
3255 840 3483 896 namque
3500 827 3684 882 animus

472 928 648 993 12g
668 928 705 987 ι
737 919 938 973 aliena.
959 915 1026 968 Et
1052 913 1197 976 ideo,
1231 911 1447 982 inquit:
1480 909 1766 964 Usculetur
1784 926 1866 962 me
1881 911 2060 963 osculo
2141 919 2227 966 est
2254 912 2490 967 thronus
2527 913 2648 981 Dei,
2680 914 2815 984 quia
2842 916 3040 969 anima
3051 916 3220 982 justi,
3253 918 3393 969 teste
3420 914 3683 988 Scriptum,

459 1017 575 1070 oris
620 1014 710 1065 sui
736 1009 921 1082 (Cant.
970 1019 1010 1070 ι,
1047 1005 1124 1072 1).
1150 1002 1352 1056 Totum
1392 999 1566 1070 igitur
1594 998 1862 1070 quidquid
1907 998 2058 1052 novit
2140 1004 2283 1057 sedes
2309 1010 2383 1058 est
2407 1007 2712 1072 sapientia.

460 1102 676 1159 illibata
701 1095 1010 1168 virginitas,
1044 1091 1299 1147 Christus
1323 1095 1426 1144 est.
1453 1088 1521 1142 Et
1545 1087 1671 1142 ideo
1698 1087 1825 1141 talis
1846 1086 2055 1141 descri-
2209 1090 2368 1145 Unde
2382 1090 2663 1163 sequitur:
2684 1091 2839 1147 Sedes
2856 1096 2974 1158 tua,
2993 1092 3148 1158 Deus,
3164 1094 3229 1146 in
3248 1093 3497 1147 saeculum
3515 1095 3685 1161 seculi,

458 1192 613 1248 bitur
640 1203 877 1262 sponsus
900 1201 964 1237 ac
992 1186 1206 1245 tantus,
1230 1180 1289 1233 in
1318 1179 1477 1249 cujus
1506 1193 1708 1248 sponsa
1739 1192 1937 1231 secura
1966 1193 2056 1230 re-
2138 1183 2299 1248 virga
2328 1181 2671 1249 directionis,
2696 1183 2854 1249 virga
2874 1183 3037 1248 regni
3057 1184 3160 1236 tui.
3193 1180 3305 1236 Pro
3326 1198 3432 1253 quo
3452 1182 3506 1236 in
3526 1181 3689 1239 Gnaeo

461 1281 712 1354 quiescat
730 1271 1099 1346 amplexibus,
1120 1270 1280 1339 cujus
1303 1266 1535 1321 dextera
1553 1266 1891 1320 deducatur:
1924 1264 2056 1336 quia
2137 1269 2375 1323 thronus
2402 1268 2626 1339 legitur,
2657 1274 2714 1323 et
2740 1269 2800 1324 in
2830 1268 3104 1325 Hebraico
3130 1276 3408 1340 sceptrum
3432 1287 3524 1343 pro
3558 1274 3689 1340 virga

460 1388 556 1427 cor
582 1367 845 1438 sapientis
872 1366 934 1416 in
955 1362 1174 1414 dextera
1199 1361 1334 1426 ejus,
1360 1361 1406 1410 et
1437 1372 1529 1409 cor
1552 1358 1716 1411 stulti
1735 1357 1797 1408 in
1821 1357 2056 1438 sinistra
2140 1355 2394 1412 habetur.
2423 1359 2484 1413 ln
2509 1375 2619 1429 quo
2646 1358 2765 1412 loco
2792 1358 2862 1413 ad
2893 1375 3083 1429 regem
3113 1358 3213 1430 qui
3240 1360 3388 1414 Deus
3415 1366 3510 1428 est,
3538 1376 3690 1415 sermo

461 1464 578 1531 ejus
610 1436 800 1524 (Eccle.
823 1469 874 1505 x.
903 1449 979 1515 2).
1007 1448 1311 1518 Pr0pterea
1339 1461 1562 1515 semper
1583 1442 1744 1497 electi
1773 1436 2055 1497 ad'dexte-
2138 1446 2419 1517 dirigitur,
2445 1464 2609 1518 quem
2635 1446 2892 1519 superius
2913 1447 3082 1502 Pater
3104 1464 3519 1521 sponsae,un
3531 1449 3693 1506 ductu-

460 1563 581 1603 ram
612 1545 925 1604 transeunt,
961 1535 1184 1607 reprobi
1212 1551 1342 1588 vero
1374 1534 1431 1587 in
1460 1532 1701 1587 sinistris
1738 1537 2052 1586 versantur.
2139 1554 2235 1591 rus
2265 1542 2388 1590 erat
2427 1553 2677 1602 uxorem,
2712 1536 2828 1591 suis
2874 1536 3287 1593 commendavit
3332 1538 3617 1610 praeconiis,
3642 1545 3693 1594 ut

460 1633 620 1689 Unde
645 1631 935 1701 signanter
971 1627 1133 1697 juxta
1170 1622 1501 1678 Hebraieam
1533 1620 2055 1692 interpretationem
2074 1694 2112 1701 _
2139 1630 2426 1680 amaretur
2438 1626 2679 1696 amplius
2698 1626 2898 1680 extulit
2920 1626 3203 1682 laudibus.
3221 1626 3351 1682 Tria
3372 1628 3440 1682 ad
3460 1628 3689 1698 regimen,

459 1724 661 1777 docebit
695 1694 743 1773 t'e
782 1716 949 1771 habet
975 1694 1314 1769 terribiliter
1352 1713 1576 1765 dextera
1616 1715 1738 1767 tua.
1777 1694 2338 1785 QuoniamBquihus
2354 1694 2675 1769 ﬁrmaretur
2692 1716 2948 1779 thronus,
2972 1716 3219 1770 edocuit,
3242 1694 3692 1771 Deindeingtmi,
3787 1747 3796 1754 .

459 1809 725 1868 terribilis
752 1806 910 1861 valde
932 1809 1014 1859 est
1038 1802 1294 1857 doctrina
1321 1799 1561 1855 caelestis
1581 1799 1705 1852 vitae
1735 1805 1792 1852 et
1816 1798 2055 1852 admira-
2136 1802 2204 1857 ad
2232 1802 2589 1857 debellandos
2613 1802 2885 1869 inimicos,
2916 1810 2973 1858 et
3001 1803 3254 1860 insumit
3284 1803 3353 1858 ad
3379 1803 3692 1859 τενίηεεηάω

459 1901 607 1956 bilis.
640 1898 797 1953 Unde
826 1902 883 1950 et
923 1895 981 1948 in
1022 1892 1131 1947 alio
1162 1890 1379 1963 psalmo
1414 1906 1481 1943 ex
1512 1904 1750 1960 persona
1781 1888 2005 1942 Domini
2038 1906 2049 1941 :
2137 1891 2502 1947 adversarios.
2528 1891 2740 1957 Quibus
2762 1893 3057 1963 prostratis
3079 1898 3140 1947 et
3161 1893 3429 1964 subjectis
3447 1893 3693 1960 sibi,thro-

464 1991 767 2051 Terribilis,
794 1983 999 2056 inquit,
1032 1985 1094 2036 in
1123 1981 1369 2035 consiliis
1398 1994 1561 2047 super
1593 1980 1733 2045 ﬁlios
1763 1978 2055 2031 hominum
2137 1999 2243 2037 nus
2281 1982 2333 2036 ei
2380 1982 2602 2054 imperii
2642 1982 2892 2050 oll'ertur,
2928 1988 2984 2037 et
3030 1990 3318 2056 sceptrum
3375 1983 3690 2051 dominantis,

454 2081 630 2151 (Psat.
656 2090 781 2141 va,
813 2076 881 2143 5).
908 2071 1122 2137 Quibus
1147 2069 1393 2141 profecto
1422 2066 1752 2138 disciplinis,
1778 2066 1910 2137 quia
1938 2078 2055 2121 ter-
2132 2073 2294 2143 juxta
2322 2071 2459 2126 illud
2490 2071 2638 2143 quod
2676 2072 2948 2143 scriptum
2976 2078 3063 2127 est
3089 2072 3164 2128 ad
3188 2072 3366 2128 David
3398 2093 3410 2128 :
3446 2075 3513 2128 De
3532 2075 3690 2142 fructu

456 2168 645 2225 ribilia
689 2169 823 2221 sunt
868 2178 1039 2234 opera
1086 2157 1332 2222 Domini,
1362 2156 1594 2210 docetur
1641 2157 1823 2209 omnis
1869 2154 2057 2209 anima
2138 2164 2346 2214 ventris
2377 2164 2463 2214 tui
2485 2177 2690 2229 ponam
2718 2178 2883 2231 super
2922 2164 3099 2216 sedem
3144 2180 3329 2217 meam
3354 2163 3512 2232 (Psal.
3541 2174 3690 2226 cxxn,

456 2256 563 2313 viri
602 2255 763 2327 justi,
795 2258 853 2307 et
886 2250 1144 2306 eruditur
1173 2248 1403 2302 dextera
1440 2244 1888 2300 clementissimae
1933 2260 2055 2298 cor-
2137 2249 2248 2313 11),
2281 2249 2441 2314 Quod
2468 2249 2694 2322 quidem
2716 2260 2773 2305 et
2800 2250 2990 2306 Mariae
3017 2252 3258 2322 angelus
3286 2251 3585 2307 nuntiavit;
3612 2252 3693 2307 Da.

460 2344 752 2418 reptionis.
2140 2340 2217 2392 bit
2244 2342 2295 2393 ei
2321 2340 2589 2393 Dominus
2627 2340 2787 2406 Deus,
2818 2338 3021 2412 inquit.
3049 2342 3326 2396 thronum
3354 2342 3523 2395 David
3542 2340 3694 2410 patris

531 2435 754 2501 Sagitta:
783 2435 887 2485 tua:
916 2434 1106 2490 acuta,
1138 2427 1332 2496 populi
1359 2425 1457 2478 sub
1489 2429 1535 2477 te
1568 2424 1760 2477 cadent
1800 2423 1860 2476 in
1891 2423 2055 2477 corda
2137 2431 2247 2495 sui,
2280 2434 2327 2482 et
2357 2429 2629 2495 regnabit,
2662 2445 2832 2500 super
2867 2428 3118 2496 domum,
3147 2432 3321 2485 Jacob
3350 2433 3411 2485 in
3447 2434 3693 2494 sternam,

460 2515 1230 2585 inimicorumliegi..Putoin
1255 2513 1488 2568 Hebraeo
1509 2511 1677 2566 etiam
1691 2517 1747 2565 et
1766 2510 1824 2564 in
1837 2511 2048 2575 Graeco,
2136 2522 2186 2572 et
2212 2520 2374 2586 regni
2392 2520 2508 2585 ejus
2537 2532 2650 2572 non
2678 2520 2784 2572 erit
2813 2520 2943 2585 ﬁnis
2964 2520 3111 2587 (Luc.
3136 2536 3178 2585 1,
3210 2517 3323 2588 3?).
3348 2519 3426 2574 De
3454 2535 3573 2590 quo,
3593 2516 3697 2589 quia

457 2608 1208 2681 Sagittatuaapotentissimaz
1228 2601 1573 2666 habet.Quia
1591 2599 2053 2669 omninosagittae
2138 2604 2415 2660 defecerat
2460 2610 2742 2677 sceptrum
2790 2605 2859 2660 de
2897 2606 3060 2673 Juda,
3107 2606 3340 2676 dicitur,
3375 2611 3422 2662 et
3464 2611 3693 2676 sceptrum

457 2701 685 2760 Domini
710 2698 817 2755 nisi
844 2695 1245 2769 potentissimae
1266 2693 1468 2759 forent,
1493 2691 1550 2744 in
1580 2690 1765 2744 subito
1794 2705 1905 2743 non
1931 2705 2053 2742 om-
2134 2698 2427 2765 aequitatis,
2481 2700 2756 2764 sceptrum
2796 2697 2957 2765 regni
2996 2698 3101 2749 tui.
3156 2695 3454 2768 Sceptrum
3492 2708 3696 2765 namque

455 2810 588 2849 nem
610 2790 881 2846 mundum
903 2786 1220 2841 εεενίθηίθῐη
1244 2781 1466 2837 Christo
1488 2784 1928 2851 Ρνοεῖθνηθτεῐιῐν
1955 2794 2049 2832 fie-
2134 2786 2425 2854 regnantis
2451 2790 2536 2841 est
2574 2785 2795 2855 insigne
2824 2789 2882 2839 et
2911 2784 3157 2855 regentis
3200 2784 3463 2840 ostensio.
3492 2782 3630 2840 Unde
3651 2786 3695 2836 et

458 2876 1010 2956 quecordaomnium
1025 2866 2052 2937 validetenebrarent.Quarumjaculo
2134 2890 2235 2945 per
2254 2874 2516 2930 thronum
2536 2854 2843 2946 judicuntis
2875 2854 3121 2944 ροιέεωε
3163 2874 3504 2930 declaratur.
3545 2854 3722 2936 Quem‘

457 2987 663 3043 sponsa
709 2969 767 3022 in
797 2963 1043 3020 Canticis
1087 2962 1431 3015 vulneratam
1465 2974 1525 3011 se
1553 2957 1759 3011 clamat
1792 2974 1802 3008 :
1859 2956 2055 3009 Vulne~
2136 2962 2404 3018 nimirum
2429 2964 2696 3019 thronum
2722 2979 2947 3034 semper
2964 2978 3090 3017 cum
3113 2963 3288 3019 pane
3310 2962 3517 3027 habuit,
3542 2960 3693 3015 ﬁedex

458 3064 606 3122 mia.
648 3054 850 3126 inquit.
880 3053 1147 3106 σῙιανίῑαεϐ
1175 3066 1268 3117 990
1305 3064 1449 3101 διέτη·
1484 3045 1606 3109 QUO
1636 3060 1771 3098 sane
1801 3043 2049 3109 Vulnere,
2070 3052 2112 3113 Ο
2134 3056 2269 3105 tunc
2298 3052 2350 3107 ei
2392 3053 2642 3118 otl‘ertur,
2678 3068 2804 3107 cum
2846 3068 2879 3106 a
2908 3052 3108 3106 saeculo
3138 3068 3269 3108 esse
3308 3051 3488 3124 coepit.
3517 3049 3692 3105 Idcirco

458 3143 852 3207 dilectissimae,
885 3140 1054 3195 corda
1073 3143 1256 3191 vestra
1281 3140 1414 3189 sunt
1440 3134 1699 3205 praeﬁxa:
1733 3138 1790 3187 et
1816 3132 1941 3186 ideo
1972 3149 2057 3187 re-
2135 3140 2291 3212 prius
2320 3142 2591 3212 praemisit
2622 3140 2860 3195 formam
2890 3140 3175 3211 regnantis
3218 3160 3231 3195 :
3273 3140 3530 3213 quoniam
3556 3150 3692 3193 nemo

458 3235 605 3290 lictis
629 3232 815 3296 rebus,
836 3246 931 3283 vos
952 3244 1052 3299 pro
1075 3227 1197 3296 ejus
1222 3240 1433 3291 amore,
1456 3229 1575 3276 tam
1596 3227 1824 3276 strenue
1846 3221 2052 3276 Christi
2136 3247 2249 3296 rex,
2281 3229 2389 3284 nisi
2418 3247 2482 3284 ex
2511 3230 2765 3296 veritate,
2797 3235 2856 3283 et
2900 3230 3359 3296 mansuetudine,
3392 3234 3449 3285 et
3486 3224 3691 3299 justitia,

460 3320 793 3394 mancipatis
821 3316 1065 3373 servitio.
1091 3314 1224 3380 Qua:
1250 3312 1461 3385 putatis
1493 3312 1571 3365 vis
1602 3317 1768 3377 esset,
1791 3310 2053 3365 charissi-
2131 3319 2260 3389 jure
2279 3317 2536 3373 habetur,
2558 3319 2690 3374 Sino
2711 3315 2913 3389 quibus
2933 3316 3241 3374 virtutibus
3262 3318 3447 3391 potius
3459 3322 3695 3390 tyrannus

456 3429 583 3477 mae,
609 3426 800 3483 quaeve
826 3407 990 3473 ratio,
1022 3403 1254 3475 abjectis
1278 3401 1601 3474 parentibus
1622 3406 1679 3454 et
1698 3400 1912 3466 amicis,
1938 3400 2054 3454 fra-
2136 3407 2372 3480 quisque
2401 3425 2569 3479 quam
2597 3424 2695 3462 rex
2723 3423 2844 3462 esse
2870 3405 3162 3478 probatur.

455 3501 637 3557 tribus
657 3506 714 3555 et
735 3495 1081 3571 propinquis,
1109 3500 1166 3548 et
1184 3491 1335 3547 omni
1361 3490 1651 3546 nobilitate
1670 3489 1912 3561 generis.
1927 3506 2051 3563 qua:
2205 3496 2363 3551 Unde
2380 3495 2662 3567 sequitur:
2688 3496 2946 3550 Dilexisti
2950 3497 3265 3564 justitiam,
3280 3501 3328 3550 et
3341 3496 3500 3549 odisti
3511 3491 3688 3561 iniquis

453 3608 551 3646 vos
569 3590 822 3646 traheret
850 3586 921 3641 ad
950 3592 1067 3640 tam
1097 3582 1385 3637 laboriosa“:
1423 3579 1547 3634 vitae
1584 3578 1809 3649 fastigia
1839 3597 1850 3632 :
1885 3579 1964 3633 ita
1988 3584 2054 3633 ut
2136 3590 2320 3639 tatem.
2340 3585 2492 3639 Nihil
2514 3583 2664 3638 enim
2685 3589 2801 3638 tam
2822 3582 3182 3655 propriumin
3203 3583 3449 3656 regibus,
3463 3594 3695 3654 quamve-

455 3698 557 3754 pro
582 3678 845 3742 Domino.
870 3673 1048 3745 magis
1078 3672 1315 3744 Placeat,
1348 3667 1630 3724 laboribus
1658 3667 1856 3738 amisi,
1883 3684 2052 3738 quam
2135 3674 2271 3728 ritas
2300 3678 2358 3728 et
2378 3672 2632 3743 justitia;
2656 3672 2909 3743 nihilque
2927 3677 3045 3727 tam
3074 3672 3378 3729 honestum
3395 3687 3551 3744 quam
3567 3683 3692 3723 man-

455 3770 516 3826 in
546 3769 747 3825 saeculo
769 3764 1076 3821 honoribus
1105 3766 1163 3817 et
1186 3758 1607 3815 oblectamentis
1635 3757 1800 3811 variis
1829 3758 2052 3811 extolli?
2133 3761 2541 3826 suetudo.Quia
2555 3760 2883 3832 necjustitia
2897 3761 3019 3815 sine
3036 3760 3271 3817 veritate
3282 3762 3691 3834 perceptacusto-

453 3860 571 3915 Nec
593 3859 768 3929 igitur
794 3855 999 3909 mirum
1021 3851 1153 3923 quia
1179 3865 1417 3922 sponsus
1442 3852 1624 3901 vester
1641 3846 1759 3929 suis
1779 3862 1873 3901 vos
1898 3846 2051 3901 intus
2133 3852 2317 3919 ditur;
2345 3867 2448 3905 nec
2463 3850 2667 3904 veritas
2687 3849 2745 3904 in
2756 3849 3061 3921 judicando
3084 3850 3205 3905 sine
3228 3850 3449 3922 justitia
3462 3844 3691 3917 adimple-

451 3928 766 4004 vulneravit
820 3941 1057 4013 sagittis,
1125 3956 1252 3994 cum
1318 3928 1649 3992 carbonibus
1710 3936 1998 3989 desolatori

2141 3941 2405 3995 tur.Inter
2420 3944 2688 4011 utrasque
2707 3938 2881 4010 igitur
2893 3936 3352 4005 virtutes,'media
3362 3932 3688 3993 mansuetudo

456 4039 620 4109 (Ρεαιο
653 4050 799 4099 CXIX.
833 4035 905 4101 4)·
945 4032 1078 4096 Quae
1106 4028 1374 4083 nimirum
1404 4024 1620 4096 sagittae
1649 4024 2049 4096 potentissimae
2132 4029 2452 4094 collocatur,
2483 4033 2549 4083 ut
2575 4028 2899 4098 diligentius
2928 4045 3056 4083 cum
3083 4028 3492 4103 tranquillitate
3515 4023 3689 4079 veritas

453 4126 743 4181 dicuntur.
777 4123 855 4177 Ex
884 4120 1087 4193 quibus
1107 4118 1300 4189 utique
1330 4115 1551 4186 sagittis
1579 4113 1781 4169 conﬁxi
1803 4120 1966 4168 erant
1994 4117 2050 4168 et
2144 4126 2180 4186 ι
2198 4117 2452 4185 ﬁgam
2468 4116 2979 4189 negotiiseligatur,
2993 4123 3049 4172 et
3055 4115 3576 4189 justitiaunicuique
3588 4125 3687 4183 qua

450 4213 748 4278 vulnerati,
790 4211 886 4280 qui
920 4207 1207 4263 dicebant:
1234 4207 1426 4261 Nonne
1455 4221 1547 4259 cor
1568 4210 1821 4258 nostrum
1849 4205 2050 4257 ardens
2132 4224 2236 4262 sua
2253 4212 2387 4262 sunt
2405 4207 2712 4261 modestius
2731 4208 3128 4273 conservando,
3153 4207 3406 4279 partibus
3435 4204 3544 4259 suis
3566 4214 3688 4256 com-

450 4306 569 4356 erat
592 4304 655 4354 in
678 4301 851 4363 nobis,
869 4298 1005 4350 dum
1021 4298 1339 4365 loqueretur
1354 4296 1417 4347 in
1439 4295 1550 4355 via,
1568 4299 1616 4346 et
1636 4296 1877 4361 aperiret
1898 4293 2050 4346 nobis
2133 4298 2371 4369 pleatur,
2406 4296 2710 4367 Propterea
2737 4295 3009 4350 Dominus
3037 4314 3048 4349 ε
3082 4298 3284 4351 Discite
3312 4313 3347 4350 α
3376 4312 3473 4358 ,ηδ’
3511 4287 3683 4361 inquit,

451 4390 773 4459 Scripturas
792 4393 815 4440 Ρ
865 4388 1009 4454 (Luc.
1053 4397 1204 4447 xx1v,
1240 4380 1351 4448 3‘2.)
1384 4380 1669 4450 Siquidem
1722 4382 1841 4452 ipse
1878 4381 1948 4435 de
1987 4397 2047 4435 se
2066 4372 2114 4431 D
2132 4389 2265 4456 quia
2290 4388 2443 4440 mm;
2471 4402 2596 4439 sum
2619 4391 2667 4439 ει
2700 4385 2932 4439 humilis
2953 4386 3109 4439 corde
3135 4386 3350 4453 (Μαιειι,
3367 4397 3439 4449 χι,
3461 4378 3688 4449 29).Quo.

450 4497 553 4554 per
579 4477 785 4535 Isaiam
815 4473 1065 4545 loquitur
1093 4470 1282 4525 dicens
1311 4488 1321 4522 ε
1356 4471 1542 4523 Posuit
1568 4486 1653 4522 me
1681 4473 1843 4538 quasi
1874 4473 2048 4538 sagit-
2132 4477 2303 4542 niam,
2332 4480 2397 4530 ut
2424 4475 2650 4547 protuli,
2676 4474 2793 4530 meo
2820 4475 2998 4530 virtus
3028 4475 3271 4529 multum
3297 4491 3397 4530 nos
3425 4472 3532 4528 Deo
3558 4478 3686 4521 com.

453 4572 829 4628 tamelectam,
852 4568 915 4618 in
930 4563 1197 4632 pharetra
1218 4574 1321 4613 sua
1343 4558 1621 4612 abscondit
1646 4575 1730 4612 me
1755 4561 1880 4626 (Isa.
1902 4573 2045 4626 κως,
2132 4564 2381 4620 mendat.
2430 4565 2605 4619 Porro
2652 4564 2801 4636 quod
2838 4564 2918 4618 ait
2968 4582 2979 4617 :
3022 4566 3281 4619 Dilemisti
3324 4563 3610 4633 justitiam,
3645 4554 3685 4605 et

453 4658 530 4727 2).
559 4657 676 4712 Nec
700 4653 933 4709 dubium
951 4649 1087 4720 quin
1111 4648 1281 4702 Pater
1299 4645 1402 4701 sub
1422 4650 1747 4716 tegumenta
1768 4646 1970 4711 carnis,
1996 4651 2054 4701 et
2134 4656 2300 4709 odisti
2317 4657 2697 4723 iniquitatem,
2713 4652 2958 4724 idipsum
2970 4658 3055 4708 est
3072 4669 3172 4726 pro
3185 4652 3388 4725 quibus
3401 4650 3468 4706 ad
3483 4654 3686 4717 regnum

455 4747 582 4802 ideo
600 4742 761 4815 quasi
777 4739 880 4795 ευδ
900 4737 1102 4794 ‘1mea
1120 4752 1321 4792 manus
1340 4753 1472 4801 sum,
1497 4735 1737 4806 Ρνοῒιθκίῐ
1756 4751 1905 4789 θυωο
1930 4736 2053 4800 Qua
2133 4741 2469 4798 mirabiliter
2494 4758 2597 4797 sua
2624 4740 2959 4797 sublimatur
2986 4742 3215 4797 dextera
3243 4745 3466 4814 propter
3493 4749 3617 4808 quas
3638 4730 3686 4815 ei

451 4813 643 4905 itaque
677 4831 885 4901 sagitta
928 4843 1270 4901 quaecunque
1301 4825 1493 4880 anima
1525 4824 1695 4879 fuerit
1737 4824 2045 4891 vulnerata,
2133 4847 2282 4886 nunc
2310 4830 2545 4901 ungitur
2571 4847 2684 4902 pm
2712 4829 3061 4885 consortibus
3089 4829 3227 4896 suis,
3247 4813 3381 4886 icum
3404 4813 3684 4882 ueremni-ei

452 4925 841 4979 inflammatur
881 4935 1070 4973 amore
1097 4921 1263 4973 castra
1291 4913 1624 4979 dilectionis,
1666 4918 1723 4968 et
1756 4914 2052 4968 resolvitur
2130 4920 2370 4974 thronus
2389 4919 2629 4990 imperii.
2657 4919 2727 4974 ob
2747 4919 3004 4974 dilectam
3028 4918 3222 4992 procul
3237 4917 3403 4973 dubio
3415 4906 3679 4988 justitiam,

452 5014 634 5072 omnis
654 5011 865 5067 duritia
890 5009 1237 5064 infidelitatis
1284 5005 1624 5077 Excoquitur
1648 5004 1875 5075 prurigo
1897 5004 2053 5070 vitio-
2133 5016 2190 5065 et
2218 5026 2437 5064 exosam
2466 5008 2839 5081 iniquitatem,
2874 5008 3151 5064 Similiter
3179 5013 3377 5063 unctus
3405 5004 3518 5060 oleo
3539 4993 3683 5071 justi-

450 5124 598 5172 rum,
632 5101 927 5175 expellitur
962 5100 1191 5152 ﬂamma
1224 5094 1803 5167 concupiscentiarum
1850 5094 2052 5149 ardore
2133 5099 2222 5154 tia:
2262 5099 2320 5153 in
2349 5115 2588 5169 regnum
2625 5098 2850 5153 dicitur.
2883 5097 3027 5162 Quia
3057 5114 3171 5152 non
3220 5095 3423 5152 sufﬁcit
3456 5089 3680 5158 cuiquam

462 5204 502 5263 ι
520 5172 1031 5259 egz—charitatis.
1056 5188 1206 5257 Ignis
1238 5186 1511 5256 siquidem
1546 5185 1674 5254 igne
1699 5183 1952 5249 vincitur,
1972 5184 2054 5239 ita
2128 5188 2408 5259 justitiam
2439 5187 2692 5258 diligere,
2717 5188 2826 5242 nisi
2856 5192 2913 5242 et
2940 5187 3295 5259 iniquitatem
3325 5182 3552 5257 perfecto

450 5260 533 5339 ut-
543 5283 737 5337 fornax
764 5277 1064 5351 Babylonis
1095 5276 1415 5346 septuplum
1452 5274 1521 5327 ab
1547 5273 1853 5327 immundis
1892 5273 2054 5345 spiri-
2134 5277 2209 5331 rit
2227 5277 2373 5335 odio.
2391 5277 2476 5331 Ad
2497 5277 2601 5331 hoc
2622 5278 2828 5349 quippe
2848 5278 3015 5349 paulo
3037 5277 3292 5350 superius
3312 5268 3510 5340 accingi
3522 5260 3681 5337 gladio

452 5372 603 5428 tibus
641 5386 907 5425 succensa
936 5367 1336 5435 restinguatur.
1372 5364 1505 5427 Quae
1541 5363 1803 5416 nimirum
1835 5363 2053 5433 sagitta
2130 5366 2380 5438 jubetur,
2439 5372 2502 5420 ut
2547 5367 2717 5437 justis
2772 5367 3023 5439 premis,
3064 5362 3438 5439 peccatoribus
3471 5352 3682 5413 debitam

453 5462 514 5517 in
539 5476 710 5515 manu
736 5457 999 5530 potentis,
1026 5461 1208 5509 totum
1238 5457 1496 5524 potenter
1513 5452 1946 5507 vulneraverunt
1970 5469 2057 5507 or-
2137 5454 2433 5510 restituere
2463 5470 2688 5525 pinnam
2717 5455 2871 5511 ultor
2901 5455 3099 5511 valeat.
3577 5529 3588 5530 ί
3674 5490 3677 5495 ι

455 5550 604 5618 hem,
645 5552 702 5604 et
736 5529 1050 5620 prostratus
1093 5544 1212 5615 jam
1240 5543 1393 5614 jacet
1436 5540 1619 5596 omnis
1645 5541 1890 5598 mundus
1917 5542 2055 5601 Deo.
2210 5542 2370 5609 Quod
2409 5544 2664 5617 sequitur
2692 5564 2704 5601 :
2753 5547 3046 5616 Propterea
3087 5546 3255 5601 unxit
3300 5546 3347 5597 te
3383 5538 3531 5602 Deus,
3564 5529 3680 5585 Πρω
