3918 6166
155 220 294 279 1033

1029 215 1409 273 EXPOSITIO
1447 216 1525 272 IN
1565 215 1910 276 PSALMUM
1947 219 2137 277 XLIV.
2184 250 2248 263 —-
2290 220 2427 277 LIB.
2470 220 2541 277 ΙΙ.

3210 228 3217 235 ’
3296 227 3431 285 1034

154 354 302 401 tuus.
335 346 590 401 Primum
617 345 716 399 Dei
747 360 953 400 nomen
983 343 1231 399 vocativo
1272 359 1406 398 casu
1434 342 1753 414 intelligen-
1770 344 1819 405 Α
1838 348 1970 401 tura
1998 345 2101 402 Dei
2131 345 2315 401 Patris
2341 345 2592 401 manenti
2617 346 2899 402 nativitati
2923 348 3062 403 nihil
3093 351 3209 406 hac
3242 354 3433 409 unctio

151 435 308 499 dum,
342 450 580 505 sequens
608 433 971 488 nominativo.
1014 433 1160 498 Quia
1187 432 1331 487 alius
1361 438 1446 487 est
1473 432 1626 487 Deus
1655 431 1747 504 qui

152 524 401 596 ungitur,
433 523 578 578 alius
606 522 701 577 ille
734 539 769 576 a
812 538 923 594 quo
965 521 1215 593 ungitur.
1265 523 1411 576 Tuus
1441 520 1591 576 enim
1624 538 1751 576 cum

151 612 307 679 dicit,
341 612 638 667 relativum
662 616 757 677 est
783 612 855 667 ad
879 616 1166 667 auctorem
1192 626 1294 682 per
1322 626 1490 681 quem
1518 609 1753 680 ungitur

146 701 204 757 in
232 718 448 773 regem,
496 699 586 754 cui
628 700 850 755 dixerat
893 717 906 752 :
953 699 1110 755 Sedes
1153 704 1269 764 tua,
1330 700 1491 765 Deus,
1542 700 1608 752 in
1650 713 1750 752 sa-

147 794 343 847 culum
372 792 577 845 seculi.
622 789 691 843 Et
722 807 734 841 :
767 789 1054 857 Sceptrum
1090 784 1432 852 directionis,
1475 790 1751 855 sceptrum

144 882 315 948 regni
358 881 463 935 tui.
514 877 660 948 Ergo
708 882 990 949 sceptrum
1020 876 1323 949 aequitatis,
1366 876 1449 930 vel
1476 876 1636 945 virga
1663 874 1753 930 di-

146 966 434 1032 rectionis,
471 965 695 1021 dilectio
725 973 812 1021 est
829 966 1064 1036 justitiae
1096 970 1154 1020 et
1191 964 1381 1020 odium
1416 963 1752 1038 iniquitatis.

146 1058 275 1122 Qua
302 1058 462 1128 virga
485 1055 546 1110 in
582 1055 770 1110 divino
804 1055 1017 1126 judicio
1061 1053 1393 1109 terribiliter
1440 1053 1632 1108 omnia
1667 1052 1755 1107 di-

148 1145 439 1218 riguntur.
471 1143 630 1200 Unde
654 1143 736 1198 ait
767 1162 777 1197 :
811 1146 1107 1212 Propterea
1136 1146 1303 1197 unxit
1332 1148 1380 1197 te
1406 1144 1568 1206 Deus,
1616 1142 1758 1197 Deus

149 1240 301 1289 tuus.
324 1234 479 1289 Deus
493 1248 626 1303 ergo
646 1232 705 1287 in
723 1248 980 1302 regnum,
1013 1230 1083 1286 ob
1112 1231 1375 1286 meritum
1402 1230 1641 1301 justitim
1669 1229 1757 1284 di-

147 1323 331 1389 lectae,
350 1328 410 1376 et
425 1336 678 1393 personas
699 1320 1016 1391 iniquitatis
1037 1336 1071 1374 a
1086 1320 1201 1375 Deo
1224 1336 1326 1374 suo
1346 1325 1550 1375 unctus
1573 1323 1679 1385 est,
1700 1317 1755 1372 id

147 1416 235 1467 est
258 1410 436 1466 Filius
463 1426 497 1465 a
516 1410 703 1464 Patre.
728 1409 853 1464 Non
872 1409 1021 1463 enim
1054 1408 1483 1478 intelligentiam
1504 1412 1759 1462 nostram

146 1500 384 1571 aliquod
407 1498 702 1554 confundit
725 1498 1102 1563 intervallum,
1126 1496 1223 1552 ubi
1253 1496 1515 1551 discretio
1536 1501 1759 1551 tantum

146 1604 543 1662 personarum,
575 1586 792 1642 duobus
821 1586 1192 1657 distinguitur
1217 1584 1653 1658 praenominibus
1670 1584 1755 1639 vi-

1834 434 2145 506 prodesset,
2185 435 2282 490 sed
2332 434 2580 506 corporis
2627 443 2978 492 sacramento
3032 440 3328 510 profuisse,
3369 447 3434 497 ut

1834 523 2057 578 totusin
2079 524 2260 579 Deum
2286 523 2706 579 essetChristus
2731 523 2912 591 Jesus,
2938 533 3303 584 monstratur.
3322 531 3438 587 Cm-

1832 618 2019 666 terum
2042 613 2207 683 juxta
2232 612 2381 683 quod
2410 614 2473 666 in
2508 615 2791 682 principio
2845 620 2966 669 erat
3000 618 3146 672 Deus
3184 620 3433 687 Verbum,

1832 701 1985 769 apud
2025 702 2197 755 Deum
2242 702 2420 766 (lbid.,
2475 700 2523 770 1)
2549 744 2564 767 ,
2626 717 2740 756 non
2804 701 2974 759 habet
3019 705 3194 761 ullam
3233 723 3433 763 narra-

1832 787 2005 843 tionis
2027 804 2249 843 causam
2271 790 2395 860 ejus
2417 794 2634 845 naturse
2652 791 2862 859 unctio,
2882 792 3016 863 quia
3042 794 3285 865 Spiritus
3310 812 3437 853 san-

1834 882 1975 943 ctus,
2005 877 2172 932 sicuti
2198 895 2233 932 a
2255 878 2442 943 Patre,
2476 878 2648 934 etiam
2679 883 2736 933 et
2762 879 2833 934 ab
2862 880 2983 952 ipso
3005 882 3274 953 procedit,
3300 902 3436 956 quo-

1836 965 1987 1021 niam
2012 966 2304 1022 amborum
2335 967 2566 1039 spiritus
2594 973 2698 1027 est.
2729 969 2875 1023 Nam
2902 975 3033 1025 ante
3056 970 3431 1042 dispensatio-

1837 1071 1967 1110 nem
1995 1055 2202 1119 carnis,
2232 1056 2422 1127 plures
2452 1072 2519 1110 ex
2544 1056 2667 1127 lege
2711 1056 2865 1112 fuere
2912 1058 3140 1114 Christi.
3174 1060 3432 1118 Christus

1839 1160 1968 1199 vero
1998 1161 2168 1211 nunc,
2196 1145 2293 1216 qui
2322 1161 2435 1216 prae
2466 1145 2828 1217 participibus
2856 1148 3087 1217 ungitur
3102 1149 3435 1221 suis,poste-

1838 1233 1956 1287 rior
1974 1233 2033 1288 in
2054 1239 2308 1305 tempore
2332 1248 2450 1301 est;
2482 1232 2579 1288 sed
2600 1234 2782 1289 unctis
2801 1235 3163 1313 participibus
3183 1238 3299 1293 suis
3308 1238 3434 1294 ideo

1840 1322 2170 1390 antefertur,
2203 1321 2336 1394 quia
2354 1322 2504 1377 Deus
2535 1326 2589 1376 et
2620 1321 2787 1377 homo
2816 1329 2919 1378 est.
2952 1324 3043 1379 Sic
3068 1326 3275 1398 quippe
3303 1343 3434 1400 pro-

1840 1410 2044 1483 phetia
2065 1411 2308 1482 Spiritus
2320 1410 2567 1465 Verbum
2586 1412 2939 1482 temperavit,
2968 1420 3001 1477 |
3019 1419 3209 1479 παις
3226 1420 3291 1470 ut
3300 1415 3436 1472 dum

1842 1497 1991 1552 Deus
2019 1514 2054 1551 a
2090 1497 2207 1553 Deo
2236 1514 2340 1552 suo
2369 1498 2620 1569 ungitur,
2656 1498 2729 1552 sit
2757 1498 2808 1553 ei
2832 1505 2890 1552 et
2930 1498 2989 1553 in
3019 1498 3436 1572 dispensatione

1836 1586 2136 1649 unctionis,
2153 1586 2299 1658 quod
2316 1587 2465 1642 Deus
2487 1603 2622 1641 suus
2642 1592 2746 1645 est.
2761 1592 2819 1642 et
2834 1587 2892 1642 in
2908 1593 3114 1644 natura
3130 1590 3276 1661 quod
3288 1590 3439 1646 Deus

146 1658 378 1745 delicet,
413 1683 481 1743 te,
525 1681 584 1731 et.
620 1681 785 1741 tuus;
817 1691 929 1731 non
962 1674 1112 1747 quod
1141 1681 1347 1730 natura
1374 1658 1821 1745 distinguaturB
1839 1681 1944 1729 est.
1963 1675 2266 1746 Acperhoc
2281 1675 2683 1746 noveris,virgo
2696 1658 3319 1747 Christi,quiaEcclesia
3341 1679 3440 1735 Dei

147 1766 404 1831 deitatis,
436 1781 565 1820 cum
591 1764 799 1820 dicitur
822 1781 834 1816 :
861 1765 1028 1819 (facit
1055 1770 1101 1818 te
1126 1765 1288 1829 Deus,
1333 1779 1397 1817 ac
1427 1761 1628 1818 deinde
1657 1761 1758 1817 ad-

145 1856 335 1911 ditur:
353 1857 495 1910 Deus
515 1860 662 1908 tuus.
689 1855 831 1908 Nam
851 1869 978 1907 cum
993 1852 1129 1907 dicit
1148 1854 1297 1907 Deus
1317 1858 1374 1907 et
1390 1852 1558 1917 Deus,
1579 1856 1761 1906 osten-

147 1945 311 2000 ditur
338 1959 457 1999 una
483 1947 707 2009 natura,
740 1958 855 1996 una
878 1940 1078 2008 deitas,
1101 1941 1234 2012 quia
1252 1940 1346 1995 ille
1372 1941 1524 1996 Deus
1545 1939 1641 2011 qui
1660 1955 1762 1995 un-

145 2033 312 2105 gitur
338 2032 412 2086 ab
432 2048 499 2087 eo
518 2032 635 2086 Deo
655 2036 742 2086 est
755 2030 851 2102 qui
879 2030 1061 2101 ungit.
1096 2031 1165 2085 Et
1190 2029 1237 2084 si
1268 2030 1419 2085 Deus
1445 2046 1479 2084 a
1508 2030 1624 2084 Deo
1653 2033 1757 2094 est,

148 2120 299 2177 nihil
316 2119 476 2176 aliud
503 2136 670 2192 quam
698 2120 849 2175 Deus
865 2125 970 2187 est,
1000 2119 1283 2191 Propheta
1307 2135 1372 2173 eo
1403 2117 1599 2173 ordine
1628 2133 1761 2172 nar-

148 2214 319 2266 rante
352 2228 366 2263 :
401 2211 569 2266 Unait
598 2210 760 2273 Deus,
791 2210 932 2263 Deus
962 2212 1110 2262 tuus.
1152 2208 1278 2262 Non
1309 2206 1458 2279 quod
1484 2207 1639 2278 prior
1665 2209 1766 2261 aut

148 2298 440 2375 posterior
462 2298 613 2353 Deus
641 2314 678 2352 a
702 2297 819 2352 Deo
852 2297 943 2362 sit,
971 2312 1099 2351 cum
1127 2296 1297 2351 Pater
1327 2300 1385 2349 et
1411 2295 1587 2350 Filius
1616 2310 1765 2349 unus

150 2397 206 2446 et
231 2387 627 2460 sempiternus
664 2386 741 2441 sit
768 2386 919 2441 Deus
949 2402 960 2439 :
1008 2384 1106 2439 sed
1143 2384 1479 2456 mysterium
1503 2384 1764 2439 incarna-

1840 1764 1898 1819 in
1919 1763 2141 1818 Christo
2157 1763 2264 1818 scit
2278 1762 2774 1835 dispensationem,
2800 1763 2897 1818 sed
2919 1766 3093 1819 nescit
3109 1765 3440 1823 divisionem

1840 1868 2111 1924 personze.
2143 1852 2269 1906 Non
2297 1852 2512 1923 patitur
2539 1852 2732 1907 Jesum
2763 1852 3050 1907 Christum
3096 1854 3342 1910 dividere
3380 1856 3441 1912 in

1842 1941 1981 1996 duas
2009 1957 2298 2013 personas,
2322 1945 2387 1995 ut
2422 1942 2586 1996 Jesus
2613 1956 2726 1995 non
2764 1939 2883 2012 ipse
2913 1941 2988 1995 sit
3016 1942 3307 2012 Christus;
3340 1960 3441 1999 ne-

1844 2046 1952 2102 que
1982 2030 2162 2084 ﬁlium
2209 2028 2450 2085 hominis
2475 2029 2742 2083 discernit
2777 2046 2813 2083 a
2850 2030 2950 2084 Dei
2979 2030 3139 2097 Filio,
3171 2048 3243 2087 ne
3267 2032 3442 2089 Filius

1842 2117 1945 2173 Dei
1975 2117 2119 2172 forte
2148 2134 2263 2172 non
2291 2122 2350 2172 et
2372 2116 2520 2172 ﬁlius
2549 2117 2899 2188 intelligatur
2923 2119 3187 2174 hominis.
3212 2121 3338 2175 Non
3357 2137 3444 2176 as-

1845 2205 2021 2263 sumit
2047 2206 2250 2261 Filium
2282 2206 2384 2262 Dei
2416 2206 2474 2260 in
2505 2206 2685 2261 ﬁlium
2714 2205 3173 2280 hominis,neque
3200 2209 3446 2266 hominis

1846 2295 2026 2350 ﬁlium
2042 2295 2101 2350 in
2121 2295 2223 2350 Dei
2251 2295 2456 2350 Filium
2487 2295 2584 2349 sed
2614 2295 2873 2350 eumdem
2892 2295 3028 2351 dicit
3047 2313 3169 2352 esse
3185 2298 3362 2353 ﬁlium
3385 2298 3447 2355 in

1847 2383 2120 2439 ambabus
2149 2384 2385 2439 naturis.
2416 2384 2618 2440 Totum
2644 2383 2825 2438 eidem
2857 2401 3109 2456 personae
3136 2386 3287 2442 Deus
3312 2387 3451 2444 Ver-

149 2478 329 2535 tionis
364 2474 697 2549 prophetica
731 2491 835 2529 vox
872 2474 1142 2548 declarat.
1182 2473 1448 2544 Alioquin
1486 2489 1588 2545 per
1626 2473 1766 2528 Pro-
1845 2473 1982 2528 bum
2009 2477 2113 2541 est,
2144 2477 2327 2527 totum
2361 2472 2411 2527 ei
2439 2472 2607 2528 homo
2647 2472 2905 2528 Christus
2946 2479 3051 2541 est,
3097 2476 3349 2531 retinens
3386 2476 3448 2533 in

152 2568 394 2641 phetam
423 2566 547 2638 ipse
566 2564 636 2619 de
655 2580 716 2619 se
740 2580 752 2616 :
786 2564 962 2619 Estote
990 2563 1156 2628 mihi,
1191 2562 1396 2634 inquit,
1423 2567 1571 2616 testes
1599 2566 1649 2616 et
1676 2576 1767 2629 ego
1851 2562 2213 2618 Sacramento
2250 2560 2614 2616 confessionis
2642 2578 2755 2616 suae
2781 2577 2976 2629 unum,
3026 2580 3130 2618 nec
3159 2564 3450 2620 Christum

158 2659 335 2724 testis,
364 2656 506 2710 dicit
536 2655 803 2710 Dominus
822 2654 984 2719 Deus,
1006 2657 1057 2708 et
1079 2668 1222 2722 puer
1250 2668 1403 2706 meus
1432 2666 1593 2721 quem
1612 2651 1767 2719 elegi,
1852 2651 2005 2707 aliud
2035 2651 2262 2706 credere
2291 2668 2461 2723 quam
2491 2651 2521 2706 J
2526 2668 2701 2717 esum,
2718 2668 2820 2706 nec
2846 2651 3037 2707 Jesum
3059 2652 3233 2708 alium
3249 2654 3452 2726 praedi-

158 2752 220 2801 ut
246 2746 447 2800 sciatis
467 2747 517 2798 et
539 2744 772 2798 credatis
798 2747 848 2796 et
872 2740 1226 2810 intelligetis,
1250 2745 1292 2805 ι
1308 2744 1493 2807 2'14
1504 2741 1771 2809 quoniam
1852 2756 1999 2807 care,
2030 2756 2133 2795 nec
2161 2739 2315 2795 aliud
2345 2756 2516 2811 quam
2543 2740 2851 2796 Christum.
2874 2741 2954 2796 Ac
2975 2758 3076 2814 per
3094 2742 3199 2798 hoc
3217 2742 3277 2798 in
3301 2749 3451 2799 utra-

157 2851 249 2904 ego
279 2850 435 2898 sum,
464 2837 514 2887 et
539 2837 668 2887 ante
693 2847 777 2885 me
811 2846 923 2885 non
965 2834 1041 2884 est
1088 2832 1238 2884 alius
1267 2830 1425 2894 Deus,
1458 2834 1508 2883 et
1536 2834 1659 2899 post
1687 2842 1773 2882 me
1856 2846 1964 2901 que
1992 2834 2198 2884 natura
2220 2845 2367 2884 unus
2394 2834 2481 2883 est
2503 2827 2763 2885 Christus
2782 2830 2950 2896 Deus,
2988 2830 3092 2886 Dei
3115 2836 3173 2885 et
3206 2832 3452 2888 hominis

160 2941 275 2980 non
303 2925 439 2979 erit.
470 2919 578 2977 Ubi
618 2921 787 2976 Pater
823 2924 880 2974 et
907 2918 1085 2974 Filius
1102 2917 1458 3008 declaratur,
1505 2917 1772 2989 quoniam
1794 2949 1837 3008 Ο
1855 2917 2031 2975 Filius
2041 2934 2209 2990 quem
2221 2921 2390 2973 unxit
2402 2920 2541 2973 Deus
2562 2923 2674 2972 oleo
2692 2921 3076 2973 exsultationis
3090 2936 3207 2988 prae
3222 2925 3455 2990 partici-

156 3013 280 3086 ipse
299 3009 585 3067 sermonis
605 3009 692 3064 sui
712 3008 874 3064 testis
894 3013 998 3074 est,
1021 3007 1119 3063 sed
1146 3007 1472 3062 testimonio
1498 3020 1600 3061 suo
1620 3006 1689 3061 de
1713 3022 1773 3061 se
1806 3006 1819 3008 ἡ
1852 3009 2013 3077 pibus
2038 3010 2174 3061 suis.
2195 3006 2395 3062 Oleum
2424 3011 2613 3061 autem
2634 3007 3022 3062 exsultationis
3038 3008 3310 3079 Spiritum
3331 3027 3455 3067 san~

155 3100 556 3157 testimonium
578 3097 739 3171 pueri
768 3097 857 3153 sui
887 3114 1054 3169 quem
1085 3096 1255 3168 elegit
1282 3095 1601 3151 admiscuit.
1628 3097 1774 3160 Quo-
1856 3101 2009 3150 ctum
2040 3100 2206 3161 esset,
2238 3095 2380 3150 nulli
2408 3094 2642 3150 dubium
2671 3101 2773 3162 est,
2808 3096 3026 3151 dicente
3054 3097 3220 3152 beato
3245 3099 3414 3155 Petro
3438 3118 3450 3153 :

158 3207 290 3247 rum
320 3205 508 3246 unum
546 3194 630 3243 est
652 3186 1037 3243 testimonium
1068 3186 1285 3240 nullum
1315 3190 1447 3239 ante
1488 3201 1547 3239 se
1593 3185 1773 3240 Deum
1852 3187 2038 3240 Jesum
2068 3202 2102 3238 a
2132 3185 2429 3251 Nazareth,
2460 3201 2621 3253 quem
2653 3187 2818 3239 unxit
2848 3187 2988 3240 Deus
3014 3184 3237 3255 Spiritu
3267 3196 3455 3245 sancto

156 3297 285 3337 esse
318 3279 458 3351 quia
486 3294 552 3333 ex
577 3294 642 3332 eo
665 3276 854 3331 omnia
874 3280 1025 3342 sunt,
1048 3290 1230 3345 neque
1249 3279 1378 3345 post
1396 3290 1456 3329 se
1475 3274 1656 3328 Deum
1682 3273 1771 3328 fu-
1855 3280 1902 3328 et
1933 3276 2138 3328 virtute
2170 3274 2301 3343 (Act.
2336 3290 2399 3339 x,
2425 3272 2534 3340 38).
2566 3274 2758 3345 Ipsum
2790 3292 2924 3346 ergo
2956 3280 3121 3330 una-it
3143 3293 3261 3347 pra
3276 3281 3458 3348 parti-

158 3377 383 3425 turum.
416 3366 543 3421 Non
568 3364 764 3435 utique
794 3367 963 3434 negat
993 3378 1057 3416 ex
1095 3378 1155 3416 se
1191 3362 1371 3415 Deum
1415 3360 1606 3415 fuisse.
1639 3361 1774 3415 Erat
1854 3364 2064 3431 cipibus
2086 3364 2218 3428 suis,
2251 3378 2378 3416 cum
2410 3361 2460 3415 ei
2491 3378 2604 3417 non
2635 3362 2705 3416 ad
2735 3380 3060 3419 mensuram
3088 3365 3244 3420 dedit
3274 3366 3455 3440 Spiri-

160 3458 319 3514 enim
339 3457 467 3527 jam
486 3470 629 3526 puer
654 3453 713 3508 in
734 3451 1058 3507 testimonio
1088 3450 1284 3522 patris,
1311 3466 1453 3522 puer
1480 3450 1675 3521 utique
1702 3449 1772 3503 de
1853 3453 2065 3516 tum,in
2086 3467 2196 3521 quo
2214 3451 2493 3504 inhabitat
2513 3453 2693 3504 omnis
2709 3454 2997 3519 plenitudo
3016 3454 3330 3509 divinitatis
3342 3473 3458 3510 cor-

155 3547 341 3609 tribu,
375 3544 448 3598 de
477 3560 589 3615 qua
629 3540 945 3612 gignendus
990 3546 1113 3594 erat
1158 3539 1388 3596 electus.
1440 3537 1602 3593 Unde
1630 3543 1687 3592 et
1714 3537 1771 3592 in
1852 3541 2125 3609 poraliter
2151 3539 2367 3606 (Coloss.
2403 3552 2466 3605 Il,
2490 3537 2564 3607 9),
2600 3538 2658 3592 in
2684 3556 2793 3610 quo
2822 3546 2956 3594 sunt
2982 3557 3175 3595 omnes
3203 3542 3458 3599 thesauri

156 3633 515 3705 Evangelia:
563 3632 690 3686 Ecce
723 3646 867 3700 puer
906 3645 1061 3683 meus
1103 3630 1353 3693 dilectus,
1405 3644 1567 3697 quem
1614 3630 1769 3695 elegi,
1856 3626 2145 3699 sapientiae
2186 3632 2244 3681 et
2284 3626 2530 3682 scientiae
2580 3626 2913 3682 absconditi.
2948 3629 3119 3698 Cujus
3150 3629 3337 3703 itaque
3362 3648 3454 3686 sa-

162 3727 228 3778 in
244 3738 360 3793 quo
389 3721 724 3788 complacuit
751 3720 957 3772 anima:
984 3732 1113 3771 mea:
1138 3716 1347 3779 (Matth.
1378 3729 1472 3778 xu,
1505 3714 1619 3784 is).
1649 3714 1775 3768 Non
1857 3716 2079 3789 pientize
2100 3721 2155 3770 et
2169 3714 2414 3770 scientiae
2433 3715 2786 3770 altitudinem
2810 3716 3100 3771 admirans
3114 3719 3412 3789 Apostolus
3436 3739 3448 3774 :

162 3817 254 3867 est
271 3826 416 3882 ergo
430 3813 563 3863 ante
580 3807 755 3873 Deus,
775 3811 833 3861 et
862 3809 990 3877 post
1006 3820 1119 3859 non
1135 3804 1245 3858 erit
1264 3804 1397 3875 quia
1413 3819 1635 3875 semper
1648 3819 1775 3857 cum
1861 3806 1901 3861 0
1920 3806 2158 3859 altitudo
2173 3806 2508 3859 divitiarum
2528 3807 2812 3873 sapientia:
2826 3810 2876 3859 et
2885 3808 3123 3860 scientia:
3133 3807 3231 3861 Dei
3241 3814 3259 3863 Ι
3281 3811 3448 3869 (Rom.

165 3918 233 3956 eo
252 3900 394 3955 etin
420 3914 487 3952 eo
509 3900 595 3951 est
613 3896 780 3954 ﬁlius.
798 3910 834 3949 a
851 3909 963 3965 quo
983 3898 1086 3958 est,
1110 3898 1322 3948 aeterna
1339 3892 1595 3947 videlicet
1619 3896 1676 3946 et
1694 3892 1777 3945 in-
1861 3910 1934 3959 xx,
1970 3892 2077 3963 33.)
2108 3892 2395 3947 Christum
2427 3897 2615 3947 autem
2646 3909 2758 3947 non
2779 3894 2959 3948 solum
2983 3896 3286 3950 secundum
3318 3898 3456 3953 divi-

162 3985 536 4044 demutabilis
565 3984 762 4049 virtus,
782 3981 1170 4037 inﬁrmitatem
1200 3980 1413 4036 habens
1438 3981 1496 4035 in
1525 3997 1609 4043 eo,
1629 3979 1777 4052 quod
1860 3982 2115 4046 nitatem,
2150 3982 2247 4036 sed
2276 3982 2448 4036 etiam
2478 3982 2785 4037 secundum
2812 3983 3222 4040 humanitatem
3250 3986 3453 4043 altissi-

163 4085 306 4133 ante
358 4082 420 4131 et
462 4080 658 4147 postea
686 4074 866 4128 Deum
910 4076 1116 4143 praeter
1159 4087 1219 4125 se
1257 4070 1472 4124 nullum
1512 4068 1773 4124 ostendit.
1861 4087 2036 4133 mum,
2070 4071 2205 4125 ﬁdes
2250 4070 2523 4126 catholica
2550 4073 2849 4126 conﬁtetur
2884 4079 2941 4127 et
2982 4074 3265 4145 pradicet,
3293 4077 3455 4146 juxta

161 4167 424 4222 Puerum
452 4180 585 4218 vero
612 4178 800 4227 suum,
851 4160 997 4215 sicut
1036 4159 1097 4215 in
1135 4159 1476 4223 testimonio,
1509 4157 1590 4212 ita
1622 4163 1680 4213 et
1717 4158 1777 4212 in
1860 4159 1997 4213 illud
2030 4178 2041 4212 :
2074 4161 2253 4215 Mater
2280 4160 2414 4215 Sion
2443 4161 2580 4214 dicet
2609 4160 2791 4227 homo,
2819 4167 2866 4216 et
2887 4165 2998 4231 ipse
3017 4164 3175 4218 homo
3197 4170 3362 4221 natus
3379 4171 3455 4221 est

161 4256 403 4311 nomine
423 4252 731 4307 collocavit.
754 4250 861 4315 Qui
880 4249 1084 4303 idcirco
1114 4248 1264 4302 Deus
1292 4247 1461 4301 Pater
1489 4246 1586 4318 qui
1613 4246 1772 4301 unxit
1792 4299 1839 4319 ἢ
1860 4250 1925 4302 in
1952 4265 2033 4313 ea,
2052 4254 2101 4302 et
2130 4253 2242 4318 ipse
2265 4250 2527 4317 fundavit
2547 4266 2667 4303 eam
2696 4251 3014 4304 Altissimus
3049 4252 3209 4319 (Psal.
3230 4269 3450 4319 LXXXVI.

164 4299 402 4311 ............
425 4299 731 4307 --η-π----
763 4299 1075 4315 ν-
1116 4299 1145 4302 -
1173 4299 1260 4301 η-
1296 4299 1315 4301 κ
1500 4299 1583 4318 τη
1758 4299 1769 4301 ἡ
2136 4299 2233 4318 τη
3051 4299 3450 4319 ,-η-.-.-......,

164 4361 323 4411 eum,
346 4343 500 4399 Deus
524 4341 646 4411 ejus
670 4343 775 4406 est,
795 4337 928 4409 quia
956 4353 1021 4390 ex
1053 4336 1166 4391 Deo
1186 4339 1353 4390 natus
1373 4335 1431 4389 in
1454 4336 1631 4390 Deum
1653 4341 1770 4403 est;
1792 4299 1841 4358 Β
1861 4337 1933 4405 5).
1988 4336 2340 4408 Quapropter
2386 4338 2512 4408 quis
2567 4337 2774 4392 audeat
2814 4355 2943 4393 eum
2996 4340 3352 4411 altissimum,
3395 4350 3453 4398 et

164 4434 307 4489 licet
335 4437 396 4487 et
418 4447 523 4503 per
544 4430 651 4484 hoc
676 4426 1001 4482 humanitas
1031 4425 1154 4495 ejus
1183 4430 1474 4495 assumpta
1506 4424 1564 4479 in
1593 4424 1770 4479 Deum
1856 4424 2060 4479 Filium
2080 4425 2352 4480 Altissimi
2374 4425 2653 4497 denegare
2672 4443 2837 4497 quem
2858 4427 3007 4482 Deus
3040 4445 3151 4483 non
3184 4430 3363 4485 solum
3381 4432 3450 4487 de

165 4520 546 4591 intelligatur.
576 4516 698 4581 Quo
736 4514 903 4580 dicto,
933 4519 1236 4584 utrumque
1265 4512 1491 4567 Patrem
1518 4511 1776 4565 videlicet
1856 4530 1915 4567 se
1927 4513 2263 4569 altissimum
2278 4514 2494 4585 genuit,
2510 4531 2702 4569 verum
2724 4516 2893 4570 etiam
2915 4517 2984 4570 de
3007 4517 3234 4588 Virgine
3254 4527 3451 4576 natum

164 4616 347 4682 atque
370 4607 580 4663 Filium
608 4605 669 4660 in
695 4610 913 4659 naturae
939 4602 1190 4673 ejusdem
1221 4606 1279 4655 et
1307 4600 1598 4672 dignitatis
1627 4615 1775 4655 nun-
1858 4602 2130 4657 altissime
2159 4603 2439 4669 exaltavit,
2492 4609 2540 4657 et
2567 4605 2792 4658 donavit
2822 4608 2914 4659 illi
2952 4622 3169 4673 nomen,
3203 4611 3348 4676 quod
3376 4617 3453 4665 est

166 4699 478 4771 cnpatione
497 4694 808 4760 constituit,
829 4697 891 4747 ut
904 4708 1052 4747 unus
1067 4691 1216 4746 Deus
1234 4695 1471 4761 uterque
1493 4689 1773 4744 credatur.
1859 4708 2023 4761 super
2050 4708 2209 4746 omne
2238 4708 2457 4757 nomen,
2490 4698 2551 4745 ut
2581 4695 2644 4746 in
2674 4696 2896 4747 nomine
2940 4696 3066 4749 Jesu
3113 4713 3271 4752 omne
3308 4716 3452 4767 genu

167 4790 605 4851 Verumtamen,
651 4782 801 4855 quod
843 4785 1048 4837 unctus
1090 4781 1202 4835 oleo
1236 4781 1619 4834 exsultationis
1660 4794 1779 4848 pra:
1858 4784 2115 4851 ﬂectatur
2141 4784 2454 4845 caleslium,
2485 4783 2852 4849 terrestrium,
2900 4788 2950 4835 et
2992 4784 3370 4853 infernarum,
3404 4794 3453 4843 et

159 4876 549 4947 participibus
576 4869 695 4926 suis
715 4868 922 4924 dicitur
947 4869 1126 4939 (Hebr.
1149 4881 1188 4935 Ι,
1207 4863 1313 4935 19),
1339 4882 1450 4922 non
1470 4867 1777 4923 secundum
1860 4872 2041 4924 omnis
2061 4873 2257 4938 lingua
2277 4872 2618 4936 conﬁteatur,
2633 4873 2767 4939 quia
2792 4871 3226 4928 DominusJesus
3258 4878 3321 4930 in
3344 4881 3457 4945 glo-

162 4965 601 5018 sacramentum
617 4958 769 5013 aliud
790 4973 958 5029 quam
980 4956 1285 5010 secundum
1304 4954 1780 5026 dispensationem
1862 4961 1953 5012 ria
1982 4964 2059 5013 est
2084 4960 2184 5013 Dei
2209 4960 2391 5012 Patris
2421 4958 2680 5029 (Philipp.
2731 4972 2791 5023 η,
2847 4957 2949 5027 10).
2982 4960 3067 5014 Ab
3114 4963 3218 5017 hac
3248 4964 3453 5036 quippe

160 5051 457 5123 assumpti
484 5046 734 5120 corporis
760 5051 849 5101 est
873 5045 1113 5100 locutus.
1144 5045 1271 5099 Non
1300 5043 1450 5098 enim
1479 5043 1530 5099 ei
1556 5045 1780 5115 partici-
1861 5047 2126 5101 unctione
2155 5046 2396 5117 Spiritus
2436 5046 2633 5111 sancti,
2666 5062 2860 5101 omnes
2904 5049 3205 5121 participes
3244 5053 3452 5108 Christi

161 5158 281 5215 pes
305 5137 619 5196 secundum
639 5141 1048 5206 naturam,qua
1061 5133 1286 5204 genitus
1306 5133 1632 5198 estaPatre,
1649 5140 1781 5190 ante
1861 5135 2016 5190 uncti
2038 5141 2308 5189 vocantur
2335 5133 2658 5193 Christiani.
2690 5136 2817 5207 Ipse
2846 5153 2975 5191 vero
3015 5139 3287 5201 Christus.
3321 5142 3455 5212 quia

161 5230 507 5287 Luciferum
554 5243 676 5282 esse
720 5229 1000 5297 poterant,
1032 5239 1170 5294 quos
1211 5223 1414 5277 fratres
1443 5222 1775 5295 appellabat,
1863 5240 1975 5293 prae
1993 5226 2248 5278 omnibus
2264 5225 2631 5292 participibus
2651 5228 2766 5278 suis
2785 5231 2985 5280 unctus
3000 5227 3099 5294 sit;
3132 5227 3210 5281 ita
3227 5234 3291 5282 ut
3310 5229 3455 5287 Deus

158 5320 281 5376 sed
306 5315 620 5375 secundum
648 5312 1089 5386 assumptionem
1128 5329 1241 5383 qua
1288 5313 1515 5366 Verbum
1544 5328 1672 5367 caro
1700 5318 1787 5367 est
1864 5309 1994 5366 vbre
2018 5316 2075 5366 et
2101 5328 2214 5366 non
2243 5311 2500 5383 adoptive
2524 5311 2584 5367 in
2614 5317 2853 5384 utraque
2894 5321 3096 5369 natura
3137 5316 3194 5370 in
3240 5318 3457 5374 unitate

163 5411 369 5478 (Joan.
403 5421 446 5472 Ι,
484 5403 598 5474 l4),
640 5404 699 5458 in
735 5418 847 5474 qua
887 5406 1091 5457 unctus
1126 5399 1368 5473 Spiritus
1397 5400 1575 5455 sancti
1601 5400 1785 5473 gratia
1867 5400 2086 5456 dicatur
2118 5406 2175 5456 et
2202 5400 2486 5455 adoretur.
2527 5401 2670 5456 Hinc
2705 5401 2881 5472 igitur
2902 5409 3005 5469 est,
3039 5403 3188 5474 quod
3217 5405 3349 5461 alibi
3376 5407 3457 5462 ait

157 5496 542 5574 perhibetur.
572 5491 838 5564 Alioquin
866 5490 1017 5546 beati
1045 5489 1128 5546 illi
1156 5494 1215 5546 et
1237 5489 1573 5563 incorrupta
1600 5490 1660 5546 in
1690 5506 1787 5547 na-
1866 5489 2079 5546 David:
2120 5491 2162 5545 Α
2198 5494 2447 5557 ιπαο
2471 5507 2686 5547 summa
2722 5494 2846 5547 calo
2873 5494 3101 5562 egressio
3129 5497 3265 5563 ejus.
3300 5495 3458 5554 Unde

475 5593 742 5655 PATROL.
771 5588 950 5654 CXX.
3146 5593 3223 5655 33
