3918 6166
464 407 555 465 hic
588 422 600 459 :
632 400 916 459 Eructavit
943 410 1001 449 co

465 445 555 465 ιιι-ι.
588 445 600 459 ο
632 445 690 459 ut
712 445 912 455 *νς-.--ν
948 445 1015 449 --ἡ

465 512 558 551 sus
572 496 688 565 ejus
703 485 1256 559 usqueadsummum
1279 474 1394 540 ejus
1425 464 1590 535 (Psal.
1621 470 1780 521 xvnl,
1812 452 1889 520 7).
1919 445 2065 512 Quia

1666 564 1673 565 ί
1734 558 1830 565 -ν--Α
1885 540 2063 565 λιιι-διηθ-

1880 540 2065 594 semet-

471 677 655 745 ipsum
679 665 1012 729 exinanivit,
1044 661 1105 712 ut
1134 656 1379 723 formam
1404 643 1549 699 servi
1577 636 1871 708 acciperet.
1904 625 2065 683 Unde

468 734 670 819 beatus
694 750 1024 812 Ambrosius
1052 746 1112 800 in
1137 738 1382 814 quodam
1406 734 1618 805 hymno
1646 744 1659 779 :

846 866 1078 927 Egressus
1097 858 1222 927 ejus,
1247 850 1439 927 inquit,
1448 845 1678 927 ἐξω-ο,

849 915 1106 987 iteigrcssus
1122 915 1239 982 'ejus
1268 915 1338 987 ad:
1355 915 1570 987 Eutrop}.

846 973 1086 1040 Eié’iiou.
1108 973 1342 1047 usquead
1370 973 1569 1047 inferos,

848 1038 1086 1103 iecursus
1117 1038 1364 1095 ad'sedem
1388 1038 1492 1086 Dei.

476 1174 547 1231 Et
573 1172 693 1226 hac
734 1169 822 1223 est
866 1160 1046 1223 sedes,
1092 1148 1457 1209 charissima,
1506 1152 1679 1231 quam
1707 1132 1827 1231 illa
1874 1125 2073 1184 habuit

476 1220 825 1319 gae—"saeculi
852 1220 1334 1307 constitutionem,
1362 1239 1418 1289 et
1444 1230 1678 1286 oﬂ'ertur
1705 1223 1764 1277 in
1792 1220 2071 1319 {laetem-

476 1365 697 1424 porum,
731 1341 998 1416 quoniam
1027 1336 1149 1406 ipse
1176 1330 1236 1383 in
1265 1331 1507 1393 utroque
1521 1332 1668 1373 unus
1684 1315 1771 1367 est
1791 1307 2068 1369 Christus,

1079 1422 1115 1424 VA
1181 1419 1196 1424 ’
1269 1416 1280 1424 ⁵
1601 1423 1613 1424 κ
1669 1407 1731 1424 --Δ
1783 1404 1833 1424 -1.
1878 1398 1953 1424 ει...
1986 1394 2037 1424 Ᾱῖ
2063 1423 2068 1424 γ

517 1394 569 1407 ν’
586 1394 697 1412 *⁸⁸⁸1
735 1394 880 1416 *ιν-ὐ
1050 1394 1067 1406 ι

476 1394 626 1495 unus
664 1435 834 1497 Deus,
883 1443 1030 1483 unus
1075 1416 1333 1477 Ecclesia
1381 1423 1637 1483 sponsus,
1669 1407 1735 1458 ut
1779 1404 1835 1455 et
1877 1398 1958 1451 ita
1985 1394 2071 1448 di-

476 1543 620 1592 cam,
682 1537 829 1577 unus
878 1514 1160 1586 virginum
1218 1503 1456 1561 maritus
1502 1498 1653 1552 Deus
1719 1489 1822 1546 Dei
1876 1484 2069 1549 Filius,

478 1576 665 1671 cui—ad
692 1576 1226 1665 demonstrationem
1253 1585 1633 1666 sponsalitatis
1653 1576 2069 1652 superadditur.

552 1665 788 1771 idy—rrha
818 1701 867 1752 et
891 1698 1049 1764 gutta
1068 1695 1118 1744 et
1137 1665 1331 1742 casiaia
1346 1676 1681 1735 vestimentis
1703 1671 1834 1735 tuis,
1854 1684 1889 1720 a
1902 1665 2074 1719 domi-

483 1797 580 1849 bus
608 1762 967 1852 eburneis,ea:
994 1781 1190 1851 quibus
1219 1769 1623 1828 delectaverunt
1650 1767 1697 1817 te
1726 1762 1854 1829 ﬁlia
1882 1770 2074 1823 regum.

481 1844 909 1937 honoratae.
932 1844 1039 1926 Ubi
1062 1883 1163 1940 pro
1181 1867 1362 1935 gutta,
1383 1856 1480 1913 alii
1507 1851 1816 1926 myrrham,
1850 1844 1946 1900 alii
1967 1848 2078 1897 sta-

479 1931 1083 2028 vtranstulerunt:
1130 1931 1296 2010 Casia
1335 1964 1465 2002 vero
1505 1947 1592 1999 est
1631 1941 1753 2012 ipsa
1799 1953 1922 2009 qua
1965 1931 2075 1987 alio

479 2060 708 2117 nomine
736 2052 925 2111 ﬁstula
950 2047 1328 2116 nuncupatur.
1350 2038 1602 2102 Quarum
1630 2046 1747 2093 vos,
1780 2023 2077 2081 sanctimo-

479 2150 660 2205 niales
680 2141 909 2208 Christi,
931 2136 1145 2211 species
1165 2149 1231 2187 ac
1246 2130 1483 2185 virtutes
1500 2120 1721 2196 plenius
1740 2126 2076 2185 cognoscere

479 2256 593 2294 non
622 2235 868 2304 ambigo,
901 2226 1166 2303 quoniam
1194 2222 1306 2275 ista
1333 2220 1467 2272 sunt
1500 2213 1754 2267 aromata
1780 2205 2072 2264 virtutum,

483 2344 605 2399 qua
626 2289 885 2396 quotidie
914 2289 974 2372 in
1017 2298 1356 2370 sacrificium
1384 2301 1622 2360 Domino
1664 2294 1805 2367 Regi
1843 2289 2071 2354 oﬂ‘ertis,

483 2432 608 2487 qua
660 2405 1041 2467 mortificastis
1087 2398 1337 2457 membra
1378 2398 1567 2449 vestra
1612 2402 1781 2458 super
1820 2389 2029 2437 terram
2061 2397 2073 2431 :

482 2506 634 2560 unde
654 2508 712 2557 et
738 2501 919 2556 bonus
947 2495 1085 2550 odor
1114 2489 1246 2546 estis
1271 2488 1386 2543 Deo
1410 2486 1467 2538 et
1493 2476 1709 2536 cunctis
1731 2469 2073 2528 hominibus.

482 2559 675 2649 Nostis
699 2588 834 2662 quia
859 2586 919 2641 in
949 2582 1114 2639 titulo
1143 2596 1244 2652 pro
1274 2571 1506 2630 ﬂoribus
1532 2584 1633 2623 seu
1660 2564 1790 2619 liliis
1809 2559 2078 2631 scriptum

482 2680 668 2755 reperi
699 2697 711 2732 :
739 2684 797 2733 et
821 2676 946 2732 ideo
976 2672 1047 2728 ad
1088 2686 1184 2725 vos
1209 2684 1276 2721 ex
1321 2665 1427 2719 hoc
1455 2658 1679 2715 Psalmo
1708 2650 1950 2708 scribere
1989 2646 2082 2700 de-

483 2770 615 2844 legi.
645 2768 806 2825 Unde
834 2776 1181 2834 consequens
1210 2760 1313 2821 est,
1352 2751 1485 2824 quia
1515 2744 1803 2819 myrrham
1835 2738 2078 2811 primam

1379 2842 1387 2844 ς
1484 2838 1495 2844 -
1597 2835 1635 2844 ..
1702 2832 1734 2844 ..
1861 2833 1871 2844 .
1919 2827 1965 2844 ιθ
1992 2823 2078 2844 ιε,

484 2823 612 2844 ’⁷σ”“
662 2823 677 2825 “
1019 2823 1039 2834 ο
1369 2823 1385 2824 7

484 2876 579 2915 vos
598 2860 749 2931 ipsas
773 2856 888 2911 Deo
909 2853 968 2907 in
990 2850 1219 2905 odorem
1237 2838 1529 2900 suavitatis
1556 2832 1788 2890 offertis.
1819 2833 1882 2883 ut
1904 2827 1974 2880 de
1992 2823 2081 2877 his

484 2918 776 3021 speciebus
806 2940 1018 3013 aliquid
1046 2937 1215 2992 latius
1248 2933 1572 2991 edisseram,
1598 2925 1657 2978 in
1686 2918 1890 2993 quibus
1912 2929 2083 2986 opera

496 3002 535 3021 γι
566 3002 576 3003 κ
899 3002 920 3013 -

483 3033 812 3109 impenditis
855 3027 1259 3105 indesinenter,
1288 3025 1355 3076 ut
1381 3031 1586 3090 sponso
1624 3027 1726 3083 per
1753 3004 1943 3063 omnia
1968 3002 2082 3075 pla-

485 3124 680 3181 ceatis.

556 3212 774 3268 Ferunt
797 3206 1078 3280 equidem,
1108 3200 1204 3274 qui
1233 3200 1303 3254 de
1331 3196 1650 3251 aromatum
1676 3183 1973 3242 virtutibus
1994 3181 2087 3235 de-

487 3301 852 3373 scripserunt,
884 3298 1102 3350 stacten
1144 3291 1339 3344 ﬂorem
1369 3299 1491 3340 esse
1520 3278 1783 3352 myrrha,
1823 3273 1955 3328 licet
1991 3269 2087 3325 alii

489 3395 714 3463 guttam
744 3383 1150 3442 ammoniatam
1194 3375 1478 3433 dixerint:
1519 3384 1687 3442 quem
1733 3366 1927 3419 ﬂorem
1966 3375 2089 3415 esse

491 3450 717 3553 optima
744 3472 968 3531 virtutis
994 3485 1159 3526 nemo
1189 3463 1442 3535 ambigit,
1472 3460 1603 3514 licet
1630 3457 1778 3512 inter
1798 3450 2089 3525 myrrham

493 3537 552 3624 et
589 3565 883 3640 myrrham
930 3574 1138 3631 magna
1178 3552 1450 3611 distantia
1485 3564 1607 3604 esse
1635 3545 1911 3600 videatur.
1945 3537 2091 3605 Quia

494 3658 607 3714 alia
636 3662 725 3711 est
754 3655 852 3709 illa
876 3667 1000 3723 qua
1031 3649 1092 3703 in
1125 3645 1357 3701 modum
1387 3639 1531 3696 roris
1576 3635 1705 3692 ﬂuit
1738 3648 1805 3688 ex
1842 3628 2042 3686 arbore
2073 3644 2085 3680 :

495 3746 607 3803 alia
623 3763 747 3818 qua
767 3737 1137 3800 excisionibus
1157 3740 1215 3790 et
1240 3730 1410 3787 variis
1430 3728 1713 3799 eliquatur
1730 3719 1984 3785 torturis,
2007 3716 2092 3770 vel

497 3805 725 3893 aliunde
753 3829 1048 3888 conficitur
1075 3825 1146 3881 ad
1177 3822 1406 3878 odorem
1430 3814 1662 3872 incensi.
1686 3812 1924 3882 Propter
1942 3805 2093 3877 quod

497 3943 615 3993 vos,
664 3922 909 3994 virgines
952 3914 1177 3980 Christi,
1229 3909 1440 3982 Optime
1478 3904 1757 3975 scriptura
1806 3895 2095 3969 myrrham

500 4015 743 4087 primam
789 4025 891 4064 seu
940 4006 1173 4061 electam
1216 4003 1394 4062 vocat,
1435 3994 1567 4067 quia
1608 3986 2097 4046 mortificationem

1213 260 1269 312 S.
1311 243 1689 310 PASCHASll
1729 227 2090 294 RADBERTI
2130 222 2432 280 ABBATIS
2474 215 2969 276 CORBEIENSIS.

1007 408 1036 447 ν
1056 403 1239 444 unum
1268 381 1493 439 verbum
1519 378 1742 432 bonum,
1764 368 1840 429 et,
1865 360 2061 418 Occur-
2081 354 2125 414 Α
2143 347 2538 406 similitudines
2566 344 2790 400 divinus
2815 357 2999 398 sermo
3025 336 3339 395 intimaret?
3366 333 3519 400 Unde,
3545 333 3650 389 cha-

2012 445 2021 447 _
2177 440 2187 447 .
2256 438 2266 447 .
2540 434 2570 447 .-
2612 433 2644 447 ο.
2845 432 2878 447 ιο
2968 446 2973 447 ,
3036 446 3045 447 κ
3064 445 3110 447 Α-
3190 424 3387 447 (11...!4-
3427 423 3472 447 ξ..
3517 422 3635 447 1......ι2

3546 210 3645 265 10313

2144 438 2399 504 ris-sima,
2432 433 2687 507 projicite
2715 432 2913 486 mortis
2952 445 3141 500 opera,
3189 424 3392 481 Christo
3427 423 3477 477 in
3517 422 3657 493 bapti-

2144 532 2323 583 smate
2377 523 2736 596 consepulta,
2797 526 2855 576 et
2899 519 3001 574 sub
3046 514 3310 572 velamine
3348 510 3660 583 sponsalitatis

2146 617 2278 672 dote
2320 614 2560 670 Domino
2606 614 2945 667 consecrata
2974 626 2987 662 :
3020 606 3152 678 quia
3190 603 3318 658 estis
3360 599 3475 655 huic
3497 599 3663 654 mundo

2147 710 2401 770 mortua,
2435 701 2579 758 nihil
2606 700 2757 755 aliud
2800 713 2968 770 quam
3010 695 3080 750 de
3122 690 3420 748 caelestibus
3452 688 3663 759 cogitate.

2147 792 2467 866 Loquimini
2496 791 2568 846 ad
2594 804 2862 862 sponsum
2892 788 3142 841 vestrum
3173 779 3411 851 singula,
3428 775 3667 848 loquimini

2150 900 2346 938 omnes
2378 883 2614 937 :Manus
2642 895 2772 934 mea:
2786 876 3141 932 stillaverunt
3170 869 3464 937 myrrham,
3479 870 3521 920 et
3541 866 3670 933 digiti

2151 975 2261 1028 mei
2276 973 2435 1041 pleni
2462 968 2699 1037 myrrha
2723 966 3119 1041 probatissima
3140 959 3301 1031 (Psal.
3323 971 3437 1021 cxv,
3465 953 3552 1023 15),
3571 952 3674 1024 quia

2151 1038 2399 1134 pretiosa
2426 1064 2513 1114 est
2538 1058 2597 1112 in
2622 1058 2924 1126 conspectu
2959 1038 3185 1107 Domini
3228 1062 3373 1103 mors
3414 1048 3674 1098 sanctorum

2153 1132 2294 1223 ejus.
2316 1150 2439 1204 Non
2457 1148 2641 1203 solum
2660 1144 2836 1216 igitur
2856 1157 3026 1206 mors,
3048 1138 3147 1194 sed
3170 1142 3227 1192 et
3249 1132 3567 1190 mortificatio
3582 1147 3676 1185 car-

2153 1218 2262 1295 nis.
2292 1234 2668 1299 Mortiﬁcastis
2714 1232 2904 1303 itaque
2934 1227 3193 1284 membra
3217 1228 3393 1279 vestra
3432 1222 3486 1276 in
3523 1218 3676 1275 saeculo

2154 1344 2347 1383 amore
2384 1324 2614 1390 Christi,
2653 1321 2897 1393 gaudete
2939 1324 2998 1372 et
3033 1314 3322 1379 exsultate,
3361 1310 3481 1382 quia
3515 1323 3679 1363 merces

2154 1423 2339 1472 vestra
2384 1415 2443 1469 in
2480 1413 2634 1468 caelis
2670 1410 2919 1481 gloriosa
2963 1411 3157 1462 manet
3185 1419 3310 1458 cum
3350 1398 3548 1454 sanctis.
3581 1397 3680 1460 Quae

2155 1506 2426 1561 nimirum
2455 1499 2813 1558 mortiﬁcatio
2838 1497 3079 1570 primum
3111 1510 3146 1549 a
3167 1488 3490 1546 vestimentis
3507 1485 3684 1541 Domini

2156 1594 2393 1650 deﬂuxit
2422 1611 2433 1646 :
2465 1598 2524 1646 et
2550 1591 2677 1645 ideo
2706 1592 2832 1661 post
2851 1603 2981 1642 eum
3002 1584 3063 1638 in
3082 1583 3311 1638 odorem
3334 1581 3681 1649 unguentorum

2157 1685 2280 1755 ejus
2331 1688 2451 1736 tam
2495 1679 2716 1735 fortiter
2751 1673 3114 1731 concurristis
3149 1689 3161 1724 :
3191 1686 3319 1724 nam
3358 1666 3681 1721 vestimentum

2158 1754 2383 1829 Domini
2407 1785 2608 1840 corpus
2637 1766 2874 1821 mortale
2904 1763 3047 1828 fuit;
3090 1759 3225 1832 quia
3261 1758 3398 1812 sicut
3416 1754 3682 1809 vestimento

2158 1866 2429 1934 teguntur
2455 1838 2708 1913 membra
2737 1852 3064 1910 mortalium
3087 1867 3101 1902 :
3123 1850 3207 1904 ita
3232 1853 3290 1902 et
3309 1846 3544 1916 majestas
3556 1838 3683 1895 Verbi

2158 1930 2569 2006 abvinﬁdelium
2600 1945 2775 2001 oculis
2823 1941 3009 1996 carnis
3056 1937 3332 1994 velamine
3363 1930 3682 2005 tegebatur.A

2158 2056 2268 2111 quo
2299 2055 2433 2094 sane
2460 2035 2813 2101 vestimento,
2860 2026 3264 2086 incarnationis
3290 2023 3485 2080 scilicet
3505 2034 3678 2083 arcano,

2158 2145 2403 2200 congrue
2428 2126 2645 2181 venisse
2664 2123 2929 2178 dicuntur
2947 2125 3063 2173 tres
3083 2118 3210 2172 ista
3233 2113 3435 2186 species
3453 2130 3464 2171 ;
3486 2107 3681 2180 myrrha,

2158 2224 2218 2275 et
2241 2224 2423 2289 gutta,
2456 2222 2514 2271 et
2538 2215 2706 2270 casia.
2750 2214 2815 2267 In
2853 2209 3056 2282 quibus
3085 2214 3147 2263 et
3192 2223 3287 2260 vos
3324 2201 3557 2258 didicisse
3592 2212 3684 2268 ope-

2157 2285 2275 2362 rari
2318 2303 2646 2360 muneribus
2688 2317 2817 2354 vere
2855 2297 3213 2366 multumque
3254 2291 3455 2364 gaudet
3478 2285 3683 2349 Ecclesia,

2159 2412 2282 2467 qua
2310 2409 2511 2464 corpus
2535 2389 2761 2446 Domini
2809 2385 3059 2458 quotidie
3097 2379 3423 2455 perungitis,
3449 2382 3501 2433 et
3519 2373 3686 2430 nudita-

2159 2489 2275 2540 tem
2294 2484 2436 2554 ejus,
2459 2481 2594 2552 quia
2612 2476 2953 2549 exspoliatus
2982 2471 3251 2545 pependit
3280 2470 3336 2525 in
3364 2483 3526 2531 cruce,
3548 2467 3686 2517 vestra

2160 2548 2395 2628 vestitus
2414 2548 2524 2625 ﬁde
2547 2588 2558 2622 :
2581 2548 2846 2622 scandala
2862 2563 3189 2620 Judaorum
3210 2565 3270 2615 et
3300 2555 3532 2629 gentium
3551 2548 3687 2607 stulti-

2161 2662 2301 2716 tiam
2322 2674 2581 2715 sermone
2611 2657 2788 2729 plena
2817 2650 3184 2708 confessionis
3222 2646 3467 2717 abjicitis,
3502 2642 3687 2697 scientes

2162 2749 2427 2822 quoniam
2457 2726 2731 2802 Dominus
2760 2740 3017 2813 regnavit
3037 2756 3072 2793 a
3091 2739 3268 2809 ligno.
3292 2734 3487 2791 Idcirco
3502 2732 3615 2800 jam,
3631 2726 3688 2779 fa-

2162 2843 2323 2893 vente
2339 2836 2597 2897 Domino,
2609 2833 2854 2904 gratiam
2872 2829 3053 2885 crucis
3073 2844 3205 2883 cum
3225 2826 3344 2898 ipso
3360 2817 3632 2877 induimini,
3647 2815 3689 2867 in

2163 2943 2273 2999 qua
2314 2942 2443 2982 cum
2471 2903 2645 2980 Paulo
2683 2920 2937 2993 apostolo
2979 2916 3215 2989 gloriari
3260 2911 3554 2970 fidelissime
3580 2903 3692 2959 didi-

2167 3016 2342 3071 cistis.

2238 3103 2398 3169 Quod
2418 3102 2468 3157 si
2487 3119 2618 3157 vere
2646 3096 3012 3173 perpenditis,
3036 3100 3095 3151 et
3122 3112 3221 3150 vos
3234 3095 3350 3165 jam
3370 3088 3696 3145 vestimentum

2169 3192 2304 3249 estis
2334 3189 2578 3255 Domini,
2603 3189 2660 3244 in
2675 3189 2833 3257 cujus
2861 3202 2958 3240 ora
2987 3182 3312 3240 vestimenti
3331 3181 3634 3250 unguentum
3646 3169 3697 3224 il—

2168 3281 2264 3337 lud
2282 3279 2552 3353 pervenit,
2582 3285 2627 3345 ι
2638 3284 2699 3342 ει
2709 3282 2758 3342 θ
2768 3280 2827 3343 8
2843 3273 2993 3347 quod
3009 3290 3044 3328 a
3054 3276 3233 3342 capite
3254 3274 3314 3325 in
3335 3269 3541 3323 barbam
3554 3265 3699 3318 Aaron

2169 3349 2441 3426 descendit
2475 3370 2638 3441 (Psal.
2671 3380 2869 3432 cxxxu,
2900 3362 2978 3434 2).
3025 3363 3244 3418 Unctus
3271 3360 3466 3431 quippe
3498 3349 3700 3408 Christus

2171 3464 2260 3515 est
2306 3462 2416 3514 oleo
2459 3435 2841 3512 casultationis
2872 3458 2929 3508 et
2972 3455 3265 3523 unguento
3310 3446 3530 3520 Spiritus
3566 3435 3703 3494 sancti

2166 3565 2283 3619 prae
2309 3548 2563 3602 omnibus
2598 3544 2964 3613 participibus
2989 3543 3107 3595 suis
3142 3540 3324 3605 (Hebr.
3353 3550 3390 3601 ι,
3412 3532 3464 3599 9)
3487 3550 3500 3588 :
3529 3528 3637 3601 quia
3655 3524 3697 3578 in

2176 3654 2242 3693 eo
2266 3642 2417 3691 totus
2444 3635 2567 3689 fons
2596 3632 2878 3688 unctionis
2905 3647 2940 3684 a
2968 3628 3265 3684 divinitate
3291 3641 3390 3680 sua
3422 3622 3479 3676 in
3497 3610 3702 3673 humani-

2173 3731 2292 3782 tate
2334 3723 2612 3796 siquidem
2655 3721 2716 3776 in
2760 3737 2873 3775 uno
2926 3718 3239 3789 eodemque
3285 3713 3492 3771 Christo
3519 3701 3700 3761 efﬂuxit.

2175 3813 2390 3870 Deinde
2402 3793 2575 3883 quasi
2600 3826 2636 3864 a
2662 3807 2856 3874 barba,
2890 3823 3014 3878 qua
3039 3810 3127 3860 est
3158 3804 3329 3859 virilis
3355 3793 3621 3873 proportio.
3631 3802 3704 3883 ρετ

2178 3900 2367 3956 omnia
2396 3897 2756 3954 ecclesiarum
2787 3876 3060 3959 membra,
3106 3909 3234 3963 qua
3260 3895 3389 3946 sunt
3417 3898 3592 3954 corpus
3616 3876 3703 3946 ei“

2179 3997 2241 4046 et
2275 3988 2677 4044 vestimentum
2713 3984 2966 4055 adusque
3015 3982 3261 4037 inﬂuxit.
3314 3980 3376 4035 In
3421 3990 3519 4047 quo
3559 3970 3705 4036 itaque

502 4058 743 4087 r-------
789 4058 891 4064 -ν-
947 4058 1075 4061 --ηγ
1384 4058 1391 4062 τ
1451 4058 1473 4067 -

502 4100 729 4158 Domini
766 4099 825 4153 in
868 4110 1100 4166 corpore
1129 4095 1312 4146 vestro
1340 4079 1731 4142 circumfertis.
1772 4078 1947 4131 Porro
1976 4089 2099 4127 cas-
2182 4093 2430 4150 corpore,
2466 4074 2860 4140 dilectissime,
2906 4089 3004 4127 vos
3041 4071 3393 4142 potissimum
3428 4061 3548 4119 estis
3577 4058 3704 4109 vesti-

505 4191 591 4245 sia
617 4205 718 4244 seu
760 4147 986 4249 ﬁstula:
1003 4197 1198 4236 omnes
1237 4176 1469 4250 pituitae
1506 4178 1564 4227 et
1602 4171 1899 4225 rheumata
1942 4162 2100 4217 volu-
2183 4147 2504 4223 mentorum
2531 4163 2736 4227 decus;
2785 4163 2845 4216 in
2868 4161 3072 4233 quibus
3098 4160 3207 4215 hoc
3233 4147 3601 4213 benedictionis
3627 4156 3706 4196 un-

507 4229 591 4245 o...
618 4229 718 4244 ον..
760 4229 970 4249 ....-..-..,
1006 4229 1195 4236 --_---_

507 4282 731 4350 ptatum
775 4290 875 4329 suo
920 4271 1104 4326 calore
1148 4268 1207 4321 in
1253 4264 1408 4319 vobis
1463 4258 1720 4350 excoquit
1756 4255 1831 4350 ad
1872 4260 2456 4350 purum,nguentum
2479 4251 2778 4318 emanavit"
2811 4229 2945 4321 quia
2973 4247 3230 4305 membra
3257 4242 3454 4302 Christi
3478 4229 3706 4312 pretiosis-

2219 4347 2229 4350 -
2352 4345 2362 4350 -
2748 4339 2779 4350 -ο
2860 4339 2903 4350 -ι
3104 4337 3116 4350 ·
3142 4338 3155 4349 -
3338 4340 3348 4350 .
3397 4347 3490 4350 mn
3526 4316 3688 4350 mnta}:

510 4316 731 4350 μαψ...
775 4316 874 4329 ..κν
922 4316 1103 4326 -..ηπ
1269 4316 1312 4319 ἡ-
1613 4316 1634 4330 ,
1873 4316 1891 4325 -
2183 4316 2219 4331 υ
2769 4316 2773 4318 ν

510 4378 816 4434 omnesque
845 4357 1165 4432 prurigines
1202 4352 1466 4406 vitiorum
1492 4345 1753 4416 detergit.
1781 4344 1926 4398 Nam
1953 4338 2102 4412 quod
2120 4316 2168 4360 υ
2186 4347 2332 4401 sima
2349 4345 2410 4399 in
2428 4358 2659 4414 corpore
2680 4316 2848 4395 estis.—
2860 4339 3002 4393 Rem
3032 4337 3210 4405 vobis,
3242 4340 3496 4391 matrona
3526 4316 3705 4381 Christi:

2418 4433 2428 4434 κ
2866 4429 2877 4434 -
2953 4432 2958 4434 _
3035 4427 3066 4434 -
3135 4426 3146 4434 .
3202 4433 3205 4434 ,
3468 4419 3493 4434 ..
3516 4414 3688 4434 ei“..-

518 4458 697 4522 ιπτ
712 4414 761 4517 ἂ
783 4414 1205 4520 in‘quibiisdam
1232 4438 1515 4495 codicibus
1534 4414 1802 4506 scriptum
1827 4437 1930 4522 est,
1946 4433 2105 4522 yutta
2184 4451 2387 4491 novam
2416 4433 2633 4504 loquar,
2667 4429 3002 4485 auctoritate
3032 4426 3439 4498 scripturarum
3464 4414 3704 4473 ﬁrmatam.

2639 4519 2682 4522 ,Α
2742 4518 2752 4522 ,
2817 4519 2827 4522 _
3087 4517 3098 4522 _
3276 4514 3286 4522 _
3451 4508 3471 4522 η
3545 4503 3644 4522 ,Μ
3667 4498 3704 4522 Α,

520 4498 1065 4522 --.σ---ι--ρη
1644 4498 1663 4506 ,

510 4544 599 4600 vel
646 4545 851 4597 stacten
900 4538 960 4591 in
996 4530 1268 4591 Hebraico
1315 4526 1502 4592 habet,
1549 4523 1799 4581 Ahaloth.
1850 4520 2009 4576 Unde
2051 4524 2108 4573 et
2187 4498 2598 4579 vestimentum
2625 4518 2834 4575 Christi
2865 4535 2961 4572 vos
2999 4517 3152 4583 estiS,
3197 4514 3327 4587 quia
3347 4503 3647 4567 confessione
3665 4498 3709 4548 et

513 4633 852 4688 Nicodemus
872 4631 1099 4681 centum
1118 4620 1292 4676 libras
1314 4616 1557 4690 myrrha
1579 4619 1638 4669 et
1660 4612 1810 4667 aloes
1835 4610 1907 4665 ad
1921 4607 2109 4680 sepul-

514 4727 702 4776 turam
741 4714 964 4773 Domini
988 4709 1341 4786 praparavit.
1383 4705 1543 4762 Unde
1570 4718 1809 4775 sponsus
1840 4699 1911 4754 ad
1938 4713 2106 4769 spon-

516 4825 639 4864 sam
658 4784 1249 4877 loqui‘urinﬁCanticis
1270 4797 1339 4852 de
1359 4796 1477 4850 his:
1504 4793 1738 4861 Myrrha
1763 4796 1809 4844 et
1831 4790 1958 4845 Alce
1983 4802 2109 4841 cum

518 4898 773 4953 omnibus
794 4894 1091 4962 unguentis
1114 4891 1336 4959 primis.
1354 4886 1421 4940 Et
1443 4884 1542 4939 illa
1567 4879 1888 4953 respondit:
1912 4878 2111 4931 Manus

519 4982 649 5041 mea
668 4986 1023 5039 stillavcrunt
1050 4979 1365 5048 myrrham,
1384 4976 1551 5042 digiti
1580 4973 1686 5025 mei
1710 4969 1863 5038 pleni
1878 4965 2112 5032 myrrha

512 5075 907 5148 probatissima
939 5070 1114 5132 (Cant.
1161 5081 1237 5133 ιν,
1285 5066 1398 5133 14).
1445 5061 1550 5118 Ubi
1593 5057 1839 5114 ostendit
1868 5054 2110 5125 Spiritus

520 5171 747 5221 sanctus
762 5159 910 5232 quod
932 5159 1046 5212 hac
1066 5160 1321 5210 aromata
1334 5153 1601 5206 virtutum
1625 5149 1960 5203 documenta
1979 5152 2113 5198 sunt

522 5254 819 5324 virginum.
851 5250 994 5303 Nam
1028 5244 1238 5316 species
1261 5249 1618 5296 terrenarum
1660 5253 1869 5297 rerum,
1897 5234 2114 5305 judicia

518 5343 681 5398 nobis
723 5338 1034 5396 caelestium
1079 5333 1469 5388 demonstrare
1513 5328 1772 5382 videntur
1815 5325 2107 5379 virtutum.

518 5432 674 5488 Alias
704 5436 896 5486 autem
925 5424 1060 5498 quid
1086 5426 1410 5496 poteramus
1438 5417 1509 5472 de
1550 5416 1646 5471 illa
1684 5416 1980 5487 majestate
2016 5428 2111 5491 co-

520 5480 963 5596 gnoscam—,viiisi‘
975 5480 1136 5571 nobis
1163 5510 1232 5566 de
1261 5509 1383 5581 ipsa
1421 5504 1642 5578 aliquid.
1660 5522 1762 5578 per
1775 5480 2112 5576 ‘hujusmodi

2189 4611 2451 4685 cperibus
2489 4627 2585 4664 vos
2623 4609 2783 4664 illum
2825 4605 3156 4671 exornastis,
3190 4584 3506 4669 rursumque
3543 4604 3621 4644 VOS
3649 4584 3708 4654 il"

2191 4669 2315 4757 sum
2337 4700 2546 4755 induta
2567 4698 2722 4753 estis.
2738 4696 2899 4752 Unde
2917 4699 3109 4750 monet
3122 4669 3410 4764 Apostolus
3428 4669 3709 4764 :lnduimt'nf

2190 4754 2492 4848 Dbminum
2512 4790 2699 4841 Jesum
2718 4786 3000 4842 Christum
3024 4754 3189 4855 (Rom:
3216 4794 3332 4845 xm,
3355 4777 3449 4846 l4).
3463 4754 3708 4855 Induimini

2193 4886 2403 4943 autem,
2435 4875 2684 4941 obsecro,
2728 4848 3038 4938 Christum,
3066 4868 3413 4928 charissima,
3444 4848 3709 4943 amplius-8t

2192 4935 2510 5039 perfectius,
2542 4935 2680 5035 quia
2702 4961 2960 5017 Christus
2987 4935 3250 5030 dignatus
3276 4959 3356 5010 est
3383 4965 3469 5004 vos
3495 4941 3623 5016 prius
3639 4935 3707 5039 if

2193 5020 2217 5039 ε
2500 5020 2510 5031 ,
2557 5020 2578 5035 ,
3046 5020 3082 5030 ν

2192 5054 2446 5118 duerein
2475 5070 2574 5108 suo
2609 5067 2860 5123 corpore.
2893 5050 3127 5104 Constat
3164 5046 3334 5117 igitur
3359 5038 3478 5112 quia
3501 5032 3621 5087 sicut
3642 5020 3707 5077 di-

2193 5162 2352 5200 versa
2395 5148 2528 5198 sunt
2568 5157 2780 5212 genera
2827 5138 3288 5194 vestimentorum
3327 5123 3533 5186 Christi,
3564 5118 3629 5170 ita
3664 5113 3708 5163 οδ

2192 5234 2411 5288 diversa
2439 5237 2858 5301 unguentorum
2888 5228 3271 5282 odoramenta.
3302 5217 3494 5277 Idcirco
3511 5206 3603 5264 tria
3625 5201 3708 5254 ista

2191 5323 2364 5387 vobis,
2399 5291 2686 5392 myrrham
2713 5318 2940 5384 scilicet,
2989 5322 3048 5371 et
3071 5320 3307 5387 guttam.
3332 5313 3486 5376 ειςυθ
3520 5291 3702 5392 “fiam:

2193 5377 2437 5484 Spiritus
2457 5377 2690 5465 sanctus
2717 5377 2970 5478 fragrare
2980 5377 3293 5477 specialiter
3326 5381 3632 5484 signiﬁcavit,
3656 5377 3705 5430 ut

2192 5468 2254 5558 iri
2280 5499 2539 5557 omnibus
2563 5468 2867 5569 unguentis
2885 5468 3343 5555 vestimentorum
3356 5476 3571 5541 Turini“!
3585 5468 3705 5527 9⁸⁸³
