3918 6166
118 262 268 320 1037

1021 264 1405 322 sxrosrno
1446 266 1523 323 IN
1565 262 1913 322 PSALMUM
1953 265 2143 322 XLIV.
2185 297 2255 309 -
2292 224 2427 324 LIB.
2469 271 2541 325 ιι.

3268 277 3411 335 1038

122 390 235 445 ﬁde
264 390 551 446 sentiatur
577 391 801 462 integra
831 396 889 446 et
914 391 1203 449 intellectu
1224 393 1491 448 odoretur
1507 393 1731 464 impraa-
1749 393 2089 453 Amatronxe
2120 394 2348 459 Christi,
2384 412 2479 450 vos
2503 398 2638 452 estis
2665 397 2812 469 βαρὺς
2834 399 2930 455 illa
2957 401 3167 457 scilicet
3184 403 3407 472 donius,

121 481 441 536 sentiarum
470 481 734 552 perfecto.
754 481 915 546 Quod
938 483 983 537 si
1007 484 1306 554 diligenter
1331 483 1594 547 attendis,
1623 483 1731 537 vir-

128 587 224 642 go,
249 587 287 624 a
315 571 593 642 principio
609 571 775 641 hujus
805 572 1011 627 Psalmi
1032 590 1255 646 semper
1271 573 1516 627 Trinitas
1542 588 1732 626 rerum

125 675 228 730 per
254 659 514 731 singulos
539 677 731 714 versus
758 660 1094 716 declaratur.
1127 662 1258 717 Ideo
1281 669 1339 717 et
1357 662 1446 717 hic
1466 662 1577 716 tria
1605 662 1735 715 odo-

122 755 523 804 ramentorum
551 766 763 821 genera
790 755 1011 805 tantum
1037 768 1103 805 ex
1131 750 1391 806 omnibus
1419 749 1645 821 delegit.
1668 750 1733 804 In

124 836 337 908 quibus
365 837 615 909 profecto
641 838 986 893 aromatibus
1006 839 1270 895 virtutem
1303 839 1430 894 boni
1451 839 1656 912 aperis,
1679 845 1736 893 et

122 927 258 982 ﬁdei
276 928 525 999 gratiam
550 928 894 1001 praedicavit.
928 930 1071 984 Hinc
1092 947 1315 1002 quoque
1344 930 1514 998 casia,
1534 931 1582 985 si
1609 931 1732 985 oleo

123 1017 363 1072 decocta
390 1015 563 1071 fuerit
604 1018 739 1073 dum
769 1018 829 1073 in
859 1019 996 1074 ﬂore
1026 1025 1132 1084 est,
1161 1020 1369 1075 dicitur
1399 1019 1548 1091 quod
1577 1020 1646 1073 de
1673 1034 1734 1073 se

122 1105 476 1162 odoriferam
510 1106 672 1162 valde
701 1106 874 1162 efﬁcit
914 1115 1286 1180 unguentum.
1319 1110 1406 1165 Ita
1440 1114 1506 1164 ut
1534 1108 1734 1163 merito

123 1212 233 1269 per
260 1197 372 1250 hoc
396 1201 604 1251 sanctae
630 1195 1036 1252 incarnationis
1062 1198 1269 1254 Christi
1299 1199 1477 1253 virtus
1506 1202 1563 1253 et
1609 1213 1736 1252 sua-

122 1283 274 1340 vitas
308 1290 594 1356 perpetuae
624 1284 1031 1342 benedictionis
1060 1288 1434 1342 aromatizans
1453 1287 1736 1358 intelliga-

124 1379 246 1427 tur.
281 1373 521 1445 Pr0pter
549 1374 699 1446 quod
730 1390 936 1446 sponsa
986 1376 1047 1430 in
1073 1376 1319 1431 Canticis
1352 1394 1364 1429 :
1398 1379 1522 1431 Post
1553 1381 1619 1442 te,
1649 1377 1737 1431 in-

124 1463 273 1533 quit,
312 1465 375 1516 in
427 1464 645 1517 odorem
701 1469 1116 1533 unguentorum
1167 1470 1391 1520 tuorum
1444 1482 1735 1520 curremus

123 1552 328 1621 (Cant.
361 1565 404 1614 ι,
428 1549 502 1619 4).
551 1551 789 1607 Curritis
827 1569 961 1624 ergo
1000 1559 1057 1608 et
1084 1571 1198 1620 vos,
1230 1559 1436 1609 sanctae
1471 1554 1739 1625 virgines,

126 1640 366 1694 curritis
394 1655 567 1710 quam
587 1638 727 1695 bene
754 1645 879 1712 post
908 1647 1197 1711 unguenta
1232 1642 1405 1708 varia,
1441 1648 1569 1713 post
1603 1642 1739 1697 odo-

1814 481 2097 537 aediﬁcatse
2124 482 2182 537 in
2209 484 2437 538 modum
2458 486 2650 548 turris,
2683 503 2797 544 una
2825 505 2951 545 cum
2978 484 3411 564 propugnaculis

1816 575 1873 623 et
1899 576 2189 625 armatura
2208 570 2496 637 virtutum,
2521 590 2586 627 ex
2611 574 2777 629 ebore
2797 577 3051 649 antiquo,
3084 596 3209 633 cum
3242 580 3410 647 casti-

1814 663 1932 713 tate
1958 665 2228 730 perpetua
2256 660 2547 716 decoratas.
2576 663 2685 717 Vos
2717 664 2851 718 estis
2881 666 3007 721 ﬁliae
3034 684 3254 737 regum,
3289 686 3412 741 quae

1813 747 2109 802 laetiﬁcatis
2128 765 2393 820 sponsum
2418 750 2476 805 in
2506 751 2704 806 decore
2733 760 2936 820 vestro,
2963 755 3023 809 in
3053 756 3262 812 honore
3285 775 3408 813 suo.

1816 836 2282 907 Quandoquidem
2297 838 2416 910 ipse
2444 856 2683 911 sponsus
2704 848 2890 896 vester
2912 849 2998 897 est
3018 844 3289 901 Dominus
3311 847 3412 901 do-

1816 924 2186 979 minantium:
2224 932 2281 980 et
2296 926 2420 981 ideo
2449 929 2655 983 multos
2672 930 2775 984 sub
2804 948 2863 986 se
2886 932 3056 987 habet
3075 950 3254 1005 reges,
3272 952 3413 1006 quo-

1814 1029 1941 1067 rum
1982 1018 2230 1080 ,περ
2257 1017 2392 1070 estis
2422 1016 2569 1071 ﬁlim.
2593 1017 2798 1073 Eorum
2820 1020 2867 1073 si
2896 1022 3121 1092 quidem
3150 1023 3413 1079 odoribus

1816 1108 1874 1156 et
1901 1102 2169 1158 doctrinis
2198 1109 2469 1173 attractare,
2501 1122 2696 1161 eorum
2727 1109 2922 1180 utique
2950 1112 3253 1181 unguentis
3280 1112 3414 1167 deli-

1815 1189 1983 1258 butas,
2008 1207 2203 1247 eorum
2233 1193 2464 1249 floribus
2488 1202 2786 1251 exornatae.
2813 1197 2951 1252 Nam
2969 1198 3071 1253 sub
3092 1205 3250 1256 tanto
3279 1217 3412 1272 rege

1820 1280 2049 1352 plurimi
2076 1287 2211 1337 sunt
2237 1288 2294 1338 et
2318 1283 2625 1355 subreguli,
2648 1301 2887 1356 quorum
2915 1288 3049 1343 estis
3076 1289 3204 1344 ﬁliae
3225 1296 3281 1345 et
3308 1290 3415 1361 ipsi

1821 1374 2029 1441 patres,
2048 1372 2314 1442 quoniam
2335 1389 2437 1445 per
2456 1374 2817 1445 Evangelium
2848 1376 3054 1432 Christi
3082 1395 3179 1432 vos
3200 1395 3413 1449 genue-

1820 1464 2219 1539 runt,quorum
2232 1462 2367 1516 estis
2383 1462 3268 1531 doctrinisimbutae,doeumentis
3283 1484 3416 1522 enu-

1822 1548 1990 1616 tritae,
2025 1550 2105 1605 ita
2130 1556 2195 1605 ut
2221 1554 2279 1605 et
2305 1552 2505 1607 domus
2534 1553 2636 1608 Dei
2675 1558 2733 1608 et
2759 1571 2976 1625 sponsa:
3005 1572 3069 1609 ac
3101 1555 3226 1611 ﬁlia:
3256 1557 3406 1617 sitis.

1823 1639 1946 1702 Qua
1976 1655 2042 1693 ex
2092 1656 2279 1707 causa,
2312 1640 2674 1709 charissimze,
2704 1643 3030 1699 laetificastis
3059 1662 3328 1717 sponsum
3356 1647 3415 1701 in

127 1745 255 1783 rem
285 1729 502 1800 sponsi,
526 1734 584 1784 et
608 1729 741 1800 ipsae
770 1731 1192 1801 pretiosissimis
1211 1730 1472 1785 delibutas
1486 1746 1742 1801 unguen-
1757 1734 1806 1796 Β
1823 1728 2083 1784 omnibus
2102 1731 2449 1785 vestimentis
2473 1731 2694 1798 vestris,
2719 1733 2851 1803 quia
2879 1735 3215 1789 vestimenta
3232 1742 3416 1792 vestra

128 1818 230 1873 tis.
274 1817 512 1883 Idcirco,
550 1817 912 1885 charissima,
944 1823 1008 1873 ut
1060 1818 1197 1887 dixi,
1221 1820 1340 1890 jam
1379 1820 1559 1873 bonus
1606 1820 1745 1874 odor

127 1906 272 1962 estis
297 1905 357 1959 in
379 1906 534 1960 omni
554 1906 675 1961 loco
703 1912 760 1961 et
781 1907 839 1961 in
865 1908 1018 1962 omni
1040 1908 1266 1978 negotio
1284 1907 1430 1963 vitae.
1465 1908 1573 1972 Qui
1606 1924 1741 1963 sane

127 1990 279 2051 odor
307 2000 649 2061 aromatum,
680 1996 781 2051 Dei
807 1996 1168 2068 dispensante
1184 1996 1389 2067 gratia,
1420 1997 1589 2052 etiam
1619 2001 1677 2052 et
1706 2014 1741 2051 a

123 2083 398 2140 domibus
429 2084 690 2139 eburneis
720 2086 778 2139 in
824 2102 919 2139 vos
957 2101 1136 2158 usque
1174 2089 1421 2153 19119
1448 2086 1594 2141 sicut
1619 2093 1677 2143 et
1705 2103 1739 2141 a

121 2173 487 2230 vestimentis
516 2174 704 2229 venire
729 2175 995 2229 creditur.

200 2265 288 2318 Ex
343 2266 566 2333 quibus,
598 2264 803 2335 inquit,
834 2269 897 2319 ut
937 2264 1309 2320 subaudiatur
1337 2264 1735 2329 odoramentis,

124 2356 457 2408 dilacerant
486 2358 535 2406 te
560 2355 690 2420 ﬁlice
717 2369 910 2421 regum
934 2357 996 2408 in
1016 2356 1219 2408 honore
1250 2360 1360 2409 tuo.
1385 2355 1493 2409 Sed
1516 2354 1741 2408 adomi-

128 2442 257 2508 bus,
308 2458 498 2512 neque
525 2442 582 2495 in
615 2441 908 2510 Hebraico,
939 2458 1122 2513 neque
1169 2460 1227 2497 in
1257 2444 1449 2498 Graeco
1480 2442 1735 2509 habetur,

129 2537 279 2586 teste
311 2530 480 2585 beato
512 2530 874 2603 Hieronymo,
901 2531 1153 2603 quamvis
1183 2532 1302 2603 ipse
1326 2532 1407 2586 ita
1433 2532 1739 2586 transtule-

128 2621 224 2675 rit.
250 2620 527 2684 Quinimo
564 2620 622 2673 in
664 2621 857 2675 Graeco
890 2616 987 2673 οἱπὸ
1017 2622 1208 2691 βαρέων
1236 2620 1504 2692 scriptum
1544 2626 1646 2687 est,
1672 2621 1741 2675 si-

131 2716 227 2763 cut
247 2714 308 2763 et
337 2709 398 2763 in
431 2708 684 2764 Hebraeo.
710 2710 853 2765 Nam
879 2709 1080 2765 domus
1101 2710 1155 2763 in
1180 2709 1372 2765 Graeco
1393 2710 1579 2782 potius
1610 2701 1741 2773 οἶκος

132 2798 369 2862 dicitur,
395 2796 546 2868 βαρὺς
564 2814 694 2853 vero
709 2801 915 2865 gravis.
933 2799 1093 2854 Unde
1110 2800 1379 2870 quosdam
1409 2796 1507 2852 οἱπὸ
1528 2801 1739 2869 βαρέων,

132 2905 167 2941 a
192 2889 470 2955 gravibus
491 2886 849 2942 transtulisse
892 2887 1149 2957 legimus,
1185 2888 1556 2958 ambiguitate
1591 2887 1745 2942 verbi

133 2976 425 3048 deceptos.
462 2976 561 3030 Est
599 2982 788 3031 autem
821 2976 970 3047 βαρὺς
994 2978 1161 3047 juxta
1187 2976 1498 3031 Palaestinae
1526 2977 1747 3048 provino

1824 1818 2060 1872 virtutes
2088 1823 2221 1874 sunt
2244 1820 2581 1886 animorum,
2614 1821 2671 1875 in
2719 1823 2934 1877 cunctis
2961 1822 3234 1879 bonorum
3282 1843 3417 1898 ope-

1825 1923 1949 1960 rum
1971 1906 2252 1971 odoribus,
2274 1912 2551 1980 quatenus
2571 1909 2621 1963 ei
2641 1909 2911 1981 placeatis
2932 1911 3018 1966 cui
3041 1929 3136 1966 vos
3169 1913 3410 1968 vovistis.

1823 1995 1949 2066 Ipse
1972 2011 2215 2068 namque
2239 1996 2522 2068 speciosus
2551 2002 2637 2052 est
2665 2014 2778 2069 prae
2800 1998 2927 2053 ﬁliis
2953 2000 3263 2069 hominum,
3296 2001 3417 2073 ipse

1822 2084 2062 2140 nobilior
2103 2085 2381 2153 omnibus,
2423 2102 2490 2141 ex
2536 2086 2784 2142 millibus
2837 2088 3064 2158 electus,
3115 2089 3418 2161 gratiosior

1821 2173 2054 2239 cunctis,
2100 2175 2385 2244 potentior
2440 2174 2731 2243 universis,
2764 2177 3032 2232 excelsior
3085 2178 3256 2246 caelis,
3291 2196 3416 2251 pro-

1820 2261 2048 2316 fundior
2074 2262 2221 2328 imis,
2249 2264 2417 2318 latior
2466 2266 2695 2331 mundo,
2727 2265 2947 2337 longior
2995 2267 3230 2322 saeculis.
3264 2269 3417 2323 Nihil

1822 2355 1922 2415 est,
1940 2350 2115 2421 virgo,
2134 2352 2192 2406 in
2212 2351 2306 2406 illo
2331 2368 2442 2423 quo
2471 2353 2835 2408 confundaris
2858 2373 2869 2421 ;
2894 2353 3184 2410 fastidium
3206 2356 3336 2412 boni
3362 2363 3416 2413 te

1822 2456 1855 2493 a
1882 2438 2028 2494 bono
2056 2446 2333 2495 extorrem
2362 2441 2571 2496 fecerit.
2608 2442 2961 2514 Quapropter
2980 2461 3185 2516 sponsa
3214 2446 3420 2502 Christi

1822 2528 2101 2583 delectare
2135 2530 2193 2583 in
2225 2529 2483 2597 Domino,
2515 2547 2629 2585 non
2658 2531 2717 2585 in
2741 2537 2816 2597 te,
2851 2537 2950 2586 aut
2978 2533 3038 2587 in
3075 2534 3204 2597 alio,
3232 2536 3327 2589 sed
3359 2535 3419 2592 in

1824 2618 2034 2672 honore
2069 2618 2257 2688 sponsi
2300 2619 2405 2673 tui.
2440 2620 2583 2684 Quia
2622 2620 2703 2674 sic
2730 2620 2900 2675 Pater
2927 2621 3067 2675 Filio
3120 2622 3369 2694 loquitur
3400 2643 3411 2677 :

1824 2708 2146 2761 Dilexerunt
2179 2714 2228 2761 te
2247 2710 2376 2775 ﬁlia:
2405 2724 2595 2775 regum
2626 2710 2690 2762 in
2718 2709 2919 2763 honore
2943 2715 3034 2763 tuo
3065 2712 3415 2779 (Psal.xxxv1,

1826 2793 1897 2863 4).
1928 2795 2199 2867 Alioquin
2223 2812 2485 2867 sponsus,
2506 2796 2615 2851 nisi
2646 2796 2700 2850 in
2729 2798 2926 2868 gloria,
2952 2804 3008 2852 et
3034 2799 3219 2867 laude,
3249 2806 3419 2873 atque

1826 2883 1885 2937 in
1916 2884 2126 2939 honore
2168 2902 2270 2939 suo
2299 2884 2583 2956 diligatur,
2620 2885 2787 2940 aliam
2836 2888 3146 2942 contemnit
3176 2889 3423 2946 dilectio-

1828 2989 1976 3041 nem,
2020 2991 2131 3045 qua
2160 2974 2312 3029 aliud
2343 2974 2477 3045 quid
2509 2990 2679 3045 quam
2715 2975 2835 3046 ipse
2877 2960 3151 3047 diligitur.
3184 2978 3344 3034 Unde
3373 2980 3422 3035 si

134 3064 231 3119 ciae
252 3063 689 3136 proprietatem,
718 3079 897 3135 genus
927 3063 1127 3118 domus
1156 3080 1221 3118 ex
1241 3064 1394 3118 omni
1423 3070 1583 3136 parte
1610 3051 1804 3119 con-C
1826 3078 1938 3133 qua
1965 3071 2049 3117 est
2078 3079 2201 3134 quae
2248 3063 2568 3117 adulterare
2612 3063 2813 3135 diligit,
2841 3063 3159 3120 timendum
3205 3083 3276 3122 ne
3308 3085 3423 3123 non

134 3154 328 3217 clusas,
361 3158 421 3207 et
464 3153 521 3207 in
560 3153 787 3207 modum
835 3153 1010 3207 turris
1049 3153 1353 3219 aediﬁcatae,
1384 3170 1449 3208 ac
1473 3154 1743 3209 mmnium

136 3241 522 3312 publicorum,
558 3257 681 3311 quae
727 3241 894 3296 ebore
922 3242 1204 3296 interdum
1236 3241 1637 3299 vestiebantur.
1677 3242 1747 3296 Et

134 3330 259 3385 ideo
292 3337 452 3385 recte
480 3329 550 3384 ab
572 3330 832 3385 omnibus
862 3331 1294 3403 interpretatum
1327 3338 1412 3385 est
1432 3334 1703 3385 eburneus
1726 3350 1738 3399 ;

134 3420 267 3491 quia
287 3419 681 3489 hujuscemodi
705 3419 939 3475 aedificia
969 3420 1170 3475 domus
1201 3425 1364 3473 erant
1391 3419 1557 3474 ebore
1581 3435 1743 3473 exor-

133 3514 299 3564 natae.
327 3508 483 3572 Quas
512 3508 703 3579 itaque
744 3508 945 3562 domus
973 3525 1087 3563 non
1115 3508 1184 3562 ad
1215 3509 1363 3562 solas
1393 3508 1589 3579 patriae
1610 3507 1745 3561 divi-

133 3599 241 3653 tias
260 3598 604 3662 referamus,
636 3613 833 3652 verum
859 3597 1029 3652 etiam
1053 3598 1123 3651 ad
1156 3598 1391 3651 virtutes
1421 3597 1740 3652 animorum

134 3691 487 3758 coaptemus.
513 3686 793 3750 Quoniam
824 3686 1069 3757 elephas,
1092 3688 1254 3757 cujus
1285 3687 1400 3740 haec
1427 3702 1553 3741 ossa
1584 3692 1734 3753 sunt,

135 3777 323 3831 nimias
352 3775 635 3830 castitatis
655 3774 944 3839 asseritur,
967 3779 1024 3829 et
1042 3775 1190 3829 inter
1208 3774 1398 3829 omnia
1427 3775 1739 3847 quadrupe-

134 3865 225 3920 dia
245 3880 425 3920 sensu
456 3863 762 3935 plurimum
783 3863 966 3918 valere
998 3863 1222 3918 dicitur.
1258 3864 1365 3928 Qui
1395 3865 1565 3918 etiam
1593 3869 1738 3917 tem-

132 3959 421 4025 peranter,
432 3958 500 4008 ut
519 3952 699 4019 aiunt,
716 3953 977 4023 conjugio
1000 3952 1200 4015 utitur,
1221 3958 1279 4007 et
1298 3952 1600 4007 secundam
1623 3969 1737 4007 non

133 4044 342 4115 repetit
359 4043 650 4097 feminam.
665 4041 825 4107 Quod
840 4041 1217 4114 pudicissimis
1245 4047 1396 4097 recte
1415 4058 1528 4097 non
1553 4043 1735 4097 solum

135 4138 365 4203 aptatur
398 4131 556 4196 viris,
582 4147 779 4186 verum
818 4130 986 4186 etiam
1015 4136 1075 4186 et
1103 4130 1345 4185 feminis.
1375 4130 1518 4185 Hinc
1543 4130 1651 4184 illa:
1679 4131 1735 4184 in

133 4222 393 4277 domibus
411 4218 676 4276 eburneis
697 4220 969 4276 mansisse
994 4226 1321 4287 noscuntur,
1348 4237 1470 4291 quae
1514 4236 1616 4291 per
1649 4236 1737 4273 ca-

133 4311 382 4367 stitatem
408 4311 619 4366 mentis
638 4327 704 4366 ac
746 4309 995 4383 corporis
1017 4309 1226 4364 Christi
1255 4313 1531 4380 praecepta
1553 4325 1734 4363 serva-

1826 3151 1944 3204 filia
1972 3168 2189 3222 regum,
2218 3168 2330 3207 non
2350 3169 2557 3224 sponsa
2580 3154 2747 3224 regis,
2783 3154 2878 3208 sed
2901 3155 3160 3210 adultera
3181 3157 3429 3225 dicatur,

1828 3255 1950 3309 qua:
1998 3239 2151 3293 aliud
2182 3256 2351 3311 quam
2401 3241 2599 3308 Deum,
2633 3247 2732 3296 aut
2780 3242 2836 3296 in
2889 3243 3023 3309 Deo,
3060 3244 3146 3297 vel
3194 3251 3425 3317 propter

1826 3328 2004 3381 Deum
2058 3327 2259 3398 diligit.
2293 3329 2451 3383 Unde
2484 3330 2659 3384 David
2689 3331 2770 3384 ait
2805 3350 2817 3384 :
2854 3333 3155 3386 Perdidisti
3183 3350 3418 3401 omnem,

1826 3420 1927 3484 qui
1941 3419 2263 3485 fornicatur
2285 3418 2379 3471 abs
2400 3422 2447 3470 te
2469 3420 2630 3477 (Psal.
2657 3430 2822 3484 Lxxn,
2847 3417 2957 3488 27).
2988 3420 3143 3474 Tunc
3167 3427 3254 3475 est
3273 3423 3420 3494 quod

1825 3517 1956 3558 vera
1978 3504 2203 3558 castitas
2228 3521 2443 3576 sponsae
2472 3522 2584 3559 non
2614 3507 2767 3561 novit
2796 3507 2993 3561 odores
3047 3506 3414 3579 adulterinos,

1824 3607 1937 3645 non
1954 3592 2161 3658 oscula,
2181 3609 2293 3647 non
2322 3594 2627 3665 amplexus.
2645 3595 2908 3659 Quinimo
2936 3596 3049 3650 filia
3074 3614 3272 3666 regum
3295 3615 3415 3653 sese

1821 3697 2043 3751 semper
2073 3680 2279 3735 Christi
2308 3687 2585 3752 przeparat
2612 3682 2894 3752 conjugio,
2927 3688 2985 3737 et
3018 3683 3330 3739 delectatur
3356 3687 3416 3741 in

1823 3771 2170 3843 amplexibus
2191 3772 2239 3841 ej
2248 3787 2331 3825 us.
2354 3772 2545 3825 Currit
2563 3788 2695 3843 ergo
2708 3778 2836 3842 post
2852 3773 3079 3828 odorem
3101 3782 3411 3846 unguento-

1821 3877 1947 3915 rum
1969 3860 2105 3930 ejus,
2141 3874 2379 3931 quorum
2410 3860 2549 3913 odor
2575 3861 2790 3931 fragrat
2831 3865 2889 3915 et
2914 3863 3192 3933 respargit
3221 3864 3413 3920 orbem

1819 3950 2164 4004 universum.
2189 3949 2236 4003 A
2260 3948 2605 4003 vestimentis
2626 3948 2800 4019 igitur
2820 3950 3022 4020 quibus
3044 3951 3277 4007 indutus
3303 3962 3410 4022 est,

1818 4038 2099 4093 interdum
2129 4037 2384 4109 diligitur
2407 4056 2417 4089 :
2445 4054 2479 4091 a
2496 4037 2755 4092 domibus
2778 4037 3039 4094 eburneis
3067 4039 3273 4096 foedere
3290 4061 3413 4115 per.

1817 4132 2007 4200 petuo,
2039 4128 2199 4197 cujus
2223 4126 2462 4181 thronus
2492 4130 2578 4181 est
2606 4126 2665 4181 in
2716 4128 2978 4182 saeculum
3010 4129 3213 4185 smeuli.
3246 4132 3409 4187 Sata-

1814 4217 1932 4287 gite
1971 4215 2247 4287 siquidem
2277 4214 2507 4269 alternis
2533 4202 2763 4282 vicibus,
2798 4222 3098 4287 praestante
3130 4218 3265 4285 Deo,
3286 4221 3409 4291 jam

1817 4309 1881 4359 ut
1893 4304 2030 4358 talia
2048 4303 2247 4358 saeculo
2260 4303 2469 4374 passim
2489 4303 2857 4358 odoramenta
2877 4304 3143 4361 virtutum
3162 4308 3409 4378 resplen-

132 4414 272 4466 vere,
285 4400 593 4471 solumque
622 4398 1037 4471 monogamiam
1066 4398 1399 4453 dilexerunt.
1424 4398 1501 4453 Ex
1528 4389 1797 4469 quibusD
1815 4393 2003 4459 deant,
2032 4392 2181 4465 quod
2222 4397 2279 4447 et
2306 4392 2438 4447 facit
2465 4391 2596 4447 talis
2620 4398 3039 4464 unguentorum
3069 4394 3399 4466 fragrantia,

134 4502 259 4559 ergo
282 4488 571 4554 domibus,
595 4493 655 4544 et
674 4489 733 4543 in
766 4488 988 4561 quibus,
1022 4502 1134 4543 non
1164 4487 1345 4543 solum
1375 4488 1733 4558 monogamia

131 4575 442 4633 castissime
470 4577 805 4645 custoditur,
837 4592 1033 4631 verum
1074 4575 1245 4631 etiam
1303 4591 1434 4631 vera
1485 4576 1729 4632 viduitas

133 4671 455 4729 exercetur;
478 4665 713 4738 insuper
740 4671 798 4720 et
812 4665 1141 4736 incorrupta
1167 4664 1459 4735 virginitas
1487 4666 1729 4720 candore

130 4752 310 4809 eboris
356 4756 611 4811 vestitur.
645 4755 1031 4811 Pmdicantur
1081 4760 1270 4809 autem
1324 4755 1559 4826 antiqua
1607 4756 1725 4811 haec

129 4848 387 4897 aromata
415 4843 690 4899 virtutum
721 4845 931 4915 passim
980 4845 1231 4914 fragrare
1260 4842 1481 4897 Christo
1513 4844 1648 4908 Deo,
1673 4849 1729 4898 et

128 4932 415 5000 omnibus,
443 4932 500 4986 in
552 4933 783 4987 odorem
815 4933 1127 4988 suavitatis.
1160 4932 1267 4997 Qui
1297 4932 1539 5004 denique
1589 4933 1729 4987 odor

127 5020 254 5075 dum
285 5020 537 5075 vicissim
564 5039 599 5076 a
622 5023 970 5077 vestimentis
1000 5026 1057 5076 et
1084 5038 1118 5075 a
1148 5020 1405 5075 domibus
1451 5021 1728 5092 respargi-

124 5114 214 5163 tur
236 5109 531 5175 eburneis,
565 5116 685 5164 tota
714 5110 964 5182 repletur
981 5111 1198 5178 domus,
1224 5126 1346 5182 qua:
1377 5115 1462 5164 est
1481 5110 1725 5165 Ecclesia

124 5196 218 5252 Dei
246 5199 386 5264 vivi,
419 5215 488 5253 ex
520 5199 692 5255 odore
722 5200 1031 5255 suavitatis.

190 5288 261 5343 Et
311 5287 452 5343 licet
480 5305 596 5343 una
632 5289 708 5343 sit
761 5289 979 5354 domus,
1013 5304 1238 5360 unaque
1283 5289 1503 5359 conjux,
1535 5292 1724 5342 tamen

126 5378 471 5449 multiplices
498 5377 669 5431 habet
692 5377 1009 5433 mansiones
1036 5382 1093 5431 et
1112 5378 1307 5432 domos
1335 5376 1720 5442 comdiiicatas,

126 5464 178 5519 in
196 5467 409 5538 quibus
426 5473 804 5537 cognoscetur
827 5467 1084 5522 Christus
1105 5467 1175 5521 ad
1203 5467 1435 5539 plenum
1460 5482 1587 5521 cum
1610 5482 1727 5520 sus-

127 5557 335 5629 ceperit
360 5571 459 5612 eas
487 5556 551 5611 in
581 5572 797 5616 unum.
822 5557 977 5615 Inter
1006 5572 1149 5631 quas
1189 5556 1463 5614 nimirum
1503 5556 1722 5625 domus,

1814 4488 2091 4555 quatenus
2123 4481 2331 4537 talibus
2382 4482 2659 4537 introrsus
2687 4482 2949 4537 defecatze
2978 4486 3300 4554 unguentis,
3331 4487 3401 4541 ad

1810 4572 2055 4644 nuptias,
2080 4588 2202 4643 quae
2224 4577 2499 4643 parantur
2524 4571 2698 4637 vobis,
2730 4572 2918 4627 felices
2945 4574 3157 4628 ornatis
3185 4575 3403 4648 lampa-

1810 4662 1973 4717 dibus
1999 4661 2211 4715 intrare
2240 4660 2496 4731 possitis;
2531 4661 2795 4732 quoniam
2821 4678 2943 4732 qua;
2973 4668 3183 4733 paratas
3212 4671 3397 4732 erunt,

1810 4756 1954 4805 teste
1976 4750 2220 4815 Christo,
2240 4765 2365 4803 cum
2391 4764 2456 4803 eo
2484 4747 2777 4803 intrabunt
2803 4749 2873 4803 ad
2901 4752 3145 4825 nuptias.

1882 4840 2004 4892 Jam
2024 4837 2157 4909 quia
2173 4834 2479 4891 ﬁnemlibri
2496 4836 2924 4905 ﬂagitatoratio,
2951 4843 2988 4902 ι
3006 4843 3128 4902 23
3144 4843 3182 4903 ι
3212 4854 3398 4909 quaeso

1810 4927 2123 4998 legentibus
2143 4927 2248 4980 hoc
2276 4925 2605 4996 opusculum
2635 4924 2966 4991 dilectionis,
2990 4926 3136 4997 quod
3168 4926 3398 4997 virgini-

1806 5017 1912 5071 bus
1932 5016 2103 5070 sacris
2124 5030 2315 5069 amore
2338 5013 2545 5069 Christi
2567 5013 2762 5079 dicavi,
2786 5030 2857 5067 ne
2883 5013 3192 5084 despiciant
3221 5016 3401 5086 prius-

1808 5121 1975 5178 quam
2005 5105 2271 5176 probent;
2306 5102 2570 5174 quoniam
2602 5119 2723 5173 quae
2772 5103 3063 5157 charitatis
3098 5110 3247 5168 sunt,
3283 5121 3394 5158 non

1778 5195 1914 5249 -nisi
1950 5194 2018 5247 de
2047 5194 2198 5247 fonte
2236 5192 2524 5247 cbaritatis
2553 5190 2694 5245 bene
2721 5191 2995 5261 legentur.
3026 5190 3235 5245 Idcirco
3260 5210 3394 5263 rogo

1806 5301 1876 5338 ne
1898 5300 1985 5337 me
2006 5283 2064 5336 in
2084 5282 2306 5353 eloquio
2328 5281 2580 5350 judicare
2598 5281 2785 5347 velint,
2800 5297 2979 5352 neque
3001 5281 3205 5335 stillam
3221 5297 3397 5352 quan-

1806 5380 2103 5444 tacunque,
2136 5371 2359 5441 magnis
2382 5384 2709 5441 comparare
2738 5369 3091 5435 ﬂuminibus;
3124 5370 3256 5441 quia
3285 5388 3397 5427 non

1807 5477 2139 5534 magnorum
2171 5461 2419 5515 virorum
2450 5460 2709 5530 ingeniis,
2742 5460 2840 5513 sed
2872 5458 3010 5513 meis
3030 5476 3156 5513 sum
3186 5460 3396 5516 viribus

1808 5550 2189 5621 aestimandus,
2224 5549 2488 5623 quoniam
2517 5564 2711 5605 eorum
2732 5564 2871 5622 quos
2900 5556 3123 5604 secutus
3152 5560 3275 5603 sum
3304 5562 3400 5603 au-
