3918 6166
563 310 703 368 1039
1319 308 1372 358 S.
1418 299 1792 357 PASCHASII
1836 295 2194 351 RADBERTI
2235 295 2538 350 ABBATIS
2578 294 3068 350 CORBElENSIS.
3644 295 3745 353 10110

561 438 791 493 ctoritas
809 452 1031 507 semper
1051 449 1258 504 magna
1277 429 1428 485 vivit.
1450 428 1517 482 Et
1534 425 1660 481 ideo
1690 422 1974 478 interdum
1999 422 2495 494 secu-Aplandam
2525 439 2560 475 a
2587 421 2829 476 dexteris
2881 421 3100 476 virtutis
3130 421 3230 476 Dei
3277 421 3526 492 reginam,
3552 425 3750 478 accensis

560 527 676 582 rius
704 523 1053 598 reparandus
1079 527 1165 577 est
1188 519 1430 584 animus,
1456 520 1522 571 ut
1548 515 1777 568 demum
1807 512 1878 566 ad
1907 517 2154 566 contem-
2235 509 2544 566 luminibus
2573 511 2778 566 clarius
2805 511 3023 582 erigere
3048 511 3349 565 valeamus.

1662 775 2071 868 LIBER
2167 772 2764 869 TERTIUS.

624 1045 833 1099 Notum
863 1048 950 1098 est
975 1041 1236 1098 omnibus
1253 1045 1506 1096 sanctum
1532 1039 1764 1110 Moysen
1790 1038 1930 1093 duas
1953 1039 2150 1094 Testa-
2233 1039 2524 1093 considero
2566 1038 2951 1109 sponsalitatis
2988 1039 3139 1108 jura,
3168 1044 3227 1092 et
3271 1038 3456 1093 laudes
3480 1037 3656 1110 ubique
3689 1039 3752 1093 di-

553 1133 730 1187 menti
749 1131 974 1187 foederis
1001 1130 1222 1186 tabulas
1250 1136 1519 1200 utrasque
1549 1127 1724 1198 digito
1770 1127 1871 1183 Dei
1903 1127 2148 1182 conscri-
2231 1127 2406 1193 vinas,
2440 1143 2635 1181 vereor
2671 1126 2843 1196 loqui,
2875 1143 2945 1181 ne
2991 1127 3136 1182 forte
3187 1127 3456 1182 oll‘endam
3502 1127 3552 1182 in
3599 1127 3751 1198 quibus

552 1228 677 1292 ptas
714 1220 1014 1291 accepisse,
1041 1220 1099 1274 in
1153 1219 1358 1290 quibus
1381 1219 1681 1288 Synagoga
1708 1217 1866 1288 prior
1893 1232 1928 1270 a
1959 1222 2146 1270 monte
2229 1216 2448 1287 placere
2470 1215 2747 1282 desidero,
2776 1216 2822 1270 si
2848 1232 2959 1270 non
2981 1215 3228 1270 debitam
3255 1216 3537 1270 exhibuero
3556 1233 3753 1270 reveren-

553 1308 688 1363 Sina
733 1309 1037 1362 foederatur
1059 1323 1224 1361 .uxor
1249 1324 1260 1359 :
1305 1306 1384 1359 ita
1413 1311 1468 1360 et
1497 1305 1556 1359 in
1609 1305 1714 1358 hoc
1762 1304 2145 1375 epithalamio,
2231 1303 2370 1358 tiam
2401 1303 2542 1358 meis
2571 1303 2778 1375 ubique
2804 1303 2863 1357 in
2891 1304 3131 1375 scriptis.
3169 1304 3320 1369 Quas
3346 1305 3422 1359 sic
3448 1305 3500 1358 in
3527 1295 3659 1368 cado,
3684 1303 3752 1360 ubi

553 1396 712 1467 quasi
729 1396 852 1450 dum
872 1395 1194 1450 alternatim
1216 1395 1422 1448 findere
1446 1395 1771 1464 nuptiarum
1790 1393 2149 1448 subscribun-
2231 1409 2435 1447 nomen
2465 1393 2716 1459 dedistis,
2749 1393 3002 1463 intelligo
3050 1394 3373 1458 honoratas,
3410 1401 3466 1448 ut
3493 1411 3591 1448 non
3615 1393 3752 1448 solum

551 1491 645 1540 tur
672 1485 892 1555 pagina
915 1483 1235 1538 tabularum
1255 1483 1401 1554 stylo
1419 1483 1622 1537 notarii
1643 1482 1936 1537 scribentis
1949 1483 2146 1537 veloci-
2229 1497 2466 1550 sponsaa,
2502 1497 2691 1534 verum
2723 1480 2894 1534 etiam
2924 1481 3091 1535 flores
3128 1481 3400 1547 Ecclesiae,
3432 1488 3484 1536 et
3522 1497 3752 1536 ornamen

550 1579 639 1626 ter
663 1578 922 1637 exarata,
956 1587 1194 1642 quarum
1225 1587 1340 1624 una
1367 1576 1551 1625 ortum
1582 1587 1616 1623 a
1643 1571 1809 1625 Patre
1852 1570 2021 1624 habet
2049 1587 2146 1624 na-
2227 1575 2347 1622 tum
2378 1569 2566 1640 sponsi
2593 1569 2900 1634 sitis.Quas
2925 1587 3053 1624 cum
3088 1569 3147 1624 in
3177 1571 3416 1625 dexteris
3437 1569 3750 1640 benignissimi

549 1667 849 1730 turamque
879 1660 1049 1724 verbi,
1075 1659 1263 1731 sponsi
1285 1677 1507 1731 quoque
1534 1660 1729 1714 laudat
1748 1659 2145 1730 generositatis
2164 1727 2198 1731 _
2228 1656 2334 1712 Dei
2362 1663 2419 1712 et
2448 1658 2750 1713 Salvatoris
2779 1659 2956 1713 nostri
2984 1658 3196 1714 Christi
3226 1665 3485 1714 contueor
3517 1658 3748 1729 multiplici

549 1727 808 1815 formam,
843 1754 900 1803 et
918 1727 1170 1819 depingit
1203 1727 1675 1819 pulchritudinem
1705 1727 1954 1817 habitus,
1976 1748 2145 1802 virtu-
2163 1727 2494 1802 Bvarietate
2523 1747 2832 1813 decoratas,
2869 1749 3179 1818 ingemisco
3229 1748 3404 1812 valde,
3435 1765 3495 1801 eo
3536 1727 3668 1817 quod
3683 1762 3750 1799 co-

546 1843 632 1892 tes
661 1843 980 1908 exaggerat,
1020 1843 1077 1892 et
1103 1836 1439 1907 multiplicat
1469 1836 1872 1891 benedictionis
1899 1837 2047 1892 dona
2085 1836 2143 1892 in
2228 1852 2424 1890 ronam
2454 1853 2623 1906 quam
2672 1853 3029 1908 susceperam
3085 1837 3374 1908 puerulus,
3407 1853 3574 1890 coram
3599 1840 3744 1888 sancto

547 1932 838 1981 aeternum.
888 1926 1088 1997 Sicque
1143 1925 1388 1980 mirabili
1435 1932 1624 1980 torum
1673 1926 1946 1980 relatione
1995 1926 2144 1980 inter
2224 1924 2400 1978 altare
2419 1925 2716 1979 Genitricis
2756 1926 2876 1990 Dei,
2903 1926 3105 1981 vestris
3121 1943 3253 1980 cum
3270 1925 3528 1997 precibus,
3549 1921 3745 1978 etofficio

547 2021 816 2085 utrasque
844 2013 1096 2084 paginas,
1125 2012 1227 2066 viri
1263 2012 1527 2068 describit
1555 2029 1620 2067 ac
1640 2029 1877 2084 sponsae.
1910 2013 2044 2077 Quae
2073 2014 2142 2066 fi-
2228 2012 2427 2079 laudis,
2457 2030 2566 2084 quo
2590 2020 2775 2068 vestra
2804 2014 2993 2085 sponsi
3014 2015 3132 2070 Deo
3177 2014 3297 2084 regi
3326 2011 3602 2068 immortali
3622 2009 3745 2064 corda

544 2118 689 2173 gura
703 2102 893 2156 Graece
904 2101 1576 2166 churactcrismos,Latine
1587 2107 1778 2156 autem
1792 2103 2140 2169 informatio,
2227 2107 2626 2155 consecrantur
2641 2109 2698 2156 et
2715 2103 2920 2173 capita,
2944 2096 3110 2171 longe
3132 2102 3233 2156 diu
3253 2101 3525 2156 exsulatus
3538 2100 3585 2152 in
3595 2096 3743 2153 saeculo

546 2191 632 2245 vel
661 2193 971 2259 descriptio,
999 2189 1222 2244 dicitur.
1259 2189 1350 2243 Sic
1378 2190 1530 2244 enim
1560 2196 1692 2244 ante
1719 2190 1910 2244 oculos
1933 2190 2145 2244 intelli-
2227 2188 2443 2258 perdidi
2473 2191 3025 2262 eam,coinquinatus
3043 2191 3242 2246 multis
3272 2188 3552 2244 mundanis
3564 2186 3741 2242 actibus.

543 2278 747 2350 gentiae
777 2277 963 2332 reddit
990 2293 1057 2331 ea
1080 2293 1204 2348 quae
1234 2293 1346 2331 non
1379 2277 1639 2332 videntur
1667 2283 1896 2348 aspectu
1942 2293 2140 2347 corpo-

544 2383 660 2433 reo,
683 2367 844 2438 quasi
873 2365 1304 2437 conspiciantur.
1339 2367 1403 2421 In
1451 2383 1561 2438 quo
1590 2366 1782 2437 itaque
1822 2382 1922 2436 per
1949 2382 2140 2419 arma-

544 2461 732 2510 turam
770 2455 1080 2526 prteliandi,
1113 2454 1272 2510 valde
1304 2456 1679 2521 commendat,
1716 2455 1918 2509 virtute
1949 2460 2007 2508 et
2037 2471 2138 2526 po-

543 2545 722 2599 tentia
751 2561 878 2599 eum
928 2543 1211 2610 sublimat,
1244 2544 1422 2599 donec
1471 2544 1859 2599 indubitanter
1899 2561 2139 2615 regnum

544 2633 650 2688 sibi
682 2650 784 2688 suo
815 2638 1136 2704 prosternat
1172 2632 1392 2696 robore,
1424 2638 1482 2687 et
1509 2632 1714 2687 subdat
1740 2650 1841 2688 suo
1880 2631 2138 2686 inimicos

543 2721 798 2793 imperio.
833 2721 1044 2776 Deinde
1094 2737 1279 2775 mores
1309 2726 1544 2774 exornat
1581 2721 1746 2774 laude
1785 2719 2134 2790 judiciarios.

542 2810 913 2881 Thronusque
931 2809 1128 2880 ipsius,
1154 2815 1211 2862 et
1231 2815 1515 2880 sceptrum
1542 2808 1822 2880 aequitatis
1851 2814 2134 2872 narratur,

543 2906 602 2954 et
626 2899 976 2970 gloriﬁcatur
1013 2903 1278 2968 potestas.
1319 2897 1403 2950 Ad
1436 2896 1699 2950 ultimum
1750 2913 1879 2950 vero
1910 2913 1974 2949 ac
2003 2896 2050 2949 si
2079 2895 2139 2949 in

546 2987 730 3057 prima
757 2985 974 3050 tabula,
1007 3001 1222 3056 sponsae
1255 2985 1402 3038 unde
1431 2983 1619 3038 veniat
1646 2983 2000 3055 pulchritudo
2031 2983 2138 3037 mi-

2227 2277 2386 2332 Unde
2409 2295 2543 2348 rogo
2564 2279 2871 2344 sauciatus,
2888 2279 3022 2333 dum
3044 2280 3216 2334 corda
3247 2295 3464 2333 sursum
3491 2272 3739 2335 sublevatis,

2221 2372 2353 2421 ante
2381 2367 2536 2422 vobis
2557 2368 2676 2438 jam
2719 2383 3040 2422 concessam
3071 2368 3383 2422 divinitatis
3408 2365 3638 2437 gratiam,
3664 2361 3741 2415 mei

2222 2471 2497 2510 memores
2545 2456 2667 2510 sitis
2727 2456 3026 2523 exorando,
3059 2463 3342 2528 quatenus
3386 2454 3564 2510 vestris
3611 2452 3737 2505 inter-

2222 2544 2570 2598 venientibus
2600 2545 2834 2610 meritis,
2869 2545 3342 2600 clementissimus
3368 2543 3522 2615 iudex
3541 2555 3696 2612 poenas
3715 2551 3739 2588 a

2221 2650 2311 2687 me
2339 2632 2556 2688 debitas
2583 2641 2886 2697 removeat,
2921 2634 3235 2706 reddatque
3257 2635 3378 2705 pius
3405 2646 3631 2686 coronam
3652 2641 3737 2698 per-

2220 2722 2417 2776 ditam.
2446 2722 2561 2776 Nec
2590 2722 2738 2776 enim
2785 2723 3048 2778 indecens
3079 2731 3172 2777 est
3220 2737 3446 2794 sponsas
3472 2717 3646 2774 Christi
3667 2729 3737 2786 pro

2220 2811 2427 2865 talibus
2457 2827 2724 2883 sponsum
2748 2811 3052 2882 benignum
3083 2812 3400 2884 deposcere,
3425 2809 3542 2880 quia
3566 2803 3737 2860 omnino

2221 2896 2301 2950 illi
2330 2914 2433 2952 nec
2473 2898 2738 2953 indecens
2768 2907 2853 2953 est
2905 2917 3008 2954 nec
3037 2900 3380 2972 impossibile
3409 2893 3738 2970 peccatoribus,

2221 3001 2322 3055 pro
2345 2986 2546 3057 quibus
2575 3003 2773 3058 passus
2803 2993 2908 3054 est,
2929 2988 3244 3044 clementer
3271 2989 3556 3058 ignoscere.
3585 2979 3668 3037 Sed
3690 2992 3739 3031 ne

545 3074 757 3141 rabilis,
775 3081 832 3127 et
855 3074 995 3127 odor
1019 3073 1428 3126 inaestimabilis
1456 3073 1790 3127 ostenditur.
1819 3073 1947 3143 Agit
1985 3083 2200 3143 nam-c
2223 3073 2364 3128 forte
2396 3075 2615 3130 dubitet
2645 3077 2800 3147 virgo
2830 3093 2930 3149 pro
2961 3077 3175 3132 talibus
3199 3094 3377 3143 orare,
3407 3076 3532 3131 sciat
3554 3071 3739 3138 [283

545 3178 652 3233 que
677 3163 801 3227 hoc,
821 3161 954 3232 quia
968 3161 1037 3214 de
1057 3161 1271 3232 nuptiis
1291 3177 1476 3215 sermo
1498 3167 1557 3214 et
1571 3161 1779 3232 gaudio
1791 3163 2138 3233 nuptiarum,

543 3268 614 3305 ne
643 3251 842 3305 odores
867 3249 971 3304 sub
988 3250 1238 3322 mysticis
1261 3250 1523 3304 deessent
1543 3249 1868 3304 muneribus
1884 3251 2140 3305 suavissi-

548 3339 670 3404 mis,
689 3338 892 3410 quibus
911 3337 1215 3408 plurimum
1230 3337 2141 3409 oblectaturanimorumjucundi-

545 3434 650 3482 tas.
668 3429 756 3484 Ita
779 3425 1056 3498 siquidem
1087 3433 1317 3481 narrata
1340 3433 1473 3480 sunt
1495 3427 1704 3493 omnia,
1729 3432 1794 3480 ut
1820 3427 1960 3481 nulli
1990 3428 2140 3482 ultra

545 3523 835 3572 remaneat
856 3515 1123 3570 laudandi
1147 3516 1402 3582 facultas,
1424 3516 1556 3586 quia
1581 3533 1695 3587 prae
1722 3515 1981 3571 omnibus
2009 3518 2138 3572 filiis

553 3613 592 3674 1
611 3612 796 3673 περ
817 3605 1129 3672 hominum,
1146 3611 1204 3659 et
1227 3606 1377 3660 ultra
1397 3621 1565 3676 quam
1587 3621 1780 3660 omnes
1805 3605 1861 3659 in
1877 3606 2138 3661 omnibus

542 3694 894 3750 collaudatur
919 3709 1175 3765 sponsus.

615 3785 815 3856 Sicque
866 3783 1071 3838 transit
1109 3783 1268 3854 quasi
1325 3782 1395 3837 ad
1453 3782 1755 3836 secundam
1809 3783 2137 3854 nuptiarum

542 3873 811 3939 tabulam,
846 3873 904 3926 in
928 3889 1038 3945 qua
1066 3872 1147 3926 ita
1171 3888 1402 3926 exorsus
1431 3876 1516 3925 est
1537 3871 1730 3926 dicens
1759 3871 1830 3924 ad
1875 3871 2022 3926 hunc
2049 3872 2136 3943 ip-

542 3981 668 4019 sum
688 3975 982 4035 sponsum:
1003 3964 1040 4016 Α
1052 3964 1192 4015 stitit
1207 3963 1416 4029 Regina
1434 3978 1469 4014 a
1486 3963 1720 4014 dexteris
1739 3963 1848 4014 tuis
1865 3963 1926 4014 in
1942 3965 2138 4015 uestitu

543 4054 828 4117 deaurato,
860 4052 1210 4107 circumdata
1229 4052 1510 4104 varietate.
1549 4048 1650 4104 Ubi
1681 4048 1890 4102 eisdem
1913 4065 2055 4119 pene
2075 4049 2138 4103 li-

543 4140 858 4194 neamentis
897 4139 1136 4194 formam
1170 4144 1406 4193 exornat
1433 4138 1638 4203 uxoris,
1687 4154 1856 4208 quam
1881 4137 2134 4207 reginam

543 4244 644 4282 suo
665 4227 885 4282 dedicat
905 4227 1068 4297 Filio,
1091 4227 1222 4298 quia
1245 4243 1436 4296 regem
1458 4227 1658 4290 Deum,
1683 4227 1827 4280 sicut
1846 4231 2135 4282 ostensum

544 4323 647 4382 est,
679 4322 736 4370 et
792 4317 1074 4370 caelestem
1106 4315 1302 4368 dilexit
1352 4314 1555 4369 virum.
1588 4315 1745 4368 Unde
1797 4315 1929 4386 quia
1979 4316 2135 4386 prius

2224 3165 2488 3234 quoniam
2527 3165 2650 3236 ipsa
2701 3166 2770 3220 de
2811 3166 3122 3220 meretricio
3168 3164 3503 3222 inﬁdelitatis
3534 3159 3652 3216 fceda
3679 3171 3739 3209 as-

2223 3259 2447 3323 sumpta
2475 3260 2579 3320 est,
2603 3260 2668 3308 ut
2687 3255 2757 3308 ad
2778 3261 2993 3308 tantam
3011 3257 3260 3325 gratiam
3290 3253 3591 3327 perveniret,
3613 3254 3662 3302 ut
3676 3261 3737 3298 v0-

2222 3349 2446 3397 caretur
2473 3359 2583 3396 non
2605 3343 2786 3397 solum
2809 3345 3010 3414 conjux
3031 3345 3237 3411 ﬁdelis,
3257 3360 3441 3399 verum
3465 3341 3609 3395 etiam
3622 3343 3737 3390 etre-

2222 3431 2375 3500 gina.
2392 3431 2550 3486 Unde
2570 3431 2768 3487 beatus
2789 3433 3170 3504 Hieronymus
3187 3435 3346 3505 juxta
3369 3428 3654 3486 Hebraicam
3674 3437 3734 3474 ve-

2221 3519 2445 3574 ritatem
2473 3538 2483 3572 :
2508 3523 2714 3586 Astitit,
2735 3521 2937 3592 inquit,
2960 3525 3172 3590 conjux
3197 3539 3231 3576 a
3251 3524 3447 3576 dextris
3475 3521 3586 3570 tuis.
3608 3512 3734 3566 Porro

2221 3609 2590 3680 Septuaginta
2601 3612 2779 3664 astitit
2794 3613 2987 3678 regina
2999 3610 3282 3678 dixerunt;
3291 3605 3729 3682 Symmachusvero»

2219 3702 2276 3750 et
2304 3697 2502 3767 quinta
2529 3697 2720 3760 editio,
2752 3701 2943 3752 Astitit
2967 3701 3296 3753 concubina.
3323 3699 3370 3752 A
3399 3692 3576 3766 quibus
3601 3688 3731 3742 inter-

2219 3785 2398 3854 pretib
2407 3803 2470 3840 us
2489 3791 2837 3840 monstratur
2867 3787 3014 3857 quod
3035 3787 3095 3841 in
3114 3804 3232 3842 una
3259 3785 3541 3854 eademque
3559 3788 3726 3865 sponsa?

2219 3873 2364 3927 sicut
2382 3891 2527 3928 unus
2550 3881 2636 3930 est
2664 3891 2920 3946 sponsus,
2939 3876 3020 3930 ita
3047 3892 3164 3930 una
3195 3874 3446 3938 Ecclesia,
3468 3868 3553 3924 sed
3577 3865 3728 3920 divom

2221 3962 2552 4017 meritorum
2581 3964 2825 4018 ordines.
2859 3964 3071 4019 Deinde
3118 3964 3217 4020 ubi
3265 3958 3600 4034 Septuaginta
3622 3950 3727 4004 dixe-

2218 4056 2381 4106 runt:
2403 4052 2471 4106 In
2489 4057 2684 4106 vestitu
2704 4054 3395 4126 deaurato;Hieronymus:
3415 4036 3723 4110 Stetit,inquita

2219 4143 2420 4208 conjua:
2447 4143 2510 4194 in
2538 4143 2764 4196 dextera
2794 4149 2912 4210 tua,
2939 4144 3004 4196 in
3033 4144 3340 4198 diademate
3364 4153 3535 4195 aureo.

2289 4231 2431 4287 Cum
2461 4231 2776 4288 diademate
2804 4249 2938 4304 ergo
2970 4235 3099 4304 jure
3127 4241 3279 4290 stare
3306 4229 3609 4305 perhibetur,
3629 4215 3724 4288 quia

2216 4319 2365 4389 regis
2405 4323 2608 4392 conjux
2655 4321 3008 4394 praedicatur.
3042 4323 3150 4377 Sed
3203 4325 3342 4378 forte
3384 4333 3485 4374 non
3527 4305 3722 4367 omnibus

541 4405 929 4475 benignissimi
953 4403 1257 4458 Salvatoris
1289 4402 1614 4456 laudaverat
1635 4403 1920 4467 thronum,
1941 4404 2084 4458 hanc
2103 4421 2135 4458 a
2152 4397 2202 4457 D
2220 4407 2482 4463 membris
2506 4411 2609 4464 hoc
2639 4427 2946 4482 congruere
2974 4411 3214 4480 videtur,
3245 4427 3350 4483 quo
3377 4408 3431 4461 in
3458 4401 3610 4474 capite
3631 4407 3721 4483 901"

541 4495 750 4549 dextris
775 4500 959 4548 astare
987 4491 1125 4545 dicit
1147 4491 1400 4560 reginam
1433 4496 1490 4543 et
1509 4492 1838 4561 conjugem;
1872 4494 2136 4563 quoniam

540 4584 792 4648 dextera,
829 4589 891 4636 ut
917 4581 997 4634 ita
1017 4580 1212 4646 fatear,
1237 4579 1621 4634 honorabilior
1649 4596 1779 4651 pars
1810 4587 1896 4635 est
1921 4583 2131 4653 sponsi,

538 4688 704 4742 quem
751 4676 922 4742 caput
965 4675 1184 4723 constat
1234 4687 1354 4724 esse
1389 4668 1669 4726 Ecclesiae.
1711 4669 1904 4724 Currit
1939 4675 2130 4725 autem

538 4759 842 4831 PrOpheta,
872 4758 985 4812 imo
1033 4757 1279 4812 calamus
1317 4757 1528 4824 scribae,
1561 4757 1866 4829 linguaque
1923 4759 2126 4827 Patris,

535 4865 636 4919 per
663 4863 857 4902 omnes
888 4847 1064 4901 lineas
1093 4848 1295 4910 laudis,
1328 4846 1529 4918 quibus
1560 4847 1824 4901 laudatur
1867 4865 2124 4918 sponsus.

534 4937 694 4992 Unde
726 4942 781 4991 et
828 4936 949 5006 ipsa
981 4937 1051 4990 ad
1091 4937 1336 4991 divinam
1367 4937 1653 4991 dexteram
1705 4941 1972 4990 exornata
2005 4954 2129 5010 my-

531 5025 686 5080 sticis
705 5024 1098 5095 mnigmatibus
1119 5029 1174 5078 et
1203 5024 1463 5095 pretiosis
1485 5022 1782 5079 virtutibus
1803 5024 2124 5082 collocatur.

535 5115 690 5172 Sicut
711 5121 768 5168 et
796 5113 1052 5168 Christus
1083 5112 1154 5166 ad
1184 5113 1370 5167 Patris
1399 5113 1685 5167 dexteram
1714 5119 1800 5167 est
1827 5114 2121 5169 exaltatus.

529 5206 934 5259 Verumtamen
963 5201 1055 5255 ille
1076 5208 1139 5254 ut
1158 5202 1307 5256 Deus
1336 5208 1392 5256 et
1412 5203 1524 5256 Rex
1553 5219 1679 5255 cum
1701 5202 1868 5256 Patre
1890 5210 1976 5257 est
1996 5204 2126 5258 ado-

531 5293 743 5348 randus
772 5311 782 5344 :
817 5292 926 5346 ista
954 5307 1082 5344 vero
1115 5297 1343 5361 propter
1369 5307 1518 5355 eum,
1553 5291 1684 5360 quia
1716 5291 1841 5362 pius
1869 5293 2124 5348 Salvator

527 5383 832 5437 clementer
859 5381 1017 5435 duxit
1038 5398 1162 5434 eam
1214 5395 1464 5445 uxorem,
1497 5386 1796 5435 veneratur
1837 5398 1902 5436 ac
1932 5381 2118 5453 diligi-

525 5479 636 5529 tur.
672 5470 954 5541 Diligitur,
989 5469 1122 5541 quia
1168 5469 1323 5540 prius
1353 5474 1441 5522 est
1469 5467 1664 5524 electa.
1711 5469 1943 5538 Idcirco,
1976 5472 2117 5526 dile-

522 5561 800 5627 ctissimae,
815 5558 950 5614 dum
971 5557 1256 5630 perpendo
1275 5556 1665 5614 excellentiam
1687 5563 1950 5627 vestram,
1979 5559 2116 5616 dum

2219 4498 2372 4567 poris
2389 4497 2738 4554 attribuitur.
2755 4480 2918 4555 Unde
2942 4499 3130 4556 felices
3155 4480 3276 4566 vos,
3290 4480 3721 4575 charissimadkf‘

2220 4585 2348 4653 rim,
2373 4585 2574 4658 quibus
2606 4605 2718 4642 non
2748 4589 2930 4643 solum
2960 4589 3198 4660 singulis
3227 4601 3422 4644 corona
3446 4571 3718 4652 repromitti-

2218 4680 2312 4729 tur
2338 4676 2710 4746 virginitatis;
2744 4694 2938 4732 verum
2968 4679 3140 4734 etiam
3169 4679 3298 4750 quia
3345 4675 3400 4732 in
3441 4673 3545 4743 ipsa
3566 4667 3717 4754 ωτιξοα

2214 4763 2421 4819 Christi
2450 4771 2507 4819 et
2538 4766 2811 4834 Ecclesiae,
2845 4783 2910 4821 ac
2939 4767 2985 4821 si
3008 4783 3245 4838 gemmae
3268 4756 3631 4838 pretiosissima!
3652 4758 3715 4838 ιξι·

2212 4859 2392 4918 sertae,
2425 4853 2593 4909 decus
2612 4831 3045 4927 pulchritudinis
3066 4863 3123 4911 et
3149 4831 3516 4912 ornamentum
3535 4831 3715 4927 Θεῷ-,1³

2211 4941 2528 4997 diademate
2553 4921 2796 5015 namque
2821 4945 3021 5017 capitis
3049 4947 3254 5012 Aaron,
3279 4941 3496 5012 leg'imus
3521 4921 3712 5018 md!”

2210 5031 2368 5101 pides
2397 5033 2630 5102 pretiosi
2686 5014 2996 5104 fulgebant.
3029 5034 3174 5099 Quia
3201 5035 3258 5089 in
3288 5033 3401 5101 ejus
3448 5014 3707 5108 εθοεῖᾀίξαθῗ

2201 5119 2320 5189 jam
2368 5121 2576 5175 Christi
2623 5139 2829 5177 corona
2857 5123 3128 5194 probatur
3176 5129 3232 5178 et
3278 5114 3522 5176 Ecclesiae.
3548 5104 3706 5201 Idciff‘j

2200 5209 2329 5286 iure
2357 5222 2474 5274 vos,
2505 5217 2774 5265 matronae
2803 5212 3030 5279 Christi,
3062 5213 3249 5266 felices
3286 5203 3514 5264 dixerim:
3665 5195 3706 5279 Ψ

2206 5276 2502 5368 praesentia
2529 5299 2630 5352 Dei
2645 5300 2763 5369 jam
2781 5301 2933 5367 estis,
2949 5317 3013 5357 ac
3037 5301 3084 5354 si
3103 5301 3162 5355 in
3181 5297 3377 5355 fabrica
3395 5284 3576 5345 decoris
3590 5276 3703 5369 chnc

2201 5363 2273 5438 sti
2291 5395 2347 5439 et
2362 5387 2618 5442 Ecclesiae
2642 5363 3031 5459 praeordinatm
3049 5395 3224 5460 atque
3243 5387 3430 5441 electae.
3459 5369 3589 5431 Unde
3605 5363 3701 5417 bea‘

2200 5479 2290 5528 tus
2312 5475 2549 5532 Paulus:
2569 5477 2676 5545 Qui
2703 5482 2863 5547 elegit
2889 5495 3006 5548 nos,
3023 5477 3228 5550 inquit,
3249 5479 3367 5530 ante
3394 5460 3566 5522 mundi

2199 5529 2515 5620 titutioncin
2536 5529 2922 5638 (sperae;
2933 5529 3314 5638 eam...
3336 5560 3499 5617 electa
3526 5529 3694 5604 estsed
