3918 6166
219 273 359 331 1041

1107 277 1487 335 EXPOSITIO
1528 281 1605 336 IN
1645 280 1992 336 PSALMUM
2033 281 2222 336 XLIV.
2259 311 2322 322 —
2355 279 2495 336 LIB.
2537 281 2638 337 III.

3362 287 3494 344 1042

210 396 546 469 pudicitiam
584 397 877 464 castitatis,
911 415 1014 454 nec
1041 399 1274 456 dubium
1307 403 1444 474 quin
1480 405 1538 460 in
1585 406 1812 478 virgini-
1828 408 2000 474 Apro
2022 407 2220 460 amicis
2249 405 2550 476 suis(Joan.
2583 405 2790 475 ΗΑΒ).
2830 408 2974 479 Ergo
2991 409 3100 464 nisi
3120 415 3268 465 esset
3284 412 3488 478 minor,

211 492 350 552 tate,
383 491 486 541 aut
513 486 786 541 viduitate
813 489 1208 558 permaneatis.
1240 491 1810 566 Permanete,quaaso,

209 575 271 630 in
301 592 370 629 ea
399 575 687 630 vocatione
719 575 910 647 digne,
945 594 1058 648 qua
1086 584 1292 635 vocatae
1321 581 1455 636 estis
1483 602 1496 650 ς
1530 583 1663 654 quia
1701 601 1813 639 non

211 681 308 720 vos
338 665 521 730 illum,
552 665 650 719 sed
679 681 918 737 sponsus
949 673 1134 722 vester
1153 668 1409 725 Christus
1421 671 1593 742 elegit
1623 689 1718 727 vos
1739 673 1809 728 de

210 754 447 821 mundo,
491 759 549 809 et
575 754 902 826 aggregavit
927 755 1032 810 hoc
1085 757 1142 810 in
1173 758 1311 823 loco,
1347 764 1411 814 ut
1439 761 1491 814 ei
1522 762 1808 832 placeatis,

215 843 458 914 sitisque
483 843 543 897 in
571 843 795 898 laudem
827 849 883 898 et
909 844 1148 915 gloriam
1179 847 1574 920 nominisejus,
1595 851 1737 906 sicut
1755 858 1812 907 et

210 931 335 1004 ipse
365 932 490 986 laus
521 938 627 999 est,
655 933 856 1003 gloria,
887 935 1062 989 virtus
1092 941 1148 990 et
1167 936 1348 992 honor
1376 937 1476 992 Dei
1508 939 1713 997 Patris.
1740 939 1808 996 In

210 1019 320 1074 hoc
359 1037 605 1092 namque
653 1026 865 1076 vocatae
906 1023 1066 1090 estis,
1098 1030 1164 1078 ut
1191 1041 1259 1079 ea
1287 1041 1409 1096 qum
1441 1027 1648 1082 Christi
1678 1034 1810 1083 sunt

205 1108 381 1180 digne
409 1108 899 1179 possideatisﬂaec
929 1111 1134 1182 quippe
1155 1118 1242 1166 est
1267 1114 1498 1169 victoria
1527 1131 1627 1186 pro
1651 1116 1800 1184 liliis,

205 1201 265 1251 et
290 1195 386 1250 hic
416 1197 738 1268 triumphus
767 1214 868 1268 pro
897 1199 1145 1268 ﬂoribus,
1181 1208 1460 1273 quatenus
1488 1204 1545 1258 in
1577 1221 1808 1276 corpore

204 1285 471 1341 Ecclesiae
503 1286 672 1341 decus
721 1292 779 1340 et
834 1295 1229 1344 ornamentum
1263 1291 1404 1345 sitis.
1440 1295 1807 1364 Symmachus

201 1390 338 1428 vero
357 1375 527 1441 ait,in
547 1391 689 1429 auro
715 1392 880 1444 puro,
910 1378 1117 1448 Aquila
1145 1384 1204 1433 et
1227 1380 1424 1451 quinta
1443 1382 1632 1448 editio,
1663 1384 1808 1438 sicut

203 1463 528 1534 reperimus
554 1481 566 1516 :
593 1466 661 1518 In
690 1467 938 1519 tinctura
969 1471 1050 1521 vel
1079 1484 1222 1522 auro
1258 1470 1449 1537 Ophir.
1483 1471 1560 1525 Ex
1603 1472 1806 1542 quibus

206 1551 495 1617 omnibus,
517 1558 581 1607 ut
598 1552 728 1619 dixi,
756 1553 936 1624 liquet
954 1557 1100 1626 quod
1123 1574 1238 1611 una
1259 1559 1804 1631 Ecclesiacatholica,

203 1657 324 1695 una
351 1641 613 1696 columba
663 1642 909 1714 perfecta
933 1649 991 1698 et
1019 1645 1292 1716 proxima,
1326 1647 1579 1718 quamvis
1609 1655 1720 1704 stet
1747 1650 1804 1705 in

1896 509 2256 566 nequaquam
2293 494 2403 548 ista
2429 493 2711 548 diceretur
2742 497 2941 567 major.
2988 498 3057 552 Et
3083 498 3192 553 nisi
3222 506 3370 554 esset
3399 517 3489 555 se-

1895 583 2081 636 cunda
2114 582 2200 636 vel
2230 586 2498 648 extrema,
2535 599 2648 637 non
2689 584 2972 640 diceretur
3014 586 3123 641 ista
3157 587 3360 658 prima.
3407 588 3488 642 De

1898 687 2010 741 qua
2047 671 2280 741 angelus
2332 671 2590 726 Ecclesia;
2631 673 2688 726 in
2723 675 3060 746 Apocalypsi
3093 695 3104 728 :
3159 678 3356 741 Habeo,
3407 677 3489 730 in-

1897 758 2039 828 quit,
2068 761 2362 814 adversum
2392 765 2459 824 te,
2491 763 2635 829 quod
2681 763 3011 817 charitatem
3045 770 3200 818 tuam
3235 769 3490 834 primam

1896 850 2174 916 reliquisti
2221 848 2398 918 (Apoc.
2449 861 2510 913 II,
2562 849 2634 918 4).
2669 849 2737 902 Et
2791 849 2916 904 ideo
2955 851 3013 904 in
3054 851 3192 922 ipsis
3232 854 3486 923 ejusdem

1893 935 2192 991 virtutibus
2243 936 2422 991 multa
2468 942 2556 990 est
2602 937 2916 1004 diversitas,
2965 945 3022 994 et
3067 941 3230 1011 quasi
3275 942 3485 996 tinctu-

1889 1041 2082 1080 rarum
2147 1025 2417 1080 varietate
2485 1026 2776 1097 multiplex
2831 1028 3183 1100 discolorque
3251 1031 3486 1084 merito-

1890 1129 2016 1167 rum
2072 1118 2325 1167 ornatus.
2406 1114 2524 1168 Una
2573 1119 2765 1169 tamen
2811 1117 3013 1186 conjux
3062 1117 3306 1171 Ecclesia
3351 1115 3486 1171 dici-

1890 1206 2003 1266 tur,
2042 1207 2083 1266 ι
2096 1206 2286 1268 σεδῦ
2308 1207 2365 1256 et
2385 1201 2600 1273 regina;
2637 1218 2752 1256 una
2769 1204 3041 1258 virtutum
3060 1210 3283 1260 textura
3302 1210 3357 1259 et
3371 1221 3488 1261 una

1889 1290 2078 1355 vestis,
2111 1291 2199 1344 cui
2230 1295 2315 1344 est
2341 1297 2522 1345 totum
2552 1291 2786 1362 simplex
2818 1297 2988 1363 atque
3017 1309 3212 1348 unum.
3247 1294 3355 1349 Sed
3384 1311 3480 1348 va.

1888 1379 2060 1433 rietas
2093 1385 2150 1432 et
2187 1379 2548 1450 pulchritudo
2572 1380 2631 1433 in
2651 1380 2773 1450 ipsa
2792 1381 3011 1435 unitate
3039 1383 3169 1436 fidei
3198 1383 3480 1448 laudatur,

1889 1472 2116 1538 propter
2143 1467 2518 1521 differentiam
2548 1466 2818 1522 virtutum
2851 1475 2909 1522 et
2938 1470 3291 1536 meritorum,
3319 1472 3376 1524 in
3407 1472 3487 1525 di-

1888 1556 2151 1610 versitate
2183 1556 2524 1627 linguarum,
2558 1557 2630 1624 in,
2660 1558 3025 1629 pr0prietate,
3056 1558 3112 1612 in
3160 1560 3486 1614 ascensione

1886 1645 2186 1715 graduum,
2224 1645 2282 1699 in
2312 1645 2728 1717 multiplicitate
2753 1652 2811 1701 et
2839 1648 3199 1703 distinctione
3221 1649 3484 1704 ecclesia-

201 1729 456 1784 dexteris
500 1729 722 1784 virtutis
773 1731 892 1796 Dei,
926 1738 984 1785 et
1031 1733 1172 1788 nihil
1220 1734 1424 1790 habeat
1467 1736 1758 1791 sinistrum
1787 1757 1798 1803 ;
1825 1720 2011 1788 Brum
2033 1739 2203 1805 atque
2235 1735 2516 1800 ordinum,
2547 1735 2777 1806 insuper
2807 1737 3167 1806 psallentium
3197 1743 3254 1792 et
3272 1738 3485 1793 officio-

201 1819 360 1890 quod
390 1819 558 1872 unius
579 1819 828 1890 corporis
857 1819 1002 1875 sicut
1032 1821 1248 1876 diversa
1269 1830 1402 1878 sunt
1427 1825 1698 1889 membra,
1726 1827 1804 1881 ita

198 1914 257 1962 et
284 1908 514 1962 diversa
541 1907 852 1978 specierum
883 1915 1052 1980 atque
1092 1919 1550 1968 ornamentorum
1601 1915 1806 1970 habeat

196 2013 435 2067 genera.
452 1996 610 2051 Unde
642 1997 790 2066 quod
820 1997 927 2052 ait:
949 2001 1014 2053 In
1037 2003 1233 2054 vestitu
1259 2003 1541 2068 deaurato,
1559 2012 1597 2069 Ι
1615 2010 1804 2070 εειιι

198 2085 339 2156 quia
362 2085 544 2140 sancti
565 2101 787 2156 semper
803 2086 871 2140 ad
894 2087 1096 2142 altiora
1110 2094 1166 2157 et
1180 2089 1425 2144 caelestia
1439 2093 1796 2156 attolluntur,

198 2174 365 2246 quasi
395 2179 547 2229 veste
561 2174 834 2229 deaurata
863 2176 1577 2245 circumamiciuntur,dum
1609 2198 1674 2236 ex
1701 2183 1801 2238 hu-

193 2264 386 2318 manis
414 2264 835 2335 Scripturarum
866 2266 1122 2320 sensibus
1153 2267 1341 2322 divina
1369 2269 1708 2340 intelligunt,
1743 2277 1800 2326 et

190 2354 498 2424 requirunt
521 2357 787 2413 cmlestia.
839 2358 902 2412 1n
935 2356 1138 2427 quibus
1167 2373 1301 2411 sane
1323 2358 1608 2413 deauratis
1637 2361 1799 2414 vesti-

188 2441 319 2508 bus,
355 2442 572 2514 fulgore
591 2445 764 2500 divini
795 2446 1002 2518 eloquii
1029 2445 1547 2517 vestiti,procedunt
1564 2448 1795 2518 gloriosi

189 2548 252 2585 ac
282 2532 336 2586 si
363 2531 422 2585 in
452 2549 590 2588 auro
601 2535 992 2606 primo.Porro
1022 2535 1166 2606 quod
1198 2535 1256 2589 in
1281 2535 1529 2590 tinctura
1553 2537 1636 2591 vel
1657 2555 1794 2593 auro

191 2621 396 2692 Ophir,
429 2622 656 2693 quidam
689 2624 1043 2696 interpretati
1077 2629 1229 2689 sunt,
1276 2629 1624 2680 monstratur
1652 2626 1794 2681 mira

191 2711 443 2765 varietas
473 2712 749 2778 Ecclesiae,
785 2719 841 2768 et
866 2718 1327 2768 ornamentorum
1375 2715 1589 2786 species
1610 2716 1793 2771 diver-

189 2815 389 2853 sorum
420 2801 692 2856 colorum.
725 2803 884 2867 Quod
909 2803 1050 2857 bene
1080 2803 1447 2874 Septuaginta
1471 2803 1795 2876 intelligen-

187 2893 274 2942 tes
328 2889 433 2943 soli
485 2893 908 2947 circumamicta
952 2894 1216 2949 varietate
1261 2894 1788 2964 superaddiderunt,

189 2977 348 3048 quod
395 2978 454 3032 in
513 2979 788 3034 Hebraico
835 2997 946 3035 non
995 2980 1251 3035 habetur.
1306 2982 1562 3036 Ostendit
1601 2989 1792 3039 tamen

1887 1829 2013 1877 ru'm
2050 1823 2418 1884 dissonantia,
2463 1825 2717 1894 quamvis
2749 1841 2863 1878 una
2901 1825 2973 1878 sit
3002 1827 3160 1892 laus;
3191 1827 3249 1881 in
3280 1827 3485 1898 quibus

1887 1911 2148 1966 omnibus
2179 1928 2294 1966 una
2319 1917 2376 1966 et
2398 1911 2688 1982 multiplex
2711 1913 2977 1975 Ecclesia,
2996 1915 3126 1983 jure
3154 1931 3283 1968 cum
3313 1916 3480 1969 laude

1886 2000 2045 2054 varia
2063 2001 2415 2072 praedicatur.
2451 2000 2701 2055 Ornatur
2713 2001 2863 2055 enim
2882 2018 2946 2055 ac
2964 2001 3010 2056 si
3031 2019 3169 2056 auro
3186 2003 3366 2074 primo
3377 2004 3482 2058 an.

1883 2105 2021 2160 gore
2047 2090 2450 2160 apostolorum,
2475 2089 2795 2160 resplendet
2818 2095 3052 2161 argento
3072 2093 3475 2162 prOphetarum

1882 2193 1946 2232 ac
1967 2178 2013 2232 si
2035 2181 2098 2232 in
2109 2181 2321 2246 pallore
2336 2181 2472 2231 auri
2481 2177 2635 2232 intus
2652 2178 2856 2232 forisve
2871 2179 3279 2249 gloriosa(Psal.
3307 2195 3474 2246 van,

1885 2266 1994 2336 14).
2022 2267 2273 2320 Gemmis
2304 2282 2526 2337 quoque
2557 2266 2836 2336 virginum
2862 2267 3012 2322 inter
3039 2268 3284 2340 reliquos
3302 2269 3480 2340 fulgo-

1879 2371 1988 2422 res,
2012 2371 2076 2408 ac
2095 2355 2143 2409 si
2169 2355 2363 2419 stellis,
2392 2355 2650 2409 radiatur
2673 2375 2685 2423 ;
2707 2355 2908 2410 deinde
2929 2357 3272 2428 martyribus
3296 2357 3481 2412 rubri-

1879 2448 2028 2512 cata,
2050 2444 2203 2498 velut
2226 2459 2386 2498 cocco
2409 2443 2504 2514 qui
2526 2443 2610 2497 bis
2633 2444 2888 2514 tingitur,
2908 2461 3077 2516 opere
3092 2447 3366 2518 polymito
3385 2447 3480 2501 de-

1877 2533 2024 2605 picto
2035 2534 2350 2600 decoratur,
2384 2549 2634 2605 purpura
2656 2534 3236 2606 pcenitentium,quasi
3255 2553 3320 2590 ex
3348 2537 3470 2591 cili-

1875 2621 1959 2676 cio
1978 2627 2338 2687 commutata,
2364 2623 2423 2677 in
2453 2629 2849 2677 ornamentum
2865 2624 3116 2694 conjugis
3139 2630 3196 2678 et
3213 2625 3470 2681 decorem

1875 2711 2274 2775 vertitur.Quze
2289 2712 2556 2766 nimirum
2576 2713 2696 2783 conj
2705 2729 2794 2778 ux,
2809 2713 2895 2766 vel
2911 2713 3128 2783 regina,
3148 2714 3262 2768 Deo
3287 2721 3472 2770 astare

1877 2799 2102 2866 dicitur,
2135 2800 2270 2872 quia
2297 2801 2480 2855 adhuc
2503 2818 2742 2872 sponsus
2775 2801 2835 2855 in
2873 2802 2990 2856 acie
3018 2803 3287 2868 stat,licet
3319 2805 3473 2858 thro-
3564 2828 3566 2830 ν

1875 2905 2010 2944 num
2044 2889 2266 2960 imperii
2314 2890 2616 2960 possideat,
2652 2890 2830 2944 donec
2859 2890 3068 2945 subditi
3100 2893 3240 2946 fiant
3276 2909 3470 2948 omnes

1875 2977 2090 3033 inimici
2114 2979 2316 3048 ejus,et
2334 2979 2562 3032 inimica
2597 2995 2749 3033 mors
2769 2980 3093 3034 destruatur
3110 2981 3270 3050 juxta
3297 2982 3472 3052 Apos-

191 3067 349 3138 quod
377 3084 491 3122 non
521 3085 556 3122 a
580 3076 785 3124 natura
833 3070 1094 3135 Ecclesia,
1149 3070 1236 3124 vel
1287 3071 1552 3142 quaelibet
1579 3074 1854 3146 anima,c
1876 3068 2073 3132 tolum,
2106 3067 2406 3138 tradatque
2427 3085 2662 3139 regnum
2684 3069 2800 3122 Deo
2823 3068 2995 3134 Patri,
3027 3069 3124 3140 qui
3153 3069 3395 3141 subjecit
3415 3071 3466 3125 ei

189 3156 348 3211 hunc
401 3156 608 3212 habeat
636 3159 895 3213 decorem
939 3165 995 3213 et
1023 3159 1529 3230 pulchritudinem;
1588 3163 1684 3216 sed
1724 3180 1788 3218 ex

180 3247 336 3300 dono
364 3247 585 3316 gratiae.
615 3248 774 3302 Unde
801 3265 912 3302 non
947 3250 1134 3303 minus
1164 3249 1221 3303 in
1259 3251 1464 3304 vestitu
1495 3251 1784 3318 deaurato,

1873 3157 2153 3221 omnia,ut
2178 3157 2251 3211 sit
2280 3157 2542 3228 deinceps
2567 3158 2714 3212 Deus
2739 3157 2929 3212 omnia
2952 3157 3011 3212 in
3042 3158 3320 3214 omnibus.

1942 3247 2121 3300 Porro
2144 3246 2418 3300 hactenus
2447 3247 2564 3300 haec
2578 3247 2748 3300 vestis
2763 3247 3096 3314 contexitur,
3120 3248 3236 3303 haec
3265 3249 3468 3320 conjux

178 3351 355 3406 quam
390 3335 451 3388 in
476 3336 734 3391 tinctura:
761 3337 1029 3392 varietate
1057 3337 1476 3392 circumamicta
1500 3340 1780 3394 laudatur.
1870 3340 1927 3390 et
1951 3335 2147 3404 regina
2175 3335 2475 3405 colligitur.
2510 3336 2734 3389 Interea
2761 3341 2949 3390 autem
2982 3337 3041 3390 in
3081 3337 3324 3392 dexteris
3346 3339 3468 3408 jam

180 3425 311 3480 Non
354 3425 506 3479 enim
545 3426 686 3480 dixit
732 3427 790 3480 in
841 3427 1044 3482 vestitu
1101 3444 1292 3494 aureo,
1345 3429 1443 3482 sed
1490 3429 1780 3483 deaurato.
1867 3423 1937 3477 ob
1966 3424 2211 3494 gratiam
2243 3424 2532 3490 collocata,
2563 3425 2622 3477 in
2651 3424 2772 3478 loco
2821 3425 2916 3495 qui
2946 3441 3118 3494 penes
3147 3427 3327 3480 Deum
3358 3433 3462 3492 est,

183 3512 543 3568 Deauratum
591 3531 723 3584 ergo
751 3515 1007 3579 dicimus,
1042 3533 1169 3569 cum
1199 3517 1538 3588 superducta
1569 3518 1782 3588 species
1866 3514 2033 3568 debet
2050 3514 2239 3585 etipsa
2259 3513 2432 3568 armis
2448 3514 2732 3568 succincta
2755 3515 2992 3569 viriliter
3011 3516 3466 3573 dimicare.Unde

176 3603 301 3656 auri
335 3603 394 3656 in
451 3603 640 3674 aliquo
671 3604 986 3673 glutinatur
1025 3606 1380 3659 metallorum
1413 3621 1649 3675 genere:
1684 3623 1784 3676 per
1865 3603 2043 3673 Moysi
2063 3620 2222 3657 servo
2251 3619 2353 3657 suo
2373 3603 2507 3657 dicit
2531 3603 2680 3656 idem
2701 3619 2938 3674 sponsus
2965 3622 2976 3656 :
3015 3605 3092 3657 Tu
3119 3621 3244 3658 vero
3275 3607 3364 3658 hic
3378 3612 3463 3660 sta

179 3692 328 3761 quod
370 3691 514 3746 bene
543 3692 787 3747 charitas
835 3693 1190 3764 intelligitur.
1246 3695 1523 3758 Quoniam
1553 3695 1782 3766 reliquae
1865 3709 2095 3746 mecum.
2124 3692 2209 3746 Ad
2238 3693 2344 3746 hoc
2371 3691 2576 3762 quippe
2605 3708 2795 3746 secum
2831 3708 2957 3746 eum
2981 3691 3144 3760 jubet
3186 3697 3356 3758 stare,
3390 3710 3462 3748 ne

178 3781 648 3852 virtutes,quibus
674 3781 882 3836 Christi
917 3783 1080 3836 vestis
1109 3789 1210 3836 aut
1238 3783 1511 3849 Ecclesiae,
1543 3785 1783 3838 contexi—
1864 3781 2052 3837 cadat.
2088 3782 2229 3835 Hinc
2259 3787 2316 3835 et
2354 3781 2680 3851 Apostolus:
2721 3782 2827 3847 Qui
2858 3785 2984 3846 stat,
2999 3782 3180 3833 videat
3210 3797 3276 3834 ne
3301 3783 3461 3835 cadat

179 3876 293 3936 tur,
332 3887 435 3940 per
463 3887 523 3924 se
553 3887 802 3941 parvam,
835 3887 933 3926 seu
960 3872 1171 3925 nullam
1205 3873 1538 3938 claritatem,
1572 3874 1658 3927 vel
1678 3874 1783 3927 ful-
1870 3871 1919 3941 (I
1939 3867 2261 3938 Oor.x,12).
2297 3869 2407 3925 Sed
2427 3885 2592 3923 nemo
2614 3869 2672 3922 in
2695 3869 2813 3922 acie
2833 3867 3286 3940 positus,otiosus
3309 3875 3459 3924 stare

176 3975 376 4029 gorem
409 3958 638 4026 habent,
665 3959 787 4014 sine
817 3960 1108 4026 charitate,
1144 3961 1292 4032 quod
1322 3962 1458 4016 satis
1482 3963 1782 4033 Apostolus
1865 3965 2069 4031 potest,
2103 3976 2174 4013 ne
2193 3959 2357 4012 cadat
2382 3976 2391 4010 :
2412 3958 2543 4030 quia
2566 3964 2666 4012 aut
2681 3957 2940 4029 percutit,
2961 3974 3071 4012 non
3094 3959 3254 4028 quasi
3270 3975 3458 4014 aerem

178 4049 553 4115 demonstrat,
587 4065 713 4103 cum
745 4049 855 4103 ait:
903 4049 968 4104 Si
997 4053 1208 4118 linguis
1253 4052 1544 4105 hominum
1585 4054 1782 4121 loquar
1867 4049 2185 4114 verberans,
2208 4055 2308 4103 aut
2327 4047 2637 4120 percutitur
2651 4046 2960 4118 graviusab
2978 4047 3156 4114 hoste,
3189 4051 3245 4101 et
3266 4047 3458 4119 dejici-

181 4142 228 4189 ει
286 4139 642 4203 angelorum,
674 4143 723 4190 et
751 4140 801 4191 si
827 4139 1162 4191 distribuero
1205 4141 1266 4190 in
1299 4141 1438 4192 cibos
1469 4155 1780 4208 pauperum.
1864 4143 1975 4192 tur.
2010 4138 2118 4193 Sed
2163 4154 2330 4208 quam
2363 4137 2569 4203 felices,
2611 4136 2972 4202 charissimae,
3023 4153 3118 4190 vos
3161 4152 3284 4208 quae
3313 4142 3371 4192 et
3398 4137 3458 4193 in

178 4241 366 4278 omnes
398 4226 708 4292 facultates,
734 4231 780 4279 et
810 4229 861 4280 si
889 4228 1166 4280 tradidero
1188 4243 1381 4295 corpus
1410 4232 1699 4293 meum,ita
1719 4234 1778 4282 ut
1861 4227 2184 4296 conjugium
2221 4225 2433 4280 Christi
2459 4225 2704 4279 transire
2751 4224 3056 4289 meruistis,
3100 4229 3157 4279 et
3192 4225 3252 4280 in
3281 4225 3456 4280 vesti-

178 4314 429 4377 ardeam,
460 4314 785 4367 charitatcm
814 4319 1000 4368 autem
1031 4331 1142 4368 non
1167 4317 1426 4382 habuero,
1463 4317 1606 4370 nihil
1637 4318 1780 4370 mihi
1796 4315 2066 4417 Dmcntis
2098 4314 2352 4369 Ecclesiae
2391 4319 2783 4369 ornamentum
2831 4314 3054 4368 decoris
3107 4313 3247 4368 fieri.
3297 4315 3456 4370 Unde

174 4403 450 4469 prodest”
467 4402 589 4456 σον.
622 4417 739 4469 xm,
773 4401 845 4471 1).
892 4420 992 4457 seu
1018 4407 1216 4457 caetera
1249 4403 1317 4457 ab
1347 4421 1412 4458 eo
1440 4421 1562 4475 quae
1580 4405 1777 4459 dicun-
1797 4401 1841 4417 υ
1861 4405 2042 4475 longe,
2075 4409 2140 4458 ut
2167 4420 2338 4474 supra
2382 4403 2650 4467 dixeram,
2697 4407 2851 4457 totus
2906 4403 2999 4457 hic
3046 4402 3303 4457 Psalmus
3356 4420 3456 4475 pro

180 4495 290 4543 tur.
330 4491 408 4543 Ex
439 4507 550 4561 quo
591 4497 747 4562 patet
799 4508 1015 4557 sensus,
1047 4493 1192 4563 quod
1225 4493 1473 4547 omnium
1508 4494 1778 4549 virtutum
1863 4492 2092 4547 ﬂoribus
2120 4492 2326 4562 agitur,
2351 4498 2406 4546 et
2425 4508 2524 4563 pro
2554 4491 2706 4555 liliis,
2731 4491 2955 4546 totusin
2981 4491 3144 4545 laude
3177 4491 3457 4562 virginum

177 4595 388 4648 genera
411 4583 476 4632 ut
490 4579 765 4650 fulgorem
796 4580 1122 4646 habeant,et
1138 4581 1390 4635 decorem
1424 4582 1616 4652 gloriae
1645 4583 1779 4638 cha-
1861 4581 2208 4635 decantatur.
2243 4581 2470 4644 Felices,
2498 4581 2752 4652 inquam,
2771 4597 2893 4650 quae
2922 4596 3018 4634 vos
3043 4597 3076 4634 a
3095 4580 3288 4634 mundi
3317 4581 3454 4635 acti-

177 4666 351 4722 ritate
375 4668 475 4722 Dei
491 4674 548 4722 et
558 4669 794 4739 proximi
813 4669 1054 4724 debeant
1066 4670 1327 4724 deaurari
1348 4678 1404 4724 et
1424 4671 1771 4742 superindui:
1860 4669 1963 4724 bus
1993 4670 2349 4740 segregastis,
2377 4669 2582 4740 spretis
2599 4668 2857 4723 omnibus
2874 4685 2997 4740 quae
3014 4669 3200 4724 saeculi
3217 4674 3368 4736 sunt,
3402 4676 3459 4724 et

177 4757 317 4827 quia
341 4757 606 4827 splendor
632 4759 923 4813 charitatis
943 4759 1200 4814 omnibus
1229 4760 1514 4814 antecellit
1561 4761 1802 4816 virtuti-'
1860 4759 1961 4814 soli
1986 4760 2102 4814 Deo
2133 4759 2228 4812 ves
2256 4758 2500 4813 vovistis.
2526 4758 2703 4823 Unde,
2749 4774 2956 4828 quaeso,
2999 4757 3128 4829 quia
3159 4757 3217 4812 in
3246 4758 3457 4813 dextris

175 4843 304 4908 bus,
340 4850 395 4898 et
425 4863 538 4916 prae
566 4846 824 4901 omnibus
851 4848 1067 4918 fulgore
1096 4865 1197 4902 suo
1228 4849 1565 4918 resplendet.
1617 4851 1775 4915 Quod
1858 4865 2028 4920 penes
2067 4850 2245 4902 Deum
2267 4849 2387 4917 jam
2419 4846 2786 4901 constabilitae
2807 4846 2877 4900 ad
2893 4847 3276 4902 dimicandum
3299 4848 3454 4915 estis,

173 4933 221 4987 si
251 4933 429 4988 etiam
455 4935 511 4988 in
543 4951 682 4989 auro
712 4936 892 5007 primo
921 4935 1102 5007 Ophir
1139 4937 1329 5007 aliqua
1358 4937 1644 4994 distinctio
1674 4941 1773 4995 de-
1858 4937 1945 4998 his
1965 4937 2269 4992 assuescite
2289 4936 2460 4990 armis
2481 4952 2754 5007 pugnare,
2779 4934 2982 5007 quibus
2995 4953 3233 5007 sponsus
3253 4943 3452 5003 vester,

173 5027 532 5076 monstratur
560 5024 868 5089 charitatis,
903 5024 1170 5079 debemus
1192 5025 1664 5097 intelligere,quia
1691 5045 1777 5082 or-
1859 5033 1915 5081 et
1941 5027 2208 5097 magister
2235 5025 2507 5090 omnium,
2541 5042 2634 5079 vos
2665 5025 2855 5079 docuit
2882 5025 3070 5089 verbo,
3118 5033 3175 5080 et
3206 5025 3455 5080 exhibuit

171 5110 376 5165 dinata
401 5118 486 5165 est
505 5112 791 5170 charitas..
819 5114 978 5168 Unde
999 5130 1203 5185 sponsa
1223 5114 1279 5167 in
1305 5115 1579 5169 Canticis:
1617 5116 1776 5171 Ordi-
1857 5118 2142 5187 exemplis.
2172 5118 2350 5170 Nemo
2379 5117 2484 5170 hoc
2512 5115 2570 5169 in
2599 5115 2737 5180 loco,
2774 5116 2878 5169 etsi
2912 5116 3131 5170 munita
3158 5115 3454 5169 videantur

172 5206 308 5253 nate
335 5203 494 5254 inme
515 5202 839 5255 charitatem
862 5203 1116 5270 (0ant.u,
1147 5202 1240 5269 4).
1266 5203 1540 5267 Quoniam
1557 5205 1776 5258 estcba-
1857 5206 2102 5259 claustra
2142 5212 2197 5259 et
2227 5203 2505 5269 obserata,
2555 5220 2750 5258 secura
2786 5202 3055 5274 quiescat,
3098 5203 3181 5256 vel
3229 5203 3452 5273 fastigio

171 5287 335 5352 ritas,
369 5305 494 5359 quae
524 5288 582 5342 in
618 5289 767 5344 cibos
798 5307 1105 5362 pauperum
1145 5291 1231 5344 vix
1274 5291 1646 5347 substantiam
1676 5293 1777 5346 im-
1858 5294 2087 5347 devicta.
2114 5293 2256 5357 Quia
2280 5293 2794 5358 diabolus|¢86
2814 5292 2986 5347 etiam
3005 5293 3062 5346 in
3084 5292 3220 5346 coelo
3241 5291 3457 5348 invenit

169 5377 366 5448 pertit:
399 5383 486 5431 est
505 5394 628 5448 quae
655 5383 714 5431 et
741 5379 986 5434 animam
1009 5396 1169 5433 suam
1185 5381 1353 5434 etiam
1382 5398 1483 5452 pro
1509 5382 1774 5437 fratribus
1859 5385 2040 5436 locum
2062 5381 2346 5452 peccandi,
2374 5399 2484 5452 quo
2522 5382 2768 5453 primum
2788 5382 3017 5448 corruit,
3039 5382 3240 5436 deinde
3267 5382 3326 5436 in
3350 5400 3453 5454 pa-

169 5465 474 5537 impendit.
507 5467 589 5521 De
611 5483 721 5538 qua
741 5468 1023 5523 Salvator:
1064 5470 1349 5538 Majorcm,
1373 5470 1574 5542 inquit,
1596 5473 1778 5525 chari-
1859 5471 2045 5525 radiso
2074 5471 2360 5525 hominem
2388 5471 2624 5542 decepit.
2653 5473 2720 5525 Et
2747 5471 2871 5526 ideo
2904 5488 2969 5524 ex
2999 5487 3240 5541 persona
3266 5471 3450 5526 Patris

172 5558 342 5609 tatem
367 5571 525 5610 nemo
541 5557 715 5622 habet,
749 5572 918 5627 quam
939 5562 1001 5612 ut
1020 5561 1277 5613 animam
1294 5575 1456 5614 suam
1469 5562 1775 5630 ponatquis
1859 5559 1937 5615 sic
1969 5560 2064 5616 uni
2094 5559 2449 5647 loquiturtut
2473 5560 2731 5616 omnibus
2751 5560 3004 5616 dicatur:
3044 5559 3084 5615 Α
3096 5561 3210 5626 udi,
3239 5563 3376 5627 ﬁlia,
3403 5566 3453 5613 et
