3918 6166
504 297 644 361 1043
818 350 829 355 -
1268 297 1327 352 S.
1364 293 1743 353 PASCHASII
1780 292 2141 351 RADBERTI
2178 290 2484 351 ABBATIS
2523 293 3012 351 CORBEIENSIS.
3574 296 3681 358 1044

505 427 627 485 uide
671 431 721 480 at
778 425 996 481 inclina
1052 438 1249 478 aurem
1280 425 1456 487 tuam,
1487 421 1796 475 obliviscere
1830 422 2097 490 populum
2113 424 2360 483 Atatem
2388 436 2612 492 semper
2640 419 2994 492 deprimere;
3018 424 3074 476 et
3094 436 3166 475 ne
3189 421 3369 494 priora
3385 422 3610 477 vitiorum
3625 424 3690 478 vel

506 520 674 571 tuum
707 519 755 570 et
780 515 1006 568 domum
1054 512 1234 580 patris
1264 512 1367 563 tui.
1410 509 1548 562 Mira
1573 525 1682 566 res.
1716 509 1890 564 ﬁliam
1918 514 2096 576 vocat,
2182 510 2533 565 saecularium
2561 510 2709 564 male
2740 514 2968 564 assueta
2992 509 3183 565 studia
3209 515 3454 575 mentem,
3481 511 3540 566 ob
3563 513 3693 583 pessi-

506 604 601 659 cui
633 604 806 659 alium
837 608 1055 674 patrem
1087 599 1411 655 obliviscere
1421 597 1608 668 jubet.
1647 598 1725 653 Ex
1747 614 1856 669 quo
1884 598 2099 669 liquido
2182 615 2334 654 mam
2350 598 2812 654 consuetudinem
2829 597 3694 670 improbe,nepossitlibereaudire,

508 696 750 753 constat,
795 690 930 761 quia
975 688 1081 743 etsi
1108 687 1270 741 alteri
1300 691 1432 740 nata
1460 686 1648 740 fuerat
1673 685 1732 740 in
1768 701 1955 750 carne,
1983 687 2105 755 jam
2185 687 2669 754 obsurdescerent,
2693 687 3136 743 ait:0blivz‘scere
3160 691 3419 756 populum
3443 693 3578 742 tuum
3590 691 3701 743 etdo-

516 779 568 834 ei
585 779 682 850 qui
697 795 826 833 eum
843 779 1105 833 hortatur
1122 783 1179 830 et
1182 775 1344 846 jubet
1358 781 1423 830 ut
1447 775 1806 830 obliviscatur
1834 775 2103 846 populum
2186 793 2344 831 mum
2369 779 2552 846 patris
2582 778 2688 831 tui.
2713 776 2872 830 Unde
2894 775 3124 847 quidam
3151 793 3163 828 :
3191 776 3408 841 Cantus,
3429 774 3701 846 inquitsirs

516 874 577 923 et
603 874 841 939 patrem.
869 871 1069 920 renata
1102 870 1225 920 erat
1263 864 1324 919 in
1367 864 1611 935 Spiritu;
1641 869 1700 919 et
1725 863 1858 936 quia
1884 869 2100 929 renata,
2188 881 2328 921 num
2355 868 2543 920 surdis
2556 870 2867 934 nosoportet
2892 864 3499 919 auribustramire.Sed
3515 865 3700 920 Abraha

514 961 815 1028 propterea
851 954 1111 1026 conjugio
1162 953 1460 1019 foederata;
1522 958 1580 1007 et
1636 954 1770 1024 quia
1812 954 2101 1021 foederata,
2182 955 2302 1025 jam
2332 954 2467 1008 olim
2498 953 2875 1008 dicitur:E:ci
2913 954 3149 1007 ἀσεβῆ-α
3173 958 3287 1017 tua,
3311 954 3431 1006 etde
3455 958 3708 1020 cognatione

517 1051 814 1116 propterea
830 1044 1026 1114 regina
1051 1061 1064 1110 ;
1098 1048 1155 1097 et
1169 1042 1301 1114 quia
1318 1042 1662 1113 regina,ideo
1680 1042 1740 1096 in
1755 1042 1998 1098 dexteris
2023 1048 2111 1098 est

516 1135 781 1190 exaltata.
822 1134 1226 1188 Verumtamen
1248 1132 1371 1203 ipsa
1397 1136 1484 1186 est
1501 1131 1715 1201 regina,
1739 1147 1862 1202 qum
1886 1139 1943 1186 et
1969 1133 2105 1187 ﬁlia.

517 1224 589 1279 Et
605 1224 756 1278 sicut
774 1238 890 1279 una
909 1239 975 1277 ex
1014 1220 1275 1276 omnibus
1311 1225 1398 1274 est
1414 1220 1629 1290 regina,
1652 1220 1732 1275 sic
1757 1225 1815 1275 et
1832 1221 1967 1276 tilia.
2001 1222 2110 1276 Sed

516 1312 653 1377 ﬁlia,
695 1313 828 1383 quia
838 1316 1035 1366 renata
1045 1314 1102 1365 et
1115 1310 1384 1381 adoptata
1413 1328 1426 1376 ;
1458 1309 1658 1379 conjux
1676 1325 1810 1363 vero
1827 1314 1885 1364 et
1895 1310 2108 1381 regina,

523 1401 657 1474 quia
688 1417 879 1471 regem
898 1399 1077 1454 ﬁlium
1099 1397 1251 1468 regis
1266 1398 1501 1452 duxerat
1529 1413 1797 1468 sponsum
1830 1420 1842 1454 :
1868 1415 1991 1469 qua
2011 1415 2113 1470 per

526 1506 657 1545 eum
675 1490 792 1559 jam
815 1505 883 1543 ex
899 1505 985 1554 eo,
1021 1487 1230 1542 multos
1248 1487 1365 1541 Deo
1386 1487 1498 1541 ﬁde
1530 1492 1765 1557 generat
1785 1487 1949 1542 ﬁlios.
1981 1489 2110 1544 Sta-

521 1578 704 1633 tuitur
727 1582 917 1631 autem
937 1576 994 1630 in
1024 1575 1290 1642 dexteris,
1310 1575 1408 1630 ubi
1436 1574 1726 1630 beatorum
1747 1581 1835 1630 est
1852 1577 2023 1638 locus,
2056 1582 2114 1631 et

524 1670 790 1721 monetur
817 1681 852 1719 a
882 1665 1068 1728 Patre,
1091 1664 1377 1735 quoniam,
1401 1668 1467 1719 ut
1483 1664 1616 1729 dixi,
1650 1664 1833 1719 adhuc
1868 1665 2113 1720 bellandi

2191 1049 2307 1108 tua,
2341 1049 2390 1098 et
2414 1045 2477 1097 de
2502 1045 2661 1098 domo
2676 1045 2860 1112 patris
2889 1045 2976 1096 tui
3001 1042 3160 1111 (Gen.
3197 1055 3291 1105 xu,
3324 1040 3392 1109 1).

2262 1132 2422 1197 Quod
2452 1137 2512 1187 et
2538 1149 2656 1197 vos,
2684 1130 3187 1202 charissima,quia
3206 1130 3332 1185 ﬁliae
3349 1131 3473 1185 estis
3491 1131 3652 1202 ipsius,
3668 1131 3710 1186 in

2193 1222 2446 1293 exemplo
2477 1221 2622 1275 tanti
2652 1219 2828 1292 patris
2850 1220 3080 1274 fecistis.
3115 1219 3321 1275 Existis
3348 1219 3507 1283 enim,
3545 1220 3712 1275 Christo

2193 1310 2428 1375 duce,de
2442 1314 2595 1364 terra
2616 1309 2925 1363 nativitatis
2948 1308 3245 1366 vestrande
3267 1308 3509 1363 domibus
3526 1313 3573 1362 et
3586 1308 3712 1379 agris,

2192 1415 2411 1454 necnon
2440 1407 2499 1453 et
2527 1397 2758 1453 Domini
2786 1398 3051 1452 facultate
3080 1398 3231 1469 quod
3258 1398 3316 1452 in
3343 1398 3526 1452 saeculo
3549 1396 3707 1450 habere

2192 1488 2475 1560 potuistis.
2509 1487 2711 1542 Existis
2731 1487 2801 1540 de
2829 1487 2983 1541 omni
3009 1486 3344 1557 cognatione
3364 1486 3545 1549 carnis,
3566 1493 3713 1557 etsup-

2193 1576 2460 1649 posuistis
2506 1592 2601 1630 vos
2652 1580 2883 1647 propter
2930 1591 3186 1630 amorem
3241 1575 3364 1629 vitae
3408 1574 3713 1644 zeterntejugo

2194 1665 2423 1733 Christi,
2450 1665 2598 1735 quod
2629 1669 2717 1719 est
2734 1663 3097 1734 diligentibus
3122 1681 3186 1719 se
3208 1664 3365 1719 valde
3394 1668 3612 1729 suave,et
3630 1678 3714 1716 sus-

527 1759 615 1809 est
626 1760 869 1825 tempus.
886 1754 1095 1809 Dicunt
1110 1769 1279 1825 porro
1301 1753 1881 1824 quidam,aprincipio
1905 1754 2112 1809 Psalmi
2126 1741 2181 1804 Β
2197 1754 2392 1827 capitis
2421 1769 2585 1822 onus,
2612 1753 2761 1823 quod
2786 1761 2870 1807 est
2890 1753 3210 1808 volentibus
3230 1754 3347 1807 leve
3364 1753 3623 1824 ipsumque
3644 1751 3717 1804 Do-

527 1859 706 1914 usque
732 1843 802 1897 ad
829 1844 977 1897 hunc
1005 1858 1249 1907 versum,
1273 1841 1419 1912 quod
1441 1857 1544 1895 vox
1570 1842 1936 1912 ﬁtPropheta:
1970 1861 1982 1910 ;
2016 1843 2113 1897 sed

520 1934 662 1989 adeo
688 1949 801 1988 non
826 1932 1046 1987 videtur
1071 1947 1381 2002 congruere
1398 1930 1557 1995 satis,
1580 1931 1762 2001 magis
1774 1931 1979 1986 idcirco
2005 1933 2114 1986 Pa-

521 2022 626 2078 tris
645 2038 748 2077 vox
759 2020 1027 2085 creditur,
1055 2024 1156 2075 aut
1178 2018 1425 2091 Spiritus
1444 2019 1622 2073 sancti
1636 2035 1738 2090 per
1755 2019 2111 2091 Prophetam.

522 2110 607 2167 Ex
633 2111 740 2166 hoc
763 2127 894 2165 vero
910 2110 1032 2164 loco
1060 2108 1238 2175 aiunt,
1268 2108 1419 2178 quod
1442 2124 1542 2162 vox
1568 2107 1755 2162 Patris
1773 2108 2020 2179 primum
2039 2108 2117 2162 lo-

525 2200 749 2272 quentis
767 2198 1171 2265 introducitur;
1199 2197 1472 2269 quamvis,
1498 2197 1643 2268 quod
1675 2197 2031 2268 exposuimus
2057 2198 2119 2251 in

524 2305 764 2360 persona
787 2286 1111 2352 Patris,non
1131 2285 1253 2340 dico
1272 2284 1780 2351 dissonare,verum
1801 2284 1970 2340 etiam
1999 2301 2119 2340 me-

2195 1843 2411 1897 minum
2436 1846 2493 1897 et
2507 1840 3328 1912 benignissimumSalvatorem
3353 1840 3717 1911 vobismetspou-

2196 1948 2325 1987 sum
2353 1930 2619 2001 elegistis.
2653 1929 2918 1994 Quinimo
2944 1930 3063 2002 ipse
3090 1947 3192 1985 vos
3215 1931 3402 2001 elegit,
3432 1935 3483 1983 et
3507 1927 3657 2000 posuit
3675 1932 3719 1979 ut

2198 2020 2431 2079 servetis
2456 2020 2669 2074 donum
2696 2018 2895 2089 gratiae
2924 2018 3069 2090 quod
3093 2019 3403 2091 accepistis.
3430 2016 3654 2073 Floreatis
3670 2014 3718 2069 si-

2199 2109 2427 2181 quidem
2452 2113 2659 2175 mente,
2693 2107 3015 2175 virtutibus,
3043 2114 3103 2163 et
3120 2107 3463 2163 fructiﬁcetis
3486 2121 3638 2177 opere.
3660 2105 3715 2158 ita

2196 2203 2263 2253 ut
2314 2197 2528 2252 fructus
2554 2202 2739 2253 vester
2764 2202 2993 2252 maneat
3028 2196 3087 2251 in
3143 2197 3513 2252 tribulatione.
3555 2193 3624 2249 Ad
3645 2193 3718 2247 hoc

2201 2288 2407 2359 quippe
2436 2287 2586 2341 hunc
2615 2285 2863 2357 elegistis
2891 2286 3076 2341 locum
3105 2286 3264 2341 vobis
3292 2302 3328 2341 a
3372 2284 3584 2341 Domino
3615 2281 3723 2336 dedi-

522 2377 633 2431 lius
683 2376 741 2431 in
775 2374 1047 2452 omnibus
1071 2391 1379 2445 congruere
1405 2374 1679 2429 videatur.
1713 2375 1874 2439 Quod
1900 2380 1958 2428 et
1986 2390 2122 2429 non-
2202 2382 2391 2432 catum
2421 2376 2528 2431 etsi
2549 2381 2850 2447 angustum
2878 2375 3047 2447 ;quia
3075 2381 3320 2445 angusta
3347 2380 3394 2430 et
3417 2381 3556 2429 arcta
3580 2377 3640 2427 (st
3659 2372 3720 2423 vis

526 2465 668 2520 nulli
695 2465 989 2519 doctorum
1018 2464 1322 2530 affirmant,
1349 2480 1488 2535 quos
1508 2469 1565 2518 et
1584 2480 1686 2518 nos
1706 2462 1883 2518 secuti
1902 2479 2118 2519 sumus.
2202 2483 2321 2535 qua
2347 2468 2501 2520 ducit
2522 2468 2595 2519 ad
2610 2465 3000 2534 vitam(Matth.
3028 2479 3127 2519 vn.
3141 2464 3223 2523 Ml
3238 2466 3379 2522 .Non
3398 2465 3578 2528 locum,
3597 2466 3647 2515 ut
3665 2460 3720 2513 ita

526 2555 932 2609 Verumtamen
953 2554 1095 2608 nihil
1107 2570 1301 2608 eorum
1320 2552 1585 2608 abhorret
1602 2554 1951 2624 avero,quod
1965 2558 2121 2608 uter-
2204 2555 2528 2627 loquar,sed
2541 2553 2829 2609 Christum
2851 2571 3120 2625 sponsum
3147 2552 3569 2625 elegistis,totius
3586 2548 3721 2603 Eccle

529 2660 638 2716 que
657 2643 859 2698 dixerit
884 2661 896 2696 :
922 2644 1020 2699 sed
1048 2643 1217 2698 latior
1244 2658 1442 2697 sensus
1470 2644 1724 2715 aperitur
1753 2660 1819 2697 ex
1839 2643 2118 2697 omnibus.
2203 2645 2321 2709 sim,
2375 2650 2431 2698 et
2458 2648 2724 2699 vestrum.
2778 2643 2953 2713 Cujus
2982 2643 3181 2714 itaque
3212 2642 3499 2715 possessio,
3524 2654 3617 2694 non
3636 2636 3722 2690 dico

530 2735 759 2791 Interea
777 2749 878 2787 vox
904 2732 1260 2802 Patris,sicut
1280 2748 1452 2803 supra
1468 2748 1759 2803 sponsum,
1775 2732 1856 2786 ita
1878 2731 2121 2786 submis-
2202 2738 2357 2789 totus
2378 2738 2465 2789 est
2483 2732 2728 2788 mundus
2771 2748 2937 2803 quem
2958 2732 3240 2797 calcastis,
3270 2732 3367 2786 sed
3401 2736 3511 2785 tota
3532 2728 3610 2782 illa
3632 2724 3723 2779 Hie-

524 2824 647 2879 sius
675 2823 940 2894 deinceps
968 2822 1157 2877 erudit
1175 2826 1234 2876 et
1255 2821 1418 2876 docet
1433 2837 1717 2891 sponsam,
1739 2837 1907 2891 quam
1931 2825 2123 2891 aperte
2204 2824 2448 2877 rusalem
2465 2821 2705 2877 caelestis
2723 2821 3001 2875 immensa
3014 2821 3459 2876 Christianorum
3478 2815 3722 2877 hereditas,

526 2919 690 2968 vocat
720 2913 918 2978 ﬁliam,
950 2928 1016 2965 eo
1037 2911 1187 2981 quod
1219 2911 1342 2979 ejus
1370 2909 1618 2981 proprio,
1657 2909 1867 2963 foedere
1893 2915 2120 2975 aeterno,
2208 2912 2279 2966 de
2304 2928 2417 2983 qua
2441 2916 2500 2965 et
2526 2927 2626 2982 pro
2647 2927 2759 2982 qua
2786 2910 2876 2965 hic
2901 2909 3055 2964 vobis
3085 2916 3353 2966 cantatur
3368 2908 3667 2970 Psalmus,ac
3692 2899 3725 2953 si

531 3002 726 3072 nupsit
743 3001 877 3055 filio.
901 3001 1071 3065 Audi,
1090 3002 1231 3065 ﬁlia,
1253 2998 1456 3069 inquit,
1477 3003 1525 3052 et
1556 2999 1698 3061 vide,
1726 2997 1850 3052 acsi
1864 3003 2124 3068 patenter
2145 3058 2186 3072 Α
2208 3000 2267 3055 in
2286 3001 2451 3055 titulo
2476 3000 2643 3055 dotis.
2676 3001 2741 3055 In
2762 3015 2873 3071 qua
2897 3000 3016 3070 jam
3046 3015 3164 3054 non
3195 3000 3373 3055 solum
3398 2996 3568 3053 statin
3592 2993 3728 3047 dexte-

529 3058 711 3144 dicat:
737 3088 885 3143 Audi
913 3058 1215 3156 diligenter
1243 3058 1391 3156 quod
1411 3058 1769 3157 p'rOphetas—ex
1795 3058 1901 3139 hoc
1918 3085 2122 3139 docue-
2141 3058 2187 3121 ο
2210 3089 2287 3144 ris
2316 3089 2416 3144 Dei
2441 3105 2649 3161 sponsa
2674 3093 2732 3143 et
2759 3058 2976 3159 conjux,
3005 3104 3207 3143 verum
3231 3093 3289 3144 et
3330 3087 3511 3159 regina
3549 3094 3727 3155 regum

532 3182 669 3233 runt
721 3175 1018 3242 connubio,
1074 3180 1132 3229 et
1156 3174 1283 3229 vide
1305 3176 1426 3244 jam
1456 3173 1647 3228 omnia
1677 3172 1941 3244 operibus
1971 3190 2126 3229 com-
2208 3178 2413 3233 dicitur
2434 3194 2561 3232 cum
2583 3194 2685 3233 suo
2706 3176 3023 3232 diademate
3041 3179 3267 3250 capitis.
3282 3181 3511 3244 ιπειε
3529 3174 3586 3229 Et
3601 3186 3655 3225 ne
3673 3168 3729 3222 di-

532 3267 705 3338 pleta,
738 3280 1085 3336 quaecunque
1113 3264 1185 3317 de
1211 3264 1298 3318 his
1336 3263 1605 3334 praedicta
1628 3263 1909 3333 leguntur.
1946 3263 2012 3317 Et
2033 3279 2129 3318 no-

533 3353 930 3425 tandum,quia
955 3353 1102 3408 sicut
1129 3369 1304 3424 supra
1341 3352 1401 3406 in
1430 3352 1597 3407 laude
1622 3351 1830 3424 sponsi,
1849 3369 1995 3424 saepe
2017 3352 2129 3407 tria

534 3442 841 3515 conjunxit,
897 3442 977 3498 ita
1005 3449 1062 3498 et
1088 3442 1180 3497 hic
1211 3457 1360 3496 nunc
1387 3441 1503 3496 tria
1536 3441 1838 3513 copulavit.
1874 3441 2128 3496 Primum

532 3533 698 3589 dixit:
723 3534 891 3590 Audi.
906 3532 1052 3597 Quia
1068 3532 1186 3587 haec
1200 3538 1286 3586 est
1303 3531 1554 3586 omnium
1571 3531 1885 3603 disciplina,
1901 3531 2131 3603 quicun-

538 3640 647 3696 que
693 3622 904 3678 erudiri
944 3622 1199 3694 cupiunt,
1224 3626 1291 3676 ut
1312 3621 1546 3676 audiant
1567 3621 1895 3692 diligenter;
1926 3621 2129 3676 deinde

534 3714 640 3769 ait:
672 3714 813 3769 Vide.
852 3711 998 3776 Quia
1015 3726 1361 3782 quaecunque
1383 3710 1619 3781 quisque
1651 3710 1922 3777 audierit,
1951 3714 2130 3765 restat

535 3802 889 3873 utintelligat
904 3820 916 3867 ;
935 3801 1184 3872 alioquin
1196 3800 1244 3855 si
1255 3817 1368 3855 non
1381 3800 1741 3867 intellexeris,
1757 3800 1891 3871 quid
1900 3800 2132 3871 prodest

540 3893 769 3949 audire?
784 3892 932 3947 Nam
951 3891 1098 3946 sicut
1109 3890 1285 3946 oculis
1310 3906 1578 3960 corporea
1609 3889 1997 3961 unusquisque
2008 3906 2130 3944 cer-

537 3982 641 4048 nit,
665 3981 748 4037 ita
771 3980 1000 4036 omnino
1019 3979 1310 4035 intellectu
1325 3979 1533 4034 divina.
1557 3977 1832 4043 Quoniam
1866 3977 2013 4032 sicut
2032 3995 2133 4050 per

541 4072 732 4127 oculos
750 4071 901 4125 videt
931 4086 1154 4141 corpus,
1201 4074 1259 4125 et
1277 4068 1538 4125 videntur
1555 4084 1817 4140 corpora;
1850 4066 1929 4121 sic
1944 4072 2003 4122 et
2016 4068 2133 4122 ani-

540 4176 636 4214 ma
651 4159 893 4230 seipsam
914 4175 1015 4230 per
1038 4175 1099 4213 se
1144 4159 1313 4225 videt,
1354 4164 1412 4213 et
1439 4176 1539 4231 per
1565 4158 1913 4213 intellectum
1959 4158 2132 4212 etiam

2209 3273 2299 3322 cat
2335 3266 2583 3321 inﬁdelis
2613 3266 2859 3332 animus,
2889 3282 3002 3321 non
3044 3267 3188 3322 mihi
3218 3268 3333 3323 haec
3358 3280 3562 3328 corona,
3587 3259 3663 3315 sed
3689 3256 3730 3310 in

2209 3372 2506 3411 commune
2533 3372 2649 3411 una
2677 3354 2935 3410 omnibus
2963 3357 3396 3427 repromittitur.
3427 3350 3642 3410 Noveris,
3665 3361 3730 3398 so-

2209 3462 2322 3511 ror,
2355 3445 2504 3516 quod
2532 3460 2645 3499 non
2675 3444 2973 3515 negabitur
2999 3444 3097 3500 uni
3128 3446 3280 3517 quod
3311 3436 3731 3500 omnibusdsbitur

2210 3532 2687 3607 promerentibus:
2717 3533 2797 3587 ita
2826 3538 3038 3601 tamen,
3084 3534 3133 3589 si
3160 3534 3334 3590 fueris
3369 3548 3486 3588 cum
3512 3523 3727 3583 omnibus,

2210 3629 2269 3679 et
2295 3622 2556 3678 omnibus
2567 3623 2791 3677 Christo
2811 3625 3430 3694 concorporata,hortus
3450 3616 3727 3674 deliciarum:

2209 3712 2334 3766 fons
2362 3711 2617 3782 signatus
2647 3710 2830 3780 sigillo
2882 3711 3034 3774 ﬁdei,
3066 3716 3127 3766 et
3165 3712 3451 3767 conclusus
3487 3699 3731 3761 munimine

2210 3799 2502 3855 charitatis
2531 3799 2706 3869 (Cant.
2744 3814 2818 3863 Iv,
2848 3797 2965 3869 12).
3000 3800 3117 3854 Hoc
3142 3808 3233 3856 est
3254 3801 3401 3854 intra
3425 3800 3639 3852 sanctam
3656 3783 3728 3843 Dei

2213 3888 2513 3945 Ecclesiam
2536 3887 2718 3958 magis
2732 3904 2801 3943 ex
2828 3893 2963 3951 voto,
2978 3893 3078 3943 tuo
3102 3889 3342 3944 Domino
3360 3887 3729 3950 dedicata,quam

2214 3996 2280 4034 ex
2308 3978 2642 4034 necessitate
2670 3976 2815 4031 infra
2835 3978 2978 4032 hanc
2997 3977 3300 4045 Vesonam,
3322 3978 3389 4032 ad
3418 3983 3612 4044 tempus
3633 3966 3730 4020 dum

2212 4069 2366 4136 vivis,
2419 4070 2565 4124 male
2592 4068 2893 4124 constricta
2916 4072 2976 4122 et
3023 4073 3408 4140 coangustata.
3448 4058 3731 4131 Quapi‘opter

2215 4175 2421 4230 quaeso,
2452 4175 2630 4224 soror,
2649 4174 2846 4212 caveas
2870 4174 2942 4212 ne
2977 4157 3203 4213 Suessio
3236 4159 3348 4211 haec
3388 4156 3442 4209 in
3472 4166 3568 4224 qua
3589 4148 3728 4214 (103351

538 4248 834 4319 spiritalia.
859 4252 1100 4314 ιωδυ
1124 4248 1282 4312 Quod
1300 4248 1849 4310 autemdicit:Audi,
1873 4250 2136 4315 ﬁlia,ma-
2216 4247 2404 4303 suasio
2449 4247 2552 4301 tibi
2597 4248 2713 4313 ﬁat,
2758 4252 2815 4300 et
2852 4246 3108 4319 incipias,
3159 4246 3306 4318 quod
3348 4242 3500 4306 absit,
3536 4234 3733 4308 apostﬂm

538 4352 715 4408 gnum
735 4336 961 4407 pietatis
979 4341 1065 4390 est
1081 4342 1644 4408 sacramentum,quae
1661 4337 1850 4392 fuerat
1872 4336 1989 4391 filia
2014 4336 2135 4391 dia-
2150 4380 2200 4413 η
2217 4342 2426 4400 mente,
2477 4336 2609 4407 quia
2630 4338 2750 4406 jam
2781 4335 2911 4389 hinc
2958 4335 3217 4406 refugere
3261 4350 3370 4389 non
3396 4333 3514 4386 licet
3537 4332 3730 4413 corpore:

542 4426 654 4482 boli
681 4429 911 4499 propter
932 4424 1306 4478 idololatriam
1329 4431 1387 4479 et
1404 4425 1709 4480 caecitatem
1733 4426 1935 4490 cordis,
1950 4431 2015 4480 ut
2032 4426 2135 4481 Dei
2152 4410 2200 4440 υ
2218 4425 2483 4490 Quinimo
2495 4425 2626 4480 audi
2643 4424 2944 4479 Dominum
2962 4429 3124 4479 tuum
3148 4425 3372 4479 Patrem
3386 4416 3555 4491 sponsi
3576 4410 3733 4477 tum“i

539 4516 727 4572 Patris
764 4515 882 4569 filia
908 4518 1153 4569 vocetur.
1186 4513 1345 4568 Unde
1374 4514 1521 4584 quod
1549 4513 1780 4581 addidit,
1821 4516 1965 4577 Vide,
2006 4531 2133 4569 cum
2218 4520 2273 4568 te
2317 4513 2605 4585 adaptavit
2652 4514 2712 4567 in
2750 4514 2945 4579 tiliam,
2976 4513 3070 4584 qui
3101 4513 3385 4584 proprium
3410 4506 3586 4563 Filium
3608 4508 3730 4553 suum

543 4605 696 4660 omni
714 4604 1097 4676 gratulatione
1112 4602 1294 4657 cordis
1313 4603 1612 4674 legendum
1636 4608 1720 4658 est
1744 4622 1756 4672 ;
1782 4604 1941 4674 quasi
1961 4604 2129 4658 dicat:
2217 4603 2493 4674 virginem
2518 4619 2584 4657 ex
2605 4602 2836 4673 Virgine
2865 4608 3083 4669 natum,
3107 4601 3211 4656 tibi
3242 4600 3392 4655 misit
3410 4595 3734 4667 sponsumal’e’

540 4695 684 4748 Vide
709 4694 973 4766 quoniam
998 4709 1238 4764 sponsus
1266 4693 1362 4765 qui
1388 4692 1488 4747 tibi
1516 4693 1681 4764 longe
1724 4693 1820 4747 diu
1850 4693 2139 4764 promitte-
2216 4699 2441 4748 uterum
2454 4692 2722 4764 Virginis,
2747 4697 2811 4746 ut
2828 4700 2887 4747 tu
2916 4691 2998 4745 illi
3014 4708 3221 4763 sponsa
3250 4701 3490 4744 maneres
3516 4685 3566 4736 et
3588 4677 3719 4743 virgo,

544 4781 712 4837 batur
731 4781 970 4846 advenit,
1001 4782 1061 4836 in
1091 4799 1200 4854 quo
1228 4788 1314 4838 est
1336 4798 1498 4837 verus
1525 4798 1702 4848 amor,
1733 4782 1930 4853 gloria,
1959 4782 2136 4837 virtus
2218 4782 2414 4854 regina
2429 4787 2486 4836 et
2508 4783 2726 4852 conjux.
2760 4780 2907 4835 Audi
2932 4780 3067 4853 quid
3088 4780 3264 4835 dicat:
3298 4776 3588 4834 Obliviscore
3605 4775 3734 4856 Polli"

543 4877 604 4927 et
628 4876 896 4943 potestas,
918 4877 1088 4944 atque
1099 4848 1824 4943 omnegaudiumﬂincque
1858 4872 2132 4943 sequitur:
2220 4848 2337 4926 tuin
2362 4877 2521 4926 tuum
2547 4876 2595 4925 et
2611 4848 2849 4925 domum
2860 4848 3041 4940 patris
3063 4873 3170 4923 tui.
3186 4867 3343 4925 Unde
3358 4863 3474 4920 etin
3497 4848 3732 4922 Evangem’

542 4962 766 5016 Inclina
783 4977 980 5016 aurem
1008 4968 1183 5028 tuam,
1215 4960 1311 5016 ubi
1339 4961 1716 5017 humilitatem
1745 4960 2010 5016 audiendi
2033 4961 2135 5015 do-
2221 4960 2492 5017 Dominus
2518 4979 2529 5014 :
2561 4962 2868 5015 Permittite
2895 4965 3158 5025 mortuos,
3178 4956 3375 5029 inquit,
3405 4950 3599 5020 sepelire
3626 4950 3734 4992 mor-

544 5055 715 5118 cet,et
733 5049 986 5105 insinuat
1003 5050 1396 5106 venerabiliter
1421 5051 1616 5106 audire
1655 5049 1856 5105 debere
1875 5048 2043 5103 verba
2060 5049 2141 5104 di~
2223 5055 2341 5104 tuos
2366 5065 2512 5116 suos,
2539 5054 2596 5101 tu
2635 5052 2824 5101 autem
2860 5062 3078 5116 sequere
3108 5064 3196 5101 me
3220 5035 3543 5119 (ιταλιΧρολ
3573 5031 3632 5119 El
3649 5038 3730 5078 ου’

542 5116 657 5195 vini
687 5139 915 5211 eloquii,
932 5156 1033 5194 seu
1052 5140 1343 5194 doctorum
1363 5140 1831 5212 praedicamenta;
1856 5155 1968 5193 non
1991 5138 2137 5193 elato
2222 5138 2456 5193 tandum
2489 5136 2638 5208 quod
2669 5137 2978 5190 obliviscere
2999 5134 3156 5202 dixit,
3185 5116 3243 5189 et
3268 5148 3372 5187 non
3400 5132 3593 5183 tantum
3608 5116 3729 5212 des:-

544 5232 729 5297 corde,
758 5245 939 5301 neque
966 5244 1093 5282 cum
1123 5229 1347 5284 fastidio
1374 5230 1456 5284 vel
1484 5236 1711 5301 torpore
1735 5228 1908 5284 animi
1943 5246 1954 5282 :
1979 5228 2138 5300 quin—
2221 5244 2348 5282 rere
2369 5242 2601 5298 corpore
2633 5224 2938 5289 mandavit,
2964 5224 3095 5295 quia
3126 5222 3269 5295 quod
3295 5213 3600 5301 obliviscitur
3614 5198 3728 5258 nullo

548 5319 662 5374 imo
694 5297 894 5374 devota
922 5322 1109 5371 mente
1139 5322 1196 5371 et
1221 5317 1402 5371 cordis
1446 5297 1695 5373 auribus.
1757 5318 1917 5373 Unde
1945 5297 2138 5372 Domi-
2219 5317 2422 5371 affectu
2455 5297 2639 5369 cordis
2668 5314 2962 5368 retinetur.
3015 5313 3078 5368 In
3109 5314 3208 5370 hac
3230 5312 3423 5382 quippe
3448 5297 3675 5358 oblivione
3701 5300 3727 5337 8

547 5407 790 5474 nus:0ui
809 5407 983 5469 habet,
997 5405 1200 5476 inquit,
1220 5420 1384 5459 aures
1396 5407 1886 5472 audiendi,audiat
1922 5406 2131 5471 (Matth.
2218 5404 2478 5460 cordibus
2490 5403 2740 5459 fidelium
2759 5402 3093 5457 obliteratur
3113 5399 3435 5461 diabolus,et
3450 5390 3727 5476 cuncta?”

547 5468 736 5565 xJ,l5i.
751 5495 827 5551 Et
844 5468 1053 5551 ideout
1071 5468 1268 5566 parata
1289 5510 1512 5565 semper
1532 5495 1608 5549 sit
1626 5468 1785 5549 mens
1806 5496 1877 5550 ad
1898 5468 2134 5550 a‘udien-
2214 5494 2409 5566 genies
2434 5493 2695 5548 vitiorum
2719 5507 2843 5563 quae
2872 5494 3006 5546 sunt
3033 5506 3099 5546 ex
3116 5494 3271 5562 parte
3289 5468 3637 5567 diaboliQuod
3646 5478 3722 5567 ait:

546 5586 682 5643 dum
713 5584 941 5647 verbum
966 5565 1088 5652 Dei,
1106 5583 1266 5657 jubet
1285 5600 1409 5641 eam
1432 5584 1737 5659 praeparari
1757 5584 1895 5639 etad
1914 5582 2135 5639 humili-
2213 5586 2330 5641 tem
2358 5581 2615 5638 diabolus
2643 5586 2805 5655 pater
2833 5581 2908 5637 sit
2925 5579 3252 5647 inﬁdelium,
3265 5577 3486 5632 testatur
3505 5565 3720 5622 Dominus
