3918 6166
228 294 378 366 1θ85
1145 294 1525 361 EXPOSI'I‘IO
1564 298 1643 361 IN
1680 272 2026 361 psALMim
2059 300 2254 358 XLIV.
2297 330 2360 342 —
2403 292 2540 356 LIB.
2580 292 2684 356 III.
3377 286 3520 356 4046

225 420 297 474 ad
327 420 591 475 Iudaeos:
638 422 748 489 Vos,
762 422 965 495 inquit,
985 441 1054 479 ea:
1074 434 1236 496 patre
1262 430 1477 487 diabolo
1492 434 1619 487 estis
1648 431 1825 503 (Joan.
1847 432 1897 493 Α
1918 444 2096 486 unum
2125 432 2211 483 est
2235 427 2307 482 ad
2334 424 2717 498 sepeliendum
2745 440 2806 479 se
2822 424 2948 479 ﬁeri
2968 423 3027 478 et
3052 423 3189 496 ungi
3214 439 3378 478 suum
3402 439 3519 479 cor-

224 522 347 574 νων
382 509 493 579 44)·
1916 536 2039 591 pus.
2066 519 2436 590 Nequaquam
2466 520 2659 569 tamen
2688 514 2947 569 convenit
2972 530 3174 586 corpus
3202 529 3367 569 suum
3396 529 3518 568 esse

296 596 483 663 Unde,
517 598 673 671 virgo
702 600 902 669 fidelis,
923 603 969 657 si
999 604 1218 677 antiqui
1246 608 1424 679 patris
1447 608 1642 679 obhta,
1661 610 1834 665 talem
1915 623 2114 676 unum,
2141 623 2312 679 seque
2340 604 2563 677 sepeliri
2588 624 2599 658 :
2631 603 2731 659 sed
2772 603 3120 658 Sacramenti
3148 601 3297 658 istud
3318 600 3522 657 divini-

221 691 280 742 ιε
309 686 651 755 exhibueris,
684 689 953 762 depositis
983 693 1245 749 vitiorum
1275 697 1552 763 sordibus,
1575 703 1640 753 ut
1667 715 1837 771 super
1915 698 2049 752 tatis
2072 694 2447 765 intelligentia
2473 700 2574 757 est,
2605 710 2717 748 non
2739 694 2999 764 ignorare
3021 693 3198 746 Deum
3223 707 3389 763 quem
3409 691 3517 746 scis

220 791 498 847 sponsum
536 783 594 833 et
630 778 955 836 fratruelem
983 787 1146 838 tuum
1179 784 1437 841 dealbata
1473 789 1831 856 conscendas,
1916 786 2221 852 hominem,
2248 801 2351 839 nec
2378 784 2590 838 nescire
2615 782 2919 846 hominem,
2947 797 3113 852 quem
3142 797 3254 835 non
3289 781 3516 850 ignoras

218 881 399 936 quam
430 866 607 938 possit
619 868 854 940 diligere
878 871 1140 927 DeusDei
1168 873 1371 930 Filius:
1399 880 1535 931 tunc
1557 878 1706 932 Deus
1734 879 1833 934 Pa-
1914 874 2425 946 Deum,Propterea
2440 889 2506 927 ex
2518 871 2778 926 omnibus
2790 870 3344 941 scripturarumlocis
3357 886 3517 940 opor-

216 958 313 1008 ter
345 973 359 1009 :
392 955 758 1026 Concupiscet,
790 959 995 1031 inquit,
1031 978 1128 1016 rex
1149 965 1391 1019 decorem
1426 970 1614 1025 tuum.
1652 968 1831 1032 Quem
1914 969 1998 1019 tet
2020 964 2300 1034 colligere,
2330 960 2790 1031 benignissimum
2811 960 3003 1013 Jesum
3034 958 3316 1012 Christum
3339 974 3514 1012 unam

219 1060 340 1099 non
359 1051 525 1117 putes
552 1063 729 1102 unum
761 1065 882 1104 esse
906 1050 975 1104 de
993 1051 1178 1117 turba,
1202 1054 1288 1107 vel
1309 1053 1381 1108 de
1410 1071 1645 1110 numero
1674 1063 1832 1112 caate-
1912 1070 2208 1125 personam
2254 1053 2434 1106 Deum
2465 1055 2522 1104 et
2549 1048 2838 1103 hominem
2876 1064 2998 1103 esse
3039 1046 3355 1113 indivisam,
3386 1062 3514 1101 cum

216 1150 422 1189 rerum
453 1152 652 1214 regum
684 1154 720 1191 a
748 1154 858 1210 quo
889 1141 1133 1195 amanda
1169 1157 1245 1196 es.
1279 1144 1517 1198 Noveris
1546 1145 1680 1216 quia
1707 1146 1827 1218 ipse
1910 1146 2058 1199 Deus
2078 1142 2302 1207 dicitur,
2333 1145 2433 1195 aut
2458 1156 2585 1194 cum
2606 1140 2794 1207 homo,
2818 1144 2916 1193 aut
2947 1141 3191 1204 ιποο
3210 1152 3337 1192 cum
3358 1148 3512 1190 mor-

214 1230 307 1278 est
336 1224 454 1279 Rex
478 1230 630 1293 tuus,
656 1232 712 1281 et
736 1228 1009 1283 Dominus
1038 1229 1189 1285 Deus
1206 1236 1359 1287 tuus.
1381 1233 1525 1287 Nam
1543 1235 1727 1289 caeteri
1748 1253 1832 1291 re-
1912 1239 2043 1289 tuus
2066 1238 2121 1286 et
2145 1229 2419 1301 sepultus.
2435 1227 2579 1293 Quia
2612 1229 2837 1283 Verbum
2856 1243 2984 1281 caro
3002 1229 3213 1294 factum
3230 1232 3303 1281 est
3329 1227 3510 1295 (Joan.

210 1327 338 1382 ges,
358 1313 488 1367 licet
509 1313 724 1368 domini
742 1316 855 1370 sint
877 1323 976 1371 aut
989 1334 1167 1387 reges,
1183 1320 1315 1390 quia
1356 1326 1634 1391 potestate
1663 1328 1829 1378 utun-
1913 1340 1949 1388 ι,
1989 1322 2099 1390 14).
2127 1322 2324 1392 Neque
2339 1335 2467 1373 cum
2483 1318 2690 1372 dicitur
2708 1317 2812 1371 hoc
2840 1317 2991 1370 loco:
3012 1318 3286 1383 Quoniam
3307 1318 3416 1384 ipse
3438 1319 3514 1369 est

213 1405 315 1455 tur
341 1419 354 1455 :
380 1406 575 1457 tamen
596 1405 847 1474 ejusdem
876 1407 1211 1462 conditionis
1235 1410 1317 1462 vel
1340 1415 1555 1465 natura:
1576 1417 1709 1466 sunt
1736 1430 1827 1467 cu-
1914 1414 2179 1466 Dominus
2208 1412 2349 1464 Deus
2381 1415 2528 1474 tuus,
2561 1408 2734 1460 adora
2763 1422 2910 1471 eum,
2933 1406 3082 1460 Deus
3110 1421 3306 1459 recens
3330 1404 3510 1458 intro-

204 1490 308 1560 jus
324 1498 384 1546 et
404 1491 488 1546 illi
513 1508 685 1564 super
700 1510 840 1565 quos
868 1495 1233 1551 dominantur
1251 1505 1309 1553 et
1330 1506 1585 1569 regnant.
1602 1501 1714 1556 Iste
1733 1519 1829 1557 au-
1909 1497 2153 1553 ducitur.
2195 1497 2356 1553 Unde
2384 1496 2591 1550 dicitur
2620 1512 2632 1547 :
2673 1494 2859 1559 Israel,
2905 1494 2955 1546 si
2984 1509 3066 1546 me
3094 1493 3363 1557 audieris,
3400 1508 3512 1546 non

211 1584 331 1633 tem
361 1583 499 1651 quia
524 1582 672 1637 Deus
692 1591 796 1648 est,
812 1583 1019 1639 idcirco
1040 1586 1297 1658 praecipio
1324 1587 1447 1654 tibi,
1477 1589 1651 1644 adora
1673 1607 1822 1645 eum.
1907 1590 2015 1641 erit
2036 1589 2100 1640 in
2132 1592 2178 1641 te
2210 1587 2348 1641 Deus
2386 1600 2589 1639 recens.
2619 1582 2688 1637 Et
2705 1581 2830 1636 ideo
2859 1597 2974 1636 non
3002 1580 3175 1644 aliud,
3204 1597 3307 1634 nec
3335 1578 3512 1635 alium

208 1668 364 1723 Nam
394 1670 475 1724 sic
510 1669 752 1726 habetur
779 1672 837 1726 in
866 1672 1142 1728 Hebraira
1169 1675 1427 1737 veritate,
1459 1679 1645 1732 Adora
1675 1695 1819 1733 eum.
1909 1692 2076 1747 quam
2112 1674 2401 1747 proprium
2431 1672 2534 1728 Dei
2562 1671 2764 1727 Filium
2787 1670 3109 1725 adoramus.
3143 1669 3278 1734 Quae
3301 1668 3508 1724 idcirco

208 1758 394 1812 Porro
422 1759 793 1830 Septuaginta
830 1778 944 1816 non
994 1762 1258 1818 dixerunt
1288 1781 1300 1818 :
1332 1766 1509 1820 adora
1544 1782 1690 1831 eum,
1724 1769 1821 1823 sed
1844 1747 2163 1830 Bdixerim,
2197 1764 2328 1836 quia
2352 1763 2624 1833 scriptum
2654 1764 2777 1815 est:
2810 1761 3112 1814 Dominum
3145 1760 3315 1813 Deum
3348 1764 3511 1812 tuum

204 1849 534 1902 adorabunt
560 1865 705 1916 eum,
733 1855 799 1904 ut
821 1850 895 1905 sit
914 1867 1112 1906 sensus
1140 1870 1151 1906 :
1185 1853 1296 1909 Iste
1322 1854 1417 1925 qui
1443 1859 1500 1909 te
1529 1861 1822 1912 amaturus
1902 1855 2179 1920 adorabis,
2212 1859 2263 1907 et
2290 1853 2383 1907 illi
2405 1854 2511 1906 soli
2529 1852 2726 1904 servies
2758 1850 2969 1917 (Matth.
2992 1864 3063 1914 1v,
3092 1846 3205 1916 10).
3234 1847 3340 1903 Ubi
3366 1847 3510 1904 sicut

204 1939 316 2000 est,
342 1936 442 2007 qui
466 1942 629 1992 tuum
658 1938 917 1994 decorem
948 1946 1217 2012 tuamque
1241 1943 1717 2014 pulchritudinem
1741 1946 1823 2000 di-
1902 1940 1985 1995 illi
2006 1941 2106 1996 soli
2130 1940 2337 1995 servire
2356 1939 2642 2010 jubemur,
2665 1937 2748 1991 ita
2771 1941 2828 1990 et
2855 1936 3016 1990 illum
3042 1936 3226 1990 solum
3246 1937 3504 1991 adorare.

204 2022 485 2091 lecturus,
522 2025 667 2080 Deus
692 2033 749 2081 et
776 2028 1068 2094 Dominus,
1102 2036 1187 2084 est
1212 2030 1282 2085 ab
1304 2031 1563 2087 omnibus
1584 2034 1823 2090 adoran-
1902 2031 1986 2085 Ne
2018 2031 2161 2085 forte
2181 2030 2297 2084 sint
2323 2028 2418 2100 qui
2444 2027 2655 2083 Christi
2679 2025 3090 2080 humanitatem
3118 2025 3178 2079 in
3202 2025 3382 2080 Deum
3409 2026 3508 2081 du-

202 2113 314 2167 ἀιιε
336 2131 349 2165 ε
371 2113 581 2170 ideirco
600 2121 659 2170 et
673 2122 755 2179 tu,
782 2118 1516 2192 ﬁlia,ad0raeum,quamvis
1537 2129 1550 2175 ι
1561 2123 1637 2177 ibi
1658 2140 1822 2194 spon-
1902 2118 2082 2174 bitent
2095 2117 2459 2173 adorandam.
2476 2116 2716 2171 Maxime
2733 2131 2863 2170 cum
2874 2114 2962 2169 hic
2979 2115 3275 2186 prOphetia
3292 2130 3359 2170 ex
3374 2131 3505 2170 voce

202 2217 304 2256 sus
318 2208 421 2257 aut
436 2204 613 2258 frater
628 2205 1063 2277 suadignatione
1077 2224 1199 2262 esse
1211 2209 1533 2265 dicatur.Ex
1547 2228 1657 2282 quo
1665 2217 1821 2283 patet
1902 2208 2086 2263 Patris
2108 2208 2396 2280 praecipiat
2415 2205 2568 2261 omni
2589 2204 2843 2260 Ecclesia:
2873 2221 3040 2277 quam
3071 2203 3326 2260 Christus
3347 2204 3506 2259 duxit

216 2295 478 2358 επεν
498 2293 639 2348 ﬁdes
667 2295 959 2360 catholica,
990 2296 1120 2367 quia
1141 2303 1293 2352 totus
1313 2299 1589 2365 Christus,
1614 2301 1822 2356 scilicet
1901 2314 2184 2369 sponsam,
2214 2299 2374 2369 juxta
2391 2295 2723 2351 Hebraicam
2743 2294 3062 2358 veritatem,
3095 2293 3362 2365 quoniam
3392 2293 3504 2349 Do-

201 2379 363 2434 Deus
381 2387 443 2436 et
461 2382 648 2449 homo,
679 2384 735 2438 in
766 2385 943 2439 Deum
970 2386 1289 2441 adorandus
1318 2378 1404 2442 est
1430 2393 1488 2442 et
1514 2390 1809 2447 colendus.
1902 2387 2087 2443 minus
2116 2389 2264 2442 Deus
2291 2392 2423 2442 tuus
2454 2390 2557 2453 est,
2590 2386 2763 2440 adora
2792 2400 2915 2438 eun:
2943 2402 2956 2452 ;
2991 2389 3091 2439 aut
3120 2390 3272 2439 certe
3302 2399 3504 2439 secun-

200 2468 336 2522 Non
364 2469 576 2525 divisus
605 2472 829 2543 quidem
863 2474 919 2527 in
973 2476 1250 2545 personis,
1294 2492 1397 2530 nec
1450 2476 1713 2532 confusus
1759 2478 1816 2532 in
1900 2477 2035 2531 dum
2066 2476 2452 2548 Septuaginta,
2500 2474 2632 2547 quia
2674 2490 2868 2529 omnes
2909 2473 3012 2528 filii
3055 2473 3314 2528 Ecclesiae
3344 2479 3500 2533 sunt,

199 2558 580 2627 substantiis;
606 2562 705 2616 sed
725 2567 878 2617 totus
897 2570 955 2618 et
979 2580 1122 2618 unus
1140 2565 1395 2620 Christus
1415 2566 1735 2623 adorandus
1756 2568 1814 2623 in
1900 2570 2200 2637 propterea
2236 2565 2448 2619 dictum
2496 2569 2583 2618 est
2613 2581 2624 2617 :
2659 2564 2983 2618 Adorabunt
3021 2579 3165 2616 eum.
3198 2561 3355 2616 Licet
3382 2562 3504 2633 qui-

197 2647 387 2702 Deum
418 2665 635 2704 verum.
666 2650 791 2705 Non
818 2652 1110 2723 adoptivus
1137 2654 1237 2708 Dei
1266 2654 1460 2721 Filius,
1483 2671 1586 2710 nec
1605 2673 1819 2712 nuncu-
1900 2654 2050 2721 dam,
2068 2654 2173 2708 hoc
2197 2654 2345 2726 quod
2376 2652 2534 2719 dixit,
2562 2652 2893 2709 Aderabunt
2912 2668 3057 2716 eum,
3074 2651 3146 2706 ad
3170 2656 3500 2723 sequentem

197 2737 433 2808 pativus
462 2738 704 2794 hominis
730 2740 896 2808 illius,
912 2741 1056 2796 sicut
1076 2742 1304 2814 quidam
1325 2759 1505 2815 nuper
1521 2746 1816 2817 maleprae-
1898 2759 2122 2798 versum
2152 2743 2280 2798 ﬁliae
2320 2742 2455 2814 Tyri
2484 2743 2662 2797 voluit
2706 2741 2996 2813 applicari,
3030 2741 3177 2812 quod
3226 2739 3499 2795 Hebraica

198 2827 468 2897 sumpsit,
499 2828 753 2884 nesciens
772 2830 873 2884 Dei
903 2838 1337 2898 sacramentum,
1372 2834 1468 2888 sed
1489 2834 1546 2888 in
1572 2841 1811 2907 utraque
1896 2832 2103 2888 veritas
2128 2849 2240 2887 non
2266 2831 2561 2904 permittit.

199 2920 415 2970 natura
439 2922 590 2972 totus
618 2924 677 2972 et
697 2934 855 2973 verus
886 2920 1159 2985 Christus,
1187 2937 1349 2976 verus
1370 2923 1537 2991 Deus,
1573 2930 1631 2978 et
1652 2940 1811 2980 verus

194 3005 372 3060 homo
389 3011 493 3060 est.
506 3008 680 3062 Totus
698 3007 753 3061 in
773 3008 1075 3063 Divinitate
1105 3015 1274 3081 atque
1302 3011 1655 3067 humanitate
1683 3030 1805 3080 sua,

194 3095 530 3165 uuigenitus
558 3102 617 3150 et
646 3112 810 3155 verus
833 3098 932 3152 Dei
963 3097 1156 3162 Filius,
1189 3099 1337 3153 idem
1369 3117 1498 3155 cum
1528 3102 1713 3167 Patre,
1753 3109 1810 3158 et

192 3198 325 3236 cum
359 3183 574 3253 Spiritu
602 3191 795 3239 sancto
826 3201 971 3239 unus
1000 3190 1056 3239 et
1079 3201 1242 3239 verus
1269 3187 1432 3241 Deus.
1466 3189 1551 3253 Et,
1588 3194 1651 3245 ut
1671 3190 1803 3256 dixi,

193 3287 307 3326 non
338 3274 750 3344 nuncupativus
778 3275 834 3329 in
860 3276 1107 3330 humana
1138 3281 1340 3330 natura
1369 3281 1427 3331 et
1453 3294 1615 3333 verus
1636 3279 1694 3332 in
1724 3280 1808 3334 di-

187 3361 342 3427 vina,
364 3377 549 3433 neque
580 3366 839 3434 proprius
868 3364 966 3419 Dei
996 3364 1168 3419 Filius
1200 3365 1259 3419 in
1285 3364 1473 3420 divina
1498 3373 1721 3434 natura,
1752 3374 1808 3424 et

188 3450 492 3521 adoptivus
515 3452 568 3506 in
590 3453 867 3520 humana;
889 3459 951 3507 ut
973 3454 1256 3508 dividatur
1274 3472 1386 3509 una
1418 3473 1657 3526 persona
1679 3458 1804 3512 Filii

186 3555 318 3592 cum
345 3540 609 3595 Nestorio
630 3542 687 3596 in
704 3542 844 3597 duas
864 3560 1149 3614 personas,
1165 3545 1221 3599 id
1245 3551 1331 3600 est
1351 3546 1465 3600 veri
1490 3545 1615 3600 Filii
1628 3548 1725 3602 Dei
1748 3554 1804 3603 et

184 3627 440 3699 adoptivi
460 3647 471 3683 :
500 3630 597 3684 sed
610 3635 765 3685 totus
787 3633 1042 3687 Christus
1065 3650 1210 3688 unus
1229 3651 1392 3688 verus
1406 3635 1553 3690 Deus
1572 3641 1628 3691 et
1638 3653 1802 3692 verus

185 3716 381 3785 homo,
414 3735 579 3773 verus
612 3726 670 3774 et
698 3725 849 3775 totus
878 3726 963 3775 est
992 3723 1090 3776 Dei
1122 3723 1311 3783 Filius,
1347 3741 1507 3779 verus
1556 3729 1612 3778 et
1649 3730 1802 3783 totus

186 3812 276 3860 est
303 3808 553 3861 hominis
591 3810 760 3864 ﬁlius.
794 3811 952 3865 Unde
982 3811 1146 3865 beata
1176 3812 1353 3866 Maria
1385 3819 1566 3867 mater
1590 3813 1707 3880 Dei,
1746 3821 1802 3869 et

188 3911 324 3948 vera
352 3896 453 3950 Dei
478 3897 719 3967 genitrix
750 3899 1020 3953 catholice
1046 3900 1400 3970 praedicatur.
1432 3901 1628 3971 Neque
1659 3901 1799 3956 divi-

188 3983 349 4038 ditur
370 3985 580 4041 Christi
608 4003 865 4057 persona,
886 4004 1015 4042 cum
1044 3988 1250 4042 dicitur
1274 3988 1369 4042 Dei
1394 3988 1583 4055 Filius,
1616 4006 1799 4061 neque

192 4089 324 4127 cum
354 4073 560 4128 dicitur
587 4075 832 4129 hominis
874 4076 1041 4137 ﬁlius,
1074 4076 1171 4130 sed
1217 4093 1363 4130 unus
1410 4076 1557 4131 idem
1613 4078 1715 4131 Dei
1744 4084 1803 4133 et

194 4162 444 4217 hominis
471 4163 663 4218 Filius.
699 4165 1003 4236 Propterea
1034 4181 1143 4219 non
1197 4166 1612 4237 nuncupativus
1653 4167 1801 4221 Deus

192 4250 296 4305 Dei
347 4252 544 4319 Filius,
573 4259 638 4307 ut
675 4253 938 4317 diximus,
974 4262 1139 4308 natus
1168 4261 1254 4308 est
1273 4255 1342 4309 de
1364 4253 1528 4309 beata
1547 4254 1795 4326 Virgine,

196 4355 300 4395 nec
321 4341 618 4412 adoptivus
636 4343 803 4397 homo
825 4343 1079 4398 Christus
1101 4344 1197 4397 Dei
1221 4343 1423 4410 Filius;
1449 4345 1546 4398 sed
1559 4361 1719 4398 verus
1742 4351 1798 4399 et

193 4430 461 4501 proprius
482 4431 730 4486 creditur
757 4432 852 4486 Dei
881 4433 1059 4486 Patris
1081 4432 1253 4486 Filius
1279 4451 1290 4485 :
1314 4432 1446 4504 quia
1472 4449 1617 4487 unus
1632 4433 1796 4488 Chri-

1966 2922 2127 2987 Quod
2156 2927 2345 2975 autem
2375 2920 2457 2975 ait
2484 2939 2496 2974 :
2530 2920 2874 2989 Concupiscet
2902 2920 3014 2975 Rea:
3036 2920 3279 2975 decorem
3310 2925 3491 2989 tuum,

1892 3016 1995 3066 aut
2018 3013 2245 3081 spem'em
2269 3016 2453 3075 tuam;
2474 3025 2538 3064 ac
2557 3009 2604 3063 si
2616 3009 2766 3063 dicat
2787 3024 2802 3060 :
2828 3009 2887 3063 Si
2900 3009 3274 3079 permanseris
3293 3009 3351 3064 in
3371 3026 3498 3065 con-

1827 3070 2103 3154 Cditione
2146 3098 2389 3164 ftederis,
2425 3070 2484 3153 et
2517 3114 2631 3153 non
2658 3096 2717 3152 in
2748 3070 3137 3152 sortediaboli
3168 3115 3280 3171 qua
3307 3098 3497 3156 fueras

1889 3188 2193 3243 constituta
2228 3194 2421 3255 ;tunc,
2475 3188 2608 3260 quia
2647 3187 2900 3259 pulchra,
2938 3186 3071 3258 quia
3107 3187 3327 3255 decora,
3362 3189 3497 3261 quia

1889 3277 2268 3345 immaculata,
2319 3276 2674 3347 concupiscet
2711 3276 2827 3331 Rex
2856 3276 3100 3347 speciem
3126 3281 3302 3332 tuam.
3334 3279 3414 3333 Ac
3444 3279 3493 3334 si

1888 3366 2077 3420 dicat:
2132 3367 2271 3436 Rex,
2318 3365 2493 3420 Filius
2522 3382 2681 3420 meus
2713 3365 2969 3429 dilectus,
3000 3366 3089 3420 cui
3135 3366 3357 3422 canitur
3383 3368 3489 3423 iste

1887 3454 2163 3517 Psalmus,
2187 3454 2275 3508 cui
2306 3456 2497 3508 omnia
2526 3455 2645 3508 dico
2693 3469 2856 3522 opera
2902 3470 3043 3520 mea,
3084 3457 3351 3523 speciosus
3373 3472 3492 3525 prae

1885 3544 2021 3609 ﬁliis
2051 3543 2364 3606 hominum,
2384 3547 2441 3596 et
2464 3546 2666 3595 caetera
2687 3558 2808 3613 quae
2829 3542 2900 3596 de
2925 3542 3020 3596 illo
3040 3542 3375 3598 laudantur:
3399 3544 3488 3598 hic

1884 3630 2013 3684 talis
2039 3635 2343 3702 tantusque
2357 3631 2472 3685 Rex
2497 3629 2838 3701 concupiscit
2857 3630 3097 3702 speciem
3119 3637 3295 3697 tuam,
3312 3648 3481 3703 quam

1885 3720 2194 3791 speciosam
2224 3719 2355 3774 fecit
2387 3720 2509 3791 ipse
2542 3739 2558 3774 :
2590 3736 2702 3773 non
2732 3718 2866 3791 quia
2910 3720 3138 3790 reperit,
3176 3737 3299 3791 quae
3336 3722 3486 3777 foeda

1884 3825 2008 3863 eras
2025 3826 2151 3864 cum
2171 3814 2227 3864 te
2245 3809 2469 3863 invasor
2486 3808 2715 3863 tenebat
2732 3808 3005 3876 diabolus,
3028 3813 3084 3863 et
3104 3825 3229 3864 ecce
3250 3811 3485 3881 pulchra

1882 3899 2030 3953 facta
2059 3915 2144 3954 es.
2185 3898 2453 3970 Sequitur
2482 3902 2672 3953 autem
2703 3914 2804 3969 per
2849 3896 3073 3952 easdem
3121 3915 3262 3970 pene
3305 3899 3482 3955 lineas

1881 3987 2084 4053 laudis,
2114 4003 2254 4058 quas
2294 4004 2466 4059 supra
2503 3987 2572 4042 de
2602 4004 2805 4059 sponso
2840 3987 3147 4059 proposuit,
3190 3988 3321 4043 licet
3347 3988 3481 4044 sub~

1883 4074 2127 4130 missius.
2170 4076 2314 4140 Quia
2369 4075 2465 4130 ille
2520 4075 2702 4147 specie
2741 4092 2844 4130 sua
2897 4074 3181 4147 speciosus
3229 4077 3478 4147 dicitur;

1882 4165 1999 4219 haec
2032 4181 2159 4220 vere
2201 4165 2325 4219 ideo
2357 4165 2592 4236 pulchra
2632 4169 2690 4219 et
2734 4165 2986 4237 speciosa
3028 4165 3161 4238 quia
3207 4166 3312 4221 sibi
3356 4184 3482 4224 eam

1882 4253 2115 4308 sociavit
2140 4254 2412 4309 Dominus
2428 4254 2486 4308 in
2515 4254 2859 4325 conjugium.
2884 4255 3042 4309 Unde
3068 4255 3212 4310 sicut
3242 4273 3481 4328 sponsus

1880 4360 1913 4398 a
1941 4343 2232 4415 principio,
2253 4359 2356 4397 sua
2384 4343 2442 4398 in
2467 4343 2650 4415 specie
2678 4343 2974 4411 formosus,
3006 4343 3087 4398 ita
3113 4349 3171 4399 et
3197 4344 3320 4417 ipsa
3348 4363 3476 4418 spe-

1879 4432 2030 4486 ciosa
2056 4432 2340 4498 laudatur,
2386 4431 2520 4504 quia
2562 4431 2822 4486 dealbata
2861 4432 3129 4487 ascendit.
3160 4434 3239 4487 De
3278 4451 3389 4506 qua
3416 4434 3477 4491 in

194 4525 339 4585 stus,
368 4534 485 4573 non
511 4519 720 4575 divisus
750 4521 807 4575 in
835 4521 977 4575 duos
1006 4522 1178 4588 ﬁlios;
1212 4538 1391 4591 neque
1412 4521 1619 4576 dicitur
1639 4528 1797 4593 puta-
1878 4519 2122 4574 Canticis
2152 4518 2433 4574 mirantur
2459 4520 2630 4574 etiam
2662 4520 2895 4574 virtutes
2920 4521 3223 4591 angelicae,-
3257 4523 3382 4590 Qua
3400 4529 3478 4578 est

192 4607 364 4674 tivus,
410 4614 511 4663 aut
547 4609 858 4681 adoptivus,
892 4616 990 4665 aut
1034 4610 1441 4681 nuncupativus
1474 4629 1485 4664 :
1519 4610 1616 4665 sed
1646 4615 1797 4665 totus
1878 4612 1983 4663 ista
2031 4626 2148 4679 qua:
2196 4611 2457 4675 ascendit,
2509 4608 2790 4680 inquiunt,
2822 4624 2920 4678 per
2966 4611 3261 4676 desertum,
3313 4616 3478 4681 quasi

191 4713 381 4762 verus,
411 4702 568 4753 totus
596 4698 817 4770 integer
830 4700 975 4754 Deus
1004 4704 1061 4754 et
1080 4700 1268 4763 homo,
1290 4699 1391 4753 Dei
1415 4699 1587 4754 Filius
1611 4704 1667 4755 et
1693 4701 1796 4754 ho-
1877 4713 2089 4752 aurora
2117 4713 2468 4766 consurgens,
2503 4698 2741 4766 pulchra
2772 4703 2837 4751 ut
2883 4701 3039 4765 luna,
3081 4702 3244 4753 electa
3276 4706 3338 4755 ut
3373 4705 3472 4769 sol,

189 4786 366 4841 minis
395 4786 564 4842 ﬁlius.
589 4789 659 4842 Et
688 4787 814 4843 ideo
845 4789 981 4843 nihil
1010 4788 1184 4843 divise
1208 4789 1325 4859 egit
1352 4793 1575 4844 tantum
1606 4789 1665 4843 in
1692 4789 1795 4843 hu-
1880 4790 2148 4841 terribilis
2174 4792 2235 4841 ul
2278 4791 2589 4841 castrorum
2618 4788 2761 4841 acies
2803 4789 3065 4842 ordinata
3100 4788 3274 4857 (Cant.
3298 4804 3371 4857 vI,
3397 4788 3472 4857 9).

190 4890 387 4938 mana,
414 4876 666 4948 nihilque
692 4882 913 4932 tantum
943 4878 1000 4931 in
1032 4878 1239 4932 divina.
1268 4877 1425 4933 Unde
1444 4878 1716 4932 Dominus
1737 4878 1795 4932 in
1878 4875 2028 4930 Felix
2058 4874 2229 4946 igitur
2274 4875 2533 4930 nimium.
2588 4876 2949 4944 charissimze,
2992 4885 3049 4930 et
3086 4876 3252 4933 beata
3294 4885 3479 4935 vestra

188 4974 551 5020 sacramento
577 4982 706 5021 vere
762 4982 959 5038 passus
1000 4966 1206 5021 dicitur
1234 4972 1291 5020 et
1320 4972 1597 5022 mortuus.
1651 4967 1796 5032 Quia
1877 4964 2185 5035 virginitas,
2216 4964 2346 5019 felix
2376 4969 2435 5019 et
2454 4964 2694 5020 viduitas
2722 4969 2935 5031 sancta,
2962 4983 3085 5036 quae
3117 4967 3197 5022 sic
3227 4970 3475 5041 quotidie

190 5068 327 5109 cum
354 5055 429 5108 sit
456 5056 789 5110 immortalis
814 5061 872 5110 et
900 5055 1273 5127 impassibilis,
1292 5061 1356 5110 ut
1374 5072 1550 5110 unum
1578 5055 1647 5109 de
1677 5057 1796 5127 plu-
1877 5053 2144 5118 ascendit,
2174 5059 2239 5107 ut
2264 5058 2376 5107 stet
2414 5069 2447 5106 a
2475 5052 2717 5107 dexteris
2746 5053 2866 5119 Dei,
2900 5054 3092 5126 sicque
3144 5062 3257 5110 stat
3302 5057 3475 5110 armis

190 5143 353 5198 ribus
382 5144 646 5215 pandam,
675 5144 837 5199 sicuti
860 5144 930 5198 ab
959 5161 1024 5198 eo
1053 5144 1264 5198 dictum
1295 5149 1398 5212 est,
1432 5144 1601 5198 etiam
1630 5150 1687 5198 et
1714 5161 1797 5198 se-
1878 5140 2158 5195 succincta
2185 5141 2521 5207 coelestibus,
2552 5145 2616 5196 ut
2639 5143 2925 5197 ascendat.
2960 5143 3046 5198 Ita
3074 5148 3138 5197 ut
3157 5142 3259 5197 sub
3286 5160 3476 5200 mona-

192 5234 415 5304 pultus.
455 5234 675 5288 Mittens
700 5234 796 5287 hoc
826 5238 1175 5300 unguentum
1198 5236 1256 5286 in
1281 5247 1474 5301 corpus
1496 5232 1798 5299 meum,in-
1878 5229 2017 5283 stica
2045 5229 2356 5301 disciplina,
2391 5246 2513 5301 quae
2558 5230 2806 5286 virorum
2844 5232 3046 5287 militia
3091 5236 3194 5298 est,
3235 5232 3478 5290 sufficiat

190 5322 322 5393 quit
339 5322 412 5376 de
433 5322 689 5387 muliere,
711 5323 785 5376 ad
802 5322 1164 5391 sepeliendum
1192 5337 1274 5375 me
1290 5321 1791 5391 fecil(.llatth.xxv1,
1879 5317 2140 5390 quaelibet
2165 5324 2413 5373 vestrum
2433 5318 2550 5373 sola
2573 5336 2764 5386 manu,
2797 5321 2880 5375 vel
2899 5321 3016 5375 solo
3047 5320 3297 5390 brachio,
3334 5339 3398 5378 ac
3427 5332 3477 5389 si

188 5412 309 5480 12).
334 5411 512 5466 Audis
541 5428 695 5481 ergo,
728 5411 859 5482 quia
889 5410 1036 5481 quod
1065 5414 1119 5464 in
1140 5425 1342 5480 corpus
1364 5425 1530 5463 suum
1561 5408 1794 5464 missum
1877 5408 1935 5461 in
1965 5407 2370 5475 monomachia,
2416 5411 2643 5476 .29]
2700 5409 3172 5465 virtutum‘armis
3200 5428 3473 5483 pugnare.

190 5506 302 5565 est,
324 5501 397 5554 ad
421 5499 804 5572 sepeliendum
824 5515 953 5555 eum
973 5498 1179 5554 factum
1201 5504 1301 5551 est.
1317 5496 1580 5562 Quamvis
1601 5497 1792 5568 igitur,
1879 5496 2129 5562 Quarum
2158 5501 2352 5551 sancta
2378 5497 2615 5552 societas
2640 5498 2822 5568 prima
2841 5504 2926 5553 est
2945 5498 3089 5553 acies
3117 5500 3177 5555 in
3202 5502 3352 5557 exitu
3376 5503 3477 5556 Re-

189 5605 311 5646 non
335 5589 487 5646 idem
516 5594 604 5645 est
631 5605 695 5644 se
718 5605 838 5646 esse
868 5588 1016 5662 quod
1035 5602 1239 5660 corpus
1258 5602 1422 5643 suum
1442 5602 1583 5655 esse,
1614 5601 1799 5660 neque
1876 5586 2069 5659 gis,sic
2087 5586 2392 5643 ascendens
2410 5586 2569 5660 quasi
2585 5603 2788 5644 aurora
2809 5587 2935 5644 novi
2955 5588 3207 5645 diluculi.
3232 5590 3471 5646 Pulchra
