3918 6166
330 331 468 393 1047
1094 330 1153 386 S.
1194 326 1575 385 PASCHASII
1613 324 1976 385 RADBERTI
2011 324 2318 383 ABBATIS
2353 320 2848 382 CORBEIENSIS.
3479 310 3643 371 1048

326 454 554 528 quidem
575 456 719 512 facie
742 458 800 512 et
821 456 1043 525 decora,
1061 453 1195 526 quia
1217 451 1471 507 calcastis
1484 452 1782 524 spurcities
1802 468 1922 507 car-
1937 452 1990 513 Α
2006 458 2241 515 lestibus
2269 460 2424 515 locus
2448 458 2507 513 in
2537 474 2648 530 quo
2675 457 2830 513 estis.
2858 456 2972 512 Vos
3000 459 3193 511 autem
3223 450 3381 524 quasi
3408 450 3476 504 in
3506 463 3647 502 me-

323 545 413 600 nis
441 551 498 600 et
524 544 770 600 fallacias
792 544 1008 610 mundi,
1040 548 1098 597 et
1123 541 1249 596 ideo
1270 546 1397 612 post
1419 541 1727 607 Christum,
1745 547 1810 597 ut
1836 557 1924 597 ca-
2004 548 2096 603 dio
2111 548 2448 615 constitutae,
2462 563 2639 601 unum
2660 545 2909 616 elegistis
2927 544 3197 615 angulum
3211 546 3432 596 tantum
3452 539 3651 593 Sues-

324 640 573 689 strorum
592 635 740 690 acies
752 634 1022 689 ordinata:
1037 632 1241 702 jugum
1260 629 1638 686 adolescentia
1664 647 1925 686 conscen-
2008 636 2184 693 sionis
2213 642 2486 709 angustae,
2520 636 2653 707 quia
2670 634 2917 706 lapidem
2944 634 3104 688 illum
3126 630 3456 702 angularem
3476 625 3655 681 dile-

328 721 480 778 ditis.
522 723 659 787 Quis
686 738 798 777 non
830 721 1084 785 miretur,
1125 718 1522 783 dilectissime,
1555 720 1875 790 pulchritud

2106 726 2187 793 :is,
2204 726 2299 798 qui
2318 728 2499 795 factus
2524 730 2602 779 est
2632 723 2783 778 vobis
2805 739 2840 777 a
2857 722 2973 778 Deo
2999 722 3168 776 Patre
3185 719 3653 774 fundamentum

323 827 455 866 nem
481 811 767 881 religionis
796 808 1033 864 vestrm?
1054 807 1190 872 Quis
1209 824 1322 863 non
1338 807 1577 863 miretur
1595 809 1743 880 quod
1758 808 1926 880 fragi-
2006 818 2071 871 in
2091 820 2256 885 caput
2281 817 2483 883 anguli
2507 816 2614 883 (Ps.
2646 828 2808 878 cxvn,
2847 809 2959 881 2‘2).
2996 809 3102 865 Ubi
3129 808 3179 864 si
3221 807 3363 863 bene
3389 802 3657 876 conspi-

327 900 399 955 lis
423 915 587 954 sexus
604 900 683 954 sic
711 916 823 954 uno
841 899 1055 971 impetu
1074 897 1333 968 graditur
1357 898 1427 952 ad
1458 914 1721 969 superna,
1754 898 1835 953 ita
1863 903 1928 953 ut
2006 904 2151 971 citis,
2178 903 2352 959 turris
2379 903 2477 957 illa
2505 918 2572 957 ex
2616 899 2916 971 Evangelia
2948 899 3206 969 erigitur,
3241 896 3311 951 de
3343 910 3459 967 qua
3484 892 3658 947 dici-

327 989 509 1045 adhuc
524 990 674 1044 intra
694 989 988 1053 mundum,
1011 988 1131 1059 jam
1154 991 1311 1042 extra
1324 1003 1570 1053 carnem,
1587 992 1745 1043 extra
1767 1004 1927 1043 mun-
2006 998 2103 1048 tur
2133 1011 2144 1047 :
2169 995 2235 1048 Et
2259 998 2319 1048 tu
2342 994 2520 1047 turris
2539 993 2721 1059 gregis
2754 990 3012 1044 nebulosa
3030 989 3162 1056 ﬁlia
3178 986 3335 1048 Sion,
3357 999 3535 1053 usque
3560 982 3659 1036 ad

330 1078 463 1132 dum
485 1078 744 1133 videatur
754 1094 878 1133 esse
897 1076 1358 1133 virtutibus?Nec
1378 1076 1553 1148 igitur
1568 1076 1773 1131 mirum
1797 1076 1929 1148 quia
2011 1088 2060 1137 te
2077 1085 2253 1137 veniet
2270 1086 2502 1151 potestas
2521 1082 2711 1149 prima
2727 1080 2889 1146 regni
2898 1080 3028 1144 ﬁlia:
3048 1077 3393 1132 Hierusalem
3413 1072 3645 1140 (Hicin.

326 1166 640 1238 concupivit
663 1167 799 1232 Rex,
829 1165 930 1222 Dei
959 1165 1144 1221 Patris
1172 1164 1366 1231 Filius,
1390 1164 1632 1236 speciem
1658 1170 1924 1231 vestram,
2011 1185 2085 1238 ιν,
2113 1169 2198 1239 8).
2239 1170 2382 1236 Quia
2428 1168 2535 1223 etsi
2578 1173 2745 1222 natus
2795 1166 2856 1221 in
2886 1181 2956 1220 ea
3009 1162 3351 1219 civitaticula
3378 1176 3658 1233 sponsus

328 1257 463 1326 quia
488 1255 608 1326 ipse
639 1254 966 1310 reformavit
991 1254 1051 1308 in
1078 1252 1235 1309 vobis
1254 1253 1559 1324 imaginem
1587 1258 1644 1308 et
1670 1252 1928 1309 similitu-
2013 1263 2196 1314 vester
2215 1258 2473 1314 Christus
2493 1261 2596 1322 est,
2621 1272 2745 1328 qua;
2771 1254 3101 1310 Bethlehem
3116 1250 3443 1317 vocabatur,
3461 1250 3658 1320 juxta

330 1343 519 1399 dinem
548 1360 729 1399 suam.
2011 1364 2179 1420 quam
2209 1348 2269 1403 in
2290 1348 2411 1419 ejus
2432 1352 2561 1402 ortu
2583 1343 2769 1415 angeli
2793 1343 3197 1399 decantarunt:
3221 1341 3413 1397 Gloria
3444 1342 3516 1393 in
3540 1354 3659 1392 ea:-

397 1433 557 1487 Unde
579 1434 835 1505 sequitur
865 1448 878 1488 :
912 1434 1064 1487 Filia
1099 1433 1235 1500 Tyri
1262 1434 1326 1486 in
1352 1432 1678 1486 muneribus
1707 1434 1928 1486 vultum
2010 1438 2165 1490 celsis
2184 1437 2305 1502 Deo,
2330 1440 2380 1489 οε
2399 1437 2463 1489 in
2485 1439 2640 1488 terra,
2664 1449 2776 1504 paa,‘
2804 1432 3123 1486 hominibus
3149 1431 3296 1484 bona
3313 1429 3657 1482 voluntati:

329 1526 491 1576 tuum
518 1523 976 1589 deprecabuntur,
1008 1537 1192 1575 omnes
1220 1522 1413 1575 divites
1436 1521 1630 1590 plebis.
1664 1519 1841 1574 Porro
1870 1518 1931 1573 in
2014 1524 2159 1591 (Luc.
2192 1540 2246 1591 ιι,
2286 1523 2399 1593 14);
2431 1531 2623 1577 tamen
2655 1522 2727 1577 ad
2753 1537 2851 1576 vos
2877 1536 3075 1592 usque,
3126 1516 3499 1581 charissima,
3534 1515 3657 1568 illa

331 1606 605 1664 Hebraico
632 1608 803 1663 habet
827 1628 837 1663 :
863 1610 904 1665 0
922 1611 1044 1678 ﬁlia
1062 1611 1361 1677 fortissimi
1388 1612 1453 1663 in
1473 1610 1821 1669 muneribus.
1846 1609 1932 1676 fa—
2012 1613 2267 1685 pervenit
2285 1616 2532 1683 potestas
2553 1610 2752 1683 prima,
2774 1626 2897 1682 qua
2912 1608 3046 1663 olim
3061 1607 3145 1662 illi
3159 1604 3653 1679 promittebatur.

334 1702 470 1755 ciem
483 1705 638 1753 luam
650 1699 1089 1768 deprecabuntur
1107 1700 1301 1753 divites
1310 1701 1523 1768 populi.
1543 1698 1684 1763 Quia
1699 1695 1931 1751 verbum
2012 1703 2131 1758 Nec
2152 1700 2383 1757 dubium
2406 1700 2541 1773 quin
2562 1699 2818 1772 pervenit
2834 1714 3014 1769 usque
3029 1697 3101 1751 ad
3123 1713 3234 1760 vos,
3256 1695 3388 1767 quia
3404 1699 3660 1748 vosmet

332 1786 669 1843 Hebraicum
695 1788 799 1845 Sor
817 1787 1177 1859 interpretari
1204 1792 1388 1858 potest
1412 1792 1469 1842 et
1503 1788 1699 1855 Tyrus,
1739 1791 1797 1840 et
1822 1788 1931 1840 tri-
1948 1803 1997 1865 Β
2018 1790 2275 1847 Christus
2295 1790 2467 1860 elegit
2493 1794 2552 1844 et
2577 1788 2755 1843 erexit
2800 1788 2858 1843 in
2908 1786 3199 1859 speculum
3226 1789 3285 1839 et
3328 1783 3658 1838 munimen

337 1879 564 1943 bulatio,
596 1882 654 1932 et
677 1878 1015 1945 fortissimus
1042 1876 1158 1930 sive
1184 1874 1689 1945 fortissima.Unde
1717 1875 1775 1929 in
1799 1892 1936 1947 prae-
2018 1880 2193 1935 totius
2220 1878 2495 1934 civitatis:
2523 1878 2604 1932 ita
2631 1883 2695 1932 ut
2725 1876 2926 1931 merito
2949 1875 3191 1940 dicatur,
3211 1873 3365 1927 locus
3379 1872 3498 1926 iste
3516 1876 3660 1925 tur-

326 1966 477 2021 senti
498 1966 617 2021 loco
640 1967 1013 2038 interpretum
1034 1971 1160 2020 orta
1178 1969 1265 2020 est
1282 1964 1647 2020 dissonantia.
1672 1964 1782 2020 Sed
1808 1963 1940 2019 Hie-
2020 1968 2098 2023 ris
2125 1968 2315 2039 gregis
2353 1966 2550 2039 inclyti
2578 1965 2867 2020 nebulosa.
2917 1965 2980 2019 In
3011 1979 3122 2035 quo
3167 1977 3338 2033 grege
3369 1960 3660 2015 Salvator

332 2071 605 2126 ronymus
614 2060 839 2111 secutus
849 2055 1421 2126 Symmachum,Filia
1434 2055 1749 2120 fortissimi,
1758 2058 1937 2107 trans-
2019 2057 2140 2129 ipse
2162 2056 2340 2111 factus
2365 2060 2452 2111 est
2480 2059 2689 2127 pastor,
2712 2052 2808 2108 ubi
2833 2051 3021 2123 angeli
3040 2050 3448 2106 descendentes
3465 2054 3530 2103 et
3553 2065 3661 2103 as-

331 2144 497 2200 tulit:
531 2149 595 2199 ut
621 2145 720 2199 illa
766 2144 856 2199 cui
879 2160 1051 2215 supra
1078 2143 1297 2198 dixerat
1329 2160 1340 2196 :
1373 2143 1523 2198 Audi
1548 2144 1670 2210 ﬁlia
1718 2147 1766 2195 et
1793 2143 1932 2208 vide,
2019 2146 2321 2201 candentes
2345 2144 2626 2200 credimus
2652 2142 2800 2214 quod
2829 2144 3012 2210 gloria
3039 2143 3106 2195 in
3143 2142 3361 2194 ewcelsis
3392 2139 3508 2193 Deo
3538 2138 3663 2192 de-

334 2233 454 2288 ﬁlia
476 2232 765 2288 fortissimi
785 2233 969 2288 Patris
997 2232 1363 2303 intelligatur.
1386 2236 1486 2285 aut
1512 2235 1663 2286 certe
1690 2230 1814 2302 ipsa
1831 2230 1939 2284 for-
2019 2239 2269 2297 cantant,
2293 2239 2351 2289 et
2377 2233 2528 2305 quod
2541 2248 2655 2302 pas:
2674 2233 2821 2286 bona:
2840 2233 3143 2285 voluntatis
3164 2228 3223 2283 in
3242 2226 3398 2281 vobis
3406 2227 3661 2298 jugiter

335 2320 554 2375 tissima
569 2321 644 2375 sit
676 2323 837 2391 juxta
862 2321 1221 2376 Salomonem
1248 2320 1574 2374 :Mulierem
1594 2322 1793 2387 fortem
1815 2323 1939 2390 quis
2024 2326 2223 2379 ﬂoreat
2248 2322 2476 2377 uberius
2514 2327 2572 2376 et
2598 2319 2931 2392 requiescat.
2982 2317 3089 2373 Ubi
3120 2316 3374 2371 custodia
3404 2315 3653 2386 vigilia-

338 2413 619 2464 inveniet?
640 2411 819 2475 (Prov.
854 2428 996 2476 χιιι,
1030 2408 1137 2474 10.)
1164 2410 1298 2474 Quae
1328 2407 1599 2463 nimirum
1625 2407 1752 2464 ideo
1782 2408 1943 2462 fortis
2024 2417 2237 2480 rum,et
2256 2410 2530 2483 exsequiae
2548 2410 2819 2465 virtutum
2837 2406 3222 2463 indesinenter
3238 2405 3661 2476 aguntur;ubi

339 2503 587 2554 vocatur.
608 2498 739 2569 quia
766 2499 824 2553 in
851 2499 1072 2553 Christo
1092 2498 1282 2571 posuit
1303 2512 1527 2552 omnem
1552 2496 1940 2552 fortitudinem
2023 2502 2147 2557 laus
2177 2507 2234 2556 et
2255 2499 2542 2572 jubilatio,
2575 2502 2850 2570 quantum
2880 2496 2963 2551 fas
2987 2501 3074 2551 est
3100 2494 3451 2556 mortalitati,
3484 2511 3656 2549 nun-

345 2603 668 2654 suam,cum
685 2586 847 2642 dicit:
864 2588 1267 2643 Fortitudinem
1291 2602 1469 2641 meam
1480 2588 1554 2641 ad
1579 2591 1625 2640 te
1639 2588 1943 2640 custodiam
2027 2608 2197 2663 quam
2228 2590 2454 2657 finitur;
2478 2587 2576 2643 ubi
2604 2603 2799 2659 preces
2829 2591 2887 2640 et
2912 2584 3158 2656 gemitus
3178 2588 3346 2655 atque
3368 2583 3660 2654 lacrymaa

352 2677 516 2748 (Psal.
534 2690 683 2738 Lvm.
714 2676 820 2747 10).
844 2677 924 2731 De
945 2693 1057 2749 qua
1084 2692 1322 2748 sponsus
1351 2675 1409 2731 in
1445 2675 1690 2730 Canticis
1725 2694 1737 2728 :
1774 2676 1945 2729 Fortis
2028 2679 2278 2752 quotidie
2297 2678 2499 2733 caelum
2525 2676 2772 2748 pulsant,
2789 2680 2848 2729 et
2870 2676 3056 2729 ﬂuunt
3073 2689 3204 2727 cum
3231 2671 3386 2728 omni
3411 2671 3661 2744 impetu

343 2768 491 2835 facta
509 2770 583 2819 est
607 2768 754 2820 velut
782 2782 929 2820 mors
949 2767 1164 2820 dilectio
1187 2771 1285 2819 tua
1307 2766 1484 2833 (Cant.
1514 2778 1628 2831 vm,
1662 2761 1739 2833 6).
1761 2764 1945 2818 Inter-
2027 2768 2236 2823 amoris
2263 2767 2323 2821 in
2351 2768 2530 2821 Deum
2563 2782 2575 2818 :
2614 2764 2712 2819 ubi
2737 2769 2867 2818 vota
2909 2763 3222 2817 offeruntur
3249 2761 3363 2816 Deo
3393 2766 3456 2815 et
3500 2778 3659 2831 gra-

344 2870 412 2910 ea
433 2856 596 2926 juxta
623 2855 992 2926 Septuaginta
1011 2877 1024 2912 :
1042 2856 1193 2908 Filiae
1230 2855 1364 2921 Tyri
1387 2856 1451 2906 in
1476 2853 1803 2907 muneribus
1828 2856 1947 2906 vul-
2027 2858 2237 2912 tiarum
2266 2871 2521 2910 munera.
2554 2853 2767 2909 Idcirco
2792 2851 2899 2907 etsi
2929 2851 3200 2906 nebulosa
3225 2855 3327 2905 aut
3366 2850 3661 2921 squalens

345 2949 467 2998 tum
482 2943 739 2999 Ecclesiae
753 2944 1212 3011 deprecabuntur,
1232 2941 1365 3012 quia
1383 2940 1626 2995 Ecclesia
1645 2940 1714 2994 de
1734 2939 1947 2994 Judaeis
2030 2945 2322 3001 dicebatur
2368 2945 2466 2999 illa.
2512 2959 2681 3014 quam
2714 2941 2941 3014 pessimi
2970 2940 3181 3005 colunt,
3218 2939 3351 3010 quia
3378 2944 3656 3010 patrem-

343 3032 593 3102 primum
641 3047 761 3085 esse
815 3030 1001 3101 cmpit,
1031 3034 1097 3083 ut
1140 3029 1263 3100 ipsa
1300 3029 1377 3083 sit
1417 3029 1575 3099 cujus
1606 3028 1949 3098 concupiscit
2030 3034 2272 3089 familias
2320 3033 2646 3088 occiderunt
2689 3036 2747 3086 et
2799 3031 3139 3086 coluerunt:
3180 3046 3277 3084 vos
3324 3029 3461 3100 quia
3513 3034 3662 3084 tur-

345 3118 463 3174 Rex
493 3118 772 3172 decorem.
796 3118 860 3171 In
890 3133 999 3187 quo
1014 3116 1293 3170 secundus
1313 3115 1511 3170 modus
1537 3120 1622 3170 est
1645 3116 1828 3170 laudis
1853 3134 1864 3169 :
1886 3120 2011 3193 utc
2031 3124 2137 3178 rim
2184 3123 2243 3177 in
2283 3121 2468 3177 medio
2505 3120 2821 3181 cohaesistis
2847 3119 3225 3190 torcular-que,
3256 3117 3312 3172 id
3356 3123 3445 3172 est
3494 3117 3662 3172 alta.

348 3206 494 3261 sicut
520 3205 736 3260 dixerat
763 3221 989 3276 sponso,
1044 3205 1289 3271 Intende,
1317 3220 1569 3274 prospere
1594 3205 1833 3273 procede,
1869 3221 1952 3260 τε·
2038 3227 2118 3276 re,
2146 3210 2432 3266 Christum
2462 3208 2716 3264 erexistis
2754 3207 2815 3262 in
2835 3206 3097 3262 cordibus
3119 3205 3337 3269 vestris,
3363 3204 3659 3260 auxilium

348 3311 482 3365 gna,
511 3294 591 3348 ita
610 3299 664 3348 et
684 3294 790 3348 hoc
817 3293 876 3347 in
901 3293 1020 3348 loco
1045 3292 1290 3364 dignitas
1319 3298 1374 3348 et
1396 3292 1581 3364 gloria
1597 3294 1954 3348 commende-
2037 3298 2364 3372 angelorum
2394 3314 2508 3353 non
2551 3297 2748 3363 deerit,
2776 3296 3087 3352 secundum
3115 3294 3264 3366 quod
3301 3294 3383 3349 ait
3407 3293 3596 3350 David
3637 3312 3654 3346 :

345 3390 442 3440 tur
469 3382 742 3449 Ecclesiae,
763 3399 891 3439 cum
919 3383 1150 3437 devotus
1178 3383 1417 3454 populus
1440 3383 1512 3437 ad
1538 3399 1665 3437 eam
1693 3382 1943 3448 veniens,
2037 3391 2301 3445 Imminet
2357 3390 2598 3457 Angelus
2655 3389 2883 3443 Domini
2937 3388 3102 3440 (Psat.
3161 3397 3349 3449 xxxm,
3406 3381 3487 3446 8),
3547 3382 3659 3438 ille

346 3475 681 3546 deprecatur
706 3473 767 3528 in
801 3472 1147 3527 confessione
1175 3472 1307 3527 ﬁdei
1336 3472 1550 3527 vultum
1596 3472 1792 3544 ipsius,
1825 3488 1949 3544 quae
2032 3477 2245 3532 scilicet
2272 3477 2464 3548 magni
2494 3475 2717 3531 consilii
2764 3474 2998 3546 angelus
3046 3475 3111 3529 in
3156 3475 3401 3527 circuitu
3431 3474 3655 3526 timen-

349 3567 437 3618 est
464 3561 667 3617 notitia
683 3567 740 3617 et
766 3561 991 3616 habitus
1019 3578 1083 3617 ac
1099 3562 1456 3633 pulchritudo
1477 3578 1619 3617 verae
1641 3562 1945 3633 religionis.
2035 3570 2178 3622 lium
2221 3571 2256 3630 Ι
2273 3570 2462 3633 293
2488 3582 2637 3633 eum,
2666 3570 2713 3619 et
2744 3566 2939 3633 eripiet
2965 3579 3068 3617 eos.
3092 3561 3371 3627 Quoniam
3398 3561 3512 3616 nisi
3540 3561 3661 3616 Do-

354 3652 488 3718 Qua:
509 3651 777 3707 nimirum
790 3651 1038 3722 gloriaet
1055 3652 1236 3706 honor
1248 3651 1319 3706 de
1340 3651 1778 3706 Christicultura
1790 3668 1954 3724 spon—
2036 3655 2224 3710 minus
2279 3670 2396 3718 vos,
2452 3652 2814 3719 charissima,
2861 3651 3211 3719 custodierit,
3271 3650 3499 3706 Suessio
3541 3666 3657 3705 an-

353 3757 427 3796 sae
458 3740 647 3795 venire
679 3740 1014 3795 declaratur.
1035 3740 1180 3810 Ergo
1199 3741 1382 3810 Tyrus
1407 3739 1602 3794 civitas
1627 3744 1714 3794 est
1740 3740 1873 3794 olim
1893 3740 1952 3794 in
2033 3748 2218 3815 gusta,
2251 3742 2385 3814 quia
2429 3742 2488 3797 in
2547 3742 2787 3797 circuitu
2845 3757 3138 3795 murorum
3194 3739 3531 3810 parvissima
3588 3745 3657 3793 et

353 3829 540 3893 medio
564 3830 756 3897 maris,
784 3846 898 3884 non
922 3830 1088 3900 longe
1116 3828 1187 3884 ab
1208 3828 1608 3899 Hierosolymis
1626 3829 1948 3895 constituta,
2036 3834 2323 3888 destructa
2350 3836 2453 3897 est,
2487 3846 2523 3884 a
2563 3831 2717 3885 nullo
2743 3846 2839 3884 vos
2872 3829 3030 3884 hoste
3058 3827 3315 3883 salvabit.
3348 3828 3483 3883 Ideo
3511 3844 3657 3882 con-

351 3920 421 3976 de
452 3936 563 3992 qua
594 3920 766 3975 Isaias
791 3919 969 3974 multa
999 3918 1267 3991 loquitur,
1290 3918 1350 3972 in
1374 3919 1556 3989 ﬁgura
1570 3917 1745 3972 totius
1772 3918 1957 3972 Eccle-
2037 3920 2192 3975 ﬁdite
2223 3919 2423 3989 magis,
2475 3919 2609 3991 quia
2661 3919 2731 3973 ad
2779 3935 2876 3973 vos
2923 3934 3102 3989 usque
3148 3921 3399 3988 potestas
3450 3932 3657 3988 perve-

351 4007 463 4063 site.
499 4009 654 4063 Inter
681 4014 882 4064 ca'tera
909 4007 1016 4062 ait:
1042 4008 1185 4075 Quia
1213 4011 1379 4061 erunt
1400 4007 1665 4060 mercedes
1690 4009 1811 4076 ejus
1830 4022 1957 4061 san-
2037 4009 2122 4065 nit
2145 4008 2347 4080 prima.
2366 4009 2501 4073 Quae
2522 4013 2772 4079 potestas
2792 4013 2877 4062 est
2891 4023 3128 4078 regnum
3145 4006 3273 4061 ﬁliae
3294 4005 3653 4061 Hierusalem

352 4100 599 4165 ctiﬁcatz
635 4099 867 4152 Domino
904 4098 1031 4164 (Isa.
1069 4109 1222 4160 XXIII,
1256 4094 1368 4164 18),
1415 4094 1565 4150 unde
1614 4094 1759 4149 ﬁlias
1788 4095 1957 4165 hujus
2040 4098 2309 4171 quoniam
2356 4114 2593 4166 regnum
2621 4098 2720 4151 Ilei
2747 4100 2905 4151 intra
2945 4112 3035 4150 vos
3066 4100 3143 4150 est
3181 4097 3330 4162 (Luc.
3371 4094 3503 4159 xvii,
3530 4094 3651 4162 21),

354 4184 613 4250 civitatis,
640 4202 761 4255 quae
784 4185 841 4239 in
870 4184 1133 4239 ﬂuctibus
1148 4185 1318 4255 hujus
1337 4183 1524 4239 saeculi
1537 4188 1659 4239 tota
1678 4190 1954 4251 versatur,
2039 4193 2097 4242 et
2118 4187 2191 4242 ad
2210 4204 2307 4242 vos
2331 4185 2634 4258 imperium
2657 4190 2716 4239 et
2730 4185 3076 4258 principatus
3100 4184 3222 4254 ejus
3249 4183 3526 4256 pervenit,
3552 4183 3657 4254 qui

355 4271 574 4326 animas
601 4272 720 4325 vult
742 4272 1057 4342 signiﬁcare
1081 4272 1352 4338 ﬁdelium,
1380 4273 1463 4326 vel
1491 4272 1761 4344 speciales
1782 4273 1958 4328 eccle-
2038 4276 2261 4331 dixerat
2289 4291 2304 4326 :
2336 4277 2447 4344 Ego
2473 4291 2600 4328 sum
2616 4294 2647 4326 α
2668 4279 2718 4328 et
2739 4295 2801 4339 ω,
2823 4275 3172 4343 principium
3188 4278 3236 4327 e.‘
3256 4274 3408 4341 ﬁnis,
3428 4274 3659 4341 primus

356 4358 468 4414 sias
499 4374 599 4430 per
619 4358 741 4413 loca
768 4359 827 4412 in
851 4358 1073 4413 Christo
1093 4358 1386 4414 fundatas:
1413 4360 1548 4431 quia
1580 4377 1692 4415 non
1716 4362 1836 4416 sola
1852 4362 2088 4433 Ty-“et
2143 4367 2473 4419 novissimus
2499 4362 2682 4432 (Apoc.
2713 4379 2751 4429 ι,
2786 4365 2865 4431 8).
2904 4360 3136 4417 Habetis
3165 4377 3301 4432 ergo
3356 4360 3530 4415 etiam
3578 4361 3658 4415 ad

354 4465 452 4505 rus
481 4448 626 4503 ﬁlias
654 4447 911 4502 Ecclesiae
943 4446 1098 4501 misit
1126 4446 1339 4511 ﬁdeles,
1362 4464 1553 4502 verum
1583 4449 1754 4504 etiam
1784 4449 1958 4505 totius
1974 4446 2022 4465 "
2042 4453 2337 4508 meridiem
2354 4452 2415 4507 in
2438 4456 2734 4523 prospectu
2755 4450 2987 4506 orientis
3010 4455 3234 4505 sanctos
3255 4455 3535 4521 martyres
3549 4449 3660 4504 Dei

356 4537 555 4594 mundi
577 4536 647 4592 ad
682 4544 717 4601 |
733 4540 920 4603 29%
951 4551 1077 4591 eam
1106 4535 1344 4591 incurrit
1368 4536 1618 4591 adunata
1643 4537 1954 4594 diversitas.
2042 4547 2308 4614 patronos
2321 4539 2887 4612 vestros,Crispinum
2903 4538 3113 4594 scilicet
3128 4544 3187 4593 et
3207 4536 3658 4609 Crispinianum,

431 4628 587 4681 Inter
624 4643 764 4698 quas
803 4625 975 4680 etiam
1014 4625 1256 4690 Vesona,
1291 4641 1460 4698 quam
1514 4625 1778 4694 incolitis,
1836 4645 1959 4699 quae
2041 4630 2355 4686 rubricatos
2384 4646 2486 4684 suo
2535 4633 2593 4684 et
2636 4628 2928 4683 dealbatos
2958 4627 3234 4698 sanguine
3276 4627 3509 4691 Christi,
3552 4627 3660 4698 qui

358 4715 516 4788 prius
543 4714 1006 4770 meretricabatur
1032 4719 1159 4787 post
1198 4714 1350 4770 idola
1394 4714 1799 4782 fornicationis,
1830 4732 1959 4771 cum
2043 4720 2186 4775 hanc
2213 4718 2530 4774 fundarunt
2557 4718 2841 4773 civitatem
2872 4717 2932 4772 in
2960 4717 3089 4783 ﬁde,
3121 4722 3180 4771 et
3221 4722 3498 4772 eruerunt
3525 4733 3657 4771 eam

356 4804 685 4860 muneribus
705 4804 876 4867 venit,
906 4809 963 4859 et
990 4805 1138 4859 facta
1166 4810 1252 4860 est
1271 4804 1469 4870 ﬁdelis,
1490 4820 1614 4874 quae
1641 4805 1826 4860 fuerat
1844 4806 1957 4861 ﬁlia
2042 4810 2111 4865 de
2141 4807 2449 4880 praecipitio
2479 4807 2696 4862 mortis.
2712 4807 2847 4871 Quae
2870 4822 3021 4861 nunc
3041 4806 3123 4860 ita
3152 4805 3319 4861 ﬂoret
3344 4806 3405 4861 in
3431 4805 3663 4860 Christo

356 4893 646 4949 fortissimi
674 4892 899 4948 diaboli.
924 4895 994 4950 Et
1021 4898 1086 4948 ut
1110 4910 1340 4949 cernere
1369 4894 1619 4966 potestis,
1647 4894 1791 4948 sicut
1821 4894 1961 4949 dixit
2042 4903 2108 4953 ut
2130 4898 2298 4970 plena
2324 4896 2581 4951 videatur
2603 4912 2726 4950 esse
2754 4895 2886 4949 liliis
2920 4901 3093 4966 atque
3123 4894 3286 4959 rosis,
3319 4911 3421 4966 pro
3451 4893 3664 4964 quibus

360 4982 559 5049 Isaias,
585 4982 869 5037 mercedes
889 4985 1011 5053 ejus
1020 4985 1139 5055 jam
1156 4984 1516 5039 sanctificata
1538 4987 1672 5037 sunt
1687 4982 1956 5038 Domino:
2042 4985 2134 5040 hic
2190 4985 2446 5041 Psalmus
2502 4983 2748 5043 canitur.
2806 4982 3093 5055 Siquidem
3149 4982 3332 5037 sancti
3371 4989 3660 5053 martyres

361 5073 496 5147 quia
513 5077 633 5128 tota
657 5071 916 5127 Ecclesiis
936 5073 1152 5143 repleta
1171 5072 1364 5143 fulget.
1390 5077 1447 5126 et
1465 5072 1612 5126 facta
1633 5076 1721 5126 est
1747 5088 1963 5142 posses-
2044 5074 2232 5131 vestri.
2265 5080 2401 5129 sunt
2423 5090 2563 5129 reste
2592 5072 2839 5128 suaviter
2868 5072 3106 5139 olentes,
3136 5071 3518 5127 dilectissime
3550 5090 3564 5138 ;
3596 5076 3667 5125 et

358 5165 440 5220 sio
462 5161 699 5235 piissimi
715 5160 1038 5225 Salvatoris,
1064 5178 1189 5232 quae
1208 5162 1524 5216 fueratﬁlia
1546 5160 1883 5232 perditionis
1904 5167 1962 5217 et
2042 5181 2139 5218 vos
2170 5162 2305 5229 lilia,
2339 5163 2487 5217 unde
2531 5162 2848 5234 resplendet
2880 5161 3011 5217 hinc
3038 5160 3170 5217 inde
3198 5165 3321 5214 tota
3349 5160 3569 5219 civitas.
3598 5165 3666 5214 et

360 5252 551 5326 praeda
586 5249 902 5305 vastatoris.
937 5249 1118 5303 Habet
1164 5267 1406 5322 namque
1445 5251 1516 5305 ad
1568 5249 1841 5305 orientem
1873 5254 1960 5307 sui
2042 5253 2307 5308 [uitentur
2320 5251 2840 5323 angeli.Istaigitur
2859 5255 2993 5305 sunt
3010 5265 3246 5305 munera
3266 5265 3392 5319 quae
3414 5249 3659 5320 probau-

359 5357 510 5396 nunc
532 5345 716 5395 castra
745 5339 1147 5393 monachorum
1177 5356 1305 5394 cum
1334 5340 1451 5396 suis
1478 5338 1685 5394 sanctis
1740 5339 1959 5395 confes-
2043 5345 2137 5395 tur
2156 5339 2435 5394 divinitati
2455 5338 2693 5393 nimium
2712 5338 3053 5409 gratissima,
3079 5354 3201 5408 qua:
3222 5336 3398 5392 mittit
3424 5335 3663 5391 Vesona

359 5427 579 5484 soribus
608 5436 775 5499 atque
800 5427 1177 5500 martyribus;
1204 5429 1276 5482 ad
1303 5428 1646 5484 occidentem
1670 5446 1800 5483 vero
1829 5446 1894 5483 ac
1913 5428 1960 5483 si
2044 5429 2282 5496 Christo,
2318 5428 2452 5482 olim
2504 5428 2685 5483 dicata
2722 5427 3089 5491 daemonibus,
3123 5441 3272 5480 nunc
3320 5431 3663 5481 consecrata

359 5523 489 5590 post
513 5522 735 5588 tergum
756 5523 1025 5583 vestrum,
1059 5516 1195 5572 tuba
1224 5517 1461 5572 resultat
1482 5517 1960 5589 sanctiEvangelii
2043 5519 2158 5573 Deo
2187 5523 2245 5572 et
2270 5516 2588 5572 consociata
2611 5516 2846 5587 angelis.
2876 5514 2943 5571 In
2971 5516 3132 5586 cujus
3173 5514 3390 5569 vultum
3420 5514 3661 5585 prospi-

363 5608 423 5664 in
437 5622 566 5662 voce
586 5606 887 5675 monentis,
905 5606 1080 5680 ﬁtque
1100 5612 1164 5663 ut
1182 5606 1352 5663 nullis
1365 5605 1657 5663 fraudetur
1674 5606 1837 5666 donis
1857 5624 1963 5664 coe-
2043 5608 2201 5667 ciunt
2222 5606 2490 5676 universi,
2521 5612 2579 5663 et
2628 5607 3020 5680 deprecantur,
3068 5608 3135 5663 ut
3178 5603 3437 5662 Psalmus
3473 5603 3656 5671 canit,
