3918 6166
325 313 471 372 1049

1189 314 1571 371 EXPOSITIO
1609 315 1689 370 IN
1725 314 2073 370 PSALMUM
2111 318 2300 374 XLIV.
2345 351 2409 361 —
2450 319 2584 374 LIB.
2629 319 2730 374 III.

3471 326 3607 386 1050

321 440 500 494 etiam
515 454 642 494 cum
655 437 984 494 muneribus
997 439 1920 513 omnesdivitesplebisGalliarum,
1946 444 1990 502 Α
2011 440 2081 497 de
2120 445 2228 500 fide
2259 463 2371 501 non
2402 447 2532 500 ficta
2572 449 2628 498 et
2674 445 3014 500 conscientia
3041 446 3188 501 bona
3225 450 3395 504 venit.
3443 453 3603 509 Unde

321 529 461 600 quia
491 528 558 582 de
603 527 745 582 rosis
771 528 1023 598 gaudent
1049 545 1110 581 se
1135 528 1507 583 vindemiasse
1547 530 1682 587 lilia.
1717 530 1924 584 Divites

319 622 516 672 autem
549 617 646 687 qui
674 624 1013 674 venerantur
1037 622 1094 671 et
1117 617 1490 689 deprecantur
1504 619 1715 674 Christi
1737 619 1924 673 Eccle-

317 706 466 761 siam
497 707 553 760 in
583 706 1090 777 cunctis-operibus
1121 707 1302 770 bonis,
1352 714 1484 763 sunt
1527 708 1774 778 religiosi
1821 708 1923 761 viri

314 812 424 850 seu
454 795 682 859 divites,
710 795 805 866 qui
833 795 1100 850 dicuntur
1127 797 1408 867 sapientes
1438 797 1643 861 saeculi,
1676 796 1922 867 philoso-

313 886 562 957 phorum
588 884 900 955 disciplinis
929 885 1154 952 eruditi,
1199 903 1436 956 quorum
1467 887 1664 956 adjuta
1687 886 1923 957 eloquiis

313 974 564 1027 multum
592 973 649 1026 in
680 971 951 1042 principio
982 973 1191 1039 floruit,
1225 990 1340 1027 una
1368 989 1493 1027 cum
1521 973 1696 1043 signis
1716 979 1772 1027 et
1793 991 1923 1044 pro-

313 1062 508 1132 digiis.
541 1062 651 1115 Sed
684 1067 740 1115 et
768 1061 968 1115 divites
996 1062 1170 1126 fuere,
1205 1061 1408 1133 quibus
1433 1063 1679 1133 primum
1709 1063 1924 1117 credita

308 1157 454 1207 sunt
474 1151 697 1221 eloquia
714 1151 830 1216 Dei,
866 1149 1134 1204 habentes
1155 1151 1412 1205 notitiam
1435 1152 1781 1206 Testamenti
1798 1152 1918 1222 Dei,

311 1241 615 1296 scientiam
674 1241 1078 1312 prophetarum
1124 1247 1182 1296 et
1231 1248 1714 1296 sacramentorum
1762 1243 1922 1296 coele-

310 1331 491 1385 stium
501 1331 675 1384 .Inter
688 1346 827 1401 quos
839 1330 1082 1400 primum
1095 1331 1629 1402 compulsusPaulus
1642 1331 1914 1403 etApollo,

311 1435 537 1474 necnon
549 1425 607 1473 et
621 1419 980 1490 quamplures
993 1420 1108 1482 alii,
1125 1420 1303 1474 multa
1318 1436 1555 1474 munera
1569 1421 1912 1487 detulerunt,

315 1507 524 1580 quibus
549 1508 728 1562 ditata
756 1513 842 1562 est
870 1508 1114 1562 Ecclesia
1144 1526 1208 1562 ex
1238 1508 1520 1578 gentibus,
1552 1510 1916 1580 deprecantes

313 1603 509 1652 tamen
533 1602 597 1651 ut
625 1597 1010 1668 reciperentur
1036 1598 1107 1650 ad
1129 1598 1293 1651 fidem
1323 1597 1470 1652 infra
1491 1598 1698 1652 Christi
1732 1599 1917 1653 Eccle-

312 1687 486 1751 siam,
513 1690 791 1757 quatenus
817 1686 1053 1740 salutem
1087 1703 1252 1756 quam
1284 1687 1647 1758 perdiderant
1666 1687 1722 1741 in
1743 1688 1918 1759 Syna-

2007 532 2214 587 Paulus
2245 534 2430 588 aiebat
2465 553 2475 586 :
2521 535 2710 589 Gloria
2742 541 2929 588 nostra
2960 537 3069 590 haec
3097 543 3191 601 est,
3227 542 3603 595 testimonium

2006 625 2345 676 conscientiae
2387 628 2582 675 nostra:
2631 623 2712 688 (Il
2754 624 2872 677 Cor.
2927 638 2968 687 Ι,
3029 622 3098 691 1).
3151 625 3285 688 Quae
3333 628 3603 684 nimirum

2004 709 2183 778 gloria
2212 727 2324 764 non
2357 711 2506 764 venit
2534 710 2642 765 nisi
2661 711 2730 764 de
2759 710 3004 765 novitate
3027 713 3175 781 vitae,
3193 721 3250 768 et
3277 715 3604 773 indumento

2005 797 2297 865 virtutum,
2331 799 2534 869 quibus
2566 799 2747 853 omnis
2776 799 2968 854 anima
2995 803 3329 872 pulchrescit
3361 811 3418 859 et
3446 807 3606 862 deco-

2005 890 2180 948 ratur,
2208 887 2266 940 in
2289 904 2395 957 qua
2410 889 2558 943 Deus
2573 905 2671 960 per
2694 888 2861 942 ﬁdem
2880 889 3178 958 inhabitat,
3199 897 3255 945 et
3260 894 3606 962 jocundatur

2005 974 2060 1028 in
2092 976 2437 1031 abundantia
2463 978 2769 1032 charitatis.
2796 979 2928 1042 Quae
2943 980 3321 1050 pulchritudo,
3349 987 3603 1054 quamvis

2005 1064 2141 1118 foris
2170 1066 2603 1136 resplendeatin
2634 1066 2894 1137 operibus
2931 1067 3106 1135 bonis,
3130 1070 3282 1125 intus
3305 1077 3497 1127 tamen
3518 1080 3604 1128 est

2003 1152 2083 1206 vis
2109 1159 2161 1207 et
2193 1154 2359 1208 decor
2387 1154 2613 1208 amoris.
2638 1155 2796 1209 Unde
2826 1162 2882 1209 et
2910 1174 3128 1227 sponsa:
3155 1159 3364 1214 dicitur
3383 1162 3438 1214 in
3461 1163 3601 1216 Can-

2003 1241 2127 1295 ticis
2161 1259 2173 1296 2
2209 1245 2382 1310 Quam
2417 1245 2653 1312 pulchra
2677 1261 2748 1308 es,
2782 1249 2965 1298 amica
2993 1264 3132 1310 mea,
3167 1265 3332 1316 quam
3363 1251 3600 1318 pulchra

2001 1338 2082 1384 es!
2106 1336 2253 1385 oculi
2275 1336 2361 1385 tui
2382 1335 2786 1397 columbarum,
2809 1336 3005 1403 absque
3021 1351 3078 1388 eo
3099 1339 3243 1404 quod
3265 1342 3599 1394 intrinsecus

2001 1423 2132 1474 latet
2157 1422 2338 1491 (Cant.
2368 1435 2406 1486 I,
2434 1420 2539 1488 15).
2575 1422 2699 1476 Non
2729 1422 2911 1476 omnis
2937 1424 3176 1478 Ecclesia
3198 1426 3329 1481 licet
3356 1427 3599 1482 exterius

2009 1515 2255 1577 [295
2275 1511 2519 1581 gloriosa
2556 1513 2830 1583 refulgent
2868 1519 2926 1566 et
2952 1513 3172 1578 decora,
3226 1515 3378 1569 intus
3408 1523 3597 1571 tamen

2001 1600 2286 1670 pulchrior
2326 1600 2548 1664 renitet,
2579 1599 2674 1653 ubi
2705 1601 2960 1656 Christus
2989 1602 3287 1667 inhabitat,
3317 1611 3375 1658 et
3413 1606 3602 1659 omnia

1999 1688 2271 1743 virtutum
2313 1696 2647 1743 ornamenta
2687 1691 3064 1761 resplendent.
3100 1691 3178 1746 Ex
3195 1710 3305 1764 quo
3327 1694 3465 1747 nulli
3499 1694 3600 1748 du-

310 1791 466 1846 goga
493 1775 831 1838 Iudaeorum,
884 1775 1198 1829 invenirent
1227 1775 1283 1828 in
1326 1776 1434 1830 fide
1462 1776 1738 1845 gentium.
1774 1776 1914 1840 Quia
1941 1777 2151 1859 Bbium
2166 1779 2312 1848 quod
2330 1779 2514 1832 omnis
2528 1779 2708 1848 gloria
2720 1780 3091 1845 Ecclesiae,vel
3111 1782 3469 1852 pulchritudo
3483 1783 3594 1838 ani-

312 1863 464 1918 sicut
479 1863 750 1918 Dominus
766 1868 1026 1929 testatur,
1053 1863 1393 1918 noninvenit
1414 1869 1631 1919 tantam
1658 1868 1819 1931 ﬁdem
1851 1869 1914 1918 in

312 1955 492 2007 Israel
523 1952 743 2021 (Matth.
775 1967 895 2016 VIII,
934 1949 1039 2017 10),
1074 1959 1342 2022 quantam
1369 1952 1425 2006 in
1453 1954 1735 2023 gentibus.

386 2041 654 2112 Sequitur
685 2059 696 2094 :
733 2041 924 2096 Omnis
953 2045 1135 2109 gloria
1164 2045 1280 2110 ejus
1309 2045 1437 2109 ﬁlia
1469 2045 1622 2110 Regis
1645 2046 1713 2097 ab
1736 2046 1909 2109 intus,

308 2133 380 2184 in
396 2132 636 2197 ﬁmbriis
663 2133 849 2184 aureis
878 2134 1300 2184 circumamicta
1329 2135 1706 2186 varietatibus.
1727 2132 1832 2187 Ubi
1859 2135 1917 2188 in

312 2217 590 2273 Hebraico
601 2218 803 2272 habet:
825 2219 1016 2273 Omnis
1036 2221 1219 2286 gloria
1241 2223 1370 2288 ﬁlia:
1380 2222 1536 2288 Regis
1557 2223 1912 2291 intrinsecus,

311 2311 378 2361 in
407 2310 598 2375 fasciis
618 2311 825 2373 aureis,
843 2310 1036 2362 vestita
1059 2315 1134 2362 est
1152 2312 1215 2362 in
1227 2313 1540 2365 scululatis.
1566 2311 1709 2363 Nam
1733 2327 1833 2381 pro
1850 2328 1915 2365 eo

311 2396 467 2467 quod
488 2395 760 2466 scriptum
784 2401 888 2461 est,
912 2397 1219 2451 secundum
1242 2397 1612 2468 Septuaginta
1642 2398 1700 2451 in
1721 2399 1912 2453 Graeco

321 2490 365 2551 ι
382 2490 573 2552 294
604 2486 802 2539 ἔσωθεν.
832 2485 1210 2558 Hieronymus
1231 2489 1300 2540 ab
1329 2489 1484 2540 intus
1504 2488 1810 2550 transtulit,
1828 2490 1912 2543 vel

307 2573 672 2641 intrinsecus,
703 2580 761 2629 et
787 2575 989 2646 legisse
1017 2593 1076 2629 se
1105 2575 1242 2629 dicit
1269 2575 1327 2629 in
1358 2575 1690 2646 quibusdam
1715 2577 1914 2631 codici-

308 2662 420 2717 bus
444 2679 544 2734 pro
564 2663 668 2718 hoc
699 2663 870 2718 verbo
902 2664 1136 2729 Esebon,
1170 2664 1318 2735 quod
1349 2667 1699 2730 cogitationes
1727 2672 1908 2720 sonat.

309 2753 395 2807 Ex
413 2769 525 2823 quo
545 2753 792 2806 ostendit
812 2769 1036 2806 omnem
1056 2753 1292 2822 gloriam
1319 2752 1595 2818 Ecclesiae,
1621 2753 1712 2807 cui
1744 2771 1913 2825 supra

309 2841 530 2895 dictum
560 2846 646 2895 est
677 2859 688 2894 :
719 2843 887 2907 Audi,
914 2844 1056 2908 ﬁlia,
1101 2847 1149 2895 et
1188 2843 1328 2905 vide,
1360 2846 1416 2894 et
1443 2842 1482 2896 0
1506 2845 1628 2909 ﬁlia
1659 2845 1793 2910 Tyri
1820 2860 1912 2896 seu

307 2932 631 2998 fortissimi,
655 2946 824 3000 quam
852 2945 1001 2983 nunc
1029 2929 1276 2999 appellat
1291 2929 1464 2982 ﬁliam
1496 2930 1683 3000 Regis,
1707 2931 1911 2985 intrin-

308 3036 477 3074 secus
507 3036 627 3073 esse
656 3019 712 3073 in
740 3019 1190 3090 cogitationibus,
1240 3019 1297 3073 in
1348 3019 1616 3074 interiore
1657 3020 1914 3075 videlicet

1998 1883 2103 1920 mm
2132 1867 2469 1921 intrinsecus
2491 1874 2595 1930 est,
2612 1867 2706 1921 ubi
2738 1868 2963 1922 habitus
2993 1870 3266 1924 virtutum
3283 1872 3496 1926 caelesti
3512 1889 3598 1926 sa-

1997 1955 2206 2026 pientia
2229 1956 2562 2020 illustratur,
2583 1962 2638 2009 et
2658 1957 2946 2010 renitescit
2965 1958 3260 2026 integritas
3277 1960 3591 2014 charitatis.

1999 2043 2295 2108 Quoniam,
2336 2049 2399 2097 ut
2430 2044 2744 2114 philosophi
2773 2045 2982 2108 dicunt,
3027 2046 3205 2100 virtus
3235 2053 3321 2100 est
3370 2047 3594 2102 habitus

1999 2132 2174 2185 animi
2203 2133 2261 2186 in
2290 2133 2517 2187 modum
2551 2137 2786 2198 naturae,
2820 2133 3024 2187 rationi
3056 2151 3277 2206 semper
3305 2141 3597 2191 consenta-

1997 2236 2154 2274 neus.
2196 2222 2265 2276 Et
2299 2222 2424 2275 ideo
2445 2221 2514 2274 ab
2546 2221 2719 2285 intus,
2747 2222 2805 2275 in
2837 2239 2946 2292 quo
2967 2223 3116 2277 Deus
3137 2223 3405 2286 est,sicut
3435 2225 3594 2296 origo

1998 2321 2084 2364 est
2138 2310 2411 2364 virtutum
2457 2316 2514 2364 et
2555 2310 2678 2364 fons
2723 2310 3010 2376 bonitatis,
3069 2312 3151 2365 ita
3191 2313 3374 2366 omnis
3414 2314 3597 2383 gloria

1995 2398 2193 2452 exinde
2225 2404 2282 2452 et
2307 2399 2533 2453 claritas
2559 2399 2930 2453 fructiﬁcatur
2950 2406 3007 2453 et
3024 2402 3223 2454 crescit
3253 2401 3406 2455 foris.
3433 2402 3594 2458 Unde

1995 2487 2201 2542 dicitur
2231 2507 2246 2541 :
2273 2489 2428 2543 Sicut
2455 2493 2641 2541 cortex
2668 2491 2811 2541 mali
2843 2492 3044 2557 punici
3071 2507 3217 2556 gena
3247 2496 3369 2556 tua,
3393 2492 3594 2560 absque

1995 2594 2052 2631 eo
2079 2578 2223 2645 quod
2252 2579 2587 2630 intrinsecus
2618 2579 2747 2630 latet
2781 2577 2960 2638 (Cant.
2989 2592 3064 2641 v1,
3090 2577 3164 2643 7).
3186 2579 3330 2642 Quia
3357 2579 3416 2633 in
3434 2580 3596 2649 genis

1996 2666 2143 2737 quod
2166 2665 2410 2719 exterius
2432 2665 2628 2732 rubet;
2662 2665 2732 2719 ab
2761 2666 2915 2720 intus
2934 2668 3182 2721 nascitur
3203 2674 3264 2721 ut
3286 2667 3504 2731 rubeat,
3529 2685 3595 2722 ex

1995 2771 2060 2808 eo
2115 2755 2262 2824 quod
2303 2754 2539 2808 interius
2588 2753 2722 2808 vivit
2763 2759 2822 2808 et
2857 2755 3008 2824 viget
3039 2773 3048 2806 :
3087 2761 3144 2809 et
3171 2756 3296 2810 ideo
3327 2757 3590 2818 exterius,

1995 2844 2129 2897 dum
2159 2843 2269 2896 ista
2301 2843 2597 2896 marcescit
2625 2843 3002 2913 pulchritudo,
3034 2844 3270 2908 interius
3312 2849 3398 2898 est
3443 2846 3593 2915 quod

1995 2933 2146 2996 vivit,
2177 2933 2327 2986 unde
2357 2931 2469 2985 vita
2495 2931 2552 2985 in
2582 2933 2742 3001 fruge
2775 2938 3018 2997 maneat,
3061 2942 3118 2986 et
3159 2933 3306 3003 quod
3348 2934 3594 2988 exterius

1995 3021 2220 3085 decidit,
2235 3021 2304 3075 ab
2318 3038 2382 3074 eo
2406 3020 2553 3091 quod
2574 3020 2912 3075 intrinsecus
2941 3027 3044 3086 est,
3059 3021 3594 3092 vivatpulcherrime

309 3108 563 3172 homine,
605 3113 662 3162 et
693 3108 751 3162 in
778 3108 1200 3162 circumcisione
1241 3125 1355 3162 non
1395 3109 1734 3163 manufacta.
1780 3110 1972 3176 VultC
1996 3117 2051 3164 et
2077 3117 2388 3181 reparetur.
2425 3109 2799 3180 Quapropter,
2839 3109 3200 3173 charissima,
3245 3111 3594 3166 considerate

308 3197 372 3251 in
425 3197 627 3268 spiritu
683 3201 742 3250 et
792 3197 1132 3252 conscientia
1185 3197 1392 3252 habere
1450 3198 1715 3254 fiduciam
1763 3201 1913 3271 apud

305 3286 524 3350 Deum,
601 3290 660 3340 et
711 3291 889 3340 totam
946 3286 1419 3357 pulchritudinem
1467 3288 1803 3343 intrinsecus
1855 3290 1914 3343 in

305 3379 502 3430 mente
535 3373 794 3445 positam,
831 3375 1012 3445 magis
1041 3375 1096 3428 in
1122 3375 1294 3430 tacita
1336 3376 1675 3447 cogitatione
1706 3377 1908 3442 cordis,

307 3481 481 3536 quam
504 3465 564 3518 in
586 3465 723 3518 ﬂore
742 3464 828 3517 vel
843 3464 1166 3536 eloquentia
1191 3465 1506 3527 verborum,
1542 3467 1639 3519 sed
1671 3467 1912 3537 Septua-

302 3553 470 3624 ginta
510 3556 691 3607 omnis
715 3556 898 3620 gloria
927 3557 1044 3620 ejus
1071 3555 1200 3620 ﬁlias
1247 3570 1439 3622 regum
1468 3557 1537 3608 ab
1566 3557 1719 3608 intus
1757 3555 1912 3608 dixe-

306 3647 467 3707 runt,
501 3630 751 3696 volentes
777 3646 834 3695 et
861 3641 968 3713 ipsi
1016 3642 1311 3696 ostendere
1339 3643 1486 3714 quod
1517 3643 1700 3697 omnis
1727 3644 1911 3713 gloria

305 3731 589 3795 Ecclesiae,
621 3731 711 3784 cui
743 3747 914 3801 supra
945 3731 1164 3786 dixerat
1191 3749 1202 3785 :
1238 3731 1408 3798 Audi,
1437 3735 1578 3799 ﬁlia,
1623 3739 1672 3785 et
1718 3749 1911 3788 concu-

294 3823 474 3890 piscet
499 3835 597 3873 rea:
616 3821 861 3873 decorem
881 3825 1062 3882 tuum,
1097 3837 1195 3874 seu
1224 3826 1455 3875 caetera:
1478 3821 1610 3891 ipsae
1630 3827 1762 3875 sunt
1783 3821 1912 3875 ﬁliai

304 3908 626 3980 principum
675 3908 789 3962 sive
829 3909 1134 3977 justorum,
1201 3926 1330 3964 cum
1387 3916 1792 3964 convertuntur
1839 3911 1910 3964 ad

302 3997 630 4063 Dominum,
665 4002 724 4050 et
770 4003 984 4075 secreta
1027 4014 1086 4052 se
1135 3998 1428 4052 devotione
1477 3999 1660 4053 cordis
1697 4000 1912 4070 jugiter

301 4087 553 4142 offerunt
571 4085 810 4141 Domino
834 4105 848 4143 :
873 4087 1021 4158 quod
1042 4087 1319 4157 signiﬁcat
1339 4103 1464 4142 cum
1487 4088 1624 4142 dicit
1641 4091 1710 4142 ab
1731 4092 1906 4143 intus.

302 4176 416 4232 Ubi
446 4193 560 4231 non
579 4192 724 4230 vana
747 4177 927 4247 gloria
949 4176 1276 4248 requiritur,
1312 4193 1423 4230 non
1454 4178 1756 4232 ostentatio
1786 4195 1913 4249 ope-

299 4282 436 4320 rum
467 4265 910 4329 demonstratur,
943 4281 1055 4320 non
1084 4265 1481 4337 concrepantia
1513 4266 1790 4321 labiorum
1827 4269 1910 4338 ja-

299 4353 585 4410 ctantium
614 4354 942 4418 meditatur,
977 4371 1087 4408 non
1112 4355 1229 4408 ulla
1253 4354 1468 4408 inﬂatio
1500 4357 1704 4408 mentis
1735 4355 1907 4409 habe-

1997 3199 2295 3270 diligenter
2309 3198 2654 3252 vocationem
2673 3204 2933 3263 vestram,
2951 3198 3212 3252 discutite
3226 3199 3595 3254 conscientias

1997 3294 2228 3351 vestras,
2273 3287 2405 3358 quia
2452 3288 2608 3342 nulla
2660 3292 2748 3342 est
2796 3304 2924 3342 vera
2967 3287 3167 3357 gloria,
3218 3287 3326 3342 nisi
3367 3305 3489 3358 qua;
3527 3290 3595 3344 de

1997 3377 2223 3448 propria
2272 3376 2424 3430 venit
2475 3376 2836 3430 conscientia.
2899 3377 3042 3430 Sunt
3091 3376 3243 3430 enim
3290 3377 3594 3448 prudentes

1995 3465 2260 3536 virgines,
2276 3471 2409 3520 sunt
2437 3471 2495 3518 et
2521 3466 2708 3530 fatuae,
2733 3481 2972 3535 quarum
3005 3465 3128 3520 laus
3148 3465 3432 3520 interdum
3457 3465 3598 3520 falsa

1995 3555 2182 3626 potius
2209 3560 2295 3609 est
2319 3571 2486 3625 quam
2517 3570 2668 3619 vera,
2695 3553 2936 3608 maxime
2966 3571 3161 3608 earum
3192 3571 3332 3625 quas
3354 3561 3409 3609 et
3431 3561 3596 3610 ornat

1993 3644 2186 3714 lingua
2215 3643 2585 3706 adulantium,
2629 3647 2686 3696 et
2731 3642 2975 3696 delectat
3020 3659 3166 3697 vana
3207 3644 3408 3713 gloria.
3453 3645 3596 3699 Hinc

1994 3749 2129 3802 rogo
2153 3731 2352 3803 probet
2400 3748 2459 3784 se
2502 3731 2658 3801 virgo
2687 3731 2906 3796 devota,
2952 3732 3113 3801 juxta
3141 3733 3496 3801 Apostolum,
3540 3739 3597 3787 et

1993 3821 2071 3875 sic
2101 3821 2158 3874 in
2184 3820 2487 3890 semetipsa
2512 3819 2748 3889 gloriam
2783 3818 3028 3884 habebit,
3066 3825 3122 3873 et
3150 3836 3264 3874 non
3289 3820 3347 3874 in
3377 3822 3590 3888 altero;

1994 3911 2255 3980 quoniam
2277 3909 2664 3979 unusquisque
2683 3909 2753 3962 de
2773 3909 3112 3962 conscientia
3133 3909 3361 3980 propria
3371 3909 3594 3978 judica-

1990 3999 2168 4056 bitur.
2214 3999 2374 4053 Unde
2413 3998 2588 4052 David
2635 3997 2788 4051 canit
2826 4016 2836 4050 :
2880 3999 3249 4052 Ersultabunt
3296 4001 3478 4051 sancti
3527 4002 3593 4053 in

1992 4091 2195 4157 gloria,
2229 4089 2569 4140 thabuntur
2598 4089 2660 4140 in
2681 4089 2955 4140 cubilibus
2977 4089 3093 4140 suis
3116 4087 3280 4152 (Psal.
3316 4101 3492 4152 cxmx,
3517 4087 3588 4156 5).

1994 4177 2139 4245 Ergo
2151 4175 2577 4230 exsultabuntin
2588 4175 2767 4245 gloria
2785 4191 2954 4245 quam
2976 4191 3198 4246 semper
3216 4175 3370 4230 intus
3398 4175 3584 4241 corde,

1991 4265 2093 4320 sub
2117 4283 2215 4336 spe
2235 4271 2456 4320 aeterna:
2475 4265 2860 4319 retributionis
2873 4264 3211 4320 habuerunt.
3231 4266 3594 4321 Laetabuntur

1991 4355 2047 4410 in
2094 4355 2370 4410 cubilibus
2417 4354 2556 4423 suis,
2601 4355 2660 4408 in
2699 4353 2900 4424 quibus
2942 4370 3008 4408 ex
3055 4354 3202 4408 bona
3247 4355 3587 4410 conscientia

299 4450 420 4509 tur,
456 4443 552 4498 sed
583 4443 758 4498 totius
789 4442 1024 4498 interior
1042 4443 1210 4497 homo
1230 4443 1403 4497 tacita
1427 4443 1756 4510 intentione,
1784 4461 1905 4516 quae
1929 4435 2318 4500 Dinnocenter
2362 4461 2552 4498 coram
2602 4444 2717 4498 Deo
2762 4443 3162 4498 tructiﬁcantes
3205 4443 3479 4500 vixerunt.
3523 4445 3594 4499 Et

298 4533 424 4588 Deo
455 4532 658 4604 placita
686 4537 818 4586 sunt
838 4533 1089 4596 revolvit,
1120 4532 1471 4586 solummodo
1495 4549 1563 4586 ea
1591 4550 1712 4603 quae
1745 4534 1816 4587 ad
1831 4534 1910 4588 di-

303 4622 438 4676 vina
479 4622 635 4676 novit
679 4621 962 4693 pertinere
1011 4621 1299 4688 mysteria,
1340 4621 1652 4677 delectatur
1678 4628 1733 4676 et
1771 4623 1905 4693 agit,

303 4710 458 4782 quod
490 4711 657 4765 nullis
686 4710 945 4766 convenit
963 4710 1141 4781 magis
1167 4726 1334 4782 quam
1369 4711 1469 4764 Dei
1496 4711 1788 4777 ministris,
1813 4713 1908 4782 qui

302 4799 482 4854 sacris
537 4799 810 4855 altaribus
857 4799 1180 4854 deserviunt
1236 4805 1293 4854 et
1333 4800 1539 4854 sanctis
1579 4800 1904 4871 virginibus,

305 4888 446 4960 quia
457 4894 668 4960 quanto
683 4888 1052 4960 proximiores
1071 4888 1182 4942 Deo
1193 4887 1470 4953 videntur,
1488 4894 1643 4943 tanto
1655 4891 1908 4960 puriores

303 4994 432 5032 esse
457 4977 663 5032 debent
691 4978 860 5032 etiam
881 4976 1240 5042 intrinsecus,
1259 4993 1388 5031 cum
1421 4977 1624 5049 quibus
1653 4985 1910 5033 versatur

302 5065 482 5121 Deus.
510 5067 772 5138 Alioquin
802 5082 1008 5137 sponsa
1037 5065 1264 5131 Christi,
1293 5067 1572 5136 quomodo
1592 5067 1743 5120 dicat
1770 5068 1906 5122 illud

301 5155 378 5210 de
410 5155 655 5210 Canticis
680 5173 692 5207 :
718 5157 1038 5210 Introduxit
1071 5168 1153 5208 me
1184 5157 1289 5208 Rex
1310 5157 1374 5209 in
1398 5158 1716 5210 cubiculum
1740 5173 1904 5211 suum

313 5246 495 5308 (Cant.
555 5261 591 5311 ι,
639 5244 746 5310 14),
802 5244 941 5307 Non,
976 5244 1127 5298 enim
1179 5243 1498 5299 cubiculum
1550 5245 1693 5299 tanti
1737 5246 1906 5316 Regis

302 5333 595 5388 adulteras
623 5332 854 5404 suscipit
880 5332 1088 5387 amicas
1128 5339 1185 5387 et
1213 5333 1388 5387 foedas
1430 5333 1485 5388 in
1516 5335 1860 5389 conscientia
1891 5355 1902 5389 :

301 5423 575 5494 quoniam
607 5439 729 5493 quae
760 5427 891 5478 sunt
919 5422 976 5476 in
1002 5422 1168 5476 corde
1192 5422 1479 5476 hominum
1506 5440 1729 5494 semper
1757 5425 1905 5479 oculi

301 5513 434 5584 ejus
458 5511 663 5578 vident,
713 5517 768 5565 et
812 5511 1130 5566 considerat
1176 5511 1452 5566 universa.
1485 5511 1695 5568 Idcirco
1725 5514 1906 5569 omnis

299 5601 488 5674 gloria
514 5616 730 5674 sponsae
759 5599 946 5671 Regis,
982 5617 1152 5673 quam
1184 5617 1357 5673 supra
1381 5601 1499 5673 ipse
1521 5602 1694 5658 ﬁliam
1724 5610 1903 5674 vocat,

1991 4534 2301 4589 notandum
2322 4534 2471 4604 quod
2493 4533 2572 4587 ait
2595 4551 2606 4586 :
2636 4536 2788 4587 Filia:
2809 4549 3000 4600 regum
3032 4535 3102 4586 ab
3127 4535 3300 4594 intus.
3325 4532 3457 4603 quia
3480 4533 3594 4586 ista

1991 4623 2196 4678 locutio
2222 4639 2513 4693 nunquam
2533 4623 2591 4676 in
2612 4621 2972 4676 saecularibus
2993 4619 3234 4675 habetur
3253 4620 3474 4685 litteris,
3490 4621 3589 4676 sed

1991 4713 2141 4767 inter
2155 4711 2383 4783 propria
2400 4711 2539 4781 legis
2560 4711 2759 4764 divinae
2775 4714 3215 4764 connumeratur
3236 4709 3478 4780 eloquia.

2064 4801 2332 4872 Sequitur
2356 4820 2368 4853 :
2392 4804 2458 4855 In
2489 4803 2727 4867 ﬁmbriis
2757 4801 2944 4852 aureis
2975 4802 3397 4854 circumamicta
3415 4803 3592 4854 varie-

1993 4896 2117 4944 tate.
2151 4890 2554 4944 Verumtamen
2584 4888 2643 4941 in
2671 4886 2944 4940 Hebraico
2973 4887 3215 4942 habetur
3244 4907 3255 4941 :
3299 4891 3366 4942 In
3403 4891 3592 4956 fasciis

1990 4983 2178 5033 aureis
2196 4981 2387 5032 vestita
2412 4983 2486 5031 est
2511 4980 2573 5030 in
2594 4978 2907 5030 scutulatis.
2937 4975 3044 5030 Ubi
3077 4977 3207 5031 licet
3233 4977 3448 5033 diversa
3475 4978 3591 5034 sint

1989 5069 2178 5133 verba,
2213 5073 2403 5122 tamen
2420 5083 2566 5122 unus
2588 5070 2673 5120 est
2693 5081 2910 5130 sensus,
2931 5066 3029 5119 sed
3061 5066 3228 5120 latior
3255 5072 3313 5120 et
3342 5067 3588 5124 admira-

1989 5158 2140 5212 bilis.
2168 5158 2310 5212 Nam
2335 5155 2568 5210 ﬁmbriae
2597 5153 2978 5226 quarumlibet
2997 5155 3233 5210 vestium
3255 5155 3324 5208 de
3349 5156 3590 5212 stamine

1989 5263 2212 5317 semper
2225 5245 2563 5316 dependent,
2588 5244 2647 5298 in
2667 5260 2775 5315 quo
2809 5243 3104 5299 subtemen
3133 5243 3417 5298 intexitur.
3443 5246 3587 5301 Nam

1989 5342 2110 5391 tota
2136 5334 2454 5389 vestimenti
2485 5333 2662 5388 virtus
2712 5333 2771 5387 in
2811 5334 3053 5388 stamine
3083 5331 3340 5398 habetur,
3398 5350 3432 5388 a
3477 5351 3587 5406 quo

1991 5425 2344 5480 fimbriarum
2374 5423 2732 5495 pulchritudo
2761 5422 3067 5477 descendit.
3099 5420 3206 5474 Sed
3240 5437 3368 5475 cum
3406 5439 3589 5478 aurea;

1987 5515 2268 5578 dicuntur,
2306 5512 2546 5567 divinior
2584 5529 2782 5568 sensus
2828 5510 3223 5566 introducitur.
3275 5509 3420 5574 Quia
3460 5527 3588 5565 cum

1988 5603 2247 5675 superius
2275 5601 2472 5674 regina
2501 5601 2559 5656 in
2585 5601 2791 5656 vestitu
2819 5599 3092 5655 deaurato
3122 5604 3310 5654 astare
3341 5602 3591 5666 [’90
