3918 6166
334 290 465 349 1051
1089 292 1146 346 S.
1196 291 1575 347 PASOHASII
1614 290 1973 349 RADBERTI
2011 293 2316 351 ABBATIS
2350 292 2846 350 CORBEIENSIS.
3466 291 3607 350 1058

323 419 562 484 dicatur,
595 417 685 472 hic
713 417 948 474 ﬁmbriae
963 417 1214 489 ejusdem
1240 417 1411 472 vestis
1425 434 1610 474 aureae
1629 418 1913 489 leguntur.
1935 419 2252 494 Avirgiriis,
2286 436 2410 492 quas
2435 436 2606 492 supra
2629 427 2824 493 pectus
2851 427 3252 477 ornamentum
3279 420 3492 477 habere
3521 423 3607 476 di-

328 508 407 564 Ex
447 524 557 578 quo
612 507 965 577 intelligitur,
1009 507 1142 578 quia
1189 506 1484 577 perfectior
1525 513 1581 561 et
1626 507 1922 578 pretiosior

323 614 548 667 semper
576 614 697 651 esse
723 596 888 650 debet
915 597 1041 650 ﬁnis
1071 596 1194 650 vitae
1217 613 1385 665 quam
1404 596 1760 668 principium.
1793 598 1921 651 Haec

322 686 529 758 quippe
546 686 731 746 vestis,
755 686 888 740 dum
906 685 1018 739 vita
1038 684 1283 739 hominis
1301 701 1471 756 super
1499 690 1709 740 terram
1731 703 1920 741 versa-

322 781 435 842 tur,
505 792 727 846 semper
771 775 999 830 texitur.
1051 774 1210 828 Unde
1259 775 1611 829 amarissime
1659 776 1920 830 Ezechias

323 865 495 921 ﬂebat
513 865 735 918 dicens:
761 865 992 917 Pracisa
1013 869 1106 927 est,
1132 867 1278 917 velut
1307 881 1342 917 a
1373 869 1600 930 tenente,
1623 868 1738 918 vita
1776 882 1915 931 mea,

319 956 456 1008 dunt
486 955 670 1008 adhuc
697 954 918 1006 ordirer
947 955 1078 1019 (Isa.
1112 967 1335 1017 xxxvni,
1368 952 1439 1006 12
1445 967 1484 1020 ),
1511 954 1832 1024 signiﬁcans
1860 972 1919 1009 se

321 1041 678 1098 immaturius
703 1042 834 1096 hinc
861 1042 1074 1096 iturum
1086 1043 1249 1112 juxta
1275 1043 1763 1098 comminationem
1787 1061 1920 1115 pro-

322 1132 522 1203 phetae.
559 1147 727 1201 quam
759 1136 881 1184 erat
908 1130 966 1185 in
990 1136 1154 1186 astate
1183 1132 1427 1186 hominis
1451 1151 1464 1199 ;
1493 1149 1592 1186 seu
1620 1133 1678 1187 in
1709 1139 1917 1188 esterno

321 1221 422 1276 Dei
444 1219 692 1286 consilio,
719 1219 766 1274 si
787 1219 968 1273 abiret
982 1220 1138 1290 prius
1159 1237 1327 1292 quam
1350 1238 1415 1275 ex
1432 1222 1527 1276 illo
1537 1223 1918 1292 generationis

324 1309 530 1366 Christi
561 1309 697 1363 ordo
725 1315 1029 1363 texeretur.
1051 1309 1263 1364 Idcirco
1288 1327 1388 1381 per
1414 1311 1664 1365 ﬁmbrias
1684 1313 1798 1366 vita
1825 1314 1920 1367 ho-

323 1400 540 1454 minum
564 1399 917 1468 signiﬁcatur
945 1403 1213 1464 extrema,
1235 1416 1402 1470 quam
1427 1417 1540 1455 non
1565 1401 1915 1468 deauratam,

323 1493 388 1543 ut
410 1504 582 1558 supra
614 1487 780 1541 vestis
810 1487 982 1541 fuisse
1012 1494 1378 1552 monstratur,
1411 1490 1509 1544 sed
1538 1507 1765 1546 auream
1797 1507 1919 1547 esse

323 1581 501 1632 totam
523 1576 726 1630 debere
756 1576 1088 1630 ostenditur.
1124 1577 1269 1641 Quia
1283 1577 1339 1632 in
1362 1580 1471 1633 ﬁne
1502 1579 1625 1634 vitae
1653 1585 1771 1635 tota
1799 1598 1920 1652 per-

2001 509 2164 575 citur,
2199 510 2293 564 ubi
2322 527 2356 564 a
2385 527 2606 565 summo
2635 511 2897 583 pontiﬁce
2927 512 3226 580 rationale,
3259 513 3318 567 in
3344 528 3454 582 quo
3481 518 3608 567 erat

2001 599 2254 654 doctrina
2281 606 2338 654 et
2361 600 2591 667 veritas,
2617 601 2969 672 portabatur.

2071 689 2225 743 Nihil
2242 689 2417 759 igitur
2436 690 2622 745 minus
2641 696 2830 761 portat
2847 691 3004 761 virgo
3034 689 3267 753 Christi,
3288 706 3413 762 qua
3443 707 3608 762 spon-

2000 795 2124 832 sum
2149 783 2208 833 et
2235 779 2582 834 Salvatorem
2626 797 2791 834 suum
2833 780 2983 850 gerit
3012 780 3072 834 in
3109 785 3356 850 pectore,
3391 785 3450 834 et
3478 781 3605 836 ideo

2000 867 2185 922 fasciis
2200 868 2701 938 intelligentiarum
2725 869 2911 923 aureis
2927 875 3220 939 teguntur:
3237 875 3296 922 et
3311 869 3607 924 absolvun-

2002 963 2098 1011 tur
2125 958 2184 1011 in
2214 975 2279 1012 eo
2305 958 2492 1012 divina
2519 964 2890 1024 sacramenta,
2921 958 3074 1012 intus
3103 958 3162 1012 in
3189 958 3384 1012 animo
3417 974 3606 1013 recon-

2001 1046 2137 1112 dita,
2167 1047 2262 1101 ubi
2292 1049 2430 1101 ﬁdes
2459 1047 2690 1117 virginis
2719 1053 2822 1114 est,
2877 1047 3184 1101 sacrarium
3215 1052 3275 1101 et
3303 1047 3606 1102 thesaurus

2001 1135 2244 1190 dilectio.
2280 1137 2426 1200 Quia
2453 1137 2501 1190 si
2521 1136 2732 1192 deliciis
2770 1136 3056 1208 sapientiae
3095 1142 3249 1202 sunt,
3283 1141 3351 1191 ut
3378 1137 3502 1207 ipsa
3526 1137 3608 1190 fa-

1999 1231 2152 1280 tetur
2176 1242 2278 1296 per
2306 1227 2684 1292 Salomonem,
2721 1243 2842 1281 esse
2871 1243 2998 1281 cum
3043 1226 3390 1290 hominibus,
3424 1225 3606 1280 multo

2000 1315 2180 1385 magis
2196 1315 2406 1369 delicia;
2423 1315 2631 1386 sponsi,
2665 1315 2758 1386 qui
2786 1321 2872 1370 est
2897 1316 3019 1386 ipsa
3041 1315 3141 1369 Dei
3164 1314 3352 1368 Patris
3379 1314 3609 1385 sapien-

1999 1405 2098 1463 tia.
2131 1404 2436 1458 creduntur
2463 1420 2584 1458 esse
2623 1421 2753 1458 cum
2806 1404 2944 1475 ipsis
2971 1410 3038 1458 ut
3065 1403 3308 1458 reddant
3343 1408 3476 1458 vota
3502 1419 3609 1457 sua

2002 1495 2137 1559 Deo,
2163 1498 2227 1548 ut
2245 1493 2572 1565 perveniant
2587 1510 2714 1548 cum
2738 1497 3100 1548 exsultatione
3121 1498 3408 1562 portantes
3425 1496 3612 1546 mani-

1995 1588 2154 1652 pulos
2183 1600 2306 1638 suos
2335 1583 2391 1636 in
2419 1584 2691 1655 templum
2719 1583 2889 1654 Regis
2922 1585 3086 1649 (Psal.
3115 1595 3282 1646 cxxv,
3317 1579 3394 1649 6).
3429 1582 3607 1637 Porro

323 1665 488 1720 fectio
537 1664 746 1719 amoris
789 1665 889 1720 Dei
922 1666 1214 1736 quaeritur.
1257 1668 1688 1724 Circumamicta
1725 1676 1916 1725 tamen
2000 1672 2072 1726 ad
2098 1672 2373 1743 templum
2403 1671 2481 1726 sic
2510 1671 2880 1735 adducantur,
2917 1676 2983 1725 ut
3011 1670 3338 1724 sacerdotes
3356 1669 3501 1735 sint;
3529 1669 3607 1723 ad

322 1750 612 1819 varietate,
639 1759 869 1826 propter
886 1755 1066 1809 varias
1079 1756 1316 1811 virtutes
1335 1758 1604 1823 fidelium,
1643 1776 1782 1829 quas
1801 1761 1916 1829 jam
1937 1743 1981 1801 Β
2001 1761 2315 1816 thalamum
2363 1777 2492 1814 vero
2539 1760 2726 1830 Regis,
2775 1759 2920 1814 sicut
2959 1774 3179 1829 sponsae
3208 1763 3268 1812 et
3309 1759 3604 1829 conjuges.

321 1861 494 1915 supra
510 1849 729 1899 constat
742 1844 1040 1915 expositas.
1058 1845 1270 1908 Quibus
1287 1846 1485 1900 induta
1503 1847 1919 1903 diversitatibus

324 1934 540 2003 Regina
550 1933 718 2004 Regis
729 1934 863 1997 ﬁlia,
879 1934 1068 1988 anima
1080 1934 1340 1990 videlicet
1352 1936 1459 1990 ﬁde
1473 1937 1683 1991 Christi
1695 1939 1913 2004 vestita,

323 2039 552 2078 necesse
590 2029 676 2078 est
705 2024 910 2078 amictu
951 2023 1212 2090 discolor,
1245 2025 1408 2079 sicuti
1451 2031 1508 2080 et
1548 2026 1796 2081 Ecclesia
1824 2045 1916 2082 ca-

322 2112 532 2167 tholica
559 2113 848 2167 vestiatur.
881 2114 1011 2167 Haec
1041 2129 1284 2184 namque
1310 2121 1396 2169 est
1421 2117 1587 2170 vestis
1617 2117 1712 2170 illa
1741 2117 1916 2187 signi-

324 2202 511 2265 ﬁcata,
545 2219 656 2272 qua
684 2202 1026 2256 vestiebatur
1053 2204 1264 2269 Aaron,
1296 2221 1422 2274 quae
1453 2221 1611 2269 auro,
1646 2223 1911 2277 purpura,

326 2289 511 2361 bysso.
539 2307 700 2345 cocco
719 2297 778 2344 et
795 2291 1099 2362 hyacintho
1121 2299 1381 2347 contexta
1409 2294 1579 2348 fuisse
1609 2295 1917 2350 divinitatis

327 2379 680 2451 praedicatur.
699 2381 876 2444 Quam
903 2397 1037 2434 sane
1066 2387 1276 2436 vestem
1301 2383 1546 2453 mysticis
1577 2391 1919 2440 ornaverunt

326 2468 694 2522 sacramentis
741 2469 1024 2533 mulieres,
1074 2470 1278 2540 quibus
1316 2472 1464 2526 Deus
1501 2473 1570 2526 ad
1613 2474 1915 2528 texendum

327 2557 483 2611 dedit
523 2557 878 2628 sapientiam.
923 2561 988 2614 In
1033 2577 1145 2630 qua
1182 2561 1360 2615 multa
1399 2564 1755 2632 praeﬁgurata
1784 2569 1918 2618 sunt

325 2646 512 2702 divina
536 2648 822 2718 mysteria.
868 2650 997 2721 Ipsa
1029 2655 1115 2704 est
1156 2649 1327 2703 etiam
1368 2657 1424 2704 et
1466 2651 1658 2705 tunica
1697 2652 1911 2719 talaris,

323 2753 435 2808 qua
483 2736 823 2792 induebatur
851 2738 1074 2808 Ioseph,
1109 2755 1279 2809 quam
1317 2739 1367 2792 ei
1410 2740 1695 2794 contexuit
1735 2746 1918 2795 mater

323 2826 592 2883 Ecclesia.
635 2827 718 2881 De
743 2828 972 2898 hujusce
1004 2827 1260 2891 ﬁmbriis,
1291 2844 1459 2882 unam
1500 2829 1686 2898 tetigit
1713 2830 1918 2884 mulier

321 2915 418 2970 illa
438 2933 503 2971 ex
524 2917 984 2986 Evangelio,quze
1011 2921 1308 2983 sanguinis
1340 2921 1550 2987 ﬂumen
1573 2920 1910 2986 patiebatur.

321 3005 479 3070 Quod
496 3011 686 3059 autem
703 3006 865 3075 juxta
884 3003 1220 3059 Hebraicum
1251 3025 1262 3058 :
1288 3008 1486 3059 Fasciis
1507 3010 1696 3059 aureis
1726 3012 1916 3062 vestita

2003 1851 2122 1905 Imo
2153 1866 2217 1903 ex
2247 1848 2506 1903 omnibus
2537 1855 2601 1903 ut
2628 1865 2832 1919 sponsa
2858 1854 2915 1902 et
2940 1848 3140 1918 conjux
3165 1863 3281 1901 una
3315 1847 3393 1901 sit
3421 1846 3602 1917 virgo.

2001 1939 2118 1993 Hoc
2141 1938 2346 2009 quippe
2367 1939 2639 2008 templum
2663 1943 2748 1991 est
2771 1937 2919 2008 quod
2940 1937 3184 1991 Joannes
3202 1935 3345 1990 vidit
3376 1936 3435 1990 in
3461 1937 3612 2006 Apo-

1999 2027 2208 2099 calypsi
2235 2043 2362 2082 sua.
2404 2027 2468 2080 Et
2495 2026 2780 2097 Pr0pheta
2806 2025 2943 2078 dicit
2976 2044 2988 2076 :
3028 2027 3203 2079 (mam
3251 2028 3393 2094 petii
3429 2041 3466 2077 a
3504 2025 3608 2078 Do-

1999 2119 2171 2179 mino,
2198 2118 2342 2170 hanc
2371 2120 2678 2184 requiram,
2714 2120 2775 2168 ut
2799 2115 3038 2168 habitem
3067 2117 3129 2167 in
3159 2115 3318 2167 domo
3347 2115 3603 2176 Domini,

1999 2207 2256 2259 omnibus
2282 2207 2470 2258 diebus
2499 2207 2622 2258 vita:
2642 2220 2770 2257 mea
2795 2205 2961 2270 (Psal.
2988 2217 3130 2264 xxvi,
3164 2203 3322 2260 4).Et
3351 2202 3557 2256 iterum
3585 2220 3599 2254 :

1999 2297 2248 2358 Domine,
2270 2295 2449 2347 dilemi
2467 2295 2711 2347 decorem
2731 2295 2928 2346 domus
2952 2297 3074 2357 tute,
3103 2297 3152 2345 et
3181 2295 3363 2346 locum
3388 2292 3606 2345 habita-

2001 2386 2169 2437 tionis
2189 2385 2379 2452 gloria:
2400 2383 2688 2452 tuae(Psal.
2718 2395 2871 2446 xxm,
2905 2380 2982 2450 8).
3009 2380 3094 2434 Ad
3125 2397 3295 2451 quam
3325 2379 3603 2436 nimirum

1997 2472 2233 2542 gloriam
2263 2469 2774 2541 contemplandam,
2789 2469 3153 2535 charissimae,
3175 2485 3302 2523 cum
3324 2468 3524 2522 laeti-tia
3543 2473 3603 2523 et

1999 2560 2368 2616 exsultatione
2393 2559 2728 2614 veniendum
2758 2566 2863 2617 est.
2895 2560 3004 2614 Sed
3035 2557 3168 2630 quia
3197 2558 3398 2612 ofﬁciis
3427 2553 3603 2611 evan-

1996 2650 2189 2721 gelicis
2218 2649 2466 2720 quotidie
2496 2649 2801 2703 invitamur
2827 2655 2885 2703 et
2918 2649 3211 2703 erudimur
3259 2648 3330 2702 ad
3379 2647 3478 2702 illa
3501 2663 3605 2702 su-

1998 2757 2173 2811 perna
2185 2738 2620 2810 gaudia,merito
2641 2739 2851 2792 dictum
2865 2743 2952 2793 est
2971 2737 3605 2793 Adducentur.Maxime

1997 2839 2187 2883 tamen
2217 2829 2463 2898 virgines
2491 2845 2590 2882 seu
2621 2828 2818 2894 viduae,
2851 2827 2985 2898 quia
3031 2825 3252 2897 magnis
3282 2827 3606 2881 invitantur

1999 2918 2260 2990 praemiis,
2288 2917 2504 2988 magnis
2533 2917 2875 2973 laetabuntur
2900 2916 3142 2988 gaudiis,
3169 2917 3301 2987 quia
3322 2917 3381 2970 in
3410 2915 3604 2986 fragili

1999 3024 2132 3062 sexu
2175 3007 2532 3078 gravissimas
2579 3007 2904 3061 devicerunt
2946 3022 3246 3077 corporum
3282 3005 3597 3076 passiones.

324 3100 400 3148 est
421 3098 484 3147 in
499 3096 812 3156 scut-alatis,
827 3093 957 3147 licet
975 3093 1101 3148 aliis
1123 3094 1324 3158 verbis,
1345 3095 1421 3148 idi
1428 3111 1587 3166 psum
1602 3095 1918 3165 signiﬁcare
1939 3102 1982 3160 Ο
1998 3096 2142 3168 Ergo
2156 3100 2398 3151 vincenti
2416 3095 2642 3150 dabitur
2659 3098 2812 3150 edere
2831 3098 2894 3150 de
2916 3099 3067 3164 ligno
3091 3098 3215 3149 vita:
3231 3093 3414 3164 (Apoc.
3434 3107 3501 3159 Π,
3520 3094 3597 3158 7).

325 3181 542 3236 videtur
571 3182 718 3251 quod
747 3181 963 3235 dixerat
995 3200 1006 3234 :
1041 3183 1230 3237 Omnis
1257 3187 1440 3249 gloria
1469 3188 1586 3252 ejus
1615 3187 1743 3251 ﬁliae
1760 3187 1912 3253 Regis

321 3273 391 3326 ab
425 3274 598 3324 intus.
649 3270 858 3325 Fasciis
901 3288 1143 3342 namque
1185 3272 1559 3343 pectoralibus
1602 3279 1722 3328 tota
1766 3275 1913 3329 uteri

319 3360 534 3431 tegitur
551 3360 804 3423 ambitio,
829 3366 886 3414 et
904 3359 1260 3430 componitur
1289 3362 1557 3416 resolutio
1580 3363 1914 3417 mammilla—

322 3466 448 3504 rum
474 3468 488 3505 :
523 3448 725 3503 deinde
745 3449 1138 3520 astringuntur
1165 3451 1392 3517 viscera,
1423 3468 1492 3505 ne
1521 3457 1715 3506 venter
1745 3453 1914 3507 latius

321 3539 677 3593 intumescat.
697 3539 803 3594 Sed
820 3540 1121 3594 fasciarum
1143 3540 1266 3594 aliae
1280 3546 1414 3595 sunt
1443 3541 1647 3611 quibus
1672 3541 1914 3612 virgines

322 3633 597 3686 ornantur
620 3647 630 3682 :
650 3629 774 3684 alia:
791 3646 919 3684 vero
938 3629 1007 3683 de
1027 3630 1228 3700 quibus
1247 3635 1536 3695 matronae,
1566 3636 1629 3684 ut
1648 3630 1908 3697 diximus,

318 3719 964 3789 constringuntur.Unde
978 3720 1291 3774 Hieremias
1302 3720 1576 3791 prOpheta
1595 3739 1605 3773 :
1621 3722 1908 3790 Nunquid,

320 3810 418 3875 ait,
446 3812 602 3877 virgo
631 3812 975 3864 obliviscitur
987 3812 1308 3862 ornamenti
1331 3812 1440 3873 sui,
1457 3814 1554 3863 aut
1577 3825 1791 3878 sponsa,
1812 3827 1911 3865 seu

320 3898 543 3965 mulier,
593 3901 776 3967 fasciae
819 3901 1110 3966 pectoralis
1155 3914 1267 3951 sua»
1312 3899 1525 3968 (Jerem.
1573 3913 1630 3963 II,
1666 3898 1749 3966 3'2)
1778 3900 1802 3952 7
1836 3901 1911 3954 Ex

318 4005 429 4060 quo
484 3988 698 4060 liquido
765 3987 1020 4042 Christus
1067 4003 1304 4058 sponsus
1360 3987 1608 4057 Virginis
1655 3988 1911 4044 Ecclesiae

317 4078 652 4140 ostenditur,
683 4082 740 4130 et
768 4077 1067 4148 Synagoga
1091 4093 1298 4147 sponsa
1345 4077 1688 4142 nominatur,
1730 4079 1910 4148 magis

318 4165 703 4236 exprobrantis
761 4166 962 4219 affectu
1025 4180 1196 4235 quam
1265 4165 1475 4219 honore
1545 4165 1904 4235 virginitatis.

320 4255 390 4307 Et
432 4253 558 4306 ideo
621 4253 753 4323 quia
793 4254 910 4322 jam
973 4254 1355 4307 contaminata
1417 4259 1539 4307 erat
1601 4254 1657 4308 in
1722 4255 1904 4322 idolis,

324 4341 473 4413 quod
521 4342 708 4395 fuerat
736 4341 1058 4411 replicatur.
1096 4342 1308 4394 Tamen
1338 4358 1402 4395 ex
1432 4343 1731 4396 clementia
1758 4342 1910 4398 beni-

314 4430 572 4503 gnissimi
623 4429 924 4485 Salvatoris
969 4430 1037 4483 ad
1089 4429 1477 4500 pcenitentiam
1524 4431 1814 4494 invitatur,
1845 4423 1972 4487 utD

316 4521 544 4576 fasciam
579 4537 747 4593 quam
789 4518 988 4573 habuit
1016 4519 1086 4572 ad
1113 4524 1510 4572 ornamentum
1540 4520 1756 4575 decoris
1805 4523 1911 4576 sal-

314 4617 429 4666 tem
464 4615 703 4676 ιιιιη
730 4609 965 4681 recipiat
991 4609 1060 4663 ad
1085 4613 1495 4679 tegumentum,
1530 4614 1586 4664 et
1613 4608 1909 4680 obligatio-

315 4716 445 4755 nem
500 4716 615 4753 suae
659 4699 1052 4754 deformitatis.
1099 4700 1173 4752 At
1217 4714 1348 4752 vero
1389 4698 1597 4753 Christi
1641 4699 1905 4767 Ecclesia,

318 4789 472 4858 virgo
488 4793 762 4859 etsponsa
782 4787 1004 4853 dicitur,
1040 4787 1171 4858 quia
1204 4803 1315 4840 non
1333 4787 1486 4840 habet
1507 4790 1787 4840 maculam
1821 4804 1906 4841 ne-

315 4892 418 4947 que
437 4891 639 4945 rugam
660 4876 874 4946 (Ephes.
896 4893 949 4942 v,
972 4876 1081 4942 27).
1108 4875 1322 4930 Idcirco
1337 4875 1521 4929 fasciis
1552 4875 1910 4946 praecingitur

314 4965 522 5028 aureis,
547 4970 604 5019 et
623 4965 917 5019 decoratur
933 4967 1102 5020 etiam
1125 4965 1437 5020 scutulatis.
1457 4965 1560 5019 llla
1587 4981 1716 5018 vero
1747 4981 1911 5018 orna-

314 5059 566 5110 mentum
598 5053 841 5126 perdidit
867 5070 1050 5120 suum,
1085 5070 1427 5126 quaecunque
1477 5053 1708 5107 recessit
1737 5070 1770 5106 a
1798 5054 1911 5107 Do-

314 5146 488 5213 mino,
512 5159 843 5215 amoresque
867 5149 1057 5198 secuta
1075 5150 1160 5199 est
1186 5145 1417 5199 alienos.
1444 5144 1559 5198 Nec
1578 5143 1656 5198 sic
1684 5142 1908 5213 quidem

315 5235 658 5306 relinquitur
674 5233 960 5289 aDomino
987 5252 998 5286 :
1030 5250 1221 5288 verum
1249 5236 1512 5289 hortatur
1531 5239 1594 5288 ut
1622 5232 1816 5287 redeat
1839 5233 1909 5286 ad

315 5325 498 5379 virum
521 5341 705 5390 suum,
732 5329 789 5378 et
808 5323 1050 5396 priorem
1073 5324 1306 5395 recipiat
1327 5323 1678 5384 charitatem,
1707 5321 1911 5392 prima-

319 5430 426 5488 que
441 5413 754 5469 dilectionis
773 5431 944 5485 opera
963 5413 1150 5476 faciat,
1174 5431 1242 5467 ne
1259 5413 1412 5468 nuda
1429 5412 1486 5466 in
1517 5411 1790 5481 sanguine
1810 5427 1910 5466 suo

317 5504 656 5570 inveniatur,
692 5519 811 5576 quae
840 5503 1026 5559 fuerat
1070 5503 1261 5574 sponsi
1308 5500 1580 5570 sanguine
1628 5499 1906 5554 dealbata.

318 5594 714 5669 ﬁas-quque
739 5593 992 5652 insinuat
1019 5598 1262 5667 quantus
1311 5590 1495 5647 honor
1521 5595 1580 5646 et
1613 5588 1794 5662 gloria
1839 5590 1914 5646 sit

1997 3187 2197 3257 Sicque
2228 3186 2284 3240 in
2317 3185 2649 3257 Apocalypsi
2695 3185 2946 3251 Joannis,
2976 3201 3088 3239 non
3132 3183 3257 3237 aliis
3283 3199 3452 3254 quam
3484 3183 3604 3236 vin-

1995 3275 2248 3330 centibus
2263 3275 2492 3346 praemia
2515 3275 2942 3345 promittuntur.
2975 3275 3186 3328 Idcirco
3202 3272 3404 3326 reddat
3430 3271 3602 3326 vidua

1996 3370 2124 3420 vota
2149 3363 2452 3427 viduitatis,
2487 3363 2685 3418 reddat
2713 3368 2770 3417 et
2799 3363 2952 3433 virgo
2982 3367 3110 3417 vota
3139 3366 3434 3433 parentum
3463 3377 3603 3414 suo-

1997 3472 2123 3510 rum
2150 3473 2163 3509 :
2197 3455 2310 3507 imo
2340 3457 2397 3506 et
2419 3468 2542 3522 qua
2571 3457 2868 3523 parentum
2895 3451 3072 3517 fuere,
3110 3451 3241 3522 quia
3254 3451 3374 3520 jam
3404 3450 3600 3504 adulta

1998 3549 2100 3609 est,
2132 3542 2299 3596 faciat
2322 3558 2421 3596 sua
2453 3559 2464 3593 :
2498 3557 2563 3594 eo
2589 3542 2737 3611 quod
2769 3557 2880 3594 non
2901 3541 3065 3594 alteri
3095 3546 3181 3594 est
3203 3538 3396 3593 oblata
3425 3555 3601 3609 quam

1996 3633 2046 3687 ei
2075 3632 2164 3687 cui
2193 3648 2252 3686 se
2277 3630 2443 3686 debet
2466 3635 2661 3684 totum.
2696 3631 2839 3684 Nam
2873 3629 3006 3701 quia
3035 3630 3249 3683 fructus
3279 3628 3493 3682 ventris
3514 3634 3603 3682 est

1995 3722 2128 3788 ﬁlia,
2163 3725 2409 3791 potestas
2440 3724 2740 3790 parentum
2771 3723 2876 3784 est,
2909 3734 3012 3772 sua
3049 3719 3178 3788 jure
3223 3717 3424 3770 afferre
3455 3717 3595 3782 Deo,

1995 3815 2094 3864 aut
2104 3810 2304 3881 nuptui
2318 3809 2543 3863 tradere
2557 3807 2978 3879 pignora.Unde
2998 3806 3320 3879 Apostolus:
3349 3812 3387 3871 |
3406 3810 3596 3872 298

1997 3901 2103 3966 Qui
2125 3902 2399 3966 virginem
2428 3915 2587 3952 suam
2617 3897 2817 3968 nuptui
2845 3899 3037 3964 tradit,
3054 3896 3255 3967 inquit,
3277 3898 3404 3950 bene
3436 3897 3589 3962 faa't,

1994 3995 2042 4042 et
2071 3991 2170 4057 qui
2201 4003 2312 4041 non
2339 3989 2534 4052 tradit,
2569 3985 2769 4041 melius
2816 3988 2954 4055 facit
2981 3989 3031 4048 (Ι
3049 3986 3170 4041 Cor.
3221 3998 3320 4055 vn,
3365 3983 3479 4050 38).
3509 3984 3598 4039 Id-

1993 4077 2139 4131 circo
2186 4093 2299 4131 non
2336 4076 2668 4147 displiceant
2703 4075 2827 4141 tibi,
2877 4091 3056 4136 soror,
3102 4079 3404 4147 parentum
3440 4079 3588 4131 vota.

1993 4167 2089 4238 qui
2118 4166 2219 4220 tibi
2239 4166 2294 4219 id
2319 4165 2465 4236 quod
2483 4165 2682 4219 melius
2711 4169 2797 4219 est
2814 4164 3124 4235 elegerunt.
3154 4165 3273 4218 Imo
3292 4163 3586 4217 considera

1992 4255 2317 4327 diligentius
2344 4254 2475 4325 quid
2507 4253 2832 4324 parentibus
2858 4252 3081 4317 debeas,
3115 4251 3250 4324 quid
3275 4252 3413 4306 Deo.
3441 4252 3586 4315 Quo-

1991 4345 2141 4399 niam
2171 4350 2411 4415 utraque
2440 4343 2700 4398 retineris
2730 4343 2874 4413 lege,
2896 4342 2943 4396 si
2973 4357 3302 4412 corrumpas
3326 4340 3584 4395 sacriﬁcii

1993 4441 2139 4499 vota,
2171 4435 2305 4504 quia
2351 4433 2458 4505 ipsi
2495 4438 2764 4487 voverunt
2791 4438 2856 4486 ut
2899 4437 2963 4486 tu
3003 4432 3314 4486 exsolveres
3349 4448 3360 4482 :
3392 4430 3500 4501 ipsi
3528 4435 3586 4485 te

1992 4523 2317 4578 obtulerunt
2343 4527 2407 4576 ut
2436 4537 2764 4592 permaneas
2815 4520 3010 4582 Audis,
3042 4519 3391 4585 charissima,
3429 4519 3586 4573 Isaac

1992 4612 2270 4683 quomodo
2292 4611 2617 4682 exsequitur
2638 4616 2926 4682 paternam
2947 4608 3285 4664 oblationem
3311 4624 3490 4679 usque
3516 4609 3586 4662 ad

1991 4701 2245 4772 gladium
2273 4705 2331 4755 et
2359 4715 2537 4771 usque
2563 4701 2633 4754 ad
2664 4700 2820 4770 ignes
2851 4718 2863 4753 :
2895 4715 3027 4752 nam
3058 4703 3333 4769 quantum
3363 4713 3432 4750 ex
3459 4702 3590 4752 voto

1992 4796 2096 4855 est,
2130 4790 2300 4844 etiam
2327 4805 2505 4860 usque
2529 4789 2600 4843 ad
2627 4794 2862 4843 mortem
2893 4803 3005 4842 non
3035 4787 3260 4858 refugit,
3303 4802 3416 4841 non
3442 4786 3590 4841 relu-

1992 4885 2193 4945 ctatur,
2230 4895 2341 4933 non
2371 4878 2719 4933 contradicit.
2752 4877 2918 4932 Forte
2945 4875 3097 4930 dices
3135 4877 3271 4947 quia
3315 4877 3398 4930 vir
3427 4876 3538 4931 fuit
3569 4894 3580 4929 :

1991 4968 2141 5024 unde
2172 4973 2430 5022 occurrat
2457 4967 2557 5022 tibi
2589 4966 2703 5020 ﬁlia
2729 4959 2949 5038 Iephte,
2970 4981 3093 5036 quae
3119 4981 3190 5020 ne
3217 4966 3592 5020 frustraretur

1992 5065 2290 5130 paternum
2323 5062 2513 5112 votum
2551 5072 2611 5110 se
2659 5055 2717 5110 in
2747 5060 2984 5110 mortem
3016 5054 3239 5120 obtulit,
3265 5055 3396 5126 quia
3427 5060 3592 5127 pater

1992 5151 2292 5218 aperuerat
2323 5162 2384 5200 os
2415 5161 2580 5200 suum
2604 5162 2727 5216 qua:
2758 5161 2868 5199 non
2891 5145 3073 5200 solum
3093 5161 3206 5199 non
3235 5144 3465 5215 refugit,
3498 5161 3592 5198 ve-

1993 5253 2121 5291 rum
2151 5235 2483 5290 adhortatur
2508 5239 2750 5306 patrem,
2781 5240 2844 5289 ut
2872 5235 3207 5306 promissum
3237 5235 3352 5288 Deo
3377 5250 3590 5288 munus

1994 5325 2299 5396 adimpleat
2330 5343 2341 5377 :
2377 5325 2454 5379 ita
2485 5330 2542 5378 et
2569 5341 2684 5391 vos,
2717 5323 3397 5394 dilectissimae,complete
3417 5323 3476 5376 in
3497 5339 3592 5376 vo-

1993 5414 2078 5468 bis
2109 5413 2289 5468 felicia
2333 5418 2632 5486 parentum
2673 5420 2830 5480 vota;
2863 5413 3138 5485 complete
3185 5427 3308 5483 que
3361 5411 3591 5466 vovistis

1993 5504 2108 5559 Deo
2129 5522 2141 5572 ;
2173 5509 2527 5576 perseverate
2540 5519 2667 5557 cum
2688 5502 2949 5557 Samuele
2968 5502 3024 5556 in
3045 5501 3383 5573 templo,qui
3412 5501 3592 5555 Naza-

1994 5607 2139 5650 ηεαδ
2171 5593 2396 5651 Domini
2426 5607 2603 5666 usque
2643 5592 2715 5650 ad
2745 5593 2916 5649 tinem
2945 5591 3116 5649 vixit:
3147 5591 3412 5664 quoniam
3439 5589 3591 5647 nulli
