3918 6166
284 289 423 350 1θ53
1139 291 1521 349 EXPOSI’I‘IO
1557 293 1637 349 IN
1673 292 2022 351 PSALMUH
2057 293 2249 350 XLIV.
2293 324 2359 337 ——
2398 294 2535 350 LIB.
2576 295 2678 351 III.
3409 293 3547 355 1054

276 416 450 473 alteri
478 431 650 489 quam
678 416 795 472 Deo
823 420 967 473 nate
994 415 1199 483 fuistis,
1230 434 1343 474 non
1384 418 1731 490 parentibus,
1762 436 1874 475 non
1891 420 2052 481 Asiae
2077 419 2314 485 dicatur,
2333 419 2436 475 ﬁlii
2464 420 2567 487 tui,
2592 434 2734 492 quos
2758 416 3006 489 genuisti
3031 415 3155 482 tibi,
3173 422 3463 473 vertentur
3487 418 3548 473 in

279 505 385 562 ulli
411 505 755 571 mortalium,
788 505 886 561 sed
929 522 1133 577 sponso
1159 506 1382 562 Christo
1413 507 1627 579 legibus
1655 510 1880 564 aeternis
1961 515 2168 581 patres,
2193 526 2319 564 cum
2352 526 2417 564 ex
2446 509 2705 580 dicipulis
2731 506 2932 562 feceris
2960 522 3055 561 eos
3085 506 3404 577 magistros.
3439 507 3556 561 Hoc

278 596 555 651 devinctae
587 613 598 648 :
628 594 786 664 cujus
814 600 1115 665 antequam
1142 596 1212 650 de
1235 597 1395 653 vulva
1417 599 1615 652 matris
1634 598 1876 662 exiretis,
1963 599 2167 671 quippe
2203 599 2321 653 ﬁeri
2352 598 2603 670 quotidie
2631 599 2912 652 cernimus
2946 597 3003 651 in
3047 596 3293 651 Ecclesia
3321 596 3469 667 quod
3498 600 3556 649 et

281 702 410 741 esse
437 683 682 756 coepistis
706 700 924 755 sponsa:
952 682 1160 740 fcedere
1187 690 1414 740 aeterno.
1444 687 1575 741 Ideo
1606 687 1739 742 licet
1766 703 1881 741 om-
1961 704 2139 758 usque
2164 688 2220 742 in
2245 691 2415 742 ﬁnem
2442 687 2648 752 saeculi,
2675 687 2920 742 ﬂendum
2949 686 3182 740 minime
3209 684 3551 750 dubitamus,

280 791 387 830 nes
408 790 511 829 nos
541 774 661 843 ejus
686 772 883 839 simus,
911 790 1007 828 vos
1028 778 1215 829 tamen
1247 775 1581 846 specialiter,
1603 776 1734 847 quia
1755 781 1884 831 vota
1963 783 2028 831 ut
2053 794 2401 832 successores
2429 777 2811 849 apostolorum
2844 774 3089 847 episcopi
3116 774 3341 829 sibimet
3367 790 3557 829 succe-
3598 791 3603 797 '

278 868 587 935 parentum
634 861 788 927 estis,
837 877 960 932 quae
998 862 1146 919 dotis
1192 862 1422 919 titulum
1466 865 1776 937 accepistis,
1819 870 1882 921 ut
1963 866 2160 921 dentes
2184 872 2570 938 permaneant.
2605 866 2704 920 Sin
2734 870 2922 920 autem
2961 864 3265 927 Abraham,
3295 865 3470 929 Isaac,
3503 868 3561 918 et

280 952 493 1023 virgini
543 967 744 1023 sponso
802 949 859 1004 in
906 951 1225 1021 virginitate
1266 952 1502 1008 feliciter
1549 962 1883 1009 consecratae
1965 954 2154 1022 Jucob,
2197 961 2384 1027 patres
2437 954 2891 1018 intellexerimus,
2941 954 3086 1008 ﬁlios
3137 953 3413 1019 Ecclesia,
3463 952 3560 1023 qui

281 1040 685 1113 permaneatis.
708 1039 985 1103 Quoniam
1006 1041 1196 1095 omnia
1216 1041 1273 1096 in
1302 1041 1408 1097 hoc
1436 1043 1583 1097 dotis
1606 1042 1883 1113 epithala-
1965 1045 2085 1100 nati
2111 1050 2244 1099 sunt
2265 1045 2315 1099 ei
2342 1045 2400 1098 in
2426 1044 2544 1098 loco
2564 1045 2846 1115 apostolos
2862 1043 3201 1097 voluerimus
3223 1042 3558 1111 intelligere,

278 1130 419 1196 mio,
454 1145 576 1200 quae
608 1128 896 1199 praemissa
925 1134 1057 1184 sunt
1099 1135 1295 1200 parata
1338 1136 1471 1185 sunt
1499 1131 1671 1186 vobis.
1714 1132 1888 1186 Adest
1968 1135 2065 1206 qui
2094 1135 2251 1189 missi
2277 1139 2413 1190 sunt
2438 1150 2473 1188 a
2498 1134 2733 1188 Domino
2760 1133 3062 1203 praedicare
3086 1149 3265 1203 usque
3290 1131 3360 1185 ad
3386 1139 3564 1185 extre-

276 1219 494 1291 ubique
522 1234 761 1289 sponsus
781 1224 983 1283 vester,
1005 1222 1269 1287 speciosus
1288 1221 1474 1286 [arma
1492 1237 1606 1289 prae
1625 1223 1759 1289 ﬁliis
1797 1222 1888 1274 ho-
1969 1240 2124 1278 mum
2154 1230 2349 1289 terrae;
2382 1240 2507 1277 mox
2538 1222 2897 1293 quaerendum
2920 1221 3197 1292 quomodo
3227 1220 3471 1275 Ecclesia
3494 1219 3563 1274 de

279 1312 535 1374 minam,
568 1313 799 1379 paratus
835 1324 1127 1362 occurrere
1168 1307 1335 1373 vobis,
1370 1326 1648 1383 suumque
1674 1327 1770 1364 vos
1799 1310 1888 1365 in-
1967 1313 2229 1385 gentibus
2256 1316 2445 1383 patres
2478 1310 2736 1365 habuerit
2764 1310 3129 1382 patriarchas,
3154 1326 3280 1364 cum
3312 1310 3362 1364 ei
3393 1324 3565 1380 supra

275 1396 585 1451 troducere
611 1396 669 1451 in
699 1396 994 1468 templum,
1022 1394 1117 1451 ubi
1152 1401 1285 1451 sunt
1312 1413 1381 1452 ea
1410 1413 1532 1469 quae
1576 1415 1672 1453 nec
1707 1402 1886 1453 oculos
1968 1401 2182 1455 dictum
2202 1400 2303 1454 sit:
2326 1401 2645 1456 Obliviscere
2660 1402 2927 1468 populum
2951 1403 3129 1461 tuum,
3157 1404 3206 1451 et
3224 1400 3449 1452 domum
3464 1412 3562 1467 pa-

275 1487 452 1554 vidit,
483 1502 578 1540 nec
601 1488 761 1539 auris
788 1486 1009 1539 audivit
1032 1487 1084 1552 (Ι
1099 1488 1224 1542 σον.
1256 1500 1317 1549 u,
1340 1486 1416 1554 9).
1448 1488 1573 1541 Non
1602 1488 1754 1542 enim
1784 1504 1885 1559 νο·
1971 1493 2075 1544 tris
2101 1492 2204 1543 tui.
2238 1490 2363 1544 Nisi
2387 1488 2539 1561 quia,
2571 1488 2719 1543 sicut
2752 1488 2990 1558 legimus
3019 1487 3077 1541 in
3108 1486 3426 1556 Evangelia,
3466 1503 3562 1555 po-

277 1580 400 1629 test
436 1574 559 1630 ﬁeri
587 1580 651 1629 ut
683 1573 830 1629 desit
873 1573 1251 1645 quaerentibus
1287 1574 1442 1630 vobis
1470 1575 1528 1630 in
1560 1576 1882 1648 Scripturis,
1970 1582 2086 1631 lens
2115 1584 2189 1632 est
2219 1580 2356 1632 Deus
2385 1579 2448 1631 de
2478 1578 2755 1646 lapidibus
2783 1579 2905 1630 istis
2932 1578 3198 1629 suscitare
3228 1577 3368 1640 ﬁlios
3391 1572 3566 1645 Abra-

275 1662 653 1734 diligentibus
675 1663 733 1718 in
756 1664 1094 1733 praecordiis,
1112 1663 1461 1735 pulsantibus
1479 1665 1539 1719 in
1560 1682 1741 1736 prece,
1762 1684 1885 1737 per-
1968 1667 2047 1721 hae
2085 1668 2299 1733 (Matth.
2346 1681 2426 1733 ιιι,
2454 1665 2530 1736 9),
2562 1665 2619 1719 id
2652 1672 2741 1719 est
2768 1665 2839 1719 de
2866 1664 3129 1735 gentibus
3162 1681 3173 1716 :
3210 1662 3359 1733 quod
3391 1667 3449 1716 et
3481 1662 3564 1719 fa-

276 1751 674 1809 severantibus
720 1752 780 1806 in
821 1752 949 1818 ﬁde,
990 1753 1346 1824 sperantibus
1373 1754 1431 1808 in
1480 1754 1879 1823 misericordia,
1903 1737 1949 1796 Β
1967 1760 2119 1811 ctum
2134 1755 2435 1810 credimus.
2453 1755 2598 1820 Quia
2617 1754 2696 1809 illi
2717 1754 2765 1808 si
2787 1754 2886 1807 ﬁlii
2906 1757 3096 1808 essent
3113 1751 3369 1811 Abrahae,
3393 1767 3565 1822 opera

276 1839 384 1910 qui
412 1838 601 1910 palam
628 1838 810 1894 factus
838 1843 924 1893 est
960 1855 1073 1893 non
1098 1838 1476 1910 quaerentibus
1498 1858 1577 1908 se,
1608 1846 1667 1896 et
1699 1842 1885 1896 inven-
1965 1844 2204 1898 Abrahae
2248 1845 2514 1899 facerent.
2559 1843 2719 1898 Unde
2766 1842 2878 1896 illis
2915 1841 3204 1906 abdicatis,
3244 1844 3309 1894 in
3359 1844 3565 1894 semine

277 1934 380 1996 tus
407 1933 496 1983 est
518 1944 555 1983 a
581 1945 697 1983 non
723 1928 1222 2000 interrogantibus.
1879 1986 1883 1991 ,
1965 1933 2203 1988 Abrahae
2231 1935 2616 1987 benedicentur
2644 1948 2832 1985 omnes
2871 1935 3051 1999 gentes
3095 1930 3242 1995 (Gen.
3274 1943 3410 1994 xxn,
3462 1927 3560 1996 l8).

359 2018 790 2090 SequiturzPro
803 2021 1061 2087 patribus
1080 2022 1191 2072 tuis
1209 2022 1479 2074 natisunt
1500 2022 1604 2073 tibi
1616 2023 1745 2088 ﬁlii,
1761 2038 1885 2075 con-
1967 2022 2245 2087 Quoniam
2275 2022 2421 2076 sicut
2456 2022 2551 2075 ille
2579 2021 2638 2074 in
2681 2019 2952 2091 praeputio
2996 2017 3335 2088 justiﬁcatus
3373 2022 3461 2071 est
3505 2017 3564 2071 in

280 2111 485 2161 stitues
515 2124 597 2161 eos
618 2110 898 2176 principes
917 2124 1079 2176 super
1103 2124 1319 2162 omnem
1344 2115 1572 2162 terram.
1598 2109 1887 2164 Laudatur

274 2213 424 2267 ergo
452 2212 661 2268 sponsa
686 2212 752 2250 eo
776 2196 972 2251 ordine
1000 2213 1111 2267 quo
1130 2213 1302 2269 supra
1329 2197 1590 2253 laudatus
1609 2205 1696 2254 est
1724 2215 1887 2271 spon-

277 2302 385 2342 sus
409 2302 447 2339 a
472 2286 659 2341 Patre.
680 2286 969 2341 Laudatur
987 2286 1232 2357 primum
1262 2304 1297 2341 a
1320 2286 1580 2343 domibus
1603 2287 1884 2355 eburneis,

278 2381 347 2430 et
360 2374 743 2431 odoramentis
757 2376 1218 2430 vestimentorum
1229 2419 1237 2427 .
1247 2377 1535 2432 Laudatur
1546 2379 1736 2444 etiam,
1754 2378 1888 2449 quia

277 2465 349 2519 in
372 2464 617 2519 dexteris
644 2464 842 2534 regina
862 2465 1243 2532 constituitur,
1261 2471 1320 2521 et
1347 2466 1530 2521 Patris
1559 2466 1676 2521 ﬁlia
1702 2468 1886 2521 erudi-

274 2557 402 2608 tur.
434 2553 624 2610 Tertio
659 2569 791 2608 vero
819 2554 878 2609 in
908 2553 1174 2610 membris
1197 2554 1313 2609 suis
1344 2555 1589 2625 gloriosa
1617 2555 1885 2627 praedica-

276 2648 401 2696 tur.
431 2642 502 2697 Et
524 2641 646 2699 vide
668 2659 837 2713 quam
864 2649 1123 2715 potenter
1145 2644 1399 2699 ordinem
1422 2644 1666 2699 custodit
1680 2645 1879 2700 laudis.

273 2732 665 2796 Adducenlur,
691 2732 894 2803 inquit,
926 2734 1055 2800 Regi
1068 2736 1317 2803 virgines
1331 2737 1451 2802 post
1470 2749 1594 2787 eam
1617 2737 1887 2803 proxima

274 2824 423 2889 qius,
457 2820 515 2875 id
557 2826 648 2879 est
688 2821 944 2876 Ecclesiae
986 2840 997 2875 :
1042 2822 1174 2893 quia
1202 2821 1360 2893 prius
1388 2822 1577 2877 decuit
1606 2828 1672 2878 ut
1697 2823 1886 2878 unitas

270 2910 408 2980 ejus
427 2909 935 2976 commendaretur,
965 2917 1158 2981 postea
1178 2927 1307 2966 vero
1335 2910 1620 2966 distinctio
1638 2912 1887 2983 partium

274 3004 638 3070 sequeretur.
655 2999 726 3055 Et
742 3004 808 3054 ut
823 3000 1050 3071 copiosa
1068 3000 1321 3055 Ecclesia:
1342 3000 1442 3055 Dei
1464 3017 1702 3056 munera
1726 3019 1886 3057 mon-

272 3093 496 3145 straret
512 3088 865 3152 conferenda,
877 3089 1013 3143 dicit
1027 3105 1150 3143 eam
1164 3089 1223 3144 in
1237 3090 1431 3145 latitia
1443 3096 1501 3145 et
1514 3092 1886 3147 exsultatione

1968 2113 2076 2166 ﬁde
2107 2125 2118 2160 :
2150 2112 2228 2165 ita
2260 2116 2317 2165 et
2357 2127 2458 2165 nos
2487 2111 2545 2164 in
2576 2111 2697 2180 ejus
2726 2110 2838 2163 ﬁde
2866 2107 3261 2178 justiﬁcamur,
3291 2111 3357 2163 ut
3386 2105 3563 2160 simus

1968 2200 2070 2255 ﬁlii
2089 2202 2234 2271 ejus,
2248 2200 2339 2254 cui
2358 2200 2475 2254 haec
2496 2200 2635 2254 ﬁdes
2654 2202 2915 2270 reputata
2943 2206 2983 2263 ι
3000 2201 3191 2263 300
3208 2200 3295 2251 est
3317 2195 3387 2249 ad
3401 2194 3564 2265 justi-

1968 2291 2107 2345 tiam
2138 2292 2309 2357 (Rom.
2344 2304 2416 2355 Iv,
2443 2287 2513 2358 3).

2041 2379 2341 2450 Sequitur:
2375 2380 2582 2433 Memor
2600 2393 2692 2431 ero
2714 2379 2958 2431 nominis
2980 2378 3065 2429 tui
3080 2379 3145 2429 in
3163 2376 3319 2429 omni
3340 2390 3565 2442 genera-

1969 2472 2113 2523 tione
2158 2473 2207 2522 et
2257 2470 2625 2536 generatione.
2680 2466 2844 2520 Prius
2876 2464 3102 2537 quidem
3130 2481 3233 2518 vox
3268 2464 3457 2518 divina
3492 2464 3565 2517 ad

1967 2559 2147 2629 ipsam
2178 2556 2512 2629 loquebatur
2540 2556 2873 2622 Ecclesiam;
2907 2571 3056 2609 nunc
3078 2560 3267 2608 autem
3298 2571 3328 2608 e
3349 2558 3568 2608 contrap

1970 2646 2070 2712 rio,
2095 2646 2241 2700 sicut
2259 2662 2426 2716 quam
2448 2661 2593 2716 saepe
2618 2645 2695 2707 ﬁt,
2721 2643 2963 2697 maxime
2983 2643 3041 2697 in
3062 2641 3365 2713 prophetis,
3382 2646 3567 2695 mutat

1968 2751 2284 2806 personam,
2314 2739 2371 2788 et
2398 2750 2497 2806 pro
2528 2732 2787 2788 omnibus
2821 2731 3119 2798 beneﬁciis,
3149 2747 3277 2785 cum
3308 2746 3371 2785 se
3396 2730 3565 2784 intel-

1969 2824 2104 2878 lexit
2147 2823 2528 2889 sublimatam,
2575 2821 2820 2893 praemiis
2867 2821 3123 2885 ditatum,
3172 2819 3447 2875 convertit
3491 2819 3562 2873 ad

1967 2912 2155 2984 ipsum
2184 2928 2451 2983 sponsum
2474 2927 2662 2965 vocem
2696 2926 2880 2975 suam,
2909 2915 2967 2964 et
2995 2910 3287 2980 pollicetur
3306 2908 3564 2963 recorda-

1968 3007 2157 3057 turam
2191 3001 2434 3055 nominis
2455 3001 2576 3071 ejus
2606 3000 2665 3054 in
2692 2999 2844 3054 omni
2870 2998 3234 3070 generatione
3255 3003 3313 3052 et
3337 3013 3568 3068 genera-

1971 3091 2147 3157 tione,
2167 3091 2226 3145 id
2257 3096 2340 3144 est
2369 3090 2428 3144 in
2459 3089 2673 3144 cunctis
2690 3086 3148 3159 generationibus
3169 3087 3356 3142 saeculi
3380 3106 3391 3140 :
3415 3087 3568 3157 quod

286 3182 547 3243 nm
568 3176 897 3232 ministeriis
922 3177 1305 3233 adducendam
1316 3179 1776 3250 angelicis-Quod
1791 3197 1887 3235 au-
1968 3180 2153 3235 adhuc
2182 3179 2347 3234 hodie
2376 3179 2708 3249 completur,
2743 3184 2799 3232 et
2829 3177 3168 3247 completum
3197 3176 3449 3230 videmus
3486 3176 3570 3231 in-

274 3272 404 3322 tem
433 3266 775 3322 adducendae
797 3266 932 3324 sint.
946 3267 1211 3321 continuo
1240 3268 1521 3323 subnectit
1544 3269 1885 3325 dicenszAd-
1967 3274 2214 3333 tantum,
2241 3274 2307 3322 ut
2333 3284 2533 3322 nomen
2577 3266 2785 3322 Christi
2815 3265 2921 3320 sibi
2950 3265 3285 3336 imposuerit
3311 3265 3435 3336 ipsa
3462 3264 3571 3319 Ec-

273 3358 564 3410 ducentur
590 3357 665 3410 ad
694 3360 959 3425 templum
983 3358 1154 3425 Regis.
1186 3359 1270 3412 Ad
1299 3363 1563 3427 templum
1585 3364 1773 3413 autem
1806 3360 1888 3415 di-
1969 3358 2153 3412 clesia.
2182 3357 2341 3412 Unde
2367 3373 2563 3410 omnes
2591 3355 2949 3410 Christiania
2969 3354 3190 3409 Christo
3212 3360 3345 3408 sunt
3363 3354 3565 3421 vocati,

276 3445 380 3509 cit,
412 3444 575 3516 quasi
599 3445 672 3499 ad
699 3444 1010 3500 thalamum
1042 3452 1143 3501 aut
1165 3447 1236 3501 ad
1266 3448 1594 3515 sacrarium,
1621 3448 1717 3502 ubi
1752 3464 1888 3519 gau-
1970 3446 2040 3501 ob
2068 3446 2512 3501 recordationem
2544 3450 2600 3499 et
2639 3444 3043 3498 confessionem
3070 3443 3313 3497 nominis
3337 3442 3568 3509 Christi,

274 3534 444 3588 dium
475 3539 561 3589 est
586 3538 644 3589 et
662 3534 910 3604 gloriosa
934 3535 1249 3590 exsultatio.
1280 3536 1493 3612 Deinde
1516 3537 1586 3591 ad
1621 3537 1885 3591 ultimum
1970 3536 2119 3609 quod
2149 3541 2238 3589 est
2265 3550 2471 3589 nomen
2502 3533 2801 3599 novum,in
2819 3533 2935 3603 quo
2954 3531 3356 3588 benedicentur
3375 3548 3570 3587 omnes

278 3624 525 3694 Regina,
547 3640 668 3695 quae
690 3640 726 3678 a
752 3624 997 3679 dexteris
1021 3625 1122 3679 Dei
1154 3626 1413 3680 ordinata
1434 3627 1694 3682 consistit
1719 3628 1888 3683 virtu-
1968 3624 2194 3680 familia:
2213 3623 2489 3695 gentium.
2510 3625 2575 3678 In
2600 3638 2711 3693 quo
2733 3622 2961 3676 nomine
2982 3628 3039 3675 et
3065 3636 3180 3685 vos,
3204 3620 3565 3688 charissima),

275 3712 458 3778 tibus,
492 3718 768 3784 quantum
795 3714 1094 3785 profecerit
1125 3715 1471 3770 incremento
1500 3716 1766 3771 doctrinae
1792 3718 1883 3772 in-
1971 3715 2062 3769 hic
2086 3719 2400 3785 aggregatsa
2430 3713 2583 3779 estis,
2616 3727 2833 3783 sponsae
2861 3710 3037 3781 ipsius
3066 3715 3123 3763 et
3150 3708 3425 3774 membra,
3446 3724 3571 3779 per-

275 3802 498 3867 sinuat,
517 3818 647 3858 cum
668 3802 926 3866 infertur,
950 3806 1057 3858 Pro
1068 3807 1327 3872 patribus
1350 3808 1460 3859 tuis
1488 3808 1612 3859 nati
1632 3812 1765 3861 sunt
1786 3808 1889 3860 tibi
1970 3808 2288 3859 severantes
2333 3802 2392 3856 in
2442 3801 2788 3857 confessione
2836 3798 3080 3854 nominis
3106 3800 3255 3869 ejus.
3299 3796 3570 3852 Mirabilis

277 3895 415 3961 ﬁlii.
436 3891 713 3956 Quoniam
744 3892 816 3946 ad
844 3893 1014 3948 ﬁnem
1040 3909 1220 3964 usque
1244 3894 1430 3949 saeculi
1455 3896 1709 3966 Magistri
1732 3912 1796 3950 ex
1820 3913 1889 3951 ea
1969 3893 2198 3965 quidem
2216 3892 2419 3963 gloria.
2442 3896 2499 3945 et
2518 3890 2878 3945 ecclesiarum
2899 3904 3185 3943 summum
3206 3886 3565 3958 prmeoniuln,

277 3997 400 4037 non
429 3980 685 4046 deerunt,
718 3981 814 4051 qui
842 3987 899 4036 et
926 3999 1027 4053 pro
1056 3983 1387 4053 parentibus
1426 3984 1793 4051 honorentur,
1830 3991 1889 4041 et
1969 3982 2118 4037 inter
2143 3987 2259 4037 tam
2291 3980 2630 4051 multiplices
2660 3979 2952 4033 hominum
2986 3976 3384 4042 successiones,
3416 3991 3566 4030 nun-

277 4070 533 4125 ﬁliorum
558 4075 686 4125 vota
710 4071 1045 4143 compleant,
1069 4076 1135 4126 ut
1152 4072 1269 4126 sint
1286 4078 1474 4144 patres
1493 4074 1662 4129 simul
1683 4080 1741 4130 et
1760 4077 1879 4141 ﬁlii,

278 4173 359 4214 ne
385 4156 614 4213 aliunde
634 4174 803 4229 quam
828 4175 893 4214 ex
915 4175 982 4214 ea
1001 4160 1122 4213 nati
1140 4160 1453 4227 videantur,
1488 4168 1546 4217 et
1569 4164 1707 4218 ﬁdes
1734 4165 1883 4235 peri-

278 4246 517 4301 clitetur
548 4266 560 4300 :
592 4252 658 4301 ut
682 4252 818 4319 puta
844 4264 944 4320 pro
974 4248 1324 4319 patriarchis,
1369 4252 1654 4322 prophetae
1683 4259 1740 4308 et
1786 4272 1886 4327 pro

280 4335 580 4409 prophetis
608 4336 867 4407 apostoli,
886 4337 1076 4408 sicque
1096 4338 1358 4410 deinceps
1383 4341 1721 4411 apostolicus
1753 4345 1889 4400 ordo

279 4431 580 4497 sequatur,
609 4432 674 4481 ut
700 4427 775 4481 sit
798 4443 946 4482 unus
976 4427 1227 4482 omnium
1250 4445 1443 4484 eorum
1471 4429 1717 4485 ﬁliorum
1749 4433 1891 4489 Core

284 4516 612 4571 intellectus
640 4517 699 4571 in
730 4517 992 4582 Ecclesia,
1023 4533 1058 4570 a
1084 4517 1358 4590 principio
1387 4535 1565 4591 usque
1593 4522 1663 4575 ad
1698 4524 1887 4592 ﬁnem,

285 4606 560 4677 quoniam
581 4606 641 4663 in
661 4606 923 4667 omnibus
942 4609 1022 4662 sic
1040 4615 1384 4679 propagatur
1405 4614 1463 4663 et
1484 4610 1744 4665 Ecclesia.
1769 4612 1893 4667 Cte-

283 4700 480 4750 terum
508 4694 555 4749 si
584 4696 655 4749 ad
684 4712 808 4751 eam
837 4697 1087 4768 loquitur
1106 4703 1326 4753 tantum
1356 4699 1446 4753 cui
1475 4698 1708 4768 dixerat,
1748 4701 1891 4757 Obli-

286 4786 495 4839 eiscere
508 4788 779 4854 populum
810 4791 989 4853 tuum,
1023 4803 1089 4841 ex
1116 4786 1379 4857 gentibus
1407 4787 1675 4844 debemus
1701 4795 1889 4861 patres

288 4890 481 4940 nosse,
513 4874 715 4946 quibus
742 4875 845 4929 ﬁlii
875 4876 994 4930 nati
1033 4882 1183 4942 sunt,
1210 4893 1410 4937 .Omnes
1444 4877 1593 4932 idola
1620 4878 1886 4937 colentes.

286 4963 376 5019 De
404 4963 609 5035 quibus
635 4964 950 5021 Hieremias
976 4966 1196 5021 locutus
1220 4972 1324 5033 est,
1349 4968 1527 5035 Quam
1553 4970 1692 5036 false
1716 4984 1891 5037 posse-

284 5054 498 5109 derunt
526 5058 707 5118 patres
750 5058 930 5109 nostri
958 5056 1125 5121 idola,
1159 5061 1216 5110 at
1254 5072 1365 5110 non
1395 5061 1470 5111 est
1500 5060 1600 5127 qui
1638 5060 1799 5126 ptuat
1828 5060 1890 5112 in

283 5148 365 5199 eis
406 5145 540 5210 (Jer.
571 5158 681 5208 xiv,
717 5142 833 5212 2'2),
864 5161 963 5200 seu
992 5146 1372 5218 philosophos,
1404 5147 1696 5201 Platonem
1737 5147 1889 5201 scili-

285 5239 381 5289 cet
406 5239 467 5288 et
489 5233 867 5300 Aristotelem,
892 5252 1108 5291 necnon
1134 5241 1191 5290 et
1210 5235 1473 5307 reliquos,
1498 5253 1638 5307 quos
1666 5252 1892 5291 enume-

285 5339 421 5378 rare
438 5324 667 5395 longum
690 5330 796 5391 est,
819 5324 1165 5380 diversorum
1184 5325 1512 5396 dogmatum
1533 5325 1618 5379 vel
1635 5341 1890 5380 errorum

287 5413 618 5484 magistros.
648 5414 759 5469 Pro
795 5414 1000 5487 quibus
1039 5414 1300 5470 omnibus
1328 5414 1447 5469 nati
1475 5420 1607 5469 sunt
1636 5414 1891 5469 Ecclesia;

287 5502 361 5557 de
387 5501 656 5573 gentibus
681 5502 834 5570 ﬁliis,
865 5503 1120 5560 doctores
1152 5503 1363 5559 scilicet
1387 5509 1444 5558 et
1469 5507 1731 5570 rectores,
1768 5519 1890 5575 quae

287 5590 587 5659 «astitit
612 5591 892 5665 principes
916 5593 1009 5651 vel
1030 5592 1366 5666 magistros;
1399 5608 1465 5648 ac
1494 5592 1542 5649 si
1569 5592 1677 5666 ipsi
1705 5590 1892 5649 Εοοιεγ

1972 4088 2139 4144 quam
2170 4072 2338 4125 ﬁnem
2385 4069 2567 4124 laudis
2593 4067 2819 4122 habere.
2855 4066 2963 4122 Sed
3005 4064 3304 4136 gloriosior
3329 4065 3389 4119 in
3416 4064 3572 4119 vobis

1971 4167 2139 4232 atque
2155 4160 2386 4225 felicior,
2400 4176 2523 4230 quae
2544 4173 2832 4229 nunquam
2853 4173 2888 4210 a
2906 4157 3073 4211 laude
3091 4155 3324 4210 cessatis
3342 4154 3401 4209 in
3417 4152 3573 4208 omni

1972 4250 2111 4304 hora
2131 4257 2189 4303 et
2214 4248 2352 4303 loco.
2369 4248 2512 4312 Quia
2532 4248 2867 4319 inquantum
2889 4245 3190 4300 inﬁrmitas
3206 4243 3395 4299 carnis
3412 4242 3566 4310 sinit,

1973 4338 2187 4409 angelis
2239 4337 2516 4409 coaequari
2574 4340 2701 4391 voto
2748 4336 2955 4392 velitis.
2996 4334 3155 4390 Unde
3201 4334 3373 4389 etiam
3408 4339 3466 4388 et
3512 4333 3574 4388 in

1973 4428 2175 4482 saeculo
2224 4427 2537 4499 gratiarum
2585 4425 2732 4480 actio
2766 4426 2897 4496 jure
2926 4423 3279 4496 persolvitur,
3311 4438 3378 4477 eo
3421 4422 3571 4493 quod

1971 4517 2185 4588 fragilis
2216 4522 2274 4571 et
2315 4515 2642 4570 immundus
2669 4514 2929 4581 vincitur,
2962 4518 3019 4567 et
3058 4513 3115 4566 in
3144 4511 3309 4567 terris
3331 4512 3451 4582 jam
3479 4511 3572 4566 fu-

1971 4612 2101 4661 tura
2129 4606 2259 4671 vita,
2294 4605 2389 4659 ubi
2414 4603 2758 4675 incorruptio
2779 4607 2999 4674 regnat,
3027 4602 3467 4656 demonstratur.

2042 4699 2350 4764 Propterea,
2374 4694 2575 4765 inquit,
2585 4696 2778 4763 populi
2797 4693 3203 4759 conﬁtebuntur
3219 4691 3323 4744 tibi
3340 4694 3404 4745 in
3423 4695 3573 4745 ater-

1974 4802 2132 4849 num,
2150 4786 2277 4838 etin
2295 4787 2558 4837 saeculum
2579 4784 2782 4837 saeculi.
2805 4782 2941 4846 Qum
2958 4779 3230 4835 confessio
3250 4780 3326 4835 sit
3335 4783 3567 4847 aeterna,

1973 4875 2106 4947 quia
2136 4889 2268 4927 vera
2297 4878 2355 4926 et
2382 4872 2494 4943 pia.
2541 4870 2753 4926 Idcirco
2780 4887 2903 4942 quae
2950 4868 3457 4942 impraesentiarum
3486 4875 3574 4925 est

1968 4963 2281 5035 gratiarum
2311 4962 2475 5028 actio,
2507 4961 2646 5025 laus,
2680 4961 2767 5014 vel
2792 4959 3088 5025 confessio,
3119 4961 3241 5030 jam
3266 4958 3458 5015 futura
3484 4962 3573 5014 est

1970 5054 2084 5108 vita
2110 5053 2168 5107 in
2205 5051 2471 5107 saeculum
2509 5049 2696 5104 saeculi
2727 5065 2739 5104 :
2768 5049 2902 5120 quia
2926 5049 3047 5121 ipsa
3070 5048 3269 5120 incipit
3295 5064 3417 5102 esse
3447 5063 3573 5119 quae

1971 5157 2340 5215 permansura
2378 5144 2463 5195 est
2509 5138 2568 5194 in
2598 5144 2892 5206 aeternum,
2924 5154 3036 5209 quo
3064 5138 3185 5193 sola
3210 5136 3455 5191 charitas
3482 5152 3569 5191 re-

1970 5238 2111 5304 gnat
2138 5236 2318 5299 morte
2345 5230 2579 5285 devicta.
2597 5228 2953 5300 Quapropter
2970 5226 3155 5282 adhuc
3173 5226 3233 5280 in
3259 5232 3458 5295 agone,
3490 5225 3574 5280 di-

1973 5322 2308 5386 lectissime,
2331 5319 2465 5392 quia
2484 5335 2608 5390 qua;
2632 5318 2926 5390 praesentis
2952 5316 3079 5372 vita:
3108 5320 3242 5370 sunt
3264 5314 3568 5382 devicistis,

1974 5410 2117 5466 nihil
2144 5413 2319 5464 restat
2346 5409 2453 5463 nisi
2481 5413 2547 5464 ut
2566 5424 2749 5479 usque
2771 5408 2831 5462 in
2859 5408 3027 5461 ﬁnem
3059 5409 3480 5477 perseverantes
3495 5404 3568 5458 il-

1971 5502 2082 5557 lam
2113 5500 2436 5574 percipiatis
2462 5505 2683 5573 partem
2711 5498 3066 5570 sempiternae
3093 5495 3237 5563 vita,
3261 5510 3430 5567 quam
3458 5494 3569 5550 ele-

1969 5591 2150 5666 gistis.
2183 5590 2327 5657 Quia
2356 5591 2559 5657 Maesia,
2590 5593 2735 5646 teste
2762 5586 3018 5653 Domino,
3052 5588 3320 5657 optimam
3343 5587 3571 5655 partem.
