3918 6166
434 294 570 355 1055
1193 297 1250 353 S.
1292 296 1675 353 PASCHASII
1704 295 2068 352 RADBERTI
2104 296 2408 353 ABBATIS
2445 294 2938 353 CORBEIENSIS.
3534 300 3642 360 [(56

426 429 587 495 elegit
621 428 772 495 (Luc.
803 441 857 492 x,
886 426 996 495 42).
1029 426 1170 482 Novi
1197 425 1373 497 igitur
1408 422 1556 494 quod
1585 421 1809 477 beatam
1838 421 2026 494 Virgi~
2042 426 2087 484 Α
2109 420 2324 494 obtegit
2341 427 2401 477 et
2427 422 2596 478 volvit
2614 422 2820 486 aureis,
2848 422 2983 494 quia
3008 439 3134 478 eum
3154 439 3315 495 quem
3334 425 3514 498 diligit,
3524 428 3648 485 intus

426 529 556 568 nem
589 514 895 585 plurimum
943 515 1191 586 diligatis
1236 514 1492 576 Mariam,
1539 513 1697 582 cujus
1729 512 1904 567 cultui
1937 529 2030 566 vos
2110 510 2402 566 abscondit
2430 528 2558 566 cum
2586 512 2877 577 charitate,
2918 527 3085 582 quam
3116 512 3254 567 nihil
3280 515 3337 568 in
3360 516 3545 571 mundo
3567 535 3649 590 po-

428 602 815 675 mancipastis.
849 604 1007 659 Unde
1036 604 1111 658 sit
1146 603 1301 657 vobis
1326 608 1597 673 tanquam
1624 601 1681 655 in
1704 601 2023 672 imaginem,
2111 605 2223 655 test
2246 600 2560 665 devincere,
2593 616 2777 670 neque
2802 600 2931 655 ullis
2961 600 3167 655 violare
3208 601 3492 658 fraudibus.
3520 606 3652 669 Quod

428 690 554 763 ipsa
582 693 704 763 ejus
740 693 1021 764 descripta
1040 691 1351 763 virginitas,
1375 690 1450 744 sit
1481 690 1539 745 in
1568 691 1880 762 exemplum
1904 691 2027 761 ejus
2109 705 2238 743 vero
2268 689 2328 743 in
2357 689 2653 744 scutulatis
2682 689 2883 744 vestita
2909 689 3064 761 virgo
3090 690 3330 758 dicitur;
3363 691 3474 763 ipsa
3504 694 3653 749 varie-

429 780 735 847 humilitas,
755 798 1059 852 omnesque
1091 780 1327 835 virtutes
1354 781 1477 850 ejus
1511 780 1692 834 forma
1716 779 2028 850 pulchritu-
2107 782 2215 845 tas,
2245 783 2310 832 ut
2352 795 2499 849 saepe
2526 778 2738 833 dictum
2777 784 2880 842 est,
2918 778 3185 833 virtutum
3226 779 3543 851 designatur.
3579 783 3658 838 Est

430 869 597 924 dinis.
632 870 766 933 Quae
804 875 939 924 tunc
967 886 1091 924 eam
1122 886 1252 923 vere
1290 868 1543 940 diligitis,
1576 868 1623 922 si
1654 868 1865 923 imitari
1893 885 2026 923 con-
2110 867 2262 922 enim
2284 868 2566 923 scutulata
2588 868 2777 933 vestis,
2817 884 2940 939 qua
2975 867 3107 922 alibi
3128 868 3435 939 stragulam
3448 875 3655 925 vocatur.

425 958 657 1012 tenditis
688 977 699 1011 :
732 959 778 1012 si
803 958 1078 1029 refulgeat
1104 957 1260 1012 vobis
1294 958 1351 1012 in
1388 957 1614 1028 speculo
1641 958 1936 1025 castitatis,
1972 963 2031 1012 et
2111 957 2192 1011 De
2245 973 2356 1028 quo
2404 956 2687 1021 Salomon,
2721 972 2846 1011 cum
2897 957 2967 1011 de
3013 957 3249 1012 muliere
3295 958 3434 1024 forti,
3466 975 3573 1030 qua:
3594 965 3662 1014 est

429 1046 478 1100 si
522 1046 697 1101 fuerit
738 1047 950 1118 species
996 1047 1239 1102 virtutis.
1274 1046 1489 1102 Sumite
1521 1045 1591 1100 ab
1638 1046 1735 1101 illa
1777 1047 2032 1119 exempla
2113 1046 2378 1107 Ecclesia,
2411 1046 2761 1117 loqueretur,
2790 1045 2907 1099 ait:
2940 1046 3332 1114 Stragulatam
3359 1053 3535 1102 vestem
3562 1050 3661 1116 fecit

427 1134 924 1201 vivendi,formam
946 1136 1226 1208 pudicitiae
1242 1136 1297 1190 in
1320 1151 1432 1206 qua
1449 1139 1582 1190 sunt
1597 1134 1922 1206 magisteria
1942 1153 2031 1191 ex-
2109 1137 2235 1201 sibi,
2285 1136 2474 1204 byssus
2516 1140 2567 1189 et
2607 1150 2865 1204 purpura
2896 1137 3292 1190 indumentum
3318 1140 3447 1205 ejus.
3488 1136 3665 1200 Quibus

427 1239 625 1295 pressa
663 1224 976 1295 probitatis,
1021 1225 1154 1296 quid
1204 1224 1502 1296 corrigere,
1566 1224 1699 1295 quid
1751 1225 2027 1296 refugere,
2110 1222 2329 1277 duobus
2356 1222 2499 1278 bene
2535 1224 2818 1278 scutulata
2844 1223 3013 1277 vestis
3054 1223 3287 1279 texitur.
3319 1224 3521 1279 Dicitur
3545 1224 3663 1278 enim

439 1317 670 1380 I80]
705 1314 846 1384 quid
874 1319 1068 1368 tenere
1097 1312 1369 1369 debeatis.
1398 1314 1542 1367 Nam
1569 1314 1755 1385 prima
1781 1313 2029 1369 discendi
2111 1312 2393 1368 scutulata
2419 1318 2650 1385 propter
2677 1313 2841 1368 orbes
2870 1318 3120 1367 rotarum
3145 1313 3427 1379 candidos,
3446 1321 3537 1369 aut
3552 1316 3666 1369 alte-

426 1401 812 1468 incitamenta,
836 1402 1097 1456 nobilitas
1129 1418 1228 1456 seu
1258 1402 1410 1456 fama
1434 1402 1691 1471 magistri
1719 1408 1822 1457 est.
1856 1404 2031 1458 Fama
2111 1403 2228 1458 rius
2252 1403 2581 1469 venustatis,
2606 1419 2746 1474 quos
2780 1401 2951 1457 habet
2968 1402 3118 1456 inter
3143 1419 3471 1474 purpuram,
3489 1420 3576 1458 seu
3592 1421 3669 1458 cu-

429 1495 622 1545 autem
642 1489 820 1544 beata:
841 1490 1072 1560 virginis
1091 1496 1195 1556 est,
1217 1490 1350 1562 quia
1374 1482 1727 1546 beatificatur
1746 1491 1815 1546 ab
1844 1492 2028 1546 omni-
2105 1491 2340 1563 juslibet
2380 1491 2729 1547 admirabilis
2770 1490 3251 1563 pulchritudinem
3286 1492 3495 1547 coloris.
3520 1493 3665 1556 Quam

429 1577 554 1642 bus,
570 1578 701 1648 quia
716 1578 1005 1633 humilitas
1026 1580 1148 1649 ejus
1176 1585 1434 1651 respectu
1456 1584 1558 1634 est.
1577 1580 1852 1635 Nobilitas
1876 1597 2024 1649 vero,
2109 1581 2311 1636 stolam
2342 1598 2442 1636 seu
2469 1587 2679 1635 vestem
2701 1586 2802 1635 aut
2829 1580 3076 1645 fasciam,
3103 1597 3219 1635 non
3240 1580 3447 1635 habent
3462 1581 3561 1636 nisi
3580 1582 3670 1635 vir-

430 1666 579 1738 quod
601 1666 745 1720 nihil
764 1667 865 1720 Dei
886 1673 1067 1722 matre
1096 1667 1339 1723 nobilius
1359 1673 1471 1736 est;
1505 1669 1647 1723 nihil
1681 1670 2028 1741 splendidius
2054 1738 2080 1741 Δ
2108 1670 2289 1741 gines,
2315 1686 2438 1741 quae
2461 1685 2739 1724 mammas
2755 1668 2952 1739 ligant,
2975 1685 3047 1723 ne
3066 1669 3428 1724 inveniantur
3440 1670 3670 1725 lactantes

430 1771 516 1821 ea,
539 1771 709 1825 quam
738 1755 1002 1827 splendor
1024 1762 1270 1827 paterna:
1292 1757 1486 1827 gloriae
1514 1758 1685 1828 elegit
1706 1738 1764 1813 et
1786 1758 2029 1814 illustra-
2048 1738 2168 1813 Bet
2195 1738 2528 1813 nutrientes.
2560 1758 2696 1822 Quae
2723 1738 3090 1827 cogitationes
3121 1762 3328 1829 tegunt
3354 1763 3410 1812 et
3434 1759 3670 1813 constrin-

426 1845 534 1906 vit;
566 1844 708 1898 nihil
737 1846 944 1900 castius
977 1862 1062 1910 ea,
1086 1863 1210 1917 qum
1239 1847 1417 1901 Deum
1449 1847 1733 1901 hominem
1755 1847 1875 1902 sine
1903 1865 2026 1902 cor-
2107 1853 2283 1918 gunt;
2321 1847 2454 1918 quia
2482 1847 2674 1901 omnia
2694 1846 2800 1900 sibi
2831 1846 2978 1900 dona
2998 1863 3269 1901 concessa
3287 1852 3344 1902 et
3365 1852 3669 1903 sacramenta

429 1934 581 2005 poris
600 1934 933 2005 contagione
951 1935 1259 2005 generavit.
1279 1936 1460 1999 Quam
1475 1940 1753 1991 tuncvere
1772 1936 2022 2006 diligitis,
2110 1936 2278 2007 Regis
2315 1936 2372 1991 in
2414 1943 2639 2008 pectore
2675 1935 2881 1999 fovent,
2930 1940 3245 2007 contegunt
3292 1942 3349 1991 et
3395 1936 3669 1997 enutriunt.

429 2023 477 2078 si
501 2039 626 2078 eam
653 2023 954 2095 sequimini
984 2023 1231 2079 moribus
1251 2030 1309 2079 et
1338 2024 1452 2079 vita
1479 2041 1545 2079 ex
1574 2030 1712 2092 toto,
1739 2042 1862 2097 quae
1888 2026 2027 2080 nihil
2110 2042 2403 2097 quousque
2432 2029 2657 2097 tempus
2677 2024 2931 2079 evolandi
2950 2025 3081 2079 hinc
3101 2025 3313 2092 veniat,
3337 2031 3401 2079 ut
3422 2041 3671 2081 renascan-

429 2113 583 2168 aliud
612 2129 780 2183 quam
820 2113 995 2168 Deum
1029 2113 1241 2168 dilexit.
2108 2119 2223 2181 tur,
2254 2114 2313 2168 in
2338 2114 2560 2170 omium.

501 2200 754 2264 Habetis,
802 2201 1161 2264 charissimee,
1204 2218 1383 2273 nugas
1439 2203 1538 2257 otii
1579 2202 1690 2257 mei
1748 2221 1761 2255 :
1809 2202 2028 2259 habetis
2182 2203 2341 2258 Unde
2359 2202 2647 2275 sequitur:
2674 2203 3033 2259 Adducentur
3052 2204 3186 2272 Regi
3200 2205 3442 2273 virgines
3454 2208 3564 2272 post
3578 2218 3670 2256 eam

432 2290 576 2361 quod
609 2289 777 2343 matri
796 2290 927 2344 olim
951 2307 1204 2345 voveram
1233 2310 1245 2357 ;
1277 2308 1388 2345 non
1416 2292 1564 2362 quod
1594 2291 1829 2347 idoneus
1846 2309 2025 2348 essem
2110 2297 2373 2363 proxime
2405 2297 2541 2363 ejus.
2578 2293 2888 2361 Oﬂcrentur
2917 2295 2980 2345 in
3017 2294 3216 2347 laetitia
3251 2297 3304 2346 et
3338 2293 3671 2353 exsultatione,

431 2378 620 2433 divina
641 2379 863 2449 explere
882 2379 1050 2450 digne
1070 2386 1423 2435 sacramenta
1446 2380 1503 2434 in
1538 2380 1705 2434 titulo
1726 2381 1899 2443 dotis;
1933 2383 2031 2437 sed
2113 2384 2539 2437 adducenturin
2563 2383 2829 2451 templum
2844 2383 3018 2449 Regis.
3032 2379 3138 2436 Ubi
3148 2382 3320 2452 juxta
3331 2380 3671 2453 Septuaginta,

430 2474 496 2523 ut
519 2467 868 2522 devotionem
898 2468 1110 2523 servitii
1142 2468 1585 2541 comprobarem.
1606 2470 1735 2525 Ideo
1763 2471 2034 2542 epithala-
2115 2472 2271 2544 prior
2298 2471 2603 2527 versiculus
2630 2471 2813 2525 adhuc
2843 2470 2912 2525 de
2947 2470 3075 2525 filiae
3104 2470 3336 2526 canitur
3373 2475 3576 2533 ornatu,
3603 2484 3650 2521 se

430 2557 606 2612 mium
634 2557 962 2627 gloriosum,
997 2558 1144 2628 quod
1190 2559 1472 2631 Propheta
1499 2576 1627 2614 cum
1659 2561 2032 2616 exsultatione
2115 2577 2293 2632 quens
2331 2561 2403 2615 ad
2440 2561 2625 2632 ipsum
2663 2560 2873 2629 Regem
2908 2558 3199 2630 dirigitur.
3242 2558 3546 2614 Secundum
3586 2556 3674 2611 He-

430 2650 826 2704 decantaverat
844 2650 1186 2721 percucurri,
1210 2655 1274 2705 ut
1298 2668 1562 2722 sponsum
1592 2651 1747 2706 vobis
1769 2655 2029 2708 ostende-
2114 2649 2362 2704 braicum
2385 2654 2575 2703 autem
2595 2665 2659 2702 ex
2678 2647 2899 2718 integro
2921 2648 2992 2701 ad
3017 2663 3291 2718 sponsam
3307 2647 3520 2713 dicitur,
3529 2661 3675 2717 usque

432 2753 571 2803 rem,
618 2754 785 2809 quem
815 2738 1073 2792 Psalmus
1101 2738 1371 2810 depingit,
1406 2756 1471 2793 ac
1500 2739 1547 2793 si
1581 2740 1638 2793 in
1668 2740 1814 2794 dotis
1843 2740 2026 2807 titulo,
2112 2739 2184 2793 ad
2213 2755 2341 2793 eum
2372 2739 2556 2792 locum
2589 2736 2682 2792 ubi
2702 2737 2974 2807 scriptum
3006 2741 3126 2790 est:
3155 2738 3328 2791 Panes
3346 2753 3427 2791 eos
3440 2737 3676 2805 principe:

432 2826 704 2899 inclytum
742 2827 901 2880 valde
938 2832 998 2882 et
1022 2828 1338 2898 speciosum
1376 2845 1490 2898 prae
1518 2827 1797 2889 omnibus,
1827 2829 2034 2898 glorio-
2115 2830 2180 2881 in
2209 2830 2472 2881 universa
2504 2832 2675 2880 terra.
2722 2825 2833 2880 Sed
2861 2823 3146 2879 distinctio
3178 2841 3442 2880 versuum
3479 2822 3674 2879 nimiam

434 2932 560 2971 sum
589 2916 647 2970 in
676 2915 910 2981 cunctis,
935 2924 992 2969 et
1016 2916 1407 2985 gratiosiorem
1438 2916 1734 2970 universis.
1758 2917 2031 2987 Sponsam
2113 2931 2259 2986 saepe
2290 2914 2613 2985 Scripturis,
2651 2913 2891 2968 maxime
2915 2919 3108 2968 tamen
3154 2913 3219 2968 in
3248 2913 3474 2986 psalmis
3496 2917 3549 2968 et
3572 2927 3675 2983 pro-

432 3021 655 3077 quoque
701 3003 947 3059 mirabili
993 3003 1264 3057 varietate
1310 3009 1659 3057 exornatam.
1710 3003 2032 3058 Celebratas
2114 3004 2319 3076 phetis,
2358 3003 2490 3057 facit
2515 3001 2959 3073 ambiguitatem,
2994 3007 3053 3056 et
3078 3002 3354 3059 immutat
3379 3018 3576 3057 sensus.
3604 2998 3674 3054 Si-

430 3092 699 3164 spiritalis
742 3091 990 3162 conjugii
1036 3092 1281 3163 nuptias,
1317 3091 1557 3145 maxime
1602 3091 1658 3144 in
1699 3091 2323 3163 virginibus,Cmiliter
2375 3099 2433 3146 et
2487 3091 2807 3146 immutatio
2860 3107 3258 3163 personarum,
3300 3091 3443 3163 quod
3494 3090 3547 3145 in
3591 3088 3675 3142 hoc

433 3181 551 3236 Deo
597 3186 853 3250 acceptas
898 3180 1138 3245 ostendi,
1180 3180 1237 3233 in
1279 3179 1481 3250 quibus
1516 3187 1836 3251 perseverat
1870 3198 2031 3236 amor
2112 3181 2335 3235 Psalmo
2362 3180 2657 3238 manifeste
2687 3180 3021 3235 declaratur.
3053 3180 3220 3236 Unde
3252 3186 3311 3235 et
3336 3180 3423 3235 hic
3446 3177 3579 3250 quod
3602 3175 3671 3231 di-

425 3269 721 3334 castitatis,
741 3274 798 3323 et
826 3268 883 3322 in
913 3269 1067 3322 nullo
1092 3268 1416 3323 obfuscatur
1439 3270 1620 3341 pudor
1643 3269 1987 3341 integritatis
2011 3291 2023 3325 :
2108 3269 2310 3335 ximus,
2334 3273 2398 3323 in
2425 3271 2742 3335 scutulatis,
2761 3269 2892 3323 huic
2914 3269 3100 3323 versui
3124 3269 3458 3342 applicatur,
3475 3273 3527 3322 et
3544 3265 3673 3338 prin-

425 3358 488 3413 in
517 3356 719 3429 quibus
742 3357 971 3411 castitas
999 3363 1210 3412 aeterna
1228 3358 1460 3429 fragrat,
1480 3358 1759 3413 vinculum
1774 3360 2029 3430 perfecta:
2109 3358 2317 3428 cipium
2345 3358 2496 3412 facit.
2526 3360 2589 3413 In
2616 3359 2910 3412 scutulatis
2929 3360 3209 3412 ducentur
3236 3361 3311 3413 ad
3331 3360 3507 3426 Regem
3534 3355 3673 3422 virgi-

427 3446 742 3503 dilectionis
771 3446 926 3502 nullo
954 3445 1276 3501 dissolvitur
1306 3448 1435 3503 fine.
1460 3448 1711 3511 Quarum
1739 3448 2027 3504 thalamus
2110 3464 2222 3511 nes,
2255 3453 2305 3501 et
2348 3452 2644 3517 sequentur
2683 3464 2805 3501 eam
2833 3450 3025 3501 amicas
3055 3450 3193 3516 ejus.
3231 3451 3506 3503 Ducentur
3540 3445 3670 3505 illuc,

426 3551 541 3593 una
567 3540 653 3590 est
681 3535 898 3601 domus,
926 3550 1151 3605 unaque
1179 3535 1372 3590 laetitia
1394 3536 1565 3608 jugis.
1591 3537 1726 3601 Quae
1749 3537 1939 3591 omnia
1966 3537 2026 3593 in
2106 3538 2383 3591 ducentur
2402 3540 2465 3590 in
2484 3538 2690 3590 lxtitiis
2708 3542 2757 3590 et
2777 3537 3139 3590 exsultatione
3156 3538 3226 3591 in
3253 3536 3508 3604 templum
3522 3533 3667 3599 Regis.

427 3625 534 3681 hoc
572 3624 815 3690 Psalmo,
858 3641 923 3679 ac
962 3624 1005 3678 si
1055 3624 1113 3679 in
1158 3624 1324 3680 titulo
1353 3625 1520 3693 dotis,
1552 3625 1925 3681 ascribuntur.
1961 3627 2024 3681 In
2108 3624 2213 3680 Ubi
2250 3641 2365 3680 non
2392 3631 2509 3680 tam
2555 3640 2754 3679 sensus
2795 3640 2964 3695 quam
2995 3623 3269 3679 distantia
3298 3624 3593 3679 animarum
3623 3619 3669 3672 in

427 3730 539 3786 quo
567 3714 967 3785 prophetarum
999 3721 1271 3786 tympana
1315 3714 1482 3770 nimis
1513 3715 1743 3786 provida
1769 3731 1897 3770 cum
1928 3731 2023 3769 ex-
2106 3713 2331 3769 Christo
2359 3713 2707 3768 credentium
2728 3713 3167 3779 demonstratur,
3193 3729 3325 3769 cum
3355 3712 3499 3773 dicit,
3528 3709 3671 3763 addu-

425 3803 729 3859 sultatione
756 3802 941 3858 cordis
980 3803 1310 3875 pmcinunt,
1344 3820 1467 3874 qua:
1490 3804 1612 3875 jam
1638 3804 1783 3858 facta
1807 3803 2022 3874 gaude-
2105 3808 2299 3857 centur
2338 3805 2412 3857 ad
2442 3805 2631 3870 Regem
2670 3805 2953 3870 virgines;
2994 3802 3200 3856 deinde
3241 3805 3536 3874 sequentur
3565 3810 3666 3851 eam

423 3910 569 3949 mus.
605 3893 670 3948 In
699 3910 809 3964 quo
853 3894 1233 3964 apostolorum
1262 3893 1626 3947 constituitur
1654 3893 2018 3964 principatus,
2104 3891 2297 3946 amicae
2338 3892 2477 3961 ejus.
2510 3891 2655 3955 Quia
2685 3890 2834 3961 quod
2883 3891 3023 3945 dixit
3067 3890 3448 3955 Adducentur,
3477 3881 3665 3942 Domini

422 3999 660 4054 quorum
693 3982 829 4037 tuba
856 3999 1051 4038 omnes
1076 3988 1275 4054 gentes
1304 3982 1574 4048 edomuit,
1606 3982 1835 4053 suisque
1862 3998 2021 4053 orga-
2100 3980 2287 4050 gratia
2313 3980 2651 4047 declaratur,
2675 3996 2800 4051 quae
2827 3996 2930 4034 nos
2953 3980 3023 4034 ad
3049 3997 3110 4034 se
3139 3980 3332 4035 venire
3359 3978 3518 4033 facit:
3545 3973 3667 4027 sicut

424 4071 513 4126 nis
540 4071 610 4126 ad
648 4077 862 4126 vestras
900 4071 1144 4142 nuptias,
1177 4071 1538 4132 charissima.
1570 4088 1737 4126 omne
1779 4071 2021 4126 invitant
2100 4068 2160 4123 in
2189 4067 2496 4140 Evangelio
2526 4068 2645 4140 ipse
2685 4073 2947 4134 testatur,
2977 4068 3167 4124 dicens
3195 4085 3209 4122 :
3248 4071 3414 4124 Nemo
3439 4067 3573 4120 venit
3603 4061 3664 4115 ad

421 4160 709 4224 saeculum,
741 4166 799 4214 et
824 4160 942 4214 suis
966 4160 1270 4215 concinunt
1310 4160 1584 4226 melodiis,
1618 4166 1675 4214 et
1716 4161 2019 4233 propheta-
2102 4176 2204 4224 me,
2226 4161 2341 4213 nisi
2367 4161 2531 4213 Pater
2559 4175 2710 4211 meus
2742 4161 2979 4212 traxerit
3017 4174 3142 4212 eum
3174 4161 3357 4223 (Joan.
3387 4170 3457 4220 γι,
3482 4151 3581 4222 44).
3609 4149 3664 4203 Et

424 4264 553 4302 rum
584 4246 839 4317 eloquiis.
885 4249 948 4302 In
977 4264 1087 4318 quo
1117 4252 1428 4319 martyrum
1456 4249 1685 4304 citharae
1713 4265 1826 4304 non
1855 4250 2019 4304 chor-
2101 4247 2343 4302 Ecclesia
2373 4247 2618 4303 Canticis
2658 4264 2669 4299 :
2712 4247 2883 4301 Trahe
2920 4263 3005 4301 me
3038 4252 3160 4316 post
3199 4253 3268 4314 te,
3310 4257 3579 4302 curremus
3610 4242 3663 4292 in

423 4335 530 4402 dis,
564 4335 663 4389 sed
697 4334 1000 4389 virtutibus
1030 4335 1225 4389 laudes
1261 4335 1653 4391 concelebrant
1698 4344 2016 4410 perpetuas.
2100 4338 2319 4390 odorem
2338 4340 2754 4404 unguentorum
2775 4336 3208 4400 tuorum(0(mt.
3225 4352 3263 4401 ι,
3277 4336 3352 4403 ἅ).
3376 4335 3517 4389 Bene
3534 4325 3662 4383 novit

425 4422 521 4495 qui
552 4438 770 4494 sponsae
796 4421 1075 4511 thalamos
1103 4428 1439 4511 respergunt
1466 4424 1625 4478 rosis.
1656 4426 1813 4480 Unde
1841 4432 1899 4480 et
1924 4444 2085 4511 vosD
2102 4424 2291 4478 anima
2318 4424 2519 4493 fidelis,
2543 4424 2692 4495 quod
2714 4423 2824 4478 nisi
2842 4424 3033 4478 trahat
3052 4423 3277 4478 Domini
3294 4422 3491 4511 gratia,
3511 4429 3663 4511 perse

422 4512 658 4568 feliciter
699 4512 805 4583 ipsi
846 4527 947 4583 per
990 4510 1275 4565 Christum
1305 4519 1626 4581 genuerunt
1662 4514 1776 4569 illa.
1819 4516 1884 4570 In
1909 4532 2021 4587 quo
2038 4501 2082 4511 ”
2102 4529 2269 4567 nemo
2290 4513 2525 4567 idoneus
2547 4519 2632 4567 est
2655 4518 2719 4567 ut
2737 4512 3043 4584 perveniat.
3068 4512 3177 4568 Sed
3205 4530 3329 4585 qua:
3360 4509 3581 4581 virgines
3604 4501 3661 4557 ad

423 4607 747 4657 sanctorum
775 4602 1154 4655 confessorum
1175 4600 1396 4663 chorus,
1430 4607 1596 4657 natus
1626 4620 1693 4658 ex
1730 4605 2018 4675 apostolis,
2105 4601 2335 4672 Regem,
2351 4608 2411 4655 et
2436 4602 2506 4655 ad
2525 4601 2692 4671 Regis
2709 4602 3022 4656 thalamum
3037 4607 3155 4656 tam
3186 4608 3225 4667 |
3243 4605 3428 4667 ωε
3445 4591 3663 4669 speciali-

425 4688 771 4761 spiritalibus
799 4690 940 4761 lyris
966 4687 1351 4759 gratissimum
1371 4690 1651 4761 depromit
1675 4708 1874 4746 sonum
1897 4711 1911 4757 ;
1944 4692 2024 4746 ita
2102 4697 2192 4747 ter
2218 4691 2602 4746 deducuntur?
2638 4690 2755 4761 Ego
2782 4695 2937 4762 puto,
2960 4690 3321 4756 charissima,
3345 4690 3411 4745 de
3433 4687 3662 4757 hujusce-

424 4784 491 4834 ut
529 4794 631 4849 per
667 4794 763 4832 eos
811 4778 870 4832 in
907 4794 1130 4832 omnem
1160 4784 1369 4832 terram
1402 4780 1717 4850 pervenerit
1750 4780 2022 4852 quidquid
2104 4780 2256 4835 modi
2285 4778 2590 4851 virginibus
2611 4779 2846 4846 dictum,
2870 4780 3063 4850 quales
3085 4797 3182 4834 vos
3208 4797 3331 4835 esse
3354 4777 3536 4833 credo:
3560 4784 3662 4843 qua

425 4867 793 4939 apostolicum
822 4866 1115 4932 inhabitat,
1147 4873 1204 4922 et
1249 4867 1573 4923 deambulat
1616 4870 1732 4941 ipse
1773 4869 1924 4940 virgo
1965 4869 2021 4924 in
2103 4874 2418 4941 sequuntur
2447 4885 2562 4924 una
2586 4868 2871 4923 vobiscum
2897 4868 3221 4935 Ecclesium,
3239 4874 3299 4924 et
3314 4869 3524 4939 Agnum
3551 4873 3663 4931 quo-

423 4956 541 5013 suis
568 4955 879 5027 virginibus
922 4957 1224 5022 radicatus,
1258 4960 1317 5011 et
1355 4956 1621 5012 fundatus
1662 4959 1721 5012 in
1762 4958 2024 5014 cordibus
2103 4974 2324 5029 cunque
2340 4957 2510 5019 vadit,
2537 4961 2594 5011 et
2618 4961 2906 5028 ponuntur
2921 4957 2981 5011 in
3011 4958 3193 5028 primo
3212 4958 3408 5028 gradu,
3429 4949 3659 5026 quoniam

425 5063 652 5113 earum;
685 5050 844 5101 tanto
873 5046 1074 5100 melius
1100 5051 1159 5101 et
1196 5046 1496 5117 perfectius
1524 5047 1781 5114 dilectus,
1813 5053 2023 5118 quanto
2105 5047 2298 5102 ﬁdeles
2322 5046 2380 5101 in
2408 5045 2735 5117 virginitate
2761 5046 3010 5118 corporis
3040 5051 3100 5101 et
3123 5045 3314 5113 animi,
3336 5045 3474 5099 sicut
3491 5045 3542 5095 et
3564 5051 3656 5098 vos,

425 5143 484 5192 et
510 5137 644 5209 ipse:
667 5135 970 5208 jocundius
995 5150 1187 5189 amore
1216 5141 1275 5189 et
1298 5135 1595 5206 perfectius
1623 5136 1907 5191 intellectu
1934 5153 2025 5191 su-
2106 5136 2308 5208 pudica
2331 5140 2521 5191 mente
2549 5140 3000 5207 permanserunt.
3023 5134 3310 5206 Alioquin,
3334 5131 3461 5205 quid
3487 5124 3662 5200 prode'

423 5243 527 5299 per
569 5231 761 5297 pectus
800 5224 1008 5280 Christi
1056 5223 1433 5295 requiescunt.
1467 5225 1626 5280 Unde
1656 5231 1713 5279 et
1757 5227 2019 5293 Joannes,
2105 5225 2182 5281 rit
2202 5224 2528 5297 pudicitiam
2555 5224 2741 5279 carnis
2758 5224 3036 5295 integram
3058 5240 3326 5290 servasse,
3347 5221 3393 5277 si
3419 5233 3523 5275 non
3542 5215 3661 5269 inte-

425 5314 559 5386 quia
586 5314 743 5384 virgo
785 5319 925 5377 erat,
975 5312 1184 5366 dicitur
1231 5313 1569 5368 familiarius
1611 5330 1781 5385 super
1826 5324 2021 5386 pectus
2101 5315 2365 5387 gritatem
2412 5314 2539 5369 ﬁdei
2594 5313 2975 5369 servaverint?
3024 5314 3091 5368 Et
3128 5313 3254 5368 ideo
3306 5312 3365 5366 in
3401 5304 3539 5363 omni
3572 5301 3657 5354 do“

423 5402 650 5459 Domini
690 5402 1030 5458 recubuisse.
1073 5402 1217 5456 Nam
1252 5406 1309 5457 et
1334 5402 1593 5457 sacerdos
1637 5402 1786 5458 inter
1822 5409 2022 5459 caetera
2103 5404 2285 5460 ctrina
2339 5409 2397 5458 et
2451 5402 2722 5458 virtutum
2761 5401 3174 5474 conspersione,
3207 5393 3548 5456 custodienda
3585 5390 3658 5443 est

423 5491 813 5566 separationis,
844 5491 1228 5564 pectusculum
1262 5492 1507 5558 [30%
1535 5491 1605 5546 de
1629 5492 1918 5547 sacrificiis
1948 5492 2020 5547 vi-
2104 5492 2413 5564 Virginitas
2442 5491 2617 5548 animi
2647 5496 2705 5547 et
2745 5491 2994 5563 corporis
3029 5491 3088 5546 in
3135 5491 3371 5547 Christo.
3413 5478 3652 5550 Quoniam

425 5582 725 5640 ctimarum
755 5580 1084 5653 accipiebat;
1116 5580 1268 5652 quod
1289 5579 1431 5637 bene
1454 5580 1605 5653 virgo
1632 5580 1818 5636 fasciis
1837 5585 2019 5637 totum
2105 5598 2228 5654 quae
2259 5582 2507 5654 perfecta
2534 5585 2639 5650 est,
2661 5586 2719 5637 et
2746 5586 2941 5638 sancta
2970 5596 3203 5653 corpore
3230 5595 3292 5635 ac
3316 5573 3520 5650 spiritu:
3549 5568 3652 5639 ip“
