  <div class='ocr_page' id='page_1' title='image "/cluster/home/n/w/nwhite01/storage/ocr_20150623/120/hvd.32044054759824/534.png"; bbox 0 0 3918 6166; ppageno 0'>
   <div class='ocr_carea' id='block_1_1' title="bbox 262 258 405 314">
    <p class='ocr_par' dir='ltr' id='par_1_1' title="bbox 262 258 405 314">
     <span class='ocr_line' id='line_1_1' title="bbox 262 258 405 314; baseline -0.007 -1"><span class='ocrx_word' id='word_1_1' title='bbox 262 258 405 314; x_wconf 62' lang='grc'>1057</span> 
     </span>
    </p>
   </div>
   <div class='ocr_carea' id='block_1_2' title="bbox 1161 258 2696 322">
    <p class='ocr_par' dir='ltr' id='par_1_2' title="bbox 1161 258 2696 322">
     <span class='ocr_line' id='line_1_2' title="bbox 1161 258 2696 322; baseline 0.005 -12"><span class='ocrx_word' id='word_1_2' title='bbox 1161 258 1538 314; x_wconf 80' lang='lat' dir='ltr'>EXPOSITIO</span> <span class='ocrx_word' id='word_1_3' title='bbox 1578 260 1652 314; x_wconf 84' lang='lat' dir='ltr'>IN</span> <span class='ocrx_word' id='word_1_4' title='bbox 1692 259 2037 315; x_wconf 81' lang='lat' dir='ltr'>PSALMUM</span> <span class='ocrx_word' id='word_1_5' title='bbox 2076 261 2266 322; x_wconf 74' lang='lat' dir='ltr'>XLIV.</span> <span class='ocrx_word' id='word_1_6' title='bbox 2313 293 2376 305; x_wconf 91' lang='lat'>—-</span> <span class='ocrx_word' id='word_1_7' title='bbox 2417 265 2552 319; x_wconf 84' lang='lat' dir='ltr'>LIB.</span> <span class='ocrx_word' id='word_1_8' title='bbox 2597 264 2696 317; x_wconf 86' lang='lat' dir='ltr'>Ill.</span> 
     </span>
    </p>
   </div>
   <div class='ocr_carea' id='block_1_3' title="bbox 3403 269 3537 327">
    <p class='ocr_par' dir='ltr' id='par_1_3' title="bbox 3403 269 3537 327">
     <span class='ocr_line' id='line_1_3' title="bbox 3403 269 3537 327; baseline -0.022 0"><span class='ocrx_word' id='word_1_9' title='bbox 3403 269 3537 327; x_wconf 78' lang='grc'>1058</span> 
     </span>
    </p>
   </div>
   <div class='ocr_carea' id='block_1_4' title="bbox 260 382 3539 467">
    <p class='ocr_par' dir='ltr' id='par_1_4' title="bbox 260 382 3539 467">
     <span class='ocr_line' id='line_1_4' title="bbox 260 382 3539 467; baseline 0.004 -29"><span class='ocrx_word' id='word_1_10' title='bbox 260 384 327 439; x_wconf 91' lang='lat' dir='ltr'>in</span> <span class='ocrx_word' id='word_1_11' title='bbox 372 383 620 440; x_wconf 88' lang='lat' dir='ltr'>Canticis</span> <span class='ocrx_word' id='word_1_12' title='bbox 663 389 890 438; x_wconf 81' lang='lat' dir='ltr'>vocatur</span> <span class='ocrx_word' id='word_1_13' title='bbox 932 382 1190 437; x_wconf 88' lang='lat' dir='ltr'>columba</span> <span class='ocrx_word' id='word_1_14' title='bbox 1238 383 1618 446; x_wconf 84' lang='lat' dir='ltr'>immaculata,</span> <span class='ocrx_word' id='word_1_15' title='bbox 1649 390 1707 436; x_wconf 89' lang='lat' dir='ltr'>et</span> <span class='ocrx_word' id='word_1_16' title='bbox 1744 385 1932 452; x_wconf 82' lang='lat' dir='ltr'>pro-A</span> <span class='ocrx_word' id='word_1_17' title='bbox 1953 384 2122 437; x_wconf 88' lang='lat' dir='ltr'>etiam</span> <span class='ocrx_word' id='word_1_18' title='bbox 2148 385 2194 438; x_wconf 90' lang='lat' dir='ltr'>si</span> <span class='ocrx_word' id='word_1_19' title='bbox 2225 388 2638 456; x_wconf 82' lang='lat' dir='ltr'>permanserint</span> <span class='ocrx_word' id='word_1_20' title='bbox 2665 389 2722 442; x_wconf 91' lang='lat' dir='ltr'>in</span> <span class='ocrx_word' id='word_1_21' title='bbox 2753 390 3028 458; x_wconf 73' lang='lat' dir='ltr'>libertate,</span> <span class='ocrx_word' id='word_1_22' title='bbox 3052 393 3156 447; x_wconf 84' lang='lat' dir='ltr'>sibi</span> <span class='ocrx_word' id='word_1_23' title='bbox 3189 394 3376 450; x_wconf 89' lang='lat' dir='ltr'>oblata</span> <span class='ocrx_word' id='word_1_24' title='bbox 3394 413 3539 467; x_wconf 78' lang='lat' dir='ltr'>prae-</span> 
     </span>
    </p>
   </div>
   <div class='ocr_carea' id='block_1_5' title="bbox 257 472 1866 544">
    <p class='ocr_par' dir='ltr' id='par_1_5' title="bbox 257 472 1866 544">
     <span class='ocr_line' id='line_1_5' title="bbox 257 472 1866 544; baseline -0.004 -15"><span class='ocrx_word' id='word_1_25' title='bbox 257 474 437 541; x_wconf 82' lang='lat' dir='ltr'>xima,</span> <span class='ocrx_word' id='word_1_26' title='bbox 467 473 537 528; x_wconf 92' lang='lat' dir='ltr'>de</span> <span class='ocrx_word' id='word_1_27' title='bbox 569 489 678 544; x_wconf 89' lang='lat' dir='ltr'>qua</span> <span class='ocrx_word' id='word_1_28' title='bbox 712 472 917 527; x_wconf 88' lang='lat' dir='ltr'>dicitur</span> <span class='ocrx_word' id='word_1_29' title='bbox 949 491 961 526; x_wconf 85' lang='lat'><strong>:</strong></span> <span class='ocrx_word' id='word_1_30' title='bbox 1005 473 1268 526; x_wconf 78' lang='lat' dir='ltr'>Viderunt</span> <span class='ocrx_word' id='word_1_31' title='bbox 1298 488 1418 525; x_wconf 87' lang='lat' dir='ltr'>cam</span> <span class='ocrx_word' id='word_1_32' title='bbox 1443 474 1590 538; x_wconf 57' lang='lat' dir='ltr'>ﬁlia,</span> <span class='ocrx_word' id='word_1_33' title='bbox 1622 477 1671 525; x_wconf 79' lang='lat' dir='ltr'>et</span> <span class='ocrx_word' id='word_1_34' title='bbox 1704 473 1866 524; x_wconf 76' lang='lat' dir='ltr'>beati-</span> 
     </span>
    </p>
   </div>
   <div class='ocr_carea' id='block_1_6' title="bbox 1948 472 3536 556">
    <p class='ocr_par' dir='ltr' id='par_1_6' title="bbox 1948 472 3536 556">
     <span class='ocr_line' id='line_1_6' title="bbox 1948 472 3536 556; baseline 0.009 -31"><span class='ocrx_word' id='word_1_35' title='bbox 1948 472 2062 526; x_wconf 91' lang='lat' dir='ltr'>mia</span> <span class='ocrx_word' id='word_1_36' title='bbox 2095 474 2518 543; x_wconf 83' lang='lat' dir='ltr'>promittuntur.</span> <span class='ocrx_word' id='word_1_37' title='bbox 2538 477 2696 531; x_wconf 87' lang='lat' dir='ltr'>Unde</span> <span class='ocrx_word' id='word_1_38' title='bbox 2724 479 3025 550; x_wconf 81' lang='lat' dir='ltr'>Apostolus</span> <span class='ocrx_word' id='word_1_39' title='bbox 3052 475 3318 549; x_wconf 76' lang='lat' dir='ltr'>:Beatz’or,</span> <span class='ocrx_word' id='word_1_40' title='bbox 3333 484 3536 556; x_wconf 89' lang='lat' dir='ltr'>inquit,</span> 
     </span>
    </p>
   </div>
   <div class='ocr_carea' id='block_1_7' title="bbox 258 561 3539 631">
    <p class='ocr_par' dir='ltr' id='par_1_7' title="bbox 258 561 3539 631">
     <span class='ocr_line' id='line_1_7' title="bbox 258 561 3539 631; baseline 0.003 -15"><span class='ocrx_word' id='word_1_41' title='bbox 258 566 569 630; x_wconf 79' lang='lat' dir='ltr'>ﬁcauerunt</span> <span class='ocrx_word' id='word_1_42' title='bbox 586 579 725 625; x_wconf 78' lang='lat' dir='ltr'>eam,</span> <span class='ocrx_word' id='word_1_43' title='bbox 743 564 948 630; x_wconf 72' lang='lat' dir='ltr'>regina:</span> <span class='ocrx_word' id='word_1_44' title='bbox 967 561 1863 615; x_wconf 63' lang='lat' dir='ltr'>etconcubinwlaudavcrunteam</span> <span class='ocrx_word' id='word_1_45' title='bbox 1947 564 2072 628; x_wconf 75' lang='lat' dir='ltr'>erit,</span> <span class='ocrx_word' id='word_1_46' title='bbox 2095 565 2146 616; x_wconf 74' lang='lat' dir='ltr'>si</span> <span class='ocrx_word' id='word_1_47' title='bbox 2172 565 2252 616; x_wconf 74' lang='lat' dir='ltr'>sic</span> <span class='ocrx_word' id='word_1_48' title='bbox 2267 568 2656 631; x_wconf 76' lang='lat' dir='ltr'>permanserit,</span> <span class='ocrx_word' id='word_1_49' title='bbox 2688 571 2988 623; x_wconf 83' lang='lat' dir='ltr'>secundum</span> <span class='ocrx_word' id='word_1_50' title='bbox 3020 573 3316 626; x_wconf 77' lang='lat' dir='ltr'>consilium</span> <span class='ocrx_word' id='word_1_51' title='bbox 3355 590 3539 627; x_wconf 82' lang='lat' dir='ltr'>meum</span> 
     </span>
    </p>
   </div>
   <div class='ocr_carea' id='block_1_8' title="bbox 261 647 1861 723">
    <p class='ocr_par' dir='ltr' id='par_1_8' title="bbox 261 647 1861 723">
     <span class='ocr_line' id='line_1_8' title="bbox 261 647 1861 723; baseline -0.005 -15"><span class='ocrx_word' id='word_1_52' title='bbox 261 653 446 723; x_wconf 77' lang='lat' dir='ltr'>(Cant.</span> <span class='ocrx_word' id='word_1_53' title='bbox 493 665 564 717; x_wconf 74' lang='lat' dir='ltr'>v1,</span> <span class='ocrx_word' id='word_1_54' title='bbox 604 651 678 716; x_wconf 87' lang='lat'>8).</span> <span class='ocrx_word' id='word_1_55' title='bbox 732 651 809 706; x_wconf 84' lang='lat' dir='ltr'>Ex</span> <span class='ocrx_word' id='word_1_56' title='bbox 856 666 966 721; x_wconf 92' lang='lat' dir='ltr'>quo</span> <span class='ocrx_word' id='word_1_57' title='bbox 997 653 1151 721; x_wconf 89' lang='lat' dir='ltr'>patet</span> <span class='ocrx_word' id='word_1_58' title='bbox 1192 665 1408 716; x_wconf 87' lang='lat' dir='ltr'>sensus,</span> <span class='ocrx_word' id='word_1_59' title='bbox 1443 648 1574 719; x_wconf 83' lang='lat' dir='ltr'>quia</span> <span class='ocrx_word' id='word_1_60' title='bbox 1603 647 1861 719; x_wconf 83' lang='lat' dir='ltr'>quamvis</span> 
     </span>
    </p>
   </div>
   <div class='ocr_carea' id='block_1_9' title="bbox 259 736 1860 810">
    <p class='ocr_par' dir='ltr' id='par_1_9' title="bbox 259 736 1860 810">
     <span class='ocr_line' id='line_1_9' title="bbox 259 736 1860 810; baseline -0.004 -14"><span class='ocrx_word' id='word_1_61' title='bbox 259 757 382 796; x_wconf 84' lang='lat' dir='ltr'>una</span> <span class='ocrx_word' id='word_1_62' title='bbox 411 740 485 795; x_wconf 87' lang='lat' dir='ltr'>sit</span> <span class='ocrx_word' id='word_1_63' title='bbox 528 740 793 806; x_wconf 85' lang='lat' dir='ltr'>Ecclesia,</span> <span class='ocrx_word' id='word_1_64' title='bbox 823 756 1049 810; x_wconf 90' lang='lat' dir='ltr'>unaque</span> <span class='ocrx_word' id='word_1_65' title='bbox 1073 739 1273 808; x_wconf 87' lang='lat' dir='ltr'>conjux</span> <span class='ocrx_word' id='word_1_66' title='bbox 1306 743 1363 792; x_wconf 89' lang='lat' dir='ltr'>et</span> <span class='ocrx_word' id='word_1_67' title='bbox 1405 737 1620 808; x_wconf 79' lang='lat' dir='ltr'>regina,</span> <span class='ocrx_word' id='word_1_68' title='bbox 1653 736 1860 791; x_wconf 79' lang='lat' dir='ltr'>diversi</span> 
     </span>
    </p>
   </div>
   <div class='ocr_carea' id='block_1_10' title="bbox 253 824 1859 896">
    <p class='ocr_par' dir='ltr' id='par_1_10' title="bbox 253 824 1859 896">
     <span class='ocr_line' id='line_1_10' title="bbox 253 824 1859 896; baseline -0.004 -11"><span class='ocrx_word' id='word_1_69' title='bbox 253 835 394 885; x_wconf 86' lang='lat' dir='ltr'>sunt</span> <span class='ocrx_word' id='word_1_70' title='bbox 421 829 665 896; x_wconf 83' lang='lat' dir='ltr'>ordines,</span> <span class='ocrx_word' id='word_1_71' title='bbox 698 835 756 884; x_wconf 92' lang='lat' dir='ltr'>et</span> <span class='ocrx_word' id='word_1_72' title='bbox 785 829 1115 882; x_wconf 89' lang='lat' dir='ltr'>meritorum</span> <span class='ocrx_word' id='word_1_73' title='bbox 1151 827 1331 881; x_wconf 90' lang='lat' dir='ltr'>multa</span> <span class='ocrx_word' id='word_1_74' title='bbox 1372 825 1709 881; x_wconf 81' lang='lat' dir='ltr'>differentia.</span> <span class='ocrx_word' id='word_1_75' title='bbox 1754 824 1859 880; x_wconf 91' lang='lat' dir='ltr'>Ubi</span> 
     </span>
    </p>
   </div>
   <div class='ocr_carea' id='block_1_11' title="bbox 254 914 1860 989">
    <p class='ocr_par' dir='ltr' id='par_1_11' title="bbox 254 914 1860 989">
     <span class='ocr_line' id='line_1_11' title="bbox 254 914 1860 989; baseline -0.004 -16"><span class='ocrx_word' id='word_1_76' title='bbox 254 919 551 989; x_wconf 78' lang='lat' dir='ltr'>sexaginta</span> <span class='ocrx_word' id='word_1_77' title='bbox 573 918 745 973; x_wconf 89' lang='lat' dir='ltr'>etiam</span> <span class='ocrx_word' id='word_1_78' title='bbox 762 921 1240 972; x_wconf 89' lang='lat' dir='ltr'>connumerantur</span> <span class='ocrx_word' id='word_1_79' title='bbox 1259 914 1550 986; x_wconf 84' lang='lat' dir='ltr'>reginae,et</span> <span class='ocrx_word' id='word_1_80' title='bbox 1575 914 1860 984; x_wconf 83' lang='lat' dir='ltr'>octoginta</span> 
     </span>
    </p>
   </div>
   <div class='ocr_carea' id='block_1_12' title="bbox 253 1006 1859 1076">
    <p class='ocr_par' dir='ltr' id='par_1_12' title="bbox 253 1006 1859 1076">
     <span class='ocr_line' id='line_1_12' title="bbox 253 1006 1859 1076; baseline -0.003 -15"><span class='ocrx_word' id='word_1_81' title='bbox 253 1006 603 1072; x_wconf 67' lang='lat' dir='ltr'>concubinae,</span> <span class='ocrx_word' id='word_1_82' title='bbox 624 1013 682 1062; x_wconf 91' lang='lat' dir='ltr'>et</span> <span class='ocrx_word' id='word_1_83' title='bbox 696 1006 1122 1062; x_wconf 68' lang='lat' dir='ltr'>adolescentulae</span> <span class='ocrx_word' id='word_1_84' title='bbox 1142 1021 1381 1076; x_wconf 90' lang='lat' dir='ltr'>quarum</span> <span class='ocrx_word' id='word_1_85' title='bbox 1411 1020 1525 1058; x_wconf 89' lang='lat' dir='ltr'>non</span> <span class='ocrx_word' id='word_1_86' title='bbox 1551 1010 1638 1057; x_wconf 91' lang='lat' dir='ltr'>est</span> <span class='ocrx_word' id='word_1_87' title='bbox 1664 1019 1859 1057; x_wconf 90' lang='lat' dir='ltr'>nume-</span> 
     </span>
    </p>
   </div>
   <div class='ocr_carea' id='block_1_13' title="bbox 254 1091 1853 1167">
    <p class='ocr_par' dir='ltr' id='par_1_13' title="bbox 254 1091 1853 1167">
     <span class='ocr_line' id='line_1_13' title="bbox 254 1091 1853 1167; baseline -0.004 -15"><span class='ocrx_word' id='word_1_88' title='bbox 254 1113 378 1152; x_wconf 83' lang='lat' dir='ltr'>rus.</span> <span class='ocrx_word' id='word_1_89' title='bbox 405 1096 618 1152; x_wconf 87' lang='lat' dir='ltr'>Idcirco</span> <span class='ocrx_word' id='word_1_90' title='bbox 639 1095 698 1150; x_wconf 92' lang='lat' dir='ltr'>in</span> <span class='ocrx_word' id='word_1_91' title='bbox 727 1095 907 1167; x_wconf 87' lang='lat' dir='ltr'>prima</span> <span class='ocrx_word' id='word_1_92' title='bbox 921 1094 1038 1148; x_wconf 86' lang='lat' dir='ltr'>acie</span> <span class='ocrx_word' id='word_1_93' title='bbox 1057 1093 1413 1148; x_wconf 91' lang='lat' dir='ltr'>adducuntur</span> <span class='ocrx_word' id='word_1_94' title='bbox 1429 1092 1572 1163; x_wconf 83' lang='lat' dir='ltr'>Regi</span> <span class='ocrx_word' id='word_1_95' title='bbox 1593 1091 1853 1162; x_wconf 80' lang='lat' dir='ltr'>virgines,</span> 
     </span>
    </p>
   </div>
   <div class='ocr_carea' id='block_1_14' title="bbox 252 1181 1856 1257">
    <p class='ocr_par' dir='ltr' id='par_1_14' title="bbox 252 1181 1856 1257">
     <span class='ocr_line' id='line_1_14' title="bbox 252 1181 1856 1257; baseline -0.003 -17"><span class='ocrx_word' id='word_1_96' title='bbox 252 1201 400 1257; x_wconf 88' lang='lat' dir='ltr'>quas</span> <span class='ocrx_word' id='word_1_97' title='bbox 428 1185 550 1256; x_wconf 89' lang='lat' dir='ltr'>ipse</span> <span class='ocrx_word' id='word_1_98' title='bbox 578 1201 817 1256; x_wconf 89' lang='lat' dir='ltr'>sponsus</span> <span class='ocrx_word' id='word_1_99' title='bbox 845 1187 1110 1253; x_wconf 77' lang='lat' dir='ltr'>speciosus</span> <span class='ocrx_word' id='word_1_100' title='bbox 1125 1199 1242 1252; x_wconf 60' lang='lat' dir='ltr'>pra</span> <span class='ocrx_word' id='word_1_101' title='bbox 1260 1185 1394 1250; x_wconf 77' lang='lat' dir='ltr'>ﬁliis</span> <span class='ocrx_word' id='word_1_102' title='bbox 1419 1183 1710 1236; x_wconf 76' lang='lat' dir='ltr'>hominum</span> <span class='ocrx_word' id='word_1_103' title='bbox 1741 1181 1856 1253; x_wconf 44' lang='lat' dir='ltr'>elef</span> 
     </span>
    </p>
   </div>
   <div class='ocr_carea' id='block_1_15' title="bbox 247 1271 1858 1345">
    <p class='ocr_par' dir='ltr' id='par_1_15' title="bbox 247 1271 1858 1345">
     <span class='ocr_line' id='line_1_15' title="bbox 247 1271 1858 1345; baseline -0.002 -18"><span class='ocrx_word' id='word_1_104' title='bbox 247 1274 356 1344; x_wconf 90' lang='lat' dir='ltr'>git,</span> <span class='ocrx_word' id='word_1_105' title='bbox 387 1291 528 1345; x_wconf 83' lang='lat' dir='ltr'>quas</span> <span class='ocrx_word' id='word_1_106' title='bbox 570 1274 690 1345; x_wconf 88' lang='lat' dir='ltr'>ipse</span> <span class='ocrx_word' id='word_1_107' title='bbox 721 1273 828 1328; x_wconf 89' lang='lat' dir='ltr'>sibi</span> <span class='ocrx_word' id='word_1_108' title='bbox 858 1289 961 1327; x_wconf 93' lang='lat' dir='ltr'>suo</span> <span class='ocrx_word' id='word_1_109' title='bbox 994 1272 1192 1342; x_wconf 90' lang='lat' dir='ltr'>dignos</span> <span class='ocrx_word' id='word_1_110' title='bbox 1222 1272 1452 1326; x_wconf 88' lang='lat' dir='ltr'>sociavit</span> <span class='ocrx_word' id='word_1_111' title='bbox 1479 1271 1760 1342; x_wconf 88' lang='lat' dir='ltr'>conjugio,</span> <span class='ocrx_word' id='word_1_112' title='bbox 1795 1276 1858 1325; x_wconf 90' lang='lat' dir='ltr'>ut</span> 
     </span>
    </p>
   </div>
   <div class='ocr_carea' id='block_1_16' title="bbox 251 1359 1851 1434">
    <p class='ocr_par' dir='ltr' id='par_1_16' title="bbox 251 1359 1851 1434">
     <span class='ocr_line' id='line_1_16' title="bbox 251 1359 1851 1434; baseline -0.001 -18"><span class='ocrx_word' id='word_1_113' title='bbox 251 1363 377 1434; x_wconf 90' lang='lat' dir='ltr'>ipse</span> <span class='ocrx_word' id='word_1_114' title='bbox 407 1364 563 1433; x_wconf 90' lang='lat' dir='ltr'>virgo</span> <span class='ocrx_word' id='word_1_115' title='bbox 587 1363 646 1418; x_wconf 91' lang='lat' dir='ltr'>in</span> <span class='ocrx_word' id='word_1_116' title='bbox 676 1362 856 1434; x_wconf 83' lang='lat' dir='ltr'>capite</span> <span class='ocrx_word' id='word_1_117' title='bbox 872 1379 1000 1416; x_wconf 91' lang='lat' dir='ltr'>cum</span> <span class='ocrx_word' id='word_1_118' title='bbox 1021 1361 1138 1415; x_wconf 90' lang='lat' dir='ltr'>suis</span> <span class='ocrx_word' id='word_1_119' title='bbox 1151 1366 1507 1432; x_wconf 84' lang='lat' dir='ltr'>permaneret</span> <span class='ocrx_word' id='word_1_120' title='bbox 1526 1359 1851 1430; x_wconf 83' lang='lat' dir='ltr'>virginibus.</span> 
     </span>
    </p>
   </div>
   <div class='ocr_carea' id='block_1_17' title="bbox 249 1450 1858 1522">
    <p class='ocr_par' dir='ltr' id='par_1_17' title="bbox 249 1450 1858 1522">
     <span class='ocr_line' id='line_1_17' title="bbox 249 1450 1858 1522; baseline -0.001 -17"><span class='ocrx_word' id='word_1_121' title='bbox 249 1453 412 1506; x_wconf 87' lang='lat' dir='ltr'>Inter</span> <span class='ocrx_word' id='word_1_122' title='bbox 438 1469 579 1522; x_wconf 89' lang='lat' dir='ltr'>quas</span> <span class='ocrx_word' id='word_1_123' title='bbox 608 1469 724 1516; x_wconf 83' lang='lat' dir='ltr'>vos,</span> <span class='ocrx_word' id='word_1_124' title='bbox 753 1450 1146 1516; x_wconf 65' lang='lat' dir='ltr'>dilectissimae,</span> <span class='ocrx_word' id='word_1_125' title='bbox 1181 1467 1380 1505; x_wconf 87' lang='lat' dir='ltr'>censeo</span> <span class='ocrx_word' id='word_1_126' title='bbox 1402 1451 1638 1505; x_wconf 91' lang='lat' dir='ltr'>Domino</span> <span class='ocrx_word' id='word_1_127' title='bbox 1667 1467 1858 1504; x_wconf 90' lang='lat' dir='ltr'>conse-</span> 
     </span>
    </p>
   </div>
   <div class='ocr_carea' id='block_1_18' title="bbox 249 1539 1857 1612">
    <p class='ocr_par' dir='ltr' id='par_1_18' title="bbox 249 1539 1857 1612">
     <span class='ocr_line' id='line_1_18' title="bbox 249 1539 1857 1612; baseline 0 -20"><span class='ocrx_word' id='word_1_128' title='bbox 249 1548 461 1600; x_wconf 86' lang='lat' dir='ltr'>cratas.</span> <span class='ocrx_word' id='word_1_129' title='bbox 484 1549 540 1596; x_wconf 91' lang='lat' dir='ltr'>et</span> <span class='ocrx_word' id='word_1_130' title='bbox 560 1541 941 1612; x_wconf 79' lang='lat' dir='ltr'>virginitatem</span> <span class='ocrx_word' id='word_1_131' title='bbox 963 1540 1241 1610; x_wconf 85' lang='lat' dir='ltr'>integram</span> <span class='ocrx_word' id='word_1_132' title='bbox 1272 1539 1386 1593; x_wconf 91' lang='lat' dir='ltr'>Deo</span> <span class='ocrx_word' id='word_1_133' title='bbox 1414 1539 1664 1593; x_wconf 88' lang='lat' dir='ltr'>vovistis:</span> <span class='ocrx_word' id='word_1_134' title='bbox 1700 1539 1857 1594; x_wconf 88' lang='lat' dir='ltr'>insu-</span> 
     </span>
    </p>
   </div>
   <div class='ocr_carea' id='block_1_19' title="bbox 1946 650 3542 732">
    <p class='ocr_par' dir='ltr' id='par_1_19' title="bbox 1946 650 3542 732">
     <span class='ocr_line' id='line_1_19' title="bbox 1946 650 3542 732; baseline 0.007 -26"><span class='ocrx_word' id='word_1_135' title='bbox 1946 653 1998 707; x_wconf 78' lang='grc' dir='ltr'>(Ι</span> <span class='ocrx_word' id='word_1_136' title='bbox 2024 650 2142 705; x_wconf 83' lang='lat' dir='ltr'>Cor.</span> <span class='ocrx_word' id='word_1_137' title='bbox 2168 667 2265 717; x_wconf 81' lang='lat' dir='ltr'>v11,</span> <span class='ocrx_word' id='word_1_138' title='bbox 2302 650 2410 718; x_wconf 77' lang='grc'>40).</span> <span class='ocrx_word' id='word_1_139' title='bbox 2447 653 2554 707; x_wconf 92' lang='lat' dir='ltr'>Sed</span> <span class='ocrx_word' id='word_1_140' title='bbox 2585 654 2786 726; x_wconf 91' lang='lat' dir='ltr'>quibus</span> <span class='ocrx_word' id='word_1_141' title='bbox 2818 659 3247 716; x_wconf 80' lang='lat' dir='ltr'>necessitatibus</span> <span class='ocrx_word' id='word_1_142' title='bbox 3274 678 3542 732; x_wconf 90' lang='lat' dir='ltr'>preman-</span> 
     </span>
    </p>
   </div>
   <div class='ocr_carea' id='block_1_20' title="bbox 1941 739 3541 822">
    <p class='ocr_par' dir='ltr' id='par_1_20' title="bbox 1941 739 3541 822">
     <span class='ocr_line' id='line_1_20' title="bbox 1941 739 3541 822; baseline 0.01 -31"><span class='ocrx_word' id='word_1_143' title='bbox 1941 742 2037 792; x_wconf 89' lang='lat' dir='ltr'>tur</span> <span class='ocrx_word' id='word_1_144' title='bbox 2061 739 2118 793; x_wconf 90' lang='lat' dir='ltr'>in</span> <span class='ocrx_word' id='word_1_145' title='bbox 2149 741 2427 811; x_wconf 83' lang='lat' dir='ltr'>conjugio,</span> <span class='ocrx_word' id='word_1_146' title='bbox 2465 747 2523 796; x_wconf 87' lang='lat' dir='ltr'>et</span> <span class='ocrx_word' id='word_1_147' title='bbox 2552 747 2669 797; x_wconf 90' lang='lat' dir='ltr'>uta</span> <span class='ocrx_word' id='word_1_148' title='bbox 2699 746 2959 816; x_wconf 89' lang='lat' dir='ltr'>conjugio</span> <span class='ocrx_word' id='word_1_149' title='bbox 2990 747 3276 816; x_wconf 81' lang='lat' dir='ltr'>absolutae,</span> <span class='ocrx_word' id='word_1_150' title='bbox 3310 751 3541 822; x_wconf 89' lang='lat' dir='ltr'>longum</span> 
     </span>
    </p>
   </div>
   <div class='ocr_carea' id='block_1_21' title="bbox 1943 830 3540 904">
    <p class='ocr_par' dir='ltr' id='par_1_21' title="bbox 1943 830 3540 904">
     <span class='ocr_line' id='line_1_21' title="bbox 1943 830 3540 904; baseline 0.009 -24"><span class='ocrx_word' id='word_1_151' title='bbox 1943 843 2294 884; x_wconf 86' lang='lat' dir='ltr'>enumerare.</span> <span class='ocrx_word' id='word_1_152' title='bbox 2317 830 2723 886; x_wconf 86' lang='lat' dir='ltr'>Verumtamen</span> <span class='ocrx_word' id='word_1_153' title='bbox 2753 833 2887 904; x_wconf 61' lang='lat' dir='ltr'>ipsa</span> <span class='ocrx_word' id='word_1_154' title='bbox 2909 836 2979 889; x_wconf 92' lang='lat' dir='ltr'>de</span> <span class='ocrx_word' id='word_1_155' title='bbox 3008 853 3069 890; x_wconf 90' lang='lat' dir='ltr'>se</span> <span class='ocrx_word' id='word_1_156' title='bbox 3098 839 3300 893; x_wconf 91' lang='lat' dir='ltr'>melius</span> <span class='ocrx_word' id='word_1_157' title='bbox 3328 845 3540 895; x_wconf 89' lang='lat' dir='ltr'>norunt</span> 
     </span>
    </p>
   </div>
   <div class='ocr_carea' id='block_1_22' title="bbox 1944 916 3538 990">
    <p class='ocr_par' dir='ltr' id='par_1_22' title="bbox 1944 916 3538 990">
     <span class='ocr_line' id='line_1_22' title="bbox 1944 916 3538 990; baseline 0.009 -21"><span class='ocrx_word' id='word_1_158' title='bbox 1944 916 2091 987; x_wconf 90' lang='lat' dir='ltr'>quid</span> <span class='ocrx_word' id='word_1_159' title='bbox 2124 919 2424 986; x_wconf 87' lang='lat' dir='ltr'>evaserint,</span> <span class='ocrx_word' id='word_1_160' title='bbox 2457 919 2657 990; x_wconf 91' lang='lat' dir='ltr'>quibus</span> <span class='ocrx_word' id='word_1_161' title='bbox 2687 922 2942 978; x_wconf 89' lang='lat' dir='ltr'>Christus</span> <span class='ocrx_word' id='word_1_162' title='bbox 2973 924 3030 979; x_wconf 91' lang='lat' dir='ltr'>in</span> <span class='ocrx_word' id='word_1_163' title='bbox 3068 931 3193 980; x_wconf 88' lang='lat' dir='ltr'>voto</span> <span class='ocrx_word' id='word_1_164' title='bbox 3224 934 3326 982; x_wconf 89' lang='lat' dir='ltr'>est.</span> <span class='ocrx_word' id='word_1_165' title='bbox 3364 929 3538 983; x_wconf 88' lang='lat' dir='ltr'>Porro</span> 
     </span>
    </p>
   </div>
   <div class='ocr_carea' id='block_1_23' title="bbox 1939 1005 3534 1084">
    <p class='ocr_par' dir='ltr' id='par_1_23' title="bbox 1939 1005 3534 1084">
     <span class='ocr_line' id='line_1_23' title="bbox 1939 1005 3534 1084; baseline 0.008 -26"><span class='ocrx_word' id='word_1_166' title='bbox 1939 1005 2232 1076; x_wconf 87' lang='lat' dir='ltr'>virginitas</span> <span class='ocrx_word' id='word_1_167' title='bbox 2258 1008 2314 1062; x_wconf 92' lang='lat' dir='ltr'>in</span> <span class='ocrx_word' id='word_1_168' title='bbox 2337 1009 2546 1063; x_wconf 90' lang='lat' dir='ltr'>mundo</span> <span class='ocrx_word' id='word_1_169' title='bbox 2569 1011 2687 1064; x_wconf 91' lang='lat' dir='ltr'>sola</span> <span class='ocrx_word' id='word_1_170' title='bbox 2709 1011 2886 1066; x_wconf 86' lang='lat' dir='ltr'>libera</span> <span class='ocrx_word' id='word_1_171' title='bbox 2905 1019 3008 1079; x_wconf 91' lang='lat' dir='ltr'>est,</span> <span class='ocrx_word' id='word_1_172' title='bbox 3023 1013 3283 1070; x_wconf 88' lang='lat' dir='ltr'>libertate</span> <span class='ocrx_word' id='word_1_173' title='bbox 3306 1017 3534 1084; x_wconf 83' lang='lat' dir='ltr'>Christi,</span> 
     </span>
    </p>
   </div>
   <div class='ocr_carea' id='block_1_24' title="bbox 1942 1096 3537 1173">
    <p class='ocr_par' dir='ltr' id='par_1_24' title="bbox 1942 1096 3537 1173">
     <span class='ocr_line' id='line_1_24' title="bbox 1942 1096 3537 1173; baseline 0.007 -24"><span class='ocrx_word' id='word_1_174' title='bbox 1942 1096 2110 1150; x_wconf 91' lang='lat' dir='ltr'>nullis</span> <span class='ocrx_word' id='word_1_175' title='bbox 2156 1096 2394 1151; x_wconf 86' lang='lat' dir='ltr'>obnoxia</span> <span class='ocrx_word' id='word_1_176' title='bbox 2422 1099 2590 1164; x_wconf 88' lang='lat' dir='ltr'>vitiis,</span> <span class='ocrx_word' id='word_1_177' title='bbox 2626 1101 2794 1155; x_wconf 91' lang='lat' dir='ltr'>nullis</span> <span class='ocrx_word' id='word_1_178' title='bbox 2823 1103 3052 1173; x_wconf 89' lang='lat' dir='ltr'>alligata</span> <span class='ocrx_word' id='word_1_179' title='bbox 3080 1105 3335 1169; x_wconf 88' lang='lat' dir='ltr'>vinculis,</span> <span class='ocrx_word' id='word_1_180' title='bbox 3369 1106 3537 1160; x_wconf 89' lang='lat' dir='ltr'>nullis</span> 
     </span>
    </p>
   </div>
   <div class='ocr_carea' id='block_1_25' title="bbox 1939 1185 3539 1264">
    <p class='ocr_par' dir='ltr' id='par_1_25' title="bbox 1939 1185 3539 1264">
     <span class='ocr_line' id='line_1_25' title="bbox 1939 1185 3539 1264; baseline 0.007 -26"><span class='ocrx_word' id='word_1_181' title='bbox 1939 1185 2322 1240; x_wconf 88' lang='lat' dir='ltr'>contaminata</span> <span class='ocrx_word' id='word_1_182' title='bbox 2353 1189 2952 1262; x_wconf 72' lang='lat' dir='ltr'>corruptionibus,qua:</span> <span class='ocrx_word' id='word_1_183' title='bbox 2980 1193 3098 1247; x_wconf 91' lang='lat' dir='ltr'>sola</span> <span class='ocrx_word' id='word_1_184' title='bbox 3121 1195 3336 1264; x_wconf 89' lang='lat' dir='ltr'>angelis</span> <span class='ocrx_word' id='word_1_185' title='bbox 3356 1195 3412 1248; x_wconf 92' lang='lat' dir='ltr'>in</span> <span class='ocrx_word' id='word_1_186' title='bbox 3429 1199 3539 1249; x_wconf 87' lang='lat' dir='ltr'>ter-</span> 
     </span>
    </p>
   </div>
   <div class='ocr_carea' id='block_1_26' title="bbox 1940 1273 3533 1351">
    <p class='ocr_par' dir='ltr' id='par_1_26' title="bbox 1940 1273 3533 1351">
     <span class='ocr_line' id='line_1_26' title="bbox 1940 1273 3533 1351; baseline 0.006 -24"><span class='ocrx_word' id='word_1_187' title='bbox 1940 1273 2021 1327; x_wconf 87' lang='lat' dir='ltr'>ris</span> <span class='ocrx_word' id='word_1_188' title='bbox 2050 1281 2435 1345; x_wconf 87' lang='lat' dir='ltr'>comparatur,</span> <span class='ocrx_word' id='word_1_189' title='bbox 2451 1277 2570 1331; x_wconf 89' lang='lat' dir='ltr'>sola</span> <span class='ocrx_word' id='word_1_190' title='bbox 2588 1277 2765 1332; x_wconf 89' lang='lat' dir='ltr'>libera</span> <span class='ocrx_word' id='word_1_191' title='bbox 2794 1286 2911 1334; x_wconf 89' lang='lat' dir='ltr'>est:</span> <span class='ocrx_word' id='word_1_192' title='bbox 2937 1297 3205 1351; x_wconf 88' lang='lat' dir='ltr'>sponsum</span> <span class='ocrx_word' id='word_1_193' title='bbox 3227 1282 3533 1350; x_wconf 89' lang='lat' dir='ltr'>Christum,</span> 
     </span>
    </p>
   </div>
   <div class='ocr_carea' id='block_1_27' title="bbox 1942 1365 3486 1444">
    <p class='ocr_par' dir='ltr' id='par_1_27' title="bbox 1942 1365 3486 1444">
     <span class='ocr_line' id='line_1_27' title="bbox 1942 1365 3486 1444; baseline 0.005 -26"><span class='ocrx_word' id='word_1_194' title='bbox 1942 1380 2006 1418; x_wconf 92' lang='lat' dir='ltr'>ac</span> <span class='ocrx_word' id='word_1_195' title='bbox 2035 1365 2084 1417; x_wconf 90' lang='lat' dir='ltr'>si</span> <span class='ocrx_word' id='word_1_196' title='bbox 2110 1380 2294 1418; x_wconf 89' lang='lat' dir='ltr'>comes</span> <span class='ocrx_word' id='word_1_197' title='bbox 2324 1365 2383 1418; x_wconf 93' lang='lat' dir='ltr'>in</span> <span class='ocrx_word' id='word_1_198' title='bbox 2405 1372 2641 1431; x_wconf 89' lang='lat' dir='ltr'>remota,</span> <span class='ocrx_word' id='word_1_199' title='bbox 2673 1384 3005 1439; x_wconf 91' lang='lat' dir='ltr'>quocunque</span> <span class='ocrx_word' id='word_1_200' title='bbox 3033 1372 3189 1424; x_wconf 86' lang='lat' dir='ltr'>vadit</span> <span class='ocrx_word' id='word_1_201' title='bbox 3215 1372 3486 1444; x_wconf 87' lang='lat' dir='ltr'>sequitur.</span> 
     </span>
    </p>
   </div>
   <div class='ocr_carea' id='block_1_28' title="bbox 2016 1452 3529 1531">
    <p class='ocr_par' dir='ltr' id='par_1_28' title="bbox 2016 1452 3529 1531">
     <span class='ocr_line' id='line_1_28' title="bbox 2016 1452 3529 1531; baseline 0.007 -25"><span class='ocrx_word' id='word_1_202' title='bbox 2016 1453 2083 1506; x_wconf 90' lang='lat' dir='ltr'>Et</span> <span class='ocrx_word' id='word_1_203' title='bbox 2113 1452 2239 1507; x_wconf 92' lang='lat' dir='ltr'>ideo</span> <span class='ocrx_word' id='word_1_204' title='bbox 2267 1471 2381 1519; x_wconf 91' lang='lat' dir='ltr'>vos,</span> <span class='ocrx_word' id='word_1_205' title='bbox 2401 1454 2764 1520; x_wconf 77' lang='lat' dir='ltr'>charissimae,</span> <span class='ocrx_word' id='word_1_206' title='bbox 2780 1456 2967 1512; x_wconf 82' lang='lat' dir='ltr'>felices</span> <span class='ocrx_word' id='word_1_207' title='bbox 2986 1460 3243 1526; x_wconf 83' lang='lat' dir='ltr'>dixerim,</span> <span class='ocrx_word' id='word_1_208' title='bbox 3263 1461 3529 1531; x_wconf 87' lang='lat' dir='ltr'>quoniam</span> 
     </span>
    </p>
   </div>
   <div class='ocr_carea' id='block_1_29' title="bbox 1941 1540 3534 1608">
    <p class='ocr_par' dir='ltr' id='par_1_29' title="bbox 1941 1540 3534 1608">
     <span class='ocr_line' id='line_1_29' title="bbox 1941 1540 3534 1608; baseline 0.006 -14"><span class='ocrx_word' id='word_1_209' title='bbox 1941 1540 2197 1594; x_wconf 89' lang='lat' dir='ltr'>nescistis</span> <span class='ocrx_word' id='word_1_210' title='bbox 2226 1547 2412 1596; x_wconf 86' lang='lat' dir='ltr'>torum</span> <span class='ocrx_word' id='word_1_211' title='bbox 2443 1542 2501 1595; x_wconf 90' lang='lat' dir='ltr'>in</span> <span class='ocrx_word' id='word_1_212' title='bbox 2533 1542 2754 1608; x_wconf 91' lang='lat' dir='ltr'>delicto,</span> <span class='ocrx_word' id='word_1_213' title='bbox 2773 1544 3050 1600; x_wconf 86' lang='lat' dir='ltr'>habebitis</span> <span class='ocrx_word' id='word_1_214' title='bbox 3077 1548 3320 1602; x_wconf 82' lang='lat' dir='ltr'>fructum</span> <span class='ocrx_word' id='word_1_215' title='bbox 3348 1549 3406 1603; x_wconf 91' lang='lat' dir='ltr'>in</span> <span class='ocrx_word' id='word_1_216' title='bbox 3442 1565 3534 1604; x_wconf 86' lang='lat' dir='ltr'>re-</span> 
     </span>
    </p>
   </div>
   <div class='ocr_carea' id='block_1_30' title="bbox 248 1629 3537 1708">
    <p class='ocr_par' dir='ltr' id='par_1_30' title="bbox 248 1629 3537 1708">
     <span class='ocr_line' id='line_1_30' title="bbox 248 1629 3537 1708; baseline 0.003 -25"><span class='ocrx_word' id='word_1_217' title='bbox 248 1647 354 1700; x_wconf 88' lang='lat' dir='ltr'>per</span> <span class='ocrx_word' id='word_1_218' title='bbox 385 1631 557 1684; x_wconf 87' lang='lat' dir='ltr'>etiam</span> <span class='ocrx_word' id='word_1_219' title='bbox 579 1630 651 1684; x_wconf 91' lang='lat' dir='ltr'>ad</span> <span class='ocrx_word' id='word_1_220' title='bbox 677 1630 994 1701; x_wconf 86' lang='lat' dir='ltr'>exemplum</span> <span class='ocrx_word' id='word_1_221' title='bbox 1016 1629 1394 1700; x_wconf 90' lang='lat' dir='ltr'>apostolorum</span> <span class='ocrx_word' id='word_1_222' title='bbox 1421 1629 1610 1682; x_wconf 89' lang='lat' dir='ltr'>omnia</span> <span class='ocrx_word' id='word_1_223' title='bbox 1635 1629 1915 1708; x_wconf 38' lang='lat' dir='ltr'>reliqui-ﬁ</span> <span class='ocrx_word' id='word_1_224' title='bbox 1940 1630 2223 1701; x_wconf 88' lang='lat' dir='ltr'>spectione</span> <span class='ocrx_word' id='word_1_225' title='bbox 2253 1631 2571 1687; x_wconf 88' lang='lat' dir='ltr'>animarum</span> <span class='ocrx_word' id='word_1_226' title='bbox 2620 1639 2962 1689; x_wconf 82' lang='lat' dir='ltr'>sanctarum.</span> <span class='ocrx_word' id='word_1_227' title='bbox 2995 1637 3207 1692; x_wconf 86' lang='lat' dir='ltr'>Felices</span> <span class='ocrx_word' id='word_1_228' title='bbox 3251 1655 3372 1708; x_wconf 63' lang='lat' dir='ltr'>qua</span> <span class='ocrx_word' id='word_1_229' title='bbox 3401 1637 3537 1692; x_wconf 90' lang='lat' dir='ltr'>bibi-</span> 
     </span>
    </p>
   </div>
   <div class='ocr_carea' id='block_1_31' title="bbox 249 1699 3538 1792">
    <p class='ocr_par' dir='ltr' id='par_1_31' title="bbox 249 1699 3538 1792">
     <span class='ocr_line' id='line_1_31' title="bbox 249 1699 3538 1792; baseline 0.002 -19"><span class='ocrx_word' id='word_1_230' title='bbox 249 1720 389 1784; x_wconf 85' lang='lat' dir='ltr'>stis;</span> <span class='ocrx_word' id='word_1_231' title='bbox 417 1735 521 1773; x_wconf 90' lang='lat' dir='ltr'>nec</span> <span class='ocrx_word' id='word_1_232' title='bbox 544 1719 649 1773; x_wconf 90' lang='lat' dir='ltr'>hoc</span> <span class='ocrx_word' id='word_1_233' title='bbox 675 1719 878 1783; x_wconf 89' lang='lat' dir='ltr'>solum,</span> <span class='ocrx_word' id='word_1_234' title='bbox 906 1718 1271 1772; x_wconf 88' lang='lat' dir='ltr'>verumetiam</span> <span class='ocrx_word' id='word_1_235' title='bbox 1305 1716 1408 1771; x_wconf 89' lang='lat' dir='ltr'>sub</span> <span class='ocrx_word' id='word_1_236' title='bbox 1434 1717 1742 1771; x_wconf 90' lang='lat' dir='ltr'>monastica</span> <span class='ocrx_word' id='word_1_237' title='bbox 1771 1716 1857 1771; x_wconf 85' lang='lat' dir='ltr'>di-</span> <span class='ocrx_word' id='word_1_238' title='bbox 1875 1699 1919 1757; x_wconf 77' lang='grc' dir='ltr'>Β</span> <span class='ocrx_word' id='word_1_239' title='bbox 1941 1718 2042 1772; x_wconf 87' lang='lat' dir='ltr'>stis</span> <span class='ocrx_word' id='word_1_240' title='bbox 2068 1736 2194 1773; x_wconf 91' lang='lat' dir='ltr'>cum</span> <span class='ocrx_word' id='word_1_241' title='bbox 2223 1720 2366 1774; x_wconf 88' lang='lat' dir='ltr'>lacte</span> <span class='ocrx_word' id='word_1_242' title='bbox 2411 1721 2595 1775; x_wconf 89' lang='lat' dir='ltr'>carnis</span> <span class='ocrx_word' id='word_1_243' title='bbox 2620 1722 2708 1776; x_wconf 88' lang='lat' dir='ltr'>lac</span> <span class='ocrx_word' id='word_1_244' title='bbox 2753 1723 2879 1778; x_wconf 65' lang='lat' dir='ltr'>vitae</span> <span class='ocrx_word' id='word_1_245' title='bbox 2913 1731 3156 1792; x_wconf 66' lang='lat' dir='ltr'>aeternm,</span> <span class='ocrx_word' id='word_1_246' title='bbox 3201 1699 3286 1780; x_wconf 42' lang='lat' dir='ltr'>et-</span> <span class='ocrx_word' id='word_1_247' title='bbox 3305 1742 3433 1779; x_wconf 81' lang='lat' dir='ltr'>mox</span> <span class='ocrx_word' id='word_1_248' title='bbox 3480 1726 3538 1780; x_wconf 92' lang='lat' dir='ltr'>in</span> 
     </span>
    </p>
   </div>
   <div class='ocr_carea' id='block_1_32' title="bbox 247 1805 1856 1878">
    <p class='ocr_par' dir='ltr' id='par_1_32' title="bbox 247 1805 1856 1878">
     <span class='ocr_line' id='line_1_32' title="bbox 247 1805 1856 1878; baseline -0.002 -16"><span class='ocrx_word' id='word_1_249' title='bbox 247 1808 496 1878; x_wconf 87' lang='lat' dir='ltr'>sciplina</span> <span class='ocrx_word' id='word_1_250' title='bbox 522 1823 618 1862; x_wconf 89' lang='lat' dir='ltr'>vos</span> <span class='ocrx_word' id='word_1_251' title='bbox 652 1807 964 1878; x_wconf 89' lang='lat' dir='ltr'>redegistis.</span> <span class='ocrx_word' id='word_1_252' title='bbox 1001 1807 1109 1862; x_wconf 90' lang='lat' dir='ltr'>Sed</span> <span class='ocrx_word' id='word_1_253' title='bbox 1141 1806 1274 1876; x_wconf 89' lang='lat' dir='ltr'>quia</span> <span class='ocrx_word' id='word_1_254' title='bbox 1312 1805 1565 1876; x_wconf 85' lang='lat' dir='ltr'>fragilior</span> <span class='ocrx_word' id='word_1_255' title='bbox 1592 1822 1755 1860; x_wconf 85' lang='lat' dir='ltr'>sexus</span> <span class='ocrx_word' id='word_1_256' title='bbox 1774 1806 1856 1859; x_wconf 92' lang='lat' dir='ltr'>vi-</span> 
     </span>
    </p>
   </div>
   <div class='ocr_carea' id='block_1_33' title="bbox 249 1893 1852 1962">
    <p class='ocr_par' dir='ltr' id='par_1_33' title="bbox 249 1893 1852 1962">
     <span class='ocr_line' id='line_1_33' title="bbox 249 1893 1852 1962; baseline -0.001 -12"><span class='ocrx_word' id='word_1_257' title='bbox 249 1895 515 1962; x_wconf 85' lang='lat' dir='ltr'>debatur,</span> <span class='ocrx_word' id='word_1_258' title='bbox 563 1912 691 1951; x_wconf 91' lang='lat' dir='ltr'>cum</span> <span class='ocrx_word' id='word_1_259' title='bbox 731 1902 880 1951; x_wconf 89' lang='lat' dir='ltr'>esset</span> <span class='ocrx_word' id='word_1_260' title='bbox 929 1897 1175 1950; x_wconf 89' lang='lat' dir='ltr'>charitas</span> <span class='ocrx_word' id='word_1_261' title='bbox 1220 1894 1524 1948; x_wconf 85' lang='lat' dir='ltr'>ferventior</span> <span class='ocrx_word' id='word_1_262' title='bbox 1572 1894 1630 1948; x_wconf 89' lang='lat' dir='ltr'>in</span> <span class='ocrx_word' id='word_1_263' title='bbox 1679 1893 1852 1960; x_wconf 92' lang='lat' dir='ltr'>vobis,</span> 
     </span>
    </p>
   </div>
   <div class='ocr_carea' id='block_1_34' title="bbox 246 1983 1856 2055">
    <p class='ocr_par' dir='ltr' id='par_1_34' title="bbox 246 1983 1856 2055">
     <span class='ocr_line' id='line_1_34' title="bbox 246 1983 1856 2055; baseline -0.001 -17"><span class='ocrx_word' id='word_1_264' title='bbox 246 1985 429 2039; x_wconf 89' lang='lat' dir='ltr'>etiam</span> <span class='ocrx_word' id='word_1_265' title='bbox 461 1985 629 2055; x_wconf 85' lang='lat' dir='ltr'>longa</span> <span class='ocrx_word' id='word_1_266' title='bbox 676 2001 741 2038; x_wconf 83' lang='lat' dir='ltr'>ex</span> <span class='ocrx_word' id='word_1_267' title='bbox 785 1984 1188 2039; x_wconf 88' lang='lat' dir='ltr'>consuetudine</span> <span class='ocrx_word' id='word_1_268' title='bbox 1237 1990 1446 2038; x_wconf 76' lang='lat' dir='ltr'>aeterna</span> <span class='ocrx_word' id='word_1_269' title='bbox 1475 1983 1732 2038; x_wconf 86' lang='lat' dir='ltr'>clausura</span> <span class='ocrx_word' id='word_1_270' title='bbox 1759 1999 1856 2037; x_wconf 88' lang='lat' dir='ltr'>vos</span> 
     </span>
    </p>
   </div>
   <div class='ocr_carea' id='block_1_35' title="bbox 247 2073 1853 2145">
    <p class='ocr_par' dir='ltr' id='par_1_35' title="bbox 247 2073 1853 2145">
     <span class='ocr_line' id='line_1_35' title="bbox 247 2073 1853 2145; baseline 0 -18"><span class='ocrx_word' id='word_1_271' title='bbox 247 2073 583 2139; x_wconf 88' lang='lat' dir='ltr'>obserastis,</span> <span class='ocrx_word' id='word_1_272' title='bbox 606 2074 951 2128; x_wconf 85' lang='lat' dir='ltr'>unanimiter</span> <span class='ocrx_word' id='word_1_273' title='bbox 973 2078 1393 2145; x_wconf 89' lang='lat' dir='ltr'>perseverantes</span> <span class='ocrx_word' id='word_1_274' title='bbox 1420 2073 1477 2127; x_wconf 90' lang='lat' dir='ltr'>in</span> <span class='ocrx_word' id='word_1_275' title='bbox 1504 2073 1714 2142; x_wconf 90' lang='lat' dir='ltr'>templo</span> <span class='ocrx_word' id='word_1_276' title='bbox 1741 2073 1853 2127; x_wconf 86' lang='lat' dir='ltr'>Do-</span> 
     </span>
    </p>
   </div>
   <div class='ocr_carea' id='block_1_36' title="bbox 247 2161 1855 2232">
    <p class='ocr_par' dir='ltr' id='par_1_36' title="bbox 247 2161 1855 2232">
     <span class='ocr_line' id='line_1_36' title="bbox 247 2161 1855 2232; baseline 0 -17"><span class='ocrx_word' id='word_1_277' title='bbox 247 2161 397 2215; x_wconf 90' lang='lat' dir='ltr'>mini</span> <span class='ocrx_word' id='word_1_278' title='bbox 426 2176 440 2216; x_wconf 92' lang='lat'><strong>:</strong></span> <span class='ocrx_word' id='word_1_279' title='bbox 477 2178 715 2232; x_wconf 90' lang='lat' dir='ltr'>quarum</span> <span class='ocrx_word' id='word_1_280' title='bbox 747 2179 841 2218; x_wconf 79' lang='lat' dir='ltr'>cor</span> <span class='ocrx_word' id='word_1_281' title='bbox 875 2179 1074 2226; x_wconf 85' lang='lat' dir='ltr'>unum,</span> <span class='ocrx_word' id='word_1_282' title='bbox 1118 2167 1166 2215; x_wconf 75' lang='lat' dir='ltr'>cl</span> <span class='ocrx_word' id='word_1_283' title='bbox 1195 2165 1393 2215; x_wconf 84' lang='lat' dir='ltr'>anima</span> <span class='ocrx_word' id='word_1_284' title='bbox 1430 2178 1546 2215; x_wconf 89' lang='lat' dir='ltr'>una</span> <span class='ocrx_word' id='word_1_285' title='bbox 1593 2161 1741 2214; x_wconf 90' lang='lat' dir='ltr'>facta</span> <span class='ocrx_word' id='word_1_286' title='bbox 1769 2167 1855 2215; x_wconf 91' lang='lat' dir='ltr'>est</span> 
     </span>
    </p>
   </div>
   <div class='ocr_carea' id='block_1_37' title="bbox 251 2249 1853 2322">
    <p class='ocr_par' dir='ltr' id='par_1_37' title="bbox 251 2249 1853 2322">
     <span class='ocr_line' id='line_1_37' title="bbox 251 2249 1853 2322; baseline -0.003 -14"><span class='ocrx_word' id='word_1_287' title='bbox 251 2251 396 2322; x_wconf 80' lang='lat' dir='ltr'>(Act.</span> <span class='ocrx_word' id='word_1_288' title='bbox 416 2249 618 2321; x_wconf 79' lang='lat' dir='ltr'>iv,3&#39;2),</span> <span class='ocrx_word' id='word_1_289' title='bbox 641 2257 994 2305; x_wconf 78' lang='lat' dir='ltr'>concremata</span> <span class='ocrx_word' id='word_1_290' title='bbox 1021 2251 1150 2321; x_wconf 90' lang='lat' dir='ltr'>igne</span> <span class='ocrx_word' id='word_1_291' title='bbox 1177 2250 1349 2304; x_wconf 86' lang='lat' dir='ltr'>divini</span> <span class='ocrx_word' id='word_1_292' title='bbox 1380 2251 1606 2314; x_wconf 84' lang='lat' dir='ltr'>amoris,</span> <span class='ocrx_word' id='word_1_293' title='bbox 1638 2255 1704 2304; x_wconf 92' lang='lat' dir='ltr'>ut</span> <span class='ocrx_word' id='word_1_294' title='bbox 1727 2250 1853 2321; x_wconf 89' lang='lat' dir='ltr'>plu-</span> 
     </span>
    </p>
   </div>
   <div class='ocr_carea' id='block_1_38' title="bbox 245 2337 1855 2410">
    <p class='ocr_par' dir='ltr' id='par_1_38' title="bbox 245 2337 1855 2410">
     <span class='ocr_line' id='line_1_38' title="bbox 245 2337 1855 2410; baseline -0.001 -15"><span class='ocrx_word' id='word_1_295' title='bbox 245 2356 340 2395; x_wconf 87' lang='lat' dir='ltr'>res</span> <span class='ocrx_word' id='word_1_296' title='bbox 373 2356 556 2394; x_wconf 91' lang='lat' dir='ltr'>unum</span> <span class='ocrx_word' id='word_1_297' title='bbox 582 2340 801 2406; x_wconf 87' lang='lat' dir='ltr'>fierent,</span> <span class='ocrx_word' id='word_1_298' title='bbox 833 2340 904 2394; x_wconf 90' lang='lat' dir='ltr'>ad</span> <span class='ocrx_word' id='word_1_299' title='bbox 929 2339 1242 2410; x_wconf 85' lang='lat' dir='ltr'>exemplum</span> <span class='ocrx_word' id='word_1_300' title='bbox 1269 2337 1421 2393; x_wconf 91' lang='lat' dir='ltr'>illius</span> <span class='ocrx_word' id='word_1_301' title='bbox 1451 2339 1747 2410; x_wconf 77' lang='lat' dir='ltr'>primitivae</span> <span class='ocrx_word' id='word_1_302' title='bbox 1760 2339 1855 2393; x_wconf 89' lang='lat' dir='ltr'>Ec-</span> 
     </span>
    </p>
   </div>
   <div class='ocr_carea' id='block_1_39' title="bbox 243 2429 1855 2501">
    <p class='ocr_par' dir='ltr' id='par_1_39' title="bbox 243 2429 1855 2501">
     <span class='ocr_line' id='line_1_39' title="bbox 243 2429 1855 2501; baseline -0.002 -16"><span class='ocrx_word' id='word_1_303' title='bbox 243 2431 454 2497; x_wconf 68' lang='lat' dir='ltr'>clesiae,</span> <span class='ocrx_word' id='word_1_304' title='bbox 482 2446 650 2500; x_wconf 87' lang='lat' dir='ltr'>quam</span> <span class='ocrx_word' id='word_1_305' title='bbox 682 2429 925 2501; x_wconf 87' lang='lat' dir='ltr'>Spiritus</span> <span class='ocrx_word' id='word_1_306' title='bbox 955 2437 1183 2484; x_wconf 88' lang='lat' dir='ltr'>sanctus</span> <span class='ocrx_word' id='word_1_307' title='bbox 1209 2429 1267 2483; x_wconf 91' lang='lat' dir='ltr'>in</span> <span class='ocrx_word' id='word_1_308' title='bbox 1297 2445 1473 2484; x_wconf 91' lang='lat' dir='ltr'>unum</span> <span class='ocrx_word' id='word_1_309' title='bbox 1522 2429 1757 2494; x_wconf 84' lang='lat' dir='ltr'>decoxit,</span> <span class='ocrx_word' id='word_1_310' title='bbox 1792 2436 1855 2482; x_wconf 91' lang='lat' dir='ltr'>ut</span> 
     </span>
    </p>
   </div>
   <div class='ocr_carea' id='block_1_40' title="bbox 243 2517 1853 2574">
    <p class='ocr_par' dir='ltr' id='par_1_40' title="bbox 243 2517 1853 2574">
     <span class='ocr_line' id='line_1_40' title="bbox 243 2517 1853 2574; baseline 0 -1"><span class='ocrx_word' id='word_1_311' title='bbox 243 2524 302 2574; x_wconf 91' lang='lat' dir='ltr'>et</span> <span class='ocrx_word' id='word_1_312' title='bbox 332 2519 534 2574; x_wconf 87' lang='lat' dir='ltr'>multis</span> <span class='ocrx_word' id='word_1_313' title='bbox 564 2518 863 2574; x_wconf 87' lang='lat' dir='ltr'>virtutibus</span> <span class='ocrx_word' id='word_1_314' title='bbox 891 2535 1006 2574; x_wconf 88' lang='lat' dir='ltr'>una</span> <span class='ocrx_word' id='word_1_315' title='bbox 1047 2523 1194 2573; x_wconf 89' lang='lat' dir='ltr'>esset</span> <span class='ocrx_word' id='word_1_316' title='bbox 1223 2535 1411 2572; x_wconf 89' lang='lat' dir='ltr'>massa</span> <span class='ocrx_word' id='word_1_317' title='bbox 1439 2517 1750 2572; x_wconf 85' lang='lat' dir='ltr'>charitatis.</span> <span class='ocrx_word' id='word_1_318' title='bbox 1788 2519 1853 2573; x_wconf 90' lang='lat' dir='ltr'>In</span> 
     </span>
    </p>
   </div>
   <div class='ocr_carea' id='block_1_41' title="bbox 245 2607 1853 2680">
    <p class='ocr_par' dir='ltr' id='par_1_41' title="bbox 245 2607 1853 2680">
     <span class='ocr_line' id='line_1_41' title="bbox 245 2607 1853 2680; baseline -0.001 -17"><span class='ocrx_word' id='word_1_319' title='bbox 245 2624 494 2680; x_wconf 88' lang='lat' dir='ltr'>quarum</span> <span class='ocrx_word' id='word_1_320' title='bbox 515 2607 786 2680; x_wconf 89' lang='lat' dir='ltr'>principio</span> <span class='ocrx_word' id='word_1_321' title='bbox 808 2624 905 2662; x_wconf 91' lang='lat' dir='ltr'>vos</span> <span class='ocrx_word' id='word_1_322' title='bbox 921 2607 1258 2662; x_wconf 86' lang='lat' dir='ltr'>consociavit</span> <span class='ocrx_word' id='word_1_323' title='bbox 1277 2607 1426 2661; x_wconf 91' lang='lat' dir='ltr'>idem</span> <span class='ocrx_word' id='word_1_324' title='bbox 1455 2607 1699 2678; x_wconf 89' lang='lat' dir='ltr'>Spiritus</span> <span class='ocrx_word' id='word_1_325' title='bbox 1729 2624 1853 2661; x_wconf 89' lang='lat' dir='ltr'>san-</span> 
     </span>
    </p>
   </div>
   <div class='ocr_carea' id='block_1_42' title="bbox 243 2694 1852 2768">
    <p class='ocr_par' dir='ltr' id='par_1_42' title="bbox 243 2694 1852 2768">
     <span class='ocr_line' id='line_1_42' title="bbox 243 2694 1852 2768; baseline -0.003 -16"><span class='ocrx_word' id='word_1_326' title='bbox 243 2704 396 2762; x_wconf 84' lang='lat' dir='ltr'>ctus,</span> <span class='ocrx_word' id='word_1_327' title='bbox 425 2697 522 2768; x_wconf 90' lang='lat' dir='ltr'>qui</span> <span class='ocrx_word' id='word_1_328' title='bbox 544 2702 808 2768; x_wconf 85' lang='lat' dir='ltr'>operatur</span> <span class='ocrx_word' id='word_1_329' title='bbox 843 2697 1034 2752; x_wconf 90' lang='lat' dir='ltr'>omnia</span> <span class='ocrx_word' id='word_1_330' title='bbox 1060 2696 1119 2750; x_wconf 90' lang='lat' dir='ltr'>in</span> <span class='ocrx_word' id='word_1_331' title='bbox 1139 2694 1416 2758; x_wconf 88' lang='lat' dir='ltr'>omnibus,</span> <span class='ocrx_word' id='word_1_332' title='bbox 1446 2699 1503 2748; x_wconf 92' lang='lat' dir='ltr'>et</span> <span class='ocrx_word' id='word_1_333' title='bbox 1522 2694 1653 2748; x_wconf 88' lang='lat' dir='ltr'>fecit</span> <span class='ocrx_word' id='word_1_334' title='bbox 1676 2711 1852 2748; x_wconf 89' lang='lat' dir='ltr'>unum</span> 
     </span>
    </p>
   </div>
   <div class='ocr_carea' id='block_1_43' title="bbox 245 2783 1846 2857">
    <p class='ocr_par' dir='ltr' id='par_1_43' title="bbox 245 2783 1846 2857">
     <span class='ocr_line' id='line_1_43' title="bbox 245 2783 1846 2857; baseline -0.002 -17"><span class='ocrx_word' id='word_1_335' title='bbox 245 2801 462 2857; x_wconf 86' lang='lat' dir='ltr'>corpus</span> <span class='ocrx_word' id='word_1_336' title='bbox 489 2785 550 2839; x_wconf 90' lang='lat' dir='ltr'>in</span> <span class='ocrx_word' id='word_1_337' title='bbox 575 2785 818 2851; x_wconf 89' lang='lat' dir='ltr'>Christo,</span> <span class='ocrx_word' id='word_1_338' title='bbox 851 2801 1140 2855; x_wconf 88' lang='lat' dir='ltr'>unumque</span> <span class='ocrx_word' id='word_1_339' title='bbox 1167 2800 1264 2838; x_wconf 92' lang='lat' dir='ltr'>cor</span> <span class='ocrx_word' id='word_1_340' title='bbox 1292 2789 1351 2838; x_wconf 93' lang='lat' dir='ltr'>et</span> <span class='ocrx_word' id='word_1_341' title='bbox 1377 2783 1625 2838; x_wconf 89' lang='lat' dir='ltr'>animam</span> <span class='ocrx_word' id='word_1_342' title='bbox 1653 2800 1846 2838; x_wconf 89' lang='lat' dir='ltr'>unam.</span> 
     </span>
    </p>
   </div>
   <div class='ocr_carea' id='block_1_44' title="bbox 246 2872 1850 2954">
    <p class='ocr_par' dir='ltr' id='par_1_44' title="bbox 246 2872 1850 2954">
     <span class='ocr_line' id='line_1_44' title="bbox 246 2872 1850 2954; baseline -0.003 -25"><span class='ocrx_word' id='word_1_343' title='bbox 246 2875 364 2930; x_wconf 90' lang='lat' dir='ltr'>Sed</span> <span class='ocrx_word' id='word_1_344' title='bbox 394 2875 529 2946; x_wconf 92' lang='lat' dir='ltr'>quia</span> <span class='ocrx_word' id='word_1_345' title='bbox 557 2890 862 2946; x_wconf 88' lang='lat' dir='ltr'>paucorum</span> <span class='ocrx_word' id='word_1_346' title='bbox 883 2879 969 2928; x_wconf 92' lang='lat' dir='ltr'>est</span> <span class='ocrx_word' id='word_1_347' title='bbox 1003 2873 1113 2928; x_wconf 87' lang='lat' dir='ltr'>ista</span> <span class='ocrx_word' id='word_1_348' title='bbox 1141 2873 1337 2938; x_wconf 86' lang='lat' dir='ltr'>virtus,</span> <span class='ocrx_word' id='word_1_349' title='bbox 1367 2872 1806 2954; x_wconf 50' lang='lat' dir='ltr'>reme-sequitur</span> <span class='ocrx_word' id='word_1_350' title='bbox 1838 2890 1850 2924; x_wconf 88' lang='lat'><strong>:</strong></span> 
     </span>
    </p>
   </div>
   <div class='ocr_carea' id='block_1_45' title="bbox 251 2959 1852 3032">
    <p class='ocr_par' dir='ltr' id='par_1_45' title="bbox 251 2959 1852 3032">
     <span class='ocr_line' id='line_1_45' title="bbox 251 2959 1852 3032; baseline -0.002 -13"><span class='ocrx_word' id='word_1_351' title='bbox 251 2966 381 3019; x_wconf 83' lang='lat' dir='ltr'>Post</span> <span class='ocrx_word' id='word_1_352' title='bbox 417 2981 538 3016; x_wconf 75' lang='lat' dir='ltr'>eam</span> <span class='ocrx_word' id='word_1_353' title='bbox 571 2967 838 3032; x_wconf 62' lang='lat' dir='ltr'>proxima</span> <span class='ocrx_word' id='word_1_354' title='bbox 865 2967 980 3032; x_wconf 84' lang='lat' dir='ltr'>ejus</span> <span class='ocrx_word' id='word_1_355' title='bbox 1017 2965 1326 3029; x_wconf 78' lang='lat' dir='ltr'>a/fcrentur</span> <span class='ocrx_word' id='word_1_356' title='bbox 1359 2959 1498 3025; x_wconf 56' lang='lat' dir='ltr'>tibi,</span> <span class='ocrx_word' id='word_1_357' title='bbox 1527 2962 1584 3015; x_wconf 93' lang='lat' dir='ltr'>id</span> <span class='ocrx_word' id='word_1_358' title='bbox 1613 2967 1700 3015; x_wconf 90' lang='lat' dir='ltr'>est</span> <span class='ocrx_word' id='word_1_359' title='bbox 1725 2967 1852 3032; x_wconf 89' lang='lat' dir='ltr'>post</span> 
     </span>
    </p>
   </div>
   <div class='ocr_carea' id='block_1_46' title="bbox 246 3049 1845 3122">
    <p class='ocr_par' dir='ltr' id='par_1_46' title="bbox 246 3049 1845 3122">
     <span class='ocr_line' id='line_1_46' title="bbox 246 3049 1845 3122; baseline 0 -18"><span class='ocrx_word' id='word_1_360' title='bbox 246 3052 422 3107; x_wconf 89' lang='lat' dir='ltr'>hanc.</span> <span class='ocrx_word' id='word_1_361' title='bbox 437 3051 498 3104; x_wconf 89' lang='lat' dir='ltr'>in</span> <span class='ocrx_word' id='word_1_362' title='bbox 521 3067 634 3122; x_wconf 91' lang='lat' dir='ltr'>qua</span> <span class='ocrx_word' id='word_1_363' title='bbox 658 3067 752 3106; x_wconf 92' lang='lat' dir='ltr'>vos</span> <span class='ocrx_word' id='word_1_364' title='bbox 781 3050 970 3105; x_wconf 90' lang='lat' dir='ltr'>divina</span> <span class='ocrx_word' id='word_1_365' title='bbox 988 3049 1173 3120; x_wconf 88' lang='lat' dir='ltr'>gratia</span> <span class='ocrx_word' id='word_1_366' title='bbox 1193 3051 1359 3104; x_wconf 87' lang='lat' dir='ltr'>flores</span> <span class='ocrx_word' id='word_1_367' title='bbox 1381 3066 1502 3104; x_wconf 90' lang='lat' dir='ltr'>esse</span> <span class='ocrx_word' id='word_1_368' title='bbox 1524 3050 1845 3104; x_wconf 89' lang='lat' dir='ltr'>constituit:</span> 
     </span>
    </p>
   </div>
   <div class='ocr_carea' id='block_1_47' title="bbox 245 3139 1852 3210">
    <p class='ocr_par' dir='ltr' id='par_1_47' title="bbox 245 3139 1852 3210">
     <span class='ocr_line' id='line_1_47' title="bbox 245 3139 1852 3210; baseline -0.001 -15"><span class='ocrx_word' id='word_1_369' title='bbox 245 3141 564 3196; x_wconf 73' lang='lat' dir='ltr'>afferentur</span> <span class='ocrx_word' id='word_1_370' title='bbox 591 3139 784 3194; x_wconf 71' lang='lat' dir='ltr'>amicae</span> <span class='ocrx_word' id='word_1_371' title='bbox 812 3156 912 3194; x_wconf 90' lang='lat' dir='ltr'>seu</span> <span class='ocrx_word' id='word_1_372' title='bbox 951 3139 1233 3210; x_wconf 81' lang='lat' dir='ltr'>proximae,</span> <span class='ocrx_word' id='word_1_373' title='bbox 1267 3140 1337 3192; x_wconf 88' lang='lat' dir='ltr'>ad</span> <span class='ocrx_word' id='word_1_374' title='bbox 1367 3139 1547 3210; x_wconf 88' lang='lat' dir='ltr'>ipsam</span> <span class='ocrx_word' id='word_1_375' title='bbox 1575 3139 1852 3193; x_wconf 85' lang='lat' dir='ltr'>eamdem-</span> 
     </span>
    </p>
   </div>
   <div class='ocr_carea' id='block_1_48' title="bbox 247 3228 1852 3301">
    <p class='ocr_par' dir='ltr' id='par_1_48' title="bbox 247 3228 1852 3301">
     <span class='ocr_line' id='line_1_48' title="bbox 247 3228 1852 3301; baseline -0.001 -17"><span class='ocrx_word' id='word_1_376' title='bbox 247 3246 364 3301; x_wconf 88' lang='lat' dir='ltr'>que</span> <span class='ocrx_word' id='word_1_377' title='bbox 404 3228 728 3297; x_wconf 88' lang='lat' dir='ltr'>Ecclesiam,</span> <span class='ocrx_word' id='word_1_378' title='bbox 761 3234 825 3282; x_wconf 92' lang='lat' dir='ltr'>ut</span> <span class='ocrx_word' id='word_1_379' title='bbox 853 3228 965 3281; x_wconf 91' lang='lat' dir='ltr'>sint</span> <span class='ocrx_word' id='word_1_380' title='bbox 1004 3234 1060 3282; x_wconf 91' lang='lat' dir='ltr'>et</span> <span class='ocrx_word' id='word_1_381' title='bbox 1084 3229 1216 3299; x_wconf 82' lang='lat' dir='ltr'>ipsae</span> <span class='ocrx_word' id='word_1_382' title='bbox 1245 3229 1303 3281; x_wconf 92' lang='lat' dir='ltr'>in</span> <span class='ocrx_word' id='word_1_383' title='bbox 1340 3229 1558 3282; x_wconf 90' lang='lat' dir='ltr'>unitate</span> <span class='ocrx_word' id='word_1_384' title='bbox 1603 3229 1852 3298; x_wconf 90' lang='lat' dir='ltr'>corporis</span> 
     </span>
    </p>
   </div>
   <div class='ocr_carea' id='block_1_49' title="bbox 247 3315 1853 3387">
    <p class='ocr_par' dir='ltr' id='par_1_49' title="bbox 247 3315 1853 3387">
     <span class='ocr_line' id='line_1_49' title="bbox 247 3315 1853 3387; baseline -0.001 -16"><span class='ocrx_word' id='word_1_385' title='bbox 247 3316 510 3372; x_wconf 89' lang='lat' dir='ltr'>membra</span> <span class='ocrx_word' id='word_1_386' title='bbox 530 3316 737 3371; x_wconf 88' lang='lat' dir='ltr'>fidelia.</span> <span class='ocrx_word' id='word_1_387' title='bbox 771 3317 905 3381; x_wconf 74' lang='lat' dir='ltr'>Quae</span> <span class='ocrx_word' id='word_1_388' title='bbox 937 3315 1216 3386; x_wconf 79' lang='lat' dir='ltr'>proximae,</span> <span class='ocrx_word' id='word_1_389' title='bbox 1247 3332 1347 3370; x_wconf 89' lang='lat' dir='ltr'>seu</span> <span class='ocrx_word' id='word_1_390' title='bbox 1375 3315 1586 3381; x_wconf 77' lang='lat' dir='ltr'>amicae,</span> <span class='ocrx_word' id='word_1_391' title='bbox 1609 3321 1748 3387; x_wconf 83' lang='lat' dir='ltr'>sunt</span> <span class='ocrx_word' id='word_1_392' title='bbox 1771 3315 1853 3369; x_wconf 93' lang='lat' dir='ltr'>vi-</span> 
     </span>
    </p>
   </div>
   <div class='ocr_carea' id='block_1_50' title="bbox 247 3404 1851 3475">
    <p class='ocr_par' dir='ltr' id='par_1_50' title="bbox 247 3404 1851 3475">
     <span class='ocr_line' id='line_1_50' title="bbox 247 3404 1851 3475; baseline -0.001 -15"><span class='ocrx_word' id='word_1_393' title='bbox 247 3407 380 3462; x_wconf 60' lang='lat' dir='ltr'>dum</span> <span class='ocrx_word' id='word_1_394' title='bbox 418 3411 572 3459; x_wconf 85' lang='lat' dir='ltr'>caste</span> <span class='ocrx_word' id='word_1_395' title='bbox 598 3405 865 3472; x_wconf 85' lang='lat' dir='ltr'>viventes,</span> <span class='ocrx_word' id='word_1_396' title='bbox 898 3404 1207 3475; x_wconf 87' lang='lat' dir='ltr'>virginibus</span> <span class='ocrx_word' id='word_1_397' title='bbox 1235 3405 1414 3474; x_wconf 91' lang='lat' dir='ltr'>gradu</span> <span class='ocrx_word' id='word_1_398' title='bbox 1441 3404 1692 3459; x_wconf 88' lang='lat' dir='ltr'>inferiori</span> <span class='ocrx_word' id='word_1_399' title='bbox 1719 3422 1851 3459; x_wconf 93' lang='lat' dir='ltr'>con-</span> 
     </span>
    </p>
   </div>
   <div class='ocr_carea' id='block_1_51' title="bbox 248 3493 1850 3564">
    <p class='ocr_par' dir='ltr' id='par_1_51' title="bbox 248 3493 1850 3564">
     <span class='ocr_line' id='line_1_51' title="bbox 248 3493 1850 3564; baseline -0.002 -14"><span class='ocrx_word' id='word_1_400' title='bbox 248 3495 497 3550; x_wconf 60' lang='lat' dir='ltr'>sociata.</span> <span class='ocrx_word' id='word_1_401' title='bbox 543 3493 689 3548; x_wconf 85' lang='lat' dir='ltr'>Nam</span> <span class='ocrx_word' id='word_1_402' title='bbox 719 3510 845 3548; x_wconf 91' lang='lat' dir='ltr'>cum</span> <span class='ocrx_word' id='word_1_403' title='bbox 876 3493 1164 3564; x_wconf 88' lang='lat' dir='ltr'>virginitas</span> <span class='ocrx_word' id='word_1_404' title='bbox 1193 3493 1561 3548; x_wconf 88' lang='lat' dir='ltr'>centesimum</span> <span class='ocrx_word' id='word_1_405' title='bbox 1606 3493 1850 3548; x_wconf 87' lang='lat' dir='ltr'>fructum</span> 
     </span>
    </p>
   </div>
   <div class='ocr_carea' id='block_1_52' title="bbox 249 3582 1854 3654">
    <p class='ocr_par' dir='ltr' id='par_1_52' title="bbox 249 3582 1854 3654">
     <span class='ocr_line' id='line_1_52' title="bbox 249 3582 1854 3654; baseline -0.002 -14"><span class='ocrx_word' id='word_1_406' title='bbox 249 3585 486 3652; x_wconf 87' lang='lat' dir='ltr'>habeat,</span> <span class='ocrx_word' id='word_1_407' title='bbox 522 3583 763 3638; x_wconf 75' lang='lat' dir='ltr'>viduitas</span> <span class='ocrx_word' id='word_1_408' title='bbox 792 3587 1038 3650; x_wconf 72' lang='lat'><strong>1304</strong></span> <span class='ocrx_word' id='word_1_409' title='bbox 1066 3582 1494 3654; x_wconf 81' lang='lat' dir='ltr'>sexagesimum,</span> <span class='ocrx_word' id='word_1_410' title='bbox 1532 3582 1692 3653; x_wconf 88' lang='lat' dir='ltr'>quasi</span> <span class='ocrx_word' id='word_1_411' title='bbox 1731 3599 1854 3652; x_wconf 87' lang='lat' dir='ltr'>pro-</span> 
     </span>
    </p>
   </div>
   <div class='ocr_carea' id='block_1_53' title="bbox 249 3671 1852 3743">
    <p class='ocr_par' dir='ltr' id='par_1_53' title="bbox 249 3671 1852 3743">
     <span class='ocr_line' id='line_1_53' title="bbox 249 3671 1852 3743; baseline -0.002 -14"><span class='ocrx_word' id='word_1_412' title='bbox 249 3675 400 3729; x_wconf 82' lang='lat' dir='ltr'>xime</span> <span class='ocrx_word' id='word_1_413' title='bbox 429 3674 798 3728; x_wconf 84' lang='lat' dir='ltr'>honorantur.</span> <span class='ocrx_word' id='word_1_414' title='bbox 824 3671 893 3727; x_wconf 90' lang='lat' dir='ltr'>Et</span> <span class='ocrx_word' id='word_1_415' title='bbox 906 3671 1032 3727; x_wconf 91' lang='lat' dir='ltr'>ideo</span> <span class='ocrx_word' id='word_1_416' title='bbox 1051 3688 1222 3743; x_wconf 87' lang='lat' dir='ltr'>quam</span> <span class='ocrx_word' id='word_1_417' title='bbox 1242 3671 1383 3726; x_wconf 91' lang='lat' dir='ltr'>bene</span> <span class='ocrx_word' id='word_1_418' title='bbox 1404 3688 1470 3725; x_wconf 83' lang='lat' dir='ltr'>ex</span> <span class='ocrx_word' id='word_1_419' title='bbox 1489 3671 1611 3726; x_wconf 90' lang='lat' dir='ltr'>istis</span> <span class='ocrx_word' id='word_1_420' title='bbox 1635 3671 1852 3726; x_wconf 89' lang='lat' dir='ltr'>duobus</span> 
     </span>
    </p>
   </div>
   <div class='ocr_carea' id='block_1_54' title="bbox 250 3761 1853 3832">
    <p class='ocr_par' dir='ltr' id='par_1_54' title="bbox 250 3761 1853 3832">
     <span class='ocr_line' id='line_1_54' title="bbox 250 3761 1853 3832; baseline -0.002 -14"><span class='ocrx_word' id='word_1_421' title='bbox 250 3762 566 3828; x_wconf 89' lang='lat' dir='ltr'>ordinibus,</span> <span class='ocrx_word' id='word_1_422' title='bbox 586 3761 950 3828; x_wconf 80' lang='lat' dir='ltr'>charissimee,</span> <span class='ocrx_word' id='word_1_423' title='bbox 966 3768 1213 3816; x_wconf 90' lang='lat' dir='ltr'>vestrum</span> <span class='ocrx_word' id='word_1_424' title='bbox 1246 3767 1601 3832; x_wconf 90' lang='lat' dir='ltr'>compactum</span> <span class='ocrx_word' id='word_1_425' title='bbox 1631 3767 1716 3815; x_wconf 90' lang='lat' dir='ltr'>est</span> <span class='ocrx_word' id='word_1_426' title='bbox 1734 3777 1853 3815; x_wconf 89' lang='lat' dir='ltr'>cor-</span> 
     </span>
    </p>
   </div>
   <div class='ocr_carea' id='block_1_55' title="bbox 252 3849 1846 3926">
    <p class='ocr_par' dir='ltr' id='par_1_55' title="bbox 252 3849 1846 3926">
     <span class='ocr_line' id='line_1_55' title="bbox 252 3849 1846 3926; baseline -0.002 -19"><span class='ocrx_word' id='word_1_427' title='bbox 252 3871 360 3926; x_wconf 91' lang='lat' dir='ltr'>pus</span> <span class='ocrx_word' id='word_1_428' title='bbox 389 3857 450 3907; x_wconf 90' lang='lat' dir='ltr'>et</span> <span class='ocrx_word' id='word_1_429' title='bbox 474 3851 870 3906; x_wconf 84' lang='lat' dir='ltr'>coadunatum.</span> <span class='ocrx_word' id='word_1_430' title='bbox 924 3850 1032 3904; x_wconf 86' lang='lat' dir='ltr'>Sed</span> <span class='ocrx_word' id='word_1_431' title='bbox 1061 3850 1305 3920; x_wconf 87' lang='lat' dir='ltr'>virgines</span> <span class='ocrx_word' id='word_1_432' title='bbox 1333 3849 1598 3905; x_wconf 92' lang='lat' dir='ltr'>dicuntur</span> <span class='ocrx_word' id='word_1_433' title='bbox 1625 3849 1846 3917; x_wconf 90' lang='lat' dir='ltr'>adduci,</span> 
     </span>
    </p>
   </div>
   <div class='ocr_carea' id='block_1_56' title="bbox 255 3938 1853 4014">
    <p class='ocr_par' dir='ltr' id='par_1_56' title="bbox 255 3938 1853 4014">
     <span class='ocr_line' id='line_1_56' title="bbox 255 3938 1853 4014; baseline -0.002 -17"><span class='ocrx_word' id='word_1_434' title='bbox 255 3943 390 4014; x_wconf 88' lang='lat' dir='ltr'>quia</span> <span class='ocrx_word' id='word_1_435' title='bbox 431 3940 680 4012; x_wconf 87' lang='lat' dir='ltr'>corporis</span> <span class='ocrx_word' id='word_1_436' title='bbox 726 3939 1050 4011; x_wconf 86' lang='lat' dir='ltr'>integritate</span> <span class='ocrx_word' id='word_1_437' title='bbox 1081 3938 1423 3993; x_wconf 89' lang='lat' dir='ltr'>robustiores</span> <span class='ocrx_word' id='word_1_438' title='bbox 1465 3944 1598 3994; x_wconf 90' lang='lat' dir='ltr'>sunt</span> <span class='ocrx_word' id='word_1_439' title='bbox 1630 3957 1641 3992; x_wconf 90' lang='lat'><strong>:</strong></span> <span class='ocrx_word' id='word_1_440' title='bbox 1675 3939 1853 3994; x_wconf 64' lang='lat' dir='ltr'>viduae</span> 
     </span>
    </p>
   </div>
   <div class='ocr_carea' id='block_1_57' title="bbox 254 4028 1852 4100">
    <p class='ocr_par' dir='ltr' id='par_1_57' title="bbox 254 4028 1852 4100">
     <span class='ocr_line' id='line_1_57' title="bbox 254 4028 1852 4100; baseline -0.003 -14"><span class='ocrx_word' id='word_1_441' title='bbox 254 4048 384 4086; x_wconf 79' lang='lat' dir='ltr'>vero</span> <span class='ocrx_word' id='word_1_442' title='bbox 401 4029 740 4100; x_wconf 78' lang='lat' dir='ltr'>afferri,quae</span> <span class='ocrx_word' id='word_1_443' title='bbox 756 4029 1086 4100; x_wconf 89' lang='lat' dir='ltr'>plerumque</span> <span class='ocrx_word' id='word_1_444' title='bbox 1105 4029 1294 4083; x_wconf 66' lang='lat' dir='ltr'>fractae</span> <span class='ocrx_word' id='word_1_445' title='bbox 1304 4028 1536 4083; x_wconf 89' lang='lat' dir='ltr'>diversis</span> <span class='ocrx_word' id='word_1_446' title='bbox 1551 4029 1852 4099; x_wconf 90' lang='lat' dir='ltr'>multisque</span> 
     </span>
    </p>
   </div>
   <div class='ocr_carea' id='block_1_58' title="bbox 254 4117 1846 4189">
    <p class='ocr_par' dir='ltr' id='par_1_58' title="bbox 254 4117 1846 4189">
     <span class='ocr_line' id='line_1_58' title="bbox 254 4117 1846 4189; baseline -0.002 -14"><span class='ocrx_word' id='word_1_447' title='bbox 254 4117 1105 4189; x_wconf 85' lang='lat' dir='ltr'>molestiis.multajamcorporis</span> <span class='ocrx_word' id='word_1_448' title='bbox 1118 4117 1502 4172; x_wconf 84' lang='lat' dir='ltr'>imbecillitate</span> <span class='ocrx_word' id='word_1_449' title='bbox 1519 4117 1846 4188; x_wconf 85' lang='lat' dir='ltr'>fatigantur.</span> 
     </span>
    </p>
   </div>
   <div class='ocr_carea' id='block_1_59' title="bbox 254 4207 1851 4280">
    <p class='ocr_par' dir='ltr' id='par_1_59' title="bbox 254 4207 1851 4280">
     <span class='ocr_line' id='line_1_59' title="bbox 254 4207 1851 4280; baseline -0.003 -15"><span class='ocrx_word' id='word_1_450' title='bbox 254 4210 387 4266; x_wconf 89' lang='lat' dir='ltr'>Ideo</span> <span class='ocrx_word' id='word_1_451' title='bbox 407 4207 660 4280; x_wconf 88' lang='lat' dir='ltr'>gratuita</span> <span class='ocrx_word' id='word_1_452' title='bbox 685 4207 871 4278; x_wconf 88' lang='lat' dir='ltr'>gratia</span> <span class='ocrx_word' id='word_1_453' title='bbox 892 4207 1222 4273; x_wconf 75' lang='lat' dir='ltr'>offeruntur,</span> <span class='ocrx_word' id='word_1_454' title='bbox 1245 4223 1366 4278; x_wconf 77' lang='lat' dir='ltr'>quae</span> <span class='ocrx_word' id='word_1_455' title='bbox 1396 4223 1455 4260; x_wconf 90' lang='lat' dir='ltr'>se</span> <span class='ocrx_word' id='word_1_456' title='bbox 1485 4223 1586 4277; x_wconf 89' lang='lat' dir='ltr'>pro</span> <span class='ocrx_word' id='word_1_457' title='bbox 1619 4207 1851 4262; x_wconf 89' lang='lat' dir='ltr'>diversis</span> 
     </span>
    </p>
   </div>
   <div class='ocr_carea' id='block_1_60' title="bbox 255 4295 1852 4368">
    <p class='ocr_par' dir='ltr' id='par_1_60' title="bbox 255 4295 1852 4368">
     <span class='ocr_line' id='line_1_60' title="bbox 255 4295 1852 4368; baseline -0.001 -17"><span class='ocrx_word' id='word_1_458' title='bbox 255 4299 380 4353; x_wconf 65' lang='lat' dir='ltr'>vitaz</span> <span class='ocrx_word' id='word_1_459' title='bbox 408 4295 877 4351; x_wconf 90' lang='lat' dir='ltr'>sollicitudinibus</span> <span class='ocrx_word' id='word_1_460' title='bbox 905 4296 1198 4368; x_wconf 89' lang='lat' dir='ltr'>dispendio</span> <span class='ocrx_word' id='word_1_461' title='bbox 1223 4295 1600 4349; x_wconf 88' lang='lat' dir='ltr'>tradiderunt.</span> <span class='ocrx_word' id='word_1_462' title='bbox 1629 4295 1852 4349; x_wconf 91' lang='lat' dir='ltr'>Interea</span> 
     </span>
    </p>
   </div>
   <div class='ocr_carea' id='block_1_61' title="bbox 1939 1807 3537 1885">
    <p class='ocr_par' dir='ltr' id='par_1_61' title="bbox 1939 1807 3537 1885">
     <span class='ocr_line' id='line_1_61' title="bbox 1939 1807 3537 1885; baseline 0.007 -26"><span class='ocrx_word' id='word_1_463' title='bbox 1939 1812 2067 1860; x_wconf 91' lang='lat' dir='ltr'>ortu</span> <span class='ocrx_word' id='word_1_464' title='bbox 2089 1807 2204 1861; x_wconf 92' lang='lat' dir='ltr'>Deo</span> <span class='ocrx_word' id='word_1_465' title='bbox 2230 1809 2425 1863; x_wconf 66' lang='lat' dir='ltr'>dicata:</span> <span class='ocrx_word' id='word_1_466' title='bbox 2455 1809 2610 1866; x_wconf 86' lang='lat' dir='ltr'>estis.</span> <span class='ocrx_word' id='word_1_467' title='bbox 2646 1811 2800 1866; x_wconf 90' lang='lat' dir='ltr'>Nihil</span> <span class='ocrx_word' id='word_1_468' title='bbox 2830 1812 2978 1867; x_wconf 89' lang='lat' dir='ltr'>enim</span> <span class='ocrx_word' id='word_1_469' title='bbox 3021 1814 3172 1868; x_wconf 90' lang='lat' dir='ltr'>aliud</span> <span class='ocrx_word' id='word_1_470' title='bbox 3204 1815 3340 1869; x_wconf 91' lang='lat' dir='ltr'>estis</span> <span class='ocrx_word' id='word_1_471' title='bbox 3367 1830 3537 1885; x_wconf 89' lang='lat' dir='ltr'>quam</span> 
     </span>
    </p>
   </div>
   <div class='ocr_carea' id='block_1_62' title="bbox 1937 1895 3533 1973">
    <p class='ocr_par' dir='ltr' id='par_1_62' title="bbox 1937 1895 3533 1973">
     <span class='ocr_line' id='line_1_62' title="bbox 1937 1895 3533 1973; baseline 0.008 -26"><span class='ocrx_word' id='word_1_472' title='bbox 1937 1895 2270 1949; x_wconf 83' lang='lat' dir='ltr'>sacrificium</span> <span class='ocrx_word' id='word_1_473' title='bbox 2299 1897 2432 1962; x_wconf 90' lang='lat' dir='ltr'>Deo,</span> <span class='ocrx_word' id='word_1_474' title='bbox 2468 1903 2597 1951; x_wconf 90' lang='lat' dir='ltr'>vota</span> <span class='ocrx_word' id='word_1_475' title='bbox 2626 1905 2947 1969; x_wconf 87' lang='lat' dir='ltr'>parentum,</span> <span class='ocrx_word' id='word_1_476' title='bbox 2979 1903 3255 1972; x_wconf 89' lang='lat' dir='ltr'>possessio</span> <span class='ocrx_word' id='word_1_477' title='bbox 3289 1904 3533 1973; x_wconf 87' lang='lat' dir='ltr'>Spiritus</span> 
     </span>
    </p>
   </div>
   <div class='ocr_carea' id='block_1_63' title="bbox 1939 1984 3527 2054">
    <p class='ocr_par' dir='ltr' id='par_1_63' title="bbox 1939 1984 3527 2054">
     <span class='ocr_line' id='line_1_63' title="bbox 1939 1984 3527 2054; baseline 0.006 -18"><span class='ocrx_word' id='word_1_478' title='bbox 1939 1984 2136 2046; x_wconf 87' lang='lat' dir='ltr'>sancti,</span> <span class='ocrx_word' id='word_1_479' title='bbox 2160 1986 2320 2054; x_wconf 87' lang='lat' dir='ltr'>cujus</span> <span class='ocrx_word' id='word_1_480' title='bbox 2346 1985 2625 2041; x_wconf 89' lang='lat' dir='ltr'>infusione</span> <span class='ocrx_word' id='word_1_481' title='bbox 2656 1988 2979 2054; x_wconf 55' lang='lat' dir='ltr'>sacrificate;</span> <span class='ocrx_word' id='word_1_482' title='bbox 3021 1991 3155 2045; x_wconf 89' lang='lat' dir='ltr'>estis</span> <span class='ocrx_word' id='word_1_483' title='bbox 3198 1997 3254 2045; x_wconf 92' lang='lat' dir='ltr'>et</span> <span class='ocrx_word' id='word_1_484' title='bbox 3282 1993 3527 2046; x_wconf 71' lang='lat' dir='ltr'>nutritae.</span> 
     </span>
    </p>
   </div>
   <div class='ocr_carea' id='block_1_64' title="bbox 1937 2072 3533 2147">
    <p class='ocr_par' dir='ltr' id='par_1_64' title="bbox 1937 2072 3533 2147">
     <span class='ocr_line' id='line_1_64' title="bbox 1937 2072 3533 2147; baseline 0.007 -21"><span class='ocrx_word' id='word_1_485' title='bbox 1937 2072 2225 2143; x_wconf 87' lang='lat' dir='ltr'>Siquidem</span> <span class='ocrx_word' id='word_1_486' title='bbox 2247 2075 2507 2130; x_wconf 77' lang='lat' dir='ltr'>enutritae</span> <span class='ocrx_word' id='word_1_487' title='bbox 2533 2076 2675 2131; x_wconf 87' lang='lat' dir='ltr'>lacte</span> <span class='ocrx_word' id='word_1_488' title='bbox 2700 2078 2868 2132; x_wconf 89' lang='lat' dir='ltr'>Verbi</span> <span class='ocrx_word' id='word_1_489' title='bbox 2892 2079 2961 2132; x_wconf 88' lang='lat' dir='ltr'>ab</span> <span class='ocrx_word' id='word_1_490' title='bbox 2982 2080 3212 2135; x_wconf 91' lang='lat' dir='ltr'>ineunte</span> <span class='ocrx_word' id='word_1_491' title='bbox 3241 2086 3423 2147; x_wconf 69' lang='lat' dir='ltr'>aetate,</span> <span class='ocrx_word' id='word_1_492' title='bbox 3448 2081 3533 2136; x_wconf 89' lang='lat' dir='ltr'>in-</span> 
     </span>
    </p>
   </div>
   <div class='ocr_carea' id='block_1_65' title="bbox 1934 2162 3533 2238">
    <p class='ocr_par' dir='ltr' id='par_1_65' title="bbox 1934 2162 3533 2238">
     <span class='ocr_line' id='line_1_65' title="bbox 1934 2162 3533 2238; baseline 0.007 -25"><span class='ocrx_word' id='word_1_493' title='bbox 1934 2166 2021 2214; x_wconf 91' lang='lat' dir='ltr'>ter</span> <span class='ocrx_word' id='word_1_494' title='bbox 2035 2162 2362 2232; x_wconf 86' lang='lat' dir='ltr'>angelorum</span> <span class='ocrx_word' id='word_1_495' title='bbox 2377 2164 2750 2235; x_wconf 88' lang='lat' dir='ltr'>frequentiam</span> <span class='ocrx_word' id='word_1_496' title='bbox 2760 2208 2773 2232; x_wconf 95' lang='lat'>,</span> <span class='ocrx_word' id='word_1_497' title='bbox 2791 2167 2934 2221; x_wconf 88' lang='lat' dir='ltr'>infra</span> <span class='ocrx_word' id='word_1_498' title='bbox 2944 2184 3174 2238; x_wconf 88' lang='lat' dir='ltr'>gregem</span> <span class='ocrx_word' id='word_1_499' title='bbox 3198 2170 3425 2236; x_wconf 89' lang='lat' dir='ltr'>Christi,</span> <span class='ocrx_word' id='word_1_500' title='bbox 3449 2171 3533 2225; x_wconf 90' lang='lat' dir='ltr'>in-</span> 
     </span>
    </p>
   </div>
   <div class='ocr_carea' id='block_1_66' title="bbox 1934 2253 3532 2327">
    <p class='ocr_par' dir='ltr' id='par_1_66' title="bbox 1934 2253 3532 2327">
     <span class='ocr_line' id='line_1_66' title="bbox 1934 2253 3532 2327; baseline 0.007 -25"><span class='ocrx_word' id='word_1_501' title='bbox 1934 2254 2023 2303; x_wconf 90' lang='lat' dir='ltr'>ter</span> <span class='ocrx_word' id='word_1_502' title='bbox 2038 2267 2245 2321; x_wconf 87' lang='lat' dir='ltr'>pascua</span> <span class='ocrx_word' id='word_1_503' title='bbox 2262 2253 2405 2319; x_wconf 72' lang='lat' dir='ltr'>vitae,</span> <span class='ocrx_word' id='word_1_504' title='bbox 2431 2271 2496 2308; x_wconf 88' lang='lat' dir='ltr'>ac</span> <span class='ocrx_word' id='word_1_505' title='bbox 2517 2255 2563 2308; x_wconf 90' lang='lat' dir='ltr'>si</span> <span class='ocrx_word' id='word_1_506' title='bbox 2582 2255 2635 2309; x_wconf 93' lang='lat' dir='ltr'>in</span> <span class='ocrx_word' id='word_1_507' title='bbox 2659 2256 2916 2327; x_wconf 88' lang='lat' dir='ltr'>paradiso</span> <span class='ocrx_word' id='word_1_508' title='bbox 2930 2257 3048 2322; x_wconf 91' lang='lat' dir='ltr'>Dei,</span> <span class='ocrx_word' id='word_1_509' title='bbox 3075 2258 3223 2313; x_wconf 90' lang='lat' dir='ltr'>inter</span> <span class='ocrx_word' id='word_1_510' title='bbox 3238 2259 3532 2313; x_wconf 86' lang='lat' dir='ltr'>alleluiati-</span> 
     </span>
    </p>
   </div>
   <div class='ocr_carea' id='block_1_67' title="bbox 1935 2343 3534 2412">
    <p class='ocr_par' dir='ltr' id='par_1_67' title="bbox 1935 2343 3534 2412">
     <span class='ocr_line' id='line_1_67' title="bbox 1935 2343 3534 2412; baseline 0.007 -20"><span class='ocrx_word' id='word_1_511' title='bbox 1935 2355 2000 2392; x_wconf 89' lang='lat' dir='ltr'>ca</span> <span class='ocrx_word' id='word_1_512' title='bbox 2016 2356 2239 2411; x_wconf 88' lang='lat' dir='ltr'>semper</span> <span class='ocrx_word' id='word_1_513' title='bbox 2251 2343 2476 2412; x_wconf 88' lang='lat' dir='ltr'>gaudia,</span> <span class='ocrx_word' id='word_1_514' title='bbox 2493 2345 2642 2400; x_wconf 91' lang='lat' dir='ltr'>inter</span> <span class='ocrx_word' id='word_1_515' title='bbox 2672 2346 2946 2400; x_wconf 89' lang='lat' dir='ltr'>sacrificia</span> <span class='ocrx_word' id='word_1_516' title='bbox 2966 2353 3022 2400; x_wconf 93' lang='lat' dir='ltr'>et</span> <span class='ocrx_word' id='word_1_517' title='bbox 3049 2347 3534 2403; x_wconf 88' lang='lat' dir='ltr'>holocaustomata</span> 
     </span>
    </p>
   </div>
   <div class='ocr_carea' id='block_1_68' title="bbox 1935 2428 3532 2506">
    <p class='ocr_par' dir='ltr' id='par_1_68' title="bbox 1935 2428 3532 2506">
     <span class='ocr_line' id='line_1_68' title="bbox 1935 2428 3532 2506; baseline 0.007 -25"><span class='ocrx_word' id='word_1_518' title='bbox 1935 2428 2066 2482; x_wconf 88' lang='lat' dir='ltr'>Dei:</span> <span class='ocrx_word' id='word_1_519' title='bbox 2089 2445 2211 2500; x_wconf 76' lang='lat' dir='ltr'>quae</span> <span class='ocrx_word' id='word_1_520' title='bbox 2240 2431 2380 2486; x_wconf 88' lang='lat' dir='ltr'>nihil</span> <span class='ocrx_word' id='word_1_521' title='bbox 2409 2433 2562 2488; x_wconf 89' lang='lat' dir='ltr'>aliud</span> <span class='ocrx_word' id='word_1_522' title='bbox 2594 2434 2866 2489; x_wconf 90' lang='lat' dir='ltr'>didicistis</span> <span class='ocrx_word' id='word_1_523' title='bbox 2883 2452 3053 2506; x_wconf 89' lang='lat' dir='ltr'>quam</span> <span class='ocrx_word' id='word_1_524' title='bbox 3069 2436 3532 2504; x_wconf 89' lang='lat' dir='ltr'>Christum,nihil</span> 
     </span>
    </p>
   </div>
   <div class='ocr_carea' id='block_1_69' title="bbox 1934 2519 3529 2597">
    <p class='ocr_par' dir='ltr' id='par_1_69' title="bbox 1934 2519 3529 2597">
     <span class='ocr_line' id='line_1_69' title="bbox 1934 2519 3529 2597; baseline 0.007 -28"><span class='ocrx_word' id='word_1_525' title='bbox 1934 2531 2127 2571; x_wconf 88' lang='lat' dir='ltr'>amare</span> <span class='ocrx_word' id='word_1_526' title='bbox 2153 2519 2327 2573; x_wconf 89' lang='lat' dir='ltr'>nostis</span> <span class='ocrx_word' id='word_1_527' title='bbox 2349 2536 2517 2590; x_wconf 89' lang='lat' dir='ltr'>quam</span> <span class='ocrx_word' id='word_1_528' title='bbox 2531 2521 2735 2592; x_wconf 91' lang='lat' dir='ltr'>ipsum.</span> <span class='ocrx_word' id='word_1_529' title='bbox 2764 2522 2880 2577; x_wconf 89' lang='lat' dir='ltr'>Etsi</span> <span class='ocrx_word' id='word_1_530' title='bbox 2906 2530 2946 2588; x_wconf 84' lang='grc' dir='ltr'>ι</span> <span class='ocrx_word' id='word_1_531' title='bbox 2961 2528 3153 2591; x_wconf 67' lang='lat'>305</span> <span class='ocrx_word' id='word_1_532' title='bbox 3173 2531 3304 2579; x_wconf 82' lang='lat' dir='ltr'>vota</span> <span class='ocrx_word' id='word_1_533' title='bbox 3321 2541 3529 2597; x_wconf 89' lang='lat' dir='ltr'>paren-</span> 
     </span>
    </p>
   </div>
   <div class='ocr_carea' id='block_1_70' title="bbox 1935 2606 3530 2686">
    <p class='ocr_par' dir='ltr' id='par_1_70' title="bbox 1935 2606 3530 2686">
     <span class='ocr_line' id='line_1_70' title="bbox 1935 2606 3530 2686; baseline 0.008 -30"><span class='ocrx_word' id='word_1_534' title='bbox 1935 2608 2057 2658; x_wconf 91' lang='lat' dir='ltr'>tum</span> <span class='ocrx_word' id='word_1_535' title='bbox 2087 2622 2182 2659; x_wconf 91' lang='lat' dir='ltr'>vos</span> <span class='ocrx_word' id='word_1_536' title='bbox 2205 2606 2575 2676; x_wconf 86' lang='lat' dir='ltr'>deduxerunt,</span> <span class='ocrx_word' id='word_1_537' title='bbox 2602 2610 2996 2678; x_wconf 72' lang='lat' dir='ltr'>dilectissimae,</span> <span class='ocrx_word' id='word_1_538' title='bbox 3028 2612 3215 2668; x_wconf 87' lang='lat' dir='ltr'>felices</span> <span class='ocrx_word' id='word_1_539' title='bbox 3245 2630 3368 2684; x_wconf 66' lang='lat' dir='ltr'>quae</span> <span class='ocrx_word' id='word_1_540' title='bbox 3398 2631 3530 2686; x_wconf 92' lang='lat' dir='ltr'>per-</span> 
     </span>
    </p>
   </div>
   <div class='ocr_carea' id='block_1_71' title="bbox 1935 2692 3529 2772">
    <p class='ocr_par' dir='ltr' id='par_1_71' title="bbox 1935 2692 3529 2772">
     <span class='ocr_line' id='line_1_71' title="bbox 1935 2692 3529 2772; baseline 0.007 -27"><span class='ocrx_word' id='word_1_541' title='bbox 1935 2692 2220 2747; x_wconf 90' lang='lat' dir='ltr'>mansistis</span> <span class='ocrx_word' id='word_1_542' title='bbox 2245 2694 2303 2748; x_wconf 89' lang='lat' dir='ltr'>in</span> <span class='ocrx_word' id='word_1_543' title='bbox 2333 2711 2512 2766; x_wconf 87' lang='lat' dir='ltr'>agone</span> <span class='ocrx_word' id='word_1_544' title='bbox 2540 2698 2865 2752; x_wconf 89' lang='lat' dir='ltr'>certaminis</span> <span class='ocrx_word' id='word_1_545' title='bbox 2901 2717 2911 2752; x_wconf 91' lang='lat'>:</span> <span class='ocrx_word' id='word_1_546' title='bbox 2940 2701 3205 2770; x_wconf 89' lang='lat' dir='ltr'>quoniam</span> <span class='ocrx_word' id='word_1_547' title='bbox 3236 2702 3376 2756; x_wconf 82' lang='lat' dir='ltr'>fides</span> <span class='ocrx_word' id='word_1_548' title='bbox 3404 2718 3529 2772; x_wconf 61' lang='lat' dir='ltr'>qua</span> 
     </span>
    </p>
   </div>
   <div class='ocr_carea' id='block_1_72' title="bbox 1935 2781 3529 2861">
    <p class='ocr_par' dir='ltr' id='par_1_72' title="bbox 1935 2781 3529 2861">
     <span class='ocr_line' id='line_1_72' title="bbox 1935 2781 3529 2861; baseline 0.007 -27"><span class='ocrx_word' id='word_1_549' title='bbox 1935 2797 2030 2834; x_wconf 89' lang='lat' dir='ltr'>vos</span> <span class='ocrx_word' id='word_1_550' title='bbox 2058 2782 2172 2836; x_wconf 94' lang='lat' dir='ltr'>Deo</span> <span class='ocrx_word' id='word_1_551' title='bbox 2203 2781 2261 2836; x_wconf 91' lang='lat' dir='ltr'>in</span> <span class='ocrx_word' id='word_1_552' title='bbox 2289 2781 2627 2854; x_wconf 88' lang='lat' dir='ltr'>baptismate</span> <span class='ocrx_word' id='word_1_553' title='bbox 2653 2788 3011 2852; x_wconf 89' lang='lat' dir='ltr'>consecravit,</span> <span class='ocrx_word' id='word_1_554' title='bbox 3030 2789 3151 2858; x_wconf 88' lang='lat' dir='ltr'>ipsa</span> <span class='ocrx_word' id='word_1_555' title='bbox 3166 2805 3260 2844; x_wconf 91' lang='lat' dir='ltr'>vos</span> <span class='ocrx_word' id='word_1_556' title='bbox 3278 2806 3378 2861; x_wconf 90' lang='lat' dir='ltr'>pro</span> <span class='ocrx_word' id='word_1_557' title='bbox 3400 2794 3529 2845; x_wconf 88' lang='lat' dir='ltr'>voto</span> 
     </span>
    </p>
   </div>
   <div class='ocr_carea' id='block_1_73' title="bbox 1935 2868 3527 2940">
    <p class='ocr_par' dir='ltr' id='par_1_73' title="bbox 1935 2868 3527 2940">
     <span class='ocr_line' id='line_1_73' title="bbox 1935 2868 3527 2940; baseline 0.006 -18"><span class='ocrx_word' id='word_1_558' title='bbox 1935 2868 2025 2923; x_wconf 90' lang='lat' dir='ltr'>hic</span> <span class='ocrx_word' id='word_1_559' title='bbox 2049 2870 2240 2934; x_wconf 87' lang='lat' dir='ltr'>etiam,</span> <span class='ocrx_word' id='word_1_560' title='bbox 2279 2877 2420 2925; x_wconf 87' lang='lat' dir='ltr'>teste</span> <span class='ocrx_word' id='word_1_561' title='bbox 2449 2873 2709 2940; x_wconf 86' lang='lat' dir='ltr'>Ecclesia,</span> <span class='ocrx_word' id='word_1_562' title='bbox 2743 2874 2948 2929; x_wconf 89' lang='lat' dir='ltr'>obtulit</span> <span class='ocrx_word' id='word_1_563' title='bbox 2970 2883 3028 2929; x_wconf 91' lang='lat' dir='ltr'>et</span> <span class='ocrx_word' id='word_1_564' title='bbox 3057 2876 3295 2932; x_wconf 91' lang='lat' dir='ltr'>devovit.</span> <span class='ocrx_word' id='word_1_565' title='bbox 3316 2877 3527 2932; x_wconf 90' lang='lat' dir='ltr'>Idcirco</span> 
     </span>
    </p>
   </div>
   <div class='ocr_carea' id='block_1_74' title="bbox 1934 2957 3529 3035">
    <p class='ocr_par' dir='ltr' id='par_1_74' title="bbox 1934 2957 3529 3035">
     <span class='ocr_line' id='line_1_74' title="bbox 1934 2957 3529 3035; baseline 0.006 -24"><span class='ocrx_word' id='word_1_566' title='bbox 1934 2957 2151 3012; x_wconf 89' lang='lat' dir='ltr'>habetis</span> <span class='ocrx_word' id='word_1_567' title='bbox 2168 2960 2406 3030; x_wconf 87' lang='lat' dir='ltr'>primam</span> <span class='ocrx_word' id='word_1_568' title='bbox 2422 2963 2663 3031; x_wconf 89' lang='lat' dir='ltr'>gratiam</span> <span class='ocrx_word' id='word_1_569' title='bbox 2681 2962 2736 3017; x_wconf 89' lang='lat' dir='ltr'>in</span> <span class='ocrx_word' id='word_1_570' title='bbox 2752 2963 3088 3035; x_wconf 84' lang='lat' dir='ltr'>baptismate</span> <span class='ocrx_word' id='word_1_571' title='bbox 3107 2984 3118 3019; x_wconf 90' lang='lat'><strong><em>:</em></strong></span> <span class='ocrx_word' id='word_1_572' title='bbox 3141 2966 3378 3020; x_wconf 87' lang='lat' dir='ltr'>alteram</span> <span class='ocrx_word' id='word_1_573' title='bbox 3399 2983 3529 3020; x_wconf 89' lang='lat' dir='ltr'>vero</span> 
     </span>
    </p>
   </div>
   <div class='ocr_carea' id='block_1_75' title="bbox 1934 3049 3532 3125">
    <p class='ocr_par' dir='ltr' id='par_1_75' title="bbox 1934 3049 3532 3125">
     <span class='ocr_line' id='line_1_75' title="bbox 1934 3049 3532 3125; baseline 0.005 -25"><span class='ocrx_word' id='word_1_574' title='bbox 1934 3053 1992 3101; x_wconf 91' lang='lat' dir='ltr'>et</span> <span class='ocrx_word' id='word_1_575' title='bbox 2021 3049 2136 3102; x_wconf 87' lang='lat' dir='ltr'>Deo</span> <span class='ocrx_word' id='word_1_576' title='bbox 2165 3049 2444 3119; x_wconf 87' lang='lat' dir='ltr'>placitam,</span> <span class='ocrx_word' id='word_1_577' title='bbox 2481 3051 2550 3104; x_wconf 92' lang='lat' dir='ltr'>ad</span> <span class='ocrx_word' id='word_1_578' title='bbox 2587 3051 2771 3106; x_wconf 91' lang='lat' dir='ltr'>instar</span> <span class='ocrx_word' id='word_1_579' title='bbox 2800 3054 3093 3116; x_wconf 83' lang='lat' dir='ltr'>Samuelis,</span> <span class='ocrx_word' id='word_1_580' title='bbox 3147 3055 3294 3125; x_wconf 91' lang='lat' dir='ltr'>quod</span> <span class='ocrx_word' id='word_1_581' title='bbox 3326 3057 3442 3110; x_wconf 92' lang='lat' dir='ltr'>Deo</span> <span class='ocrx_word' id='word_1_582' title='bbox 3472 3055 3532 3109; x_wconf 89' lang='lat' dir='ltr'>in</span> 
     </span>
    </p>
   </div>
   <div class='ocr_carea' id='block_1_76' title="bbox 1934 3137 3533 3216">
    <p class='ocr_par' dir='ltr' id='par_1_76' title="bbox 1934 3137 3533 3216">
     <span class='ocr_line' id='line_1_76' title="bbox 1934 3137 3533 3216; baseline 0.005 -26"><span class='ocrx_word' id='word_1_583' title='bbox 1934 3137 2322 3192; x_wconf 88' lang='lat' dir='ltr'>holocaustum</span> <span class='ocrx_word' id='word_1_584' title='bbox 2337 3138 2536 3194; x_wconf 58' lang='lat' dir='ltr'>oblatae</span> <span class='ocrx_word' id='word_1_585' title='bbox 2563 3141 2717 3195; x_wconf 89' lang='lat' dir='ltr'>estis.</span> <span class='ocrx_word' id='word_1_586' title='bbox 2760 3142 2973 3196; x_wconf 90' lang='lat' dir='ltr'>Deinde</span> <span class='ocrx_word' id='word_1_587' title='bbox 2997 3144 3067 3197; x_wconf 86' lang='lat' dir='ltr'>ad</span> <span class='ocrx_word' id='word_1_588' title='bbox 3087 3143 3370 3211; x_wconf 91' lang='lat' dir='ltr'>ultimum,</span> <span class='ocrx_word' id='word_1_589' title='bbox 3401 3144 3533 3216; x_wconf 88' lang='lat' dir='ltr'>quia</span> 
     </span>
    </p>
   </div>
   <div class='ocr_carea' id='block_1_77' title="bbox 1935 3225 3534 3301">
    <p class='ocr_par' dir='ltr' id='par_1_77' title="bbox 1935 3225 3534 3301">
     <span class='ocr_line' id='line_1_77' title="bbox 1935 3225 3534 3301; baseline 0.006 -23"><span class='ocrx_word' id='word_1_590' title='bbox 1935 3225 2123 3280; x_wconf 91' lang='lat' dir='ltr'>omnia</span> <span class='ocrx_word' id='word_1_591' title='bbox 2147 3227 2472 3298; x_wconf 89' lang='lat' dir='ltr'>reliquistis.</span> <span class='ocrx_word' id='word_1_592' title='bbox 2507 3229 2833 3301; x_wconf 88' lang='lat' dir='ltr'>Reliquistis</span> <span class='ocrx_word' id='word_1_593' title='bbox 2864 3236 3074 3297; x_wconf 89' lang='lat' dir='ltr'>autem,</span> <span class='ocrx_word' id='word_1_594' title='bbox 3093 3233 3141 3287; x_wconf 91' lang='lat' dir='ltr'>si</span> <span class='ocrx_word' id='word_1_595' title='bbox 3170 3231 3376 3287; x_wconf 89' lang='lat' dir='ltr'>habere</span> <span class='ocrx_word' id='word_1_596' title='bbox 3407 3249 3534 3288; x_wconf 91' lang='lat' dir='ltr'>con-</span> 
     </span>
    </p>
   </div>
   <div class='ocr_carea' id='block_1_78' title="bbox 1934 3315 3533 3390">
    <p class='ocr_par' dir='ltr' id='par_1_78' title="bbox 1934 3315 3533 3390">
     <span class='ocr_line' id='line_1_78' title="bbox 1934 3315 3533 3390; baseline 0.006 -21"><span class='ocrx_word' id='word_1_597' title='bbox 1934 3315 2188 3370; x_wconf 90' lang='lat' dir='ltr'>temnitis</span> <span class='ocrx_word' id='word_1_598' title='bbox 2214 3335 2224 3384; x_wconf 90' lang='lat'><strong>;</strong></span> <span class='ocrx_word' id='word_1_599' title='bbox 2261 3317 2393 3387; x_wconf 88' lang='lat' dir='ltr'>quia</span> <span class='ocrx_word' id='word_1_600' title='bbox 2423 3318 2541 3372; x_wconf 73' lang='lat' dir='ltr'>haec</span> <span class='ocrx_word' id='word_1_601' title='bbox 2567 3321 3454 3390; x_wconf 73' lang='lat' dir='ltr'>estveramortificatioszeculi,ut</span> <span class='ocrx_word' id='word_1_602' title='bbox 3473 3323 3533 3378; x_wconf 89' lang='lat' dir='ltr'>in</span> 
     </span>
    </p>
   </div>
   <div class='ocr_carea' id='block_1_79' title="bbox 1935 3404 3527 3476">
    <p class='ocr_par' dir='ltr' id='par_1_79' title="bbox 1935 3404 3527 3476">
     <span class='ocr_line' id='line_1_79' title="bbox 1935 3404 3527 3476; baseline 0.006 -21"><span class='ocrx_word' id='word_1_603' title='bbox 1935 3404 2139 3457; x_wconf 84' lang='lat' dir='ltr'>saeculo</span> <span class='ocrx_word' id='word_1_604' title='bbox 2171 3420 2272 3456; x_wconf 90' lang='lat' dir='ltr'>nec</span> <span class='ocrx_word' id='word_1_605' title='bbox 2304 3404 2554 3458; x_wconf 85' lang='lat' dir='ltr'>habeatis</span> <span class='ocrx_word' id='word_1_606' title='bbox 2579 3405 2909 3476; x_wconf 88' lang='lat' dir='ltr'>quidquam,</span> <span class='ocrx_word' id='word_1_607' title='bbox 2950 3424 3051 3461; x_wconf 91' lang='lat' dir='ltr'>nec</span> <span class='ocrx_word' id='word_1_608' title='bbox 3084 3407 3292 3463; x_wconf 89' lang='lat' dir='ltr'>habere</span> <span class='ocrx_word' id='word_1_609' title='bbox 3323 3410 3527 3466; x_wconf 89' lang='lat' dir='ltr'>velitis.</span> 
     </span>
    </p>
   </div>
   <div class='ocr_carea' id='block_1_80' title="bbox 1934 3491 3529 3561">
    <p class='ocr_par' dir='ltr' id='par_1_80' title="bbox 1934 3491 3529 3561">
     <span class='ocr_line' id='line_1_80' title="bbox 1934 3491 3529 3561; baseline 0.006 -17"><span class='ocrx_word' id='word_1_610' title='bbox 1934 3491 2064 3545; x_wconf 75' lang='lat' dir='ltr'>Haec</span> <span class='ocrx_word' id='word_1_611' title='bbox 2083 3497 2228 3557; x_wconf 90' lang='lat' dir='ltr'>vota,</span> <span class='ocrx_word' id='word_1_612' title='bbox 2263 3498 2533 3546; x_wconf 81' lang='lat' dir='ltr'>matronae</span> <span class='ocrx_word' id='word_1_613' title='bbox 2564 3494 2791 3561; x_wconf 90' lang='lat' dir='ltr'>Christi,</span> <span class='ocrx_word' id='word_1_614' title='bbox 2824 3495 2930 3549; x_wconf 91' lang='lat' dir='ltr'>hoc</span> <span class='ocrx_word' id='word_1_615' title='bbox 2959 3496 3018 3550; x_wconf 91' lang='lat' dir='ltr'>in</span> <span class='ocrx_word' id='word_1_616' title='bbox 3057 3496 3177 3550; x_wconf 94' lang='lat' dir='ltr'>loco</span> <span class='ocrx_word' id='word_1_617' title='bbox 3205 3500 3529 3555; x_wconf 89' lang='lat' dir='ltr'>communia</span> 
     </span>
    </p>
   </div>
   <div class='ocr_carea' id='block_1_81' title="bbox 1934 3578 3526 3657">
    <p class='ocr_par' dir='ltr' id='par_1_81' title="bbox 1934 3578 3526 3657">
     <span class='ocr_line' id='line_1_81' title="bbox 1934 3578 3526 3657; baseline 0.006 -25"><span class='ocrx_word' id='word_1_618' title='bbox 1934 3586 2068 3633; x_wconf 91' lang='lat' dir='ltr'>sunt</span> <span class='ocrx_word' id='word_1_619' title='bbox 2091 3578 2244 3633; x_wconf 90' lang='lat' dir='ltr'>vobis</span> <span class='ocrx_word' id='word_1_620' title='bbox 2265 3595 2388 3649; x_wconf 80' lang='lat' dir='ltr'>quae</span> <span class='ocrx_word' id='word_1_621' title='bbox 2419 3580 2666 3648; x_wconf 88' lang='lat' dir='ltr'>vovistis,</span> <span class='ocrx_word' id='word_1_622' title='bbox 2701 3587 2764 3636; x_wconf 91' lang='lat' dir='ltr'>ut</span> <span class='ocrx_word' id='word_1_623' title='bbox 2793 3583 2961 3636; x_wconf 88' lang='lat' dir='ltr'>simul</span> <span class='ocrx_word' id='word_1_624' title='bbox 2998 3583 3236 3655; x_wconf 86' lang='lat' dir='ltr'>innupta</span> <span class='ocrx_word' id='word_1_625' title='bbox 3262 3591 3319 3639; x_wconf 90' lang='lat' dir='ltr'>et</span> <span class='ocrx_word' id='word_1_626' title='bbox 3353 3586 3526 3657; x_wconf 88' lang='lat' dir='ltr'>virgo,</span> 
     </span>
    </p>
   </div>
   <div class='ocr_carea' id='block_1_82' title="bbox 1929 3667 3532 3742">
    <p class='ocr_par' dir='ltr' id='par_1_82' title="bbox 1929 3667 3532 3742">
     <span class='ocr_line' id='line_1_82' title="bbox 1929 3667 3532 3742; baseline 0.005 -20"><span class='ocrx_word' id='word_1_627' title='bbox 1929 3668 2092 3737; x_wconf 84' lang='lat' dir='ltr'>juxta</span> <span class='ocrx_word' id='word_1_628' title='bbox 2118 3667 2447 3738; x_wconf 89' lang='lat' dir='ltr'>Apostolum</span> <span class='ocrx_word' id='word_1_629' title='bbox 2465 3669 2524 3740; x_wconf 87' lang='grc' dir='ltr'>(Ι</span> <span class='ocrx_word' id='word_1_630' title='bbox 2557 3670 2678 3724; x_wconf 77' lang='lat' dir='ltr'>Cor.</span> <span class='ocrx_word' id='word_1_631' title='bbox 2711 3685 2805 3738; x_wconf 78' lang='lat' dir='ltr'>vn,</span> <span class='ocrx_word' id='word_1_632' title='bbox 2841 3670 2946 3739; x_wconf 75' lang='grc'>34),</span> <span class='ocrx_word' id='word_1_633' title='bbox 2987 3689 3108 3742; x_wconf 74' lang='lat' dir='ltr'>quae</span> <span class='ocrx_word' id='word_1_634' title='bbox 3137 3673 3360 3727; x_wconf 91' lang='lat' dir='ltr'>Domini</span> <span class='ocrx_word' id='word_1_635' title='bbox 3397 3682 3532 3730; x_wconf 91' lang='lat' dir='ltr'>sunt</span> 
     </span>
    </p>
   </div>
   <div class='ocr_carea' id='block_1_83' title="bbox 1935 3756 3526 3830">
    <p class='ocr_par' dir='ltr' id='par_1_83' title="bbox 1935 3756 3526 3830">
     <span class='ocr_line' id='line_1_83' title="bbox 1935 3756 3526 3830; baseline 0.005 -21"><span class='ocrx_word' id='word_1_636' title='bbox 1935 3756 2159 3826; x_wconf 88' lang='lat' dir='ltr'>cogitet,</span> <span class='ocrx_word' id='word_1_637' title='bbox 2194 3762 2257 3808; x_wconf 93' lang='lat' dir='ltr'>ut</span> <span class='ocrx_word' id='word_1_638' title='bbox 2280 3756 2354 3810; x_wconf 91' lang='lat' dir='ltr'>sit</span> <span class='ocrx_word' id='word_1_639' title='bbox 2384 3761 2576 3810; x_wconf 89' lang='lat' dir='ltr'>sancta</span> <span class='ocrx_word' id='word_1_640' title='bbox 2607 3763 2664 3812; x_wconf 92' lang='lat' dir='ltr'>et</span> <span class='ocrx_word' id='word_1_641' title='bbox 2712 3775 2943 3830; x_wconf 89' lang='lat' dir='ltr'>corpore</span> <span class='ocrx_word' id='word_1_642' title='bbox 2991 3765 3048 3813; x_wconf 90' lang='lat' dir='ltr'>et</span> <span class='ocrx_word' id='word_1_643' title='bbox 3095 3759 3314 3830; x_wconf 89' lang='lat' dir='ltr'>spiritu.</span> <span class='ocrx_word' id='word_1_644' title='bbox 3368 3762 3526 3816; x_wconf 87' lang='lat' dir='ltr'>Hanc</span> 
     </span>
    </p>
   </div>
   <div class='ocr_carea' id='block_1_84' title="bbox 1935 3845 3522 3919">
    <p class='ocr_par' dir='ltr' id='par_1_84' title="bbox 1935 3845 3522 3919">
     <span class='ocr_line' id='line_1_84' title="bbox 1935 3845 3522 3919; baseline 0.004 -20"><span class='ocrx_word' id='word_1_645' title='bbox 1935 3845 2140 3917; x_wconf 91' lang='lat' dir='ltr'>quippe</span> <span class='ocrx_word' id='word_1_646' title='bbox 2169 3845 2464 3912; x_wconf 89' lang='lat' dir='ltr'>unitatem,</span> <span class='ocrx_word' id='word_1_647' title='bbox 2499 3845 2569 3900; x_wconf 91' lang='lat' dir='ltr'>de</span> <span class='ocrx_word' id='word_1_648' title='bbox 2607 3845 2840 3901; x_wconf 89' lang='lat' dir='ltr'>diversis</span> <span class='ocrx_word' id='word_1_649' title='bbox 2887 3847 3139 3917; x_wconf 89' lang='lat' dir='ltr'>partibus</span> <span class='ocrx_word' id='word_1_650' title='bbox 3188 3849 3522 3919; x_wconf 89' lang='lat' dir='ltr'>venientem,</span> 
     </span>
    </p>
   </div>
   <div class='ocr_carea' id='block_1_85' title="bbox 1933 3932 3526 4005">
    <p class='ocr_par' dir='ltr' id='par_1_85' title="bbox 1933 3932 3526 4005">
     <span class='ocr_line' id='line_1_85' title="bbox 1933 3932 3526 4005; baseline 0.003 -17"><span class='ocrx_word' id='word_1_651' title='bbox 1933 3933 2074 4004; x_wconf 87' lang='lat' dir='ltr'>lapis</span> <span class='ocrx_word' id='word_1_652' title='bbox 2104 3932 2198 3987; x_wconf 93' lang='lat' dir='ltr'>ille</span> <span class='ocrx_word' id='word_1_653' title='bbox 2215 3933 2472 3987; x_wconf 85' lang='lat' dir='ltr'>Christus</span> <span class='ocrx_word' id='word_1_654' title='bbox 2483 3934 2896 4005; x_wconf 88' lang='lat' dir='ltr'>conjunxit,qui</span> <span class='ocrx_word' id='word_1_655' title='bbox 2927 3941 3012 3989; x_wconf 90' lang='lat' dir='ltr'>est</span> <span class='ocrx_word' id='word_1_656' title='bbox 3039 3939 3179 4004; x_wconf 75' lang='lat' dir='ltr'>lapis</span> <span class='ocrx_word' id='word_1_657' title='bbox 3207 3941 3526 4005; x_wconf 76' lang='lat' dir='ltr'>angularis,</span> 
     </span>
    </p>
   </div>
   <div class='ocr_carea' id='block_1_86' title="bbox 1934 4021 3528 4091">
    <p class='ocr_par' dir='ltr' id='par_1_86' title="bbox 1934 4021 3528 4091">
     <span class='ocr_line' id='line_1_86' title="bbox 1934 4021 3528 4091; baseline 0.003 -15"><span class='ocrx_word' id='word_1_658' title='bbox 1934 4027 1983 4076; x_wconf 75' lang='lat' dir='ltr'>et</span> <span class='ocrx_word' id='word_1_659' title='bbox 2010 4023 2138 4090; x_wconf 80' lang='lat' dir='ltr'>fecit</span> <span class='ocrx_word' id='word_1_660' title='bbox 2169 4027 2404 4090; x_wconf 79' lang='lat' dir='ltr'>utraque</span> <span class='ocrx_word' id='word_1_661' title='bbox 2428 4038 2610 4075; x_wconf 88' lang='lat' dir='ltr'>unum</span> <span class='ocrx_word' id='word_1_662' title='bbox 2643 4023 2849 4091; x_wconf 70' lang='lat' dir='ltr'>(Ep/tes.</span> <span class='ocrx_word' id='word_1_663' title='bbox 2870 4035 2927 4086; x_wconf 84' lang='lat' dir='ltr'>II,</span> <span class='ocrx_word' id='word_1_664' title='bbox 2952 4021 3062 4088; x_wconf 75' lang='lat'>20).</span> <span class='ocrx_word' id='word_1_665' title='bbox 3088 4023 3266 4088; x_wconf 86' lang='lat' dir='ltr'>Quem</span> <span class='ocrx_word' id='word_1_666' title='bbox 3286 4041 3421 4081; x_wconf 89' lang='lat' dir='ltr'>sane</span> <span class='ocrx_word' id='word_1_667' title='bbox 3449 4027 3528 4081; x_wconf 89' lang='lat' dir='ltr'>la-</span> 
     </span>
    </p>
   </div>
   <div class='ocr_carea' id='block_1_87' title="bbox 1933 4109 3523 4184">
    <p class='ocr_par' dir='ltr' id='par_1_87' title="bbox 1933 4109 3523 4184">
     <span class='ocr_line' id='line_1_87' title="bbox 1933 4109 3523 4184; baseline 0.003 -19"><span class='ocrx_word' id='word_1_668' title='bbox 1933 4110 2121 4182; x_wconf 90' lang='lat' dir='ltr'>pidem</span> <span class='ocrx_word' id='word_1_669' title='bbox 2152 4109 2482 4180; x_wconf 86' lang='lat' dir='ltr'>angularem</span> <span class='ocrx_word' id='word_1_670' title='bbox 2528 4109 2586 4164; x_wconf 92' lang='lat' dir='ltr'>in</span> <span class='ocrx_word' id='word_1_671' title='bbox 2617 4111 2984 4166; x_wconf 87' lang='lat' dir='ltr'>fundamento</span> <span class='ocrx_word' id='word_1_672' title='bbox 3014 4113 3195 4167; x_wconf 89' lang='lat' dir='ltr'>cordis</span> <span class='ocrx_word' id='word_1_673' title='bbox 3238 4114 3523 4184; x_wconf 90' lang='lat' dir='ltr'>posuistis,</span> 
     </span>
    </p>
   </div>
   <div class='ocr_carea' id='block_1_88' title="bbox 1933 4198 3528 4268">
    <p class='ocr_par' dir='ltr' id='par_1_88' title="bbox 1933 4198 3528 4268">
     <span class='ocr_line' id='line_1_88' title="bbox 1933 4198 3528 4268; baseline 0.005 -16"><span class='ocrx_word' id='word_1_674' title='bbox 1933 4205 1991 4253; x_wconf 90' lang='lat' dir='ltr'>et</span> <span class='ocrx_word' id='word_1_675' title='bbox 2014 4198 2138 4252; x_wconf 89' lang='lat' dir='ltr'>ideo</span> <span class='ocrx_word' id='word_1_676' title='bbox 2168 4199 2238 4252; x_wconf 91' lang='lat' dir='ltr'>ad</span> <span class='ocrx_word' id='word_1_677' title='bbox 2264 4199 2412 4252; x_wconf 90' lang='lat' dir='ltr'>hunc</span> <span class='ocrx_word' id='word_1_678' title='bbox 2448 4199 2711 4268; x_wconf 90' lang='lat' dir='ltr'>angelum</span> <span class='ocrx_word' id='word_1_679' title='bbox 2739 4201 2972 4256; x_wconf 73' lang='lat' dir='ltr'>VeSonae</span> <span class='ocrx_word' id='word_1_680' title='bbox 3016 4202 3367 4258; x_wconf 88' lang='lat' dir='ltr'>convolastis.</span> <span class='ocrx_word' id='word_1_681' title='bbox 3400 4205 3528 4260; x_wconf 90' lang='lat' dir='ltr'>Non</span> 
     </span>
    </p>
   </div>
   <div class='ocr_carea' id='block_1_89' title="bbox 1934 4288 3529 4366">
    <p class='ocr_par' dir='ltr' id='par_1_89' title="bbox 1934 4288 3529 4366">
     <span class='ocr_line' id='line_1_89' title="bbox 1934 4288 3529 4366; baseline 0.006 -26"><span class='ocrx_word' id='word_1_682' title='bbox 1934 4288 2082 4358; x_wconf 89' lang='lat' dir='ltr'>quod</span> <span class='ocrx_word' id='word_1_683' title='bbox 2103 4288 2365 4358; x_wconf 89' lang='lat' dir='ltr'>angelum</span> <span class='ocrx_word' id='word_1_684' title='bbox 2392 4288 2704 4358; x_wconf 89' lang='lat' dir='ltr'>diligeretis</span> <span class='ocrx_word' id='word_1_685' title='bbox 2726 4289 2938 4359; x_wconf 75' lang='lat' dir='ltr'>exiguae</span> <span class='ocrx_word' id='word_1_686' title='bbox 2966 4291 3207 4346; x_wconf 86' lang='lat' dir='ltr'>civitatis</span> <span class='ocrx_word' id='word_1_687' title='bbox 3231 4310 3242 4345; x_wconf 89' lang='lat'><strong>:</strong></span> <span class='ocrx_word' id='word_1_688' title='bbox 3269 4293 3367 4346; x_wconf 86' lang='lat' dir='ltr'>sed</span> <span class='ocrx_word' id='word_1_689' title='bbox 3397 4295 3529 4366; x_wconf 91' lang='lat' dir='ltr'>quia</span> 
     </span>
    </p>
   </div>
   <div class='ocr_carea' id='block_1_90' title="bbox 257 4371 3528 4457">
    <p class='ocr_par' dir='ltr' id='par_1_90' title="bbox 257 4371 3528 4457">
     <span class='ocr_line' id='line_1_90' title="bbox 257 4371 3528 4457; baseline 0.001 -24"><span class='ocrx_word' id='word_1_690' title='bbox 257 4387 324 4440; x_wconf 82' lang='lat' dir='ltr'>ad</span> <span class='ocrx_word' id='word_1_691' title='bbox 367 4386 487 4440; x_wconf 62' lang='lat' dir='ltr'>haec</span> <span class='ocrx_word' id='word_1_692' title='bbox 516 4385 660 4440; x_wconf 77' lang='lat' dir='ltr'>forte</span> <span class='ocrx_word' id='word_1_693' title='bbox 688 4385 917 4441; x_wconf 69' lang='lat' dir='ltr'>solertia</span> <span class='ocrx_word' id='word_1_694' title='bbox 953 4384 1216 4457; x_wconf 77' lang='lat' dir='ltr'>puellm-is</span> <span class='ocrx_word' id='word_1_695' title='bbox 1245 4384 1531 4439; x_wconf 75' lang='lat' dir='ltr'>dictatura</span> <span class='ocrx_word' id='word_1_696' title='bbox 1559 4389 1661 4449; x_wconf 78' lang='lat' dir='ltr'>est,</span> <span class='ocrx_word' id='word_1_697' title='bbox 1703 4384 1848 4456; x_wconf 79' lang='lat' dir='ltr'>quod</span> <span class='ocrx_word' id='word_1_698' title='bbox 1869 4371 2224 4444; x_wconf 85' lang='lat' dir='ltr'>Ddilexistis,</span> <span class='ocrx_word' id='word_1_699' title='bbox 2257 4382 2314 4430; x_wconf 91' lang='lat' dir='ltr'>et</span> <span class='ocrx_word' id='word_1_700' title='bbox 2351 4377 2585 4448; x_wconf 90' lang='lat' dir='ltr'>diligere</span> <span class='ocrx_word' id='word_1_701' title='bbox 2617 4377 2830 4432; x_wconf 89' lang='lat' dir='ltr'>debetis</span> <span class='ocrx_word' id='word_1_702' title='bbox 2860 4379 3095 4434; x_wconf 89' lang='lat' dir='ltr'>arduam</span> <span class='ocrx_word' id='word_1_703' title='bbox 3128 4387 3184 4435; x_wconf 80' lang='lat' dir='ltr'>et</span> <span class='ocrx_word' id='word_1_704' title='bbox 3228 4389 3528 4451; x_wconf 88' lang='lat' dir='ltr'>angustam</span> 
     </span>
    </p>
   </div>
   <div class='ocr_carea' id='block_1_91' title="bbox 258 4471 1850 4545">
    <p class='ocr_par' dir='ltr' id='par_1_91' title="bbox 258 4471 1850 4545">
     <span class='ocr_line' id='line_1_91' title="bbox 258 4471 1850 4545; baseline -0.001 -18"><span class='ocrx_word' id='word_1_705' title='bbox 258 4471 550 4528; x_wconf 86' lang='lat' dir='ltr'>debuerim</span> <span class='ocrx_word' id='word_1_706' title='bbox 583 4474 768 4529; x_wconf 89' lang='lat' dir='ltr'>dicere</span> <span class='ocrx_word' id='word_1_707' title='bbox 809 4475 1054 4545; x_wconf 89' lang='lat' dir='ltr'>virgines</span> <span class='ocrx_word' id='word_1_708' title='bbox 1080 4473 1268 4527; x_wconf 75' lang='lat' dir='ltr'>afferri</span> <span class='ocrx_word' id='word_1_709' title='bbox 1296 4472 1518 4540; x_wconf 90' lang='lat' dir='ltr'>debere,</span> <span class='ocrx_word' id='word_1_710' title='bbox 1546 4473 1850 4544; x_wconf 89' lang='lat' dir='ltr'>viduasque</span> 
     </span>
    </p>
   </div>
   <div class='ocr_carea' id='block_1_92' title="bbox 258 4561 1851 4632">
    <p class='ocr_par' dir='ltr' id='par_1_92' title="bbox 258 4561 1851 4632">
     <span class='ocr_line' id='line_1_92' title="bbox 258 4561 1851 4632; baseline -0.001 -16"><span class='ocrx_word' id='word_1_711' title='bbox 258 4561 481 4617; x_wconf 88' lang='lat' dir='ltr'>adduci.</span> <span class='ocrx_word' id='word_1_712' title='bbox 511 4562 827 4618; x_wconf 84' lang='lat' dir='ltr'>Praesertim</span> <span class='ocrx_word' id='word_1_713' title='bbox 847 4579 975 4618; x_wconf 91' lang='lat' dir='ltr'>cum</span> <span class='ocrx_word' id='word_1_714' title='bbox 995 4563 1172 4618; x_wconf 84' lang='lat' dir='ltr'>viduae</span> <span class='ocrx_word' id='word_1_715' title='bbox 1199 4561 1270 4616; x_wconf 88' lang='lat' dir='ltr'>ad</span> <span class='ocrx_word' id='word_1_716' title='bbox 1301 4578 1395 4616; x_wconf 89' lang='lat' dir='ltr'>vos</span> <span class='ocrx_word' id='word_1_717' title='bbox 1418 4577 1522 4616; x_wconf 88' lang='lat' dir='ltr'>sua</span> <span class='ocrx_word' id='word_1_718' title='bbox 1540 4566 1740 4632; x_wconf 89' lang='lat' dir='ltr'>sponte</span> <span class='ocrx_word' id='word_1_719' title='bbox 1763 4577 1851 4614; x_wconf 89' lang='lat' dir='ltr'>ve-</span> 
     </span>
    </p>
   </div>
   <div class='ocr_carea' id='block_1_93' title="bbox 259 4651 1852 4725">
    <p class='ocr_par' dir='ltr' id='par_1_93' title="bbox 259 4651 1852 4725">
     <span class='ocr_line' id='line_1_93' title="bbox 259 4651 1852 4725; baseline -0.001 -20"><span class='ocrx_word' id='word_1_720' title='bbox 259 4651 440 4718; x_wconf 90' lang='lat' dir='ltr'>niant,</span> <span class='ocrx_word' id='word_1_721' title='bbox 465 4668 680 4725; x_wconf 87' lang='lat' dir='ltr'>suaque</span> <span class='ocrx_word' id='word_1_722' title='bbox 707 4652 1002 4708; x_wconf 89' lang='lat' dir='ltr'>devotione</span> <span class='ocrx_word' id='word_1_723' title='bbox 1028 4668 1040 4703; x_wconf 90' lang='lat'><strong>:</strong></span> <span class='ocrx_word' id='word_1_724' title='bbox 1071 4651 1314 4722; x_wconf 88' lang='lat' dir='ltr'>virgines</span> <span class='ocrx_word' id='word_1_725' title='bbox 1355 4667 1483 4704; x_wconf 89' lang='lat' dir='ltr'>vero</span> <span class='ocrx_word' id='word_1_726' title='bbox 1519 4666 1660 4721; x_wconf 91' lang='lat' dir='ltr'>pene</span> <span class='ocrx_word' id='word_1_727' title='bbox 1688 4667 1722 4704; x_wconf 91' lang='lat' dir='ltr'>a</span> <span class='ocrx_word' id='word_1_728' title='bbox 1759 4666 1852 4703; x_wconf 88' lang='lat' dir='ltr'>cu-</span> 
     </span>
    </p>
   </div>
   <div class='ocr_carea' id='block_1_94' title="bbox 257 4738 1851 4813">
    <p class='ocr_par' dir='ltr' id='par_1_94' title="bbox 257 4738 1851 4813">
     <span class='ocr_line' id='line_1_94' title="bbox 257 4738 1851 4813; baseline -0.001 -20"><span class='ocrx_word' id='word_1_729' title='bbox 257 4739 483 4810; x_wconf 90' lang='lat' dir='ltr'>bilibus,</span> <span class='ocrx_word' id='word_1_730' title='bbox 503 4746 561 4796; x_wconf 91' lang='lat' dir='ltr'>et</span> <span class='ocrx_word' id='word_1_731' title='bbox 574 4743 693 4813; x_wconf 88' lang='lat' dir='ltr'>jam</span> <span class='ocrx_word' id='word_1_732' title='bbox 724 4741 928 4809; x_wconf 89' lang='lat' dir='ltr'>adhuc,</span> <span class='ocrx_word' id='word_1_733' title='bbox 952 4746 1018 4797; x_wconf 89' lang='lat' dir='ltr'>ut</span> <span class='ocrx_word' id='word_1_734' title='bbox 1042 4741 1124 4795; x_wconf 90' lang='lat' dir='ltr'>ita</span> <span class='ocrx_word' id='word_1_735' title='bbox 1146 4741 1345 4807; x_wconf 88' lang='lat' dir='ltr'>fatear,</span> <span class='ocrx_word' id='word_1_736' title='bbox 1377 4740 1526 4795; x_wconf 90' lang='lat' dir='ltr'>inter</span> <span class='ocrx_word' id='word_1_737' title='bbox 1545 4738 1851 4810; x_wconf 89' lang='lat' dir='ltr'>crepundia</span> 
     </span>
    </p>
   </div>
   <div class='ocr_carea' id='block_1_95' title="bbox 257 4830 1850 4901">
    <p class='ocr_par' dir='ltr' id='par_1_95' title="bbox 257 4830 1850 4901">
     <span class='ocr_line' id='line_1_95' title="bbox 257 4830 1850 4901; baseline -0.001 -17"><span class='ocrx_word' id='word_1_738' title='bbox 257 4837 465 4886; x_wconf 71' lang='lat' dir='ltr'>tenerze</span> <span class='ocrx_word' id='word_1_739' title='bbox 487 4831 673 4886; x_wconf 79' lang='lat' dir='ltr'>aetatis</span> <span class='ocrx_word' id='word_1_740' title='bbox 691 4832 1001 4886; x_wconf 72' lang='lat' dir='ltr'>offeruntur</span> <span class='ocrx_word' id='word_1_741' title='bbox 1012 4830 1152 4901; x_wconf 88' lang='lat' dir='ltr'>Regi</span> <span class='ocrx_word' id='word_1_742' title='bbox 1168 4830 1303 4897; x_wconf 92' lang='lat' dir='ltr'>Deo,</span> <span class='ocrx_word' id='word_1_743' title='bbox 1320 4845 1385 4884; x_wconf 86' lang='lat' dir='ltr'>ex</span> <span class='ocrx_word' id='word_1_744' title='bbox 1405 4833 1533 4884; x_wconf 91' lang='lat' dir='ltr'>voto</span> <span class='ocrx_word' id='word_1_745' title='bbox 1553 4834 1850 4900; x_wconf 86' lang='lat' dir='ltr'>parentum</span> 
     </span>
    </p>
   </div>
   <div class='ocr_carea' id='block_1_96' title="bbox 257 4916 1851 4992">
    <p class='ocr_par' dir='ltr' id='par_1_96' title="bbox 257 4916 1851 4992">
     <span class='ocr_line' id='line_1_96' title="bbox 257 4916 1851 4992; baseline -0.003 -18"><span class='ocrx_word' id='word_1_746' title='bbox 257 4921 446 4991; x_wconf 89' lang='lat' dir='ltr'>potius</span> <span class='ocrx_word' id='word_1_747' title='bbox 476 4935 646 4992; x_wconf 90' lang='lat' dir='ltr'>quam</span> <span class='ocrx_word' id='word_1_748' title='bbox 676 4935 741 4974; x_wconf 81' lang='lat' dir='ltr'>ex</span> <span class='ocrx_word' id='word_1_749' title='bbox 767 4935 880 4974; x_wconf 69' lang='lat' dir='ltr'>sua:</span> <span class='ocrx_word' id='word_1_750' title='bbox 904 4918 1109 4974; x_wconf 89' lang='lat' dir='ltr'>mentis</span> <span class='ocrx_word' id='word_1_751' title='bbox 1135 4916 1422 4972; x_wconf 88' lang='lat' dir='ltr'>electione.</span> <span class='ocrx_word' id='word_1_752' title='bbox 1459 4917 1618 4973; x_wconf 91' lang='lat' dir='ltr'>Unde</span> <span class='ocrx_word' id='word_1_753' title='bbox 1647 4916 1851 4972; x_wconf 90' lang='lat' dir='ltr'>rectius</span> 
     </span>
    </p>
   </div>
   <div class='ocr_carea' id='block_1_97' title="bbox 258 5005 1852 5078">
    <p class='ocr_par' dir='ltr' id='par_1_97' title="bbox 258 5005 1852 5078">
     <span class='ocr_line' id='line_1_97' title="bbox 258 5005 1852 5078; baseline -0.003 -16"><span class='ocrx_word' id='word_1_754' title='bbox 258 5008 382 5063; x_wconf 82' lang='lat' dir='ltr'>illas</span> <span class='ocrx_word' id='word_1_755' title='bbox 415 5009 607 5064; x_wconf 80' lang='lat' dir='ltr'>afferri</span> <span class='ocrx_word' id='word_1_756' title='bbox 643 5007 844 5063; x_wconf 89' lang='lat' dir='ltr'>debere</span> <span class='ocrx_word' id='word_1_757' title='bbox 884 5007 1122 5078; x_wconf 90' lang='lat' dir='ltr'>intelligi</span> <span class='ocrx_word' id='word_1_758' title='bbox 1154 5027 1165 5061; x_wconf 89' lang='lat'><strong>:</strong></span> <span class='ocrx_word' id='word_1_759' title='bbox 1199 5006 1335 5061; x_wconf 91' lang='lat' dir='ltr'>istas</span> <span class='ocrx_word' id='word_1_760' title='bbox 1365 5023 1495 5060; x_wconf 87' lang='lat' dir='ltr'>vero</span> <span class='ocrx_word' id='word_1_761' title='bbox 1524 5022 1627 5060; x_wconf 90' lang='lat' dir='ltr'>sua</span> <span class='ocrx_word' id='word_1_762' title='bbox 1665 5005 1852 5059; x_wconf 82' lang='lat' dir='ltr'>venire</span> 
     </span>
    </p>
   </div>
   <div class='ocr_carea' id='block_1_98' title="bbox 260 5093 1852 5169">
    <p class='ocr_par' dir='ltr' id='par_1_98' title="bbox 260 5093 1852 5169">
     <span class='ocr_line' id='line_1_98' title="bbox 260 5093 1852 5169; baseline -0.002 -20"><span class='ocrx_word' id='word_1_763' title='bbox 260 5098 566 5164; x_wconf 68' lang='lat' dir='ltr'>voluntate,</span> <span class='ocrx_word' id='word_1_764' title='bbox 597 5098 824 5169; x_wconf 90' lang='lat' dir='ltr'>suisque</span> <span class='ocrx_word' id='word_1_765' title='bbox 849 5113 910 5150; x_wconf 91' lang='lat' dir='ltr'>se</span> <span class='ocrx_word' id='word_1_766' title='bbox 935 5097 1134 5151; x_wconf 77' lang='lat' dir='ltr'>afferre</span> <span class='ocrx_word' id='word_1_767' title='bbox 1159 5095 1320 5150; x_wconf 88' lang='lat' dir='ltr'>votis.</span> <span class='ocrx_word' id='word_1_768' title='bbox 1362 5096 1476 5149; x_wconf 89' lang='lat' dir='ltr'>Nec</span> <span class='ocrx_word' id='word_1_769' title='bbox 1497 5100 1686 5150; x_wconf 89' lang='lat' dir='ltr'>tamen</span> <span class='ocrx_word' id='word_1_770' title='bbox 1717 5093 1852 5149; x_wconf 90' lang='lat' dir='ltr'>satis</span> 
     </span>
    </p>
   </div>
   <div class='ocr_carea' id='block_1_99' title="bbox 260 5183 1854 5259">
    <p class='ocr_par' dir='ltr' id='par_1_99' title="bbox 260 5183 1854 5259">
     <span class='ocr_line' id='line_1_99' title="bbox 260 5183 1854 5259; baseline -0.003 -18"><span class='ocrx_word' id='word_1_771' title='bbox 260 5189 502 5243; x_wconf 88' lang='lat' dir='ltr'>attendit</span> <span class='ocrx_word' id='word_1_772' title='bbox 527 5187 657 5242; x_wconf 89' lang='lat' dir='ltr'>talis</span> <span class='ocrx_word' id='word_1_773' title='bbox 687 5202 1052 5259; x_wconf 76' lang='lat' dir='ltr'>quaecunque,</span> <span class='ocrx_word' id='word_1_774' title='bbox 1077 5185 1341 5257; x_wconf 89' lang='lat' dir='ltr'>quoniam</span> <span class='ocrx_word' id='word_1_775' title='bbox 1359 5183 1606 5255; x_wconf 89' lang='lat' dir='ltr'>virgines</span> <span class='ocrx_word' id='word_1_776' title='bbox 1629 5201 1854 5256; x_wconf 88' lang='lat' dir='ltr'>semper</span> 
     </span>
    </p>
   </div>
   <div class='ocr_carea' id='block_1_100' title="bbox 260 5274 1854 5345">
    <p class='ocr_par' dir='ltr' id='par_1_100' title="bbox 260 5274 1854 5345">
     <span class='ocr_line' id='line_1_100' title="bbox 260 5274 1854 5345; baseline -0.003 -14"><span class='ocrx_word' id='word_1_777' title='bbox 260 5293 324 5331; x_wconf 88' lang='lat' dir='ltr'>ex</span> <span class='ocrx_word' id='word_1_778' title='bbox 360 5283 491 5332; x_wconf 87' lang='lat' dir='ltr'>voto</span> <span class='ocrx_word' id='word_1_779' title='bbox 523 5276 775 5344; x_wconf 90' lang='lat' dir='ltr'>veniunt,</span> <span class='ocrx_word' id='word_1_780' title='bbox 809 5281 867 5330; x_wconf 92' lang='lat' dir='ltr'>et</span> <span class='ocrx_word' id='word_1_781' title='bbox 895 5292 962 5330; x_wconf 88' lang='lat' dir='ltr'>ex</span> <span class='ocrx_word' id='word_1_782' title='bbox 991 5275 1277 5330; x_wconf 83' lang='lat' dir='ltr'>voluntate</span> <span class='ocrx_word' id='word_1_783' title='bbox 1307 5274 1616 5328; x_wconf 79' lang='lat' dir='ltr'>offerantur</span> <span class='ocrx_word' id='word_1_784' title='bbox 1656 5290 1854 5345; x_wconf 90' lang='lat' dir='ltr'>paren-</span> 
     </span>
    </p>
   </div>
   <div class='ocr_carea' id='block_1_101' title="bbox 259 5363 1854 5439">
    <p class='ocr_par' dir='ltr' id='par_1_101' title="bbox 259 5363 1854 5439">
     <span class='ocr_line' id='line_1_101' title="bbox 259 5363 1854 5439; baseline -0.003 -18"><span class='ocrx_word' id='word_1_785' title='bbox 259 5367 595 5439; x_wconf 87' lang='lat' dir='ltr'>tum,potius</span> <span class='ocrx_word' id='word_1_786' title='bbox 610 5381 779 5438; x_wconf 88' lang='lat' dir='ltr'>quam</span> <span class='ocrx_word' id='word_1_787' title='bbox 800 5381 866 5419; x_wconf 82' lang='lat' dir='ltr'>ex</span> <span class='ocrx_word' id='word_1_788' title='bbox 897 5364 1248 5419; x_wconf 87' lang='lat' dir='ltr'>necessitate.</span> <span class='ocrx_word' id='word_1_789' title='bbox 1283 5364 1458 5417; x_wconf 88' lang='lat' dir='ltr'>Porro</span> <span class='ocrx_word' id='word_1_790' title='bbox 1476 5363 1666 5416; x_wconf 83' lang='lat' dir='ltr'>viduas</span> <span class='ocrx_word' id='word_1_791' title='bbox 1685 5379 1854 5434; x_wconf 89' lang='lat' dir='ltr'>quam</span> 
     </span>
    </p>
   </div>
   <div class='ocr_carea' id='block_1_102' title="bbox 262 5451 1858 5529">
    <p class='ocr_par' dir='ltr' id='par_1_102' title="bbox 262 5451 1858 5529">
     <span class='ocr_line' id='line_1_102' title="bbox 262 5451 1858 5529; baseline -0.003 -18"><span class='ocrx_word' id='word_1_792' title='bbox 262 5472 405 5529; x_wconf 72' lang='lat' dir='ltr'>saepe</span> <span class='ocrx_word' id='word_1_793' title='bbox 433 5455 740 5511; x_wconf 88' lang='lat' dir='ltr'>necessitas</span> <span class='ocrx_word' id='word_1_794' title='bbox 780 5455 928 5526; x_wconf 88' lang='lat' dir='ltr'>cogit</span> <span class='ocrx_word' id='word_1_795' title='bbox 958 5472 973 5509; x_wconf 90' lang='lat'><strong>:</strong></span> <span class='ocrx_word' id='word_1_796' title='bbox 1003 5454 1244 5509; x_wconf 83' lang='lat' dir='ltr'>maxime</span> <span class='ocrx_word' id='word_1_797' title='bbox 1288 5459 1480 5507; x_wconf 88' lang='lat' dir='ltr'>tamen</span> <span class='ocrx_word' id='word_1_798' title='bbox 1510 5468 1639 5506; x_wconf 91' lang='lat' dir='ltr'>cum</span> <span class='ocrx_word' id='word_1_799' title='bbox 1680 5451 1858 5506; x_wconf 84' lang='lat' dir='ltr'>absol-</span> 
     </span>
    </p>
   </div>
   <div class='ocr_carea' id='block_1_103' title="bbox 263 5540 1857 5618">
    <p class='ocr_par' dir='ltr' id='par_1_103' title="bbox 263 5540 1857 5618">
     <span class='ocr_line' id='line_1_103' title="bbox 263 5540 1857 5618; baseline -0.004 -15"><span class='ocrx_word' id='word_1_800' title='bbox 263 5551 486 5616; x_wconf 82' lang='lat' dir='ltr'>vuntur,</span> <span class='ocrx_word' id='word_1_801' title='bbox 537 5549 682 5602; x_wconf 86' lang='lat' dir='ltr'>teste</span> <span class='ocrx_word' id='word_1_802' title='bbox 725 5543 1014 5618; x_wconf 80' lang='lat' dir='ltr'>Apostolo,</span> <span class='ocrx_word' id='word_1_803' title='bbox 1043 5543 1264 5600; x_wconf 90' lang='lat' dir='ltr'>vinculo</span> <span class='ocrx_word' id='word_1_804' title='bbox 1295 5542 1600 5600; x_wconf 85' lang='lat' dir='ltr'>servitutis.</span> <span class='ocrx_word' id='word_1_805' title='bbox 1643 5540 1857 5608; x_wconf 87' lang='lat' dir='ltr'>Quibus</span> 
     </span>
    </p>
   </div>
   <div class='ocr_carea' id='block_1_104' title="bbox 1931 4465 3528 4542">
    <p class='ocr_par' dir='ltr' id='par_1_104' title="bbox 1931 4465 3528 4542">
     <span class='ocr_line' id='line_1_104' title="bbox 1931 4465 3528 4542; baseline 0.005 -24"><span class='ocrx_word' id='word_1_806' title='bbox 1931 4465 2099 4530; x_wconf 89' lang='lat' dir='ltr'>viam,</span> <span class='ocrx_word' id='word_1_807' title='bbox 2132 4481 2248 4535; x_wconf 67' lang='lat' dir='ltr'>quas</span> <span class='ocrx_word' id='word_1_808' title='bbox 2278 4467 2430 4520; x_wconf 76' lang='lat' dir='ltr'>ducit</span> <span class='ocrx_word' id='word_1_809' title='bbox 2458 4468 2530 4520; x_wconf 86' lang='lat' dir='ltr'>ad</span> <span class='ocrx_word' id='word_1_810' title='bbox 2559 4467 3030 4538; x_wconf 74' lang='lat' dir='ltr'>vitam,quoniam</span> <span class='ocrx_word' id='word_1_811' title='bbox 3059 4469 3175 4524; x_wconf 89' lang='lat' dir='ltr'>lata</span> <span class='ocrx_word' id='word_1_812' title='bbox 3202 4475 3257 4524; x_wconf 93' lang='lat' dir='ltr'>et</span> <span class='ocrx_word' id='word_1_813' title='bbox 3275 4471 3528 4542; x_wconf 81' lang='lat' dir='ltr'>spaciosa</span> 
     </span>
    </p>
   </div>
   <div class='ocr_carea' id='block_1_105' title="bbox 1933 4554 2732 4626">
    <p class='ocr_par' dir='ltr' id='par_1_105' title="bbox 1933 4554 2732 4626">
     <span class='ocr_line' id='line_1_105' title="bbox 1933 4554 2732 4626; baseline 0.001 -18"><span class='ocrx_word' id='word_1_814' title='bbox 1933 4561 2018 4609; x_wconf 91' lang='lat' dir='ltr'>est</span> <span class='ocrx_word' id='word_1_815' title='bbox 2045 4571 2166 4626; x_wconf 83' lang='lat' dir='ltr'>quae</span> <span class='ocrx_word' id='word_1_816' title='bbox 2195 4554 2350 4609; x_wconf 89' lang='lat' dir='ltr'>ducit</span> <span class='ocrx_word' id='word_1_817' title='bbox 2376 4554 2448 4608; x_wconf 83' lang='lat' dir='ltr'>ad</span> <span class='ocrx_word' id='word_1_818' title='bbox 2476 4561 2732 4611; x_wconf 87' lang='lat' dir='ltr'>mortem.</span> 
     </span>
    </p>
   </div>
   <div class='ocr_carea' id='block_1_106' title="bbox 2003 4643 3525 4719">
    <p class='ocr_par' dir='ltr' id='par_1_106' title="bbox 2003 4643 3525 4719">
     <span class='ocr_line' id='line_1_106' title="bbox 2003 4643 3525 4719; baseline 0.004 -20"><span class='ocrx_word' id='word_1_819' title='bbox 2003 4643 2182 4708; x_wconf 90' lang='lat' dir='ltr'>Unde,</span> <span class='ocrx_word' id='word_1_820' title='bbox 2243 4643 2602 4710; x_wconf 59' lang='lat' dir='ltr'>charissima,</span> <span class='ocrx_word' id='word_1_821' title='bbox 2656 4645 2788 4715; x_wconf 88' lang='lat' dir='ltr'>quia</span> <span class='ocrx_word' id='word_1_822' title='bbox 2837 4645 3092 4701; x_wconf 90' lang='lat' dir='ltr'>Christus</span> <span class='ocrx_word' id='word_1_823' title='bbox 3157 4647 3300 4719; x_wconf 88' lang='lat' dir='ltr'>lapis</span> <span class='ocrx_word' id='word_1_824' title='bbox 3369 4650 3525 4706; x_wconf 87' lang='lat' dir='ltr'>vivus</span> 
     </span>
    </p>
   </div>
   <div class='ocr_carea' id='block_1_107' title="bbox 1932 4733 3529 4806">
    <p class='ocr_par' dir='ltr' id='par_1_107' title="bbox 1932 4733 3529 4806">
     <span class='ocr_line' id='line_1_107' title="bbox 1932 4733 3529 4806; baseline 0.004 -17"><span class='ocrx_word' id='word_1_825' title='bbox 1932 4749 2108 4790; x_wconf 91' lang='lat' dir='ltr'>unum</span> <span class='ocrx_word' id='word_1_826' title='bbox 2137 4749 2232 4786; x_wconf 91' lang='lat' dir='ltr'>vos</span> <span class='ocrx_word' id='word_1_827' title='bbox 2261 4733 2392 4787; x_wconf 92' lang='lat' dir='ltr'>fecit</span> <span class='ocrx_word' id='word_1_828' title='bbox 2414 4749 2662 4803; x_wconf 88' lang='lat' dir='ltr'>gregem,</span> <span class='ocrx_word' id='word_1_829' title='bbox 2700 4750 2987 4806; x_wconf 90' lang='lat' dir='ltr'>unumque</span> <span class='ocrx_word' id='word_1_830' title='bbox 3024 4736 3163 4790; x_wconf 91' lang='lat' dir='ltr'>ovile</span> <span class='ocrx_word' id='word_1_831' title='bbox 3198 4737 3254 4792; x_wconf 90' lang='lat' dir='ltr'>in</span> <span class='ocrx_word' id='word_1_832' title='bbox 3302 4739 3408 4794; x_wconf 87' lang='lat' dir='ltr'>hoc</span> <span class='ocrx_word' id='word_1_833' title='bbox 3433 4756 3529 4796; x_wconf 89' lang='lat' dir='ltr'>an-</span> 
     </span>
    </p>
   </div>
   <div class='ocr_carea' id='block_1_108' title="bbox 1930 4821 3522 4899">
    <p class='ocr_par' dir='ltr' id='par_1_108' title="bbox 1930 4821 3522 4899">
     <span class='ocr_line' id='line_1_108' title="bbox 1930 4821 3522 4899; baseline 0.004 -22"><span class='ocrx_word' id='word_1_834' title='bbox 1930 4825 2083 4894; x_wconf 90' lang='lat' dir='ltr'>gulo,</span> <span class='ocrx_word' id='word_1_835' title='bbox 2116 4821 2316 4892; x_wconf 89' lang='lat' dir='ltr'>erigite</span> <span class='ocrx_word' id='word_1_836' title='bbox 2365 4827 2420 4876; x_wconf 92' lang='lat' dir='ltr'>et</span> <span class='ocrx_word' id='word_1_837' title='bbox 2475 4821 2628 4876; x_wconf 92' lang='lat' dir='ltr'>vobis</span> <span class='ocrx_word' id='word_1_838' title='bbox 2668 4824 2873 4878; x_wconf 90' lang='lat' dir='ltr'>turrim</span> <span class='ocrx_word' id='word_1_839' title='bbox 2920 4824 3076 4879; x_wconf 88' lang='lat' dir='ltr'>illam</span> <span class='ocrx_word' id='word_1_840' title='bbox 3107 4843 3173 4881; x_wconf 85' lang='lat' dir='ltr'>ex</span> <span class='ocrx_word' id='word_1_841' title='bbox 3204 4827 3522 4899; x_wconf 81' lang='lat' dir='ltr'>Evangelia,</span> 
     </span>
    </p>
   </div>
   <div class='ocr_carea' id='block_1_109' title="bbox 1932 4911 3526 4987">
    <p class='ocr_par' dir='ltr' id='par_1_109' title="bbox 1932 4911 3526 4987">
     <span class='ocr_line' id='line_1_109' title="bbox 1932 4911 3526 4987; baseline 0.004 -19"><span class='ocrx_word' id='word_1_842' title='bbox 1932 4913 2135 4968; x_wconf 89' lang='lat' dir='ltr'>turrim</span> <span class='ocrx_word' id='word_1_843' title='bbox 2165 4912 2455 4983; x_wconf 89' lang='lat' dir='ltr'>anguli,ut</span> <span class='ocrx_word' id='word_1_844' title='bbox 2484 4911 2606 4966; x_wconf 91' lang='lat' dir='ltr'>sitis</span> <span class='ocrx_word' id='word_1_845' title='bbox 2634 4911 2788 4966; x_wconf 88' lang='lat' dir='ltr'>vobis</span> <span class='ocrx_word' id='word_1_846' title='bbox 2809 4913 3047 4968; x_wconf 91' lang='lat' dir='ltr'>invicem</span> <span class='ocrx_word' id='word_1_847' title='bbox 3069 4917 3526 4987; x_wconf 89' lang='lat' dir='ltr'>supplementum</span> 
     </span>
    </p>
   </div>
   <div class='ocr_carea' id='block_1_110' title="bbox 1934 5000 3528 5076">
    <p class='ocr_par' dir='ltr' id='par_1_110' title="bbox 1934 5000 3528 5076">
     <span class='ocr_line' id='line_1_110' title="bbox 1934 5000 3528 5076; baseline 0.004 -20"><span class='ocrx_word' id='word_1_848' title='bbox 1934 5002 2174 5068; x_wconf 87' lang='lat' dir='ltr'>virtutis,</span> <span class='ocrx_word' id='word_1_849' title='bbox 2197 5009 2253 5056; x_wconf 91' lang='lat' dir='ltr'>et</span> <span class='ocrx_word' id='word_1_850' title='bbox 2280 5000 2664 5070; x_wconf 89' lang='lat' dir='ltr'>magisterium</span> <span class='ocrx_word' id='word_1_851' title='bbox 2694 5002 2969 5057; x_wconf 87' lang='lat' dir='ltr'>castitatis</span> <span class='ocrx_word' id='word_1_852' title='bbox 2993 5017 3004 5050; x_wconf 86' lang='lat'><strong>:</strong></span> <span class='ocrx_word' id='word_1_853' title='bbox 3037 5003 3117 5059; x_wconf 89' lang='lat' dir='ltr'>ita</span> <span class='ocrx_word' id='word_1_854' title='bbox 3147 5011 3210 5059; x_wconf 92' lang='lat' dir='ltr'>ut</span> <span class='ocrx_word' id='word_1_855' title='bbox 3234 5007 3528 5076; x_wconf 89' lang='lat' dir='ltr'>virginitas</span> 
     </span>
    </p>
   </div>
   <div class='ocr_carea' id='block_1_111' title="bbox 1934 5091 3524 5162">
    <p class='ocr_par' dir='ltr' id='par_1_111' title="bbox 1934 5091 3524 5162">
     <span class='ocr_line' id='line_1_111' title="bbox 1934 5091 3524 5162; baseline 0.002 -16"><span class='ocrx_word' id='word_1_856' title='bbox 1934 5092 2113 5147; x_wconf 89' lang='lat' dir='ltr'>discat</span> <span class='ocrx_word' id='word_1_857' title='bbox 2141 5091 2392 5161; x_wconf 81' lang='lat' dir='ltr'>exemplo</span> <span class='ocrx_word' id='word_1_858' title='bbox 2421 5091 2559 5144; x_wconf 90' lang='lat' dir='ltr'>casti</span> <span class='ocrx_word' id='word_1_859' title='bbox 2590 5092 2832 5162; x_wconf 89' lang='lat' dir='ltr'>conjugii</span> <span class='ocrx_word' id='word_1_860' title='bbox 2864 5092 3087 5148; x_wconf 87' lang='lat' dir='ltr'>Christo</span> <span class='ocrx_word' id='word_1_861' title='bbox 3113 5093 3330 5148; x_wconf 91' lang='lat' dir='ltr'>deferre</span> <span class='ocrx_word' id='word_1_862' title='bbox 3357 5096 3524 5149; x_wconf 89' lang='lat' dir='ltr'>casti-</span> 
     </span>
    </p>
   </div>
   <div class='ocr_carea' id='block_1_112' title="bbox 1934 5180 3531 5252">
    <p class='ocr_par' dir='ltr' id='par_1_112' title="bbox 1934 5180 3531 5252">
     <span class='ocr_line' id='line_1_112' title="bbox 1934 5180 3531 5252; baseline 0.001 -15"><span class='ocrx_word' id='word_1_863' title='bbox 1934 5189 2109 5237; x_wconf 86' lang='lat' dir='ltr'>tatem</span> <span class='ocrx_word' id='word_1_864' title='bbox 2141 5199 2155 5232; x_wconf 96' lang='lat'><em>:</em></span> <span class='ocrx_word' id='word_1_865' title='bbox 2188 5188 2461 5252; x_wconf 90' lang='lat' dir='ltr'>quatenus</span> <span class='ocrx_word' id='word_1_866' title='bbox 2488 5180 2634 5234; x_wconf 89' lang='lat' dir='ltr'>sicut</span> <span class='ocrx_word' id='word_1_867' title='bbox 2660 5181 2758 5235; x_wconf 88' lang='lat' dir='ltr'>illa</span> <span class='ocrx_word' id='word_1_868' title='bbox 2787 5182 3087 5237; x_wconf 88' lang='lat' dir='ltr'>custodivit</span> <span class='ocrx_word' id='word_1_869' title='bbox 3115 5182 3294 5237; x_wconf 86' lang='lat' dir='ltr'>cubile</span> <span class='ocrx_word' id='word_1_870' title='bbox 3333 5183 3531 5239; x_wconf 87' lang='lat' dir='ltr'>imma-</span> 
     </span>
    </p>
   </div>
   <div class='ocr_carea' id='block_1_113' title="bbox 1936 5269 3526 5343">
    <p class='ocr_par' dir='ltr' id='par_1_113' title="bbox 1936 5269 3526 5343">
     <span class='ocr_line' id='line_1_113' title="bbox 1936 5269 3526 5343; baseline 0.002 -18"><span class='ocrx_word' id='word_1_871' title='bbox 1936 5272 2182 5326; x_wconf 91' lang='lat' dir='ltr'>culatum</span> <span class='ocrx_word' id='word_1_872' title='bbox 2207 5290 2217 5323; x_wconf 95' lang='lat'><strong>:</strong></span> <span class='ocrx_word' id='word_1_873' title='bbox 2255 5271 2335 5324; x_wconf 89' lang='lat' dir='ltr'>ita</span> <span class='ocrx_word' id='word_1_874' title='bbox 2354 5269 2646 5340; x_wconf 87' lang='lat' dir='ltr'>virginitas</span> <span class='ocrx_word' id='word_1_875' title='bbox 2675 5287 2740 5324; x_wconf 92' lang='lat' dir='ltr'>eo</span> <span class='ocrx_word' id='word_1_876' title='bbox 2765 5271 3007 5343; x_wconf 88' lang='lat' dir='ltr'>amplius</span> <span class='ocrx_word' id='word_1_877' title='bbox 3037 5287 3204 5342; x_wconf 88' lang='lat' dir='ltr'>quam</span> <span class='ocrx_word' id='word_1_878' title='bbox 3239 5271 3526 5336; x_wconf 89' lang='lat' dir='ltr'>vovit,Deo</span> 
     </span>
    </p>
   </div>
   <div class='ocr_carea' id='block_1_114' title="bbox 1936 5359 3529 5432">
    <p class='ocr_par' dir='ltr' id='par_1_114' title="bbox 1936 5359 3529 5432">
     <span class='ocr_line' id='line_1_114' title="bbox 1936 5359 3529 5432; baseline 0.002 -18"><span class='ocrx_word' id='word_1_879' title='bbox 1936 5361 2322 5430; x_wconf 89' lang='lat' dir='ltr'>integritatem</span> <span class='ocrx_word' id='word_1_880' title='bbox 2341 5359 2621 5414; x_wconf 90' lang='lat' dir='ltr'>custodiat</span> <span class='ocrx_word' id='word_1_881' title='bbox 2642 5360 2844 5414; x_wconf 90' lang='lat' dir='ltr'>mentis</span> <span class='ocrx_word' id='word_1_882' title='bbox 2862 5366 2918 5414; x_wconf 92' lang='lat' dir='ltr'>et</span> <span class='ocrx_word' id='word_1_883' title='bbox 2945 5359 3191 5430; x_wconf 88' lang='lat' dir='ltr'>corporis</span> <span class='ocrx_word' id='word_1_884' title='bbox 3216 5376 3228 5413; x_wconf 91' lang='lat'><strong>:</strong></span> <span class='ocrx_word' id='word_1_885' title='bbox 3261 5362 3529 5432; x_wconf 87' lang='lat' dir='ltr'>quoniam</span> 
     </span>
    </p>
   </div>
   <div class='ocr_carea' id='block_1_115' title="bbox 1937 5448 3529 5522">
    <p class='ocr_par' dir='ltr' id='par_1_115' title="bbox 1937 5448 3529 5522">
     <span class='ocr_line' id='line_1_115' title="bbox 1937 5448 3529 5522; baseline 0.001 -18"><span class='ocrx_word' id='word_1_886' title='bbox 1937 5449 2342 5522; x_wconf 80' lang='lat' dir='ltr'>propemodum</span> <span class='ocrx_word' id='word_1_887' title='bbox 2371 5465 2483 5503; x_wconf 91' lang='lat' dir='ltr'>non</span> <span class='ocrx_word' id='word_1_888' title='bbox 2525 5448 2758 5503; x_wconf 92' lang='lat' dir='ltr'>inferior</span> <span class='ocrx_word' id='word_1_889' title='bbox 2806 5449 2981 5504; x_wconf 88' lang='lat' dir='ltr'>virtus</span> <span class='ocrx_word' id='word_1_890' title='bbox 3026 5454 3111 5503; x_wconf 88' lang='lat' dir='ltr'>est</span> <span class='ocrx_word' id='word_1_891' title='bbox 3155 5465 3221 5503; x_wconf 93' lang='lat' dir='ltr'>eo</span> <span class='ocrx_word' id='word_1_892' title='bbox 3249 5449 3529 5506; x_wconf 89' lang='lat' dir='ltr'>abstinere</span> 
     </span>
    </p>
   </div>
   <div class='ocr_carea' id='block_1_116' title="bbox 1936 5537 3530 5612">
    <p class='ocr_par' dir='ltr' id='par_1_116' title="bbox 1936 5537 3530 5612">
     <span class='ocr_line' id='line_1_116' title="bbox 1936 5537 3530 5612; baseline 0.002 -16"><span class='ocrx_word' id='word_1_893' title='bbox 1936 5538 2636 5612; x_wconf 84' lang='lat' dir='ltr'>conjugio,oblectamenta</span> <span class='ocrx_word' id='word_1_894' title='bbox 2645 5539 2880 5595; x_wconf 87' lang='lat' dir='ltr'>nescire.</span> <span class='ocrx_word' id='word_1_895' title='bbox 2897 5537 3006 5594; x_wconf 91' lang='lat' dir='ltr'>Sed</span> <span class='ocrx_word' id='word_1_896' title='bbox 3019 5543 3076 5593; x_wconf 92' lang='lat' dir='ltr'>et</span> <span class='ocrx_word' id='word_1_897' title='bbox 3090 5537 3333 5597; x_wconf 81' lang='lat' dir='ltr'>viduitas</span> <span class='ocrx_word' id='word_1_898' title='bbox 3348 5555 3530 5599; x_wconf 84' lang='lat' dir='ltr'>exem-</span> 
     </span>
    </p>
   </div>
  </div>
