3918 6166
400 241 541 299 ωδε)

1160 239 1213 291 S.
1262 236 1634 292 PASCHASII
1674 235 2032 292 RADBERTI
2071 235 2373 291 ABBATIS
2412 234 2905 291 CORBEIENSIS.
3492 242 3607 300 1060

399 370 490 441 ple
538 366 816 437 virginum
846 363 1025 418 multa
1050 362 1218 418 debet
1256 362 1502 418 ediscere
1541 380 1663 434 qua
1706 363 1981 435 deploret,
2004 363 2171 422 Aaut
2198 377 2266 415 ex
2295 361 2646 426 necessitate,
2682 360 2779 414 scd
2804 360 3023 431 singula
3053 376 3176 432 qua
3197 362 3215 384 ⁶
3249 364 3268 385 ⁵
3299 365 3317 387 θ

394 457 577 512 multa
603 470 725 524 qua
753 452 1027 518 imitetur,
1054 453 1233 507 multa
1264 452 1435 507 etiam
1464 470 1586 523 qua
1616 451 1985 522 congaudeat;

2074 450 2189 505 suis
2218 451 2443 520 organis
2471 450 2792 505 dulcissima
2820 449 3089 504 societate
3112 459 3418 519 sonuerunt,
3447 455 3497 510 in
3522 474 3613 528 quo

396 550 462 600 ut
487 560 611 615 qua
645 540 890 613 perdidit
909 540 1077 594 vidua
1098 541 1156 595 in
1186 541 1467 612 conjugio,
1493 546 1677 595 totum
1706 540 1993 612 possideat
2072 540 2356 595 thalamus
2386 541 2639 595 omnium
2670 540 2949 610 virginum
2982 539 3293 602 dedicatur.
3331 550 3381 598 et
3417 562 3615 617 sponsus

392 631 646 704 gaudens
671 647 799 685 cum
827 630 1100 685 charitate
1129 631 1189 684 in
1215 632 1353 684 ﬂore
1380 630 1737 701 virginitatis.
1783 630 1986 701 Sicque

394 722 454 777 in
475 726 716 792 utroque
744 720 934 787 fortes,
974 719 1332 788 charissima,
1364 720 1567 775 turrim
1595 720 1750 774 illam
1791 719 1990 790 erigite

395 829 460 866 ex
485 810 804 881 Evangelia,
822 825 995 864 unam
1016 816 1073 864 et
1098 810 1320 877 fortem,
1344 809 1621 865 munitam
1641 825 1767 864 cum
1800 824 1990 863 arma-

394 900 540 956 turis
567 905 625 955 et
653 898 1087 971 propugnaculis
1116 899 1234 953 suis
1263 917 1274 952 :
1307 899 1439 971 quia
1468 899 1636 954 simul
1662 899 1719 953 in
1749 904 1991 969 utraque

392 989 600 1044 virtute
627 991 859 1060 pramia
876 987 1217 1061 repromissa
1242 993 1377 1043 sunt
1394 987 1548 1043 vobis
1570 994 1791 1043 aeterna
1804 1003 1989 1043 remu-

392 1078 720 1135 nerationis.
752 1079 947 1135 Turris
976 1094 1223 1150 namque
1254 1078 1477 1149 quando
1505 1077 1885 1143 constituitur,
1928 1078 1987 1132 in

390 1170 622 1225 modum
651 1169 796 1242 ignis
815 1168 1085 1241 erigitur;
1107 1168 1239 1240 quia
1264 1167 1411 1239 ignis
1439 1168 1568 1222 licet
1586 1168 1753 1222 latior
1770 1167 1829 1222 in
1857 1167 1986 1222 imis

390 1276 612 1331 semper
625 1259 1036 1326 ardeat,tamen
1056 1258 1277 1313 acuitur
1290 1258 1347 1311 in
1362 1257 1615 1322 summis,
1625 1263 1684 1313 et
1704 1258 1773 1312 ad
1787 1273 1985 1329 super-

392 1365 467 1403 na
484 1365 707 1420 semper
723 1347 1078 1403 tendit.Hinc
1097 1363 1335 1418 eamque
1354 1346 1545 1413 turris,
1565 1351 1631 1401 ut
1647 1346 1983 1418 aiunt,apud

395 1438 616 1493 Graecos
641 1454 844 1506 pyrgo:
875 1437 1099 1499 dicitur,
1120 1452 1187 1491 oo
1218 1436 1365 1508 quod
1396 1437 1453 1491 in
1483 1437 1711 1491 modum
1744 1438 1984 1492 ﬂamma

392 1528 615 1583 acuitur
654 1530 898 1592 Im
917 1532 975 1580 et
1001 1527 1497 1598 consurgit.Quam
1526 1544 1754 1598 prorsus
1783 1529 1986 1582 turrim

2070 638 2355 693 inducitur
2396 640 2517 693 oleo
2556 638 2839 693 delibutus
2880 638 3126 709 Spiritus
3154 642 3345 706 sancti,
3399 657 3455 696 ac
3495 644 3535 698 si
3569 644 3616 699 in

2068 727 2345 798 palastra,
2377 744 2491 798 pra
2513 727 2867 782 consortibus
2895 728 3030 791 suis,
3071 735 3204 784 ante
3232 747 3392 801 quam
3420 734 3618 787 musico-

2067 832 2194 871 rum
2206 817 2264 871 in
2281 817 2384 872 hoc
2404 817 2652 872 carmine
2673 817 2863 872 omnia
2875 818 3152 872 resultant
3167 834 3386 888 genera,
3406 826 3456 874 et
3474 828 3616 876 unam

2068 906 2359 961 universus
2390 906 2540 960 orbis
2568 922 2697 960 cum
2726 906 2984 977 supernis
3012 907 3226 962 civibus
3261 913 3409 963 tenet
3435 908 3619 964 harmo-

2069 994 2243 1054 niam.
2276 996 2340 1051 In
2368 1011 2477 1068 quo
2514 995 2706 1067 itaque
2737 995 3099 1066 epithalamio
3128 996 3267 1051 talia
3292 1006 3497 1052 movent
3527 999 3619 1053 vir-

2065 1082 2226 1153 gines
2251 1082 2459 1138 Christi
2488 1088 2620 1138 ante
2654 1090 2864 1139 vestras
2905 1084 3167 1140 excubias
3197 1086 3518 1141 musicorum
3551 1103 3620 1141 or-

2065 1188 2232 1243 gana,
2264 1178 2330 1227 ut
2378 1189 2573 1229 eorum
2629 1173 2912 1229 melliﬂuis
2950 1174 3103 1229 sonis
3160 1175 3623 1247 impraesentiarum

2067 1260 2250 1315 omnis
2272 1261 2525 1316 vincatur
2548 1262 2798 1316 humana
2822 1260 3035 1329 latitia,
3059 1266 3119 1316 et
3143 1260 3453 1318 futurorum
3474 1263 3525 1319 in
3555 1265 3624 1320 his

2061 1349 2181 1419 jam
2222 1351 2454 1421 jamque
2496 1350 2851 1405 celebrentur
2877 1351 3106 1420 gaudia.
3158 1352 3225 1407 In
3264 1368 3371 1423 quo
3397 1353 3626 1408 nimirum

2066 1438 2293 1508 gaudio,
2324 1439 2681 1507 charissima,
2702 1440 3082 1494 sacratissima
3110 1440 3312 1496 vestris
3340 1442 3464 1513 quia
3502 1443 3623 1497 volui

2069 1526 2275 1582 cubilia
2294 1529 2477 1583 cordis
2498 1529 2729 1585 ﬂoribus
2743 1531 3209 1601 respergere.Sed
3230 1531 3361 1602 quia
3379 1548 3482 1586 non
3501 1548 3627 1585 eram

390 1625 527 1674 tunc
546 1617 689 1672 bene
715 1617 1061 1682 construitis,
1082 1618 1129 1672 si
1151 1618 1503 1685 charitatem,
1528 1635 1640 1688 qua
1659 1618 1828 1673 corda
1846 1619 1988 1673 mul—
2004 1617 2049 1677 B
2069 1615 2596 1679 idoneus.humilem
2615 1619 2739 1674 misi
2763 1620 3051 1691 pulegium
3066 1619 3209 1675 bene
3222 1621 3456 1674 olentem
3477 1620 3623 1685 valde,

390 1715 579 1763 torum
622 1708 935 1778 animaque
970 1724 1147 1762 unum
1181 1708 1342 1774 ﬁunt,
1375 1708 1434 1762 in
1464 1707 1738 1763 vobismet
1767 1724 1989 1779 semper
2070 1722 2180 1776 quo
2199 1710 2782 1778 aspergantursaltem
2798 1725 3027 1780 gressus
3057 1709 3316 1764 euntium
3333 1716 3456 1765 ante
3493 1710 3626 1763 ostia.

393 1796 713 1862 aceeuditis,
743 1796 876 1868 quia
903 1794 1150 1851 charitas
1178 1796 1280 1851 Dei
1311 1802 1369 1850 et
1397 1797 1634 1868 proximi
1660 1814 1883 1852 sursum
1924 1803 1989 1852 ut
2071 1795 2348 1859 Quoniam
2378 1798 2481 1852 etsi
2513 1798 2617 1852 vile
2643 1798 2900 1852 videatur
2922 1799 2980 1852 in
3003 1798 3226 1865 Galliis,
3253 1798 3630 1870 apudlndosta-

391 1887 777 1958 ign-isevolare
791 1886 1096 1941 contendit.
1111 1886 1321 1940 Verum
1343 1886 1489 1957 quod
1512 1886 1650 1940 nulli
1669 1887 1878 1956 gradus
1895 1887 1991 1940 Ec-

392 1976 572 2032 clesia
593 1976 774 2047 magis
789 1975 895 2029 sibi
910 1975 1419 2046 conveniuntquam
1431 1975 1727 2045 virginitas
1745 1981 1802 2030 et
1818 1976 1991 2030 vidui-

389 2075 478 2125 tas
497 2069 1030 2133 sanctimonialium,
1063 2085 1304 2140 quarum
1329 2085 1505 2123 unum
1532 2074 1618 2123 est
1644 2076 1839 2123 votum
1864 2068 1991 2124 obe-

389 2159 752 2224 dientia,una
778 2158 852 2212 sit
879 2158 1163 2213 conversio
1178 2173 1538 2224 morum,una
1558 2158 1838 2213 stabilitas
1859 2159 1986 2224 loci,

388 2264 505 2303 una
531 2247 879 2302 conversatio
903 2247 1045 2312 vita,
1074 2264 1189 2301 una
1220 2247 1580 2318 repromissio
1603 2248 1762 2318 regni
1792 2267 1803 2302 :
1834 2254 1891 2302 et
1920 2266 1990 2304 ne

388 2335 501 2391 ista
520 2336 750 2390 inﬂetur
765 2335 1030 2389 adversus
1049 2336 1287 2390 alteram
1302 2352 1641 2395 earum.una
1663 2341 1857 2391 vocata
1878 2338 1987 2391 vir-

387 2423 669 2495 go,altera
688 2439 819 2477 vero
838 2424 1091 2494 proxima
1110 2425 1195 2478 vel
1213 2424 1416 2479 amica.
1440 2423 1654 2489 Quibus
1674 2424 1840 2479 simul
1857 2425 1991 2479 dici-

389 2517 485 2567 tur
510 2512 567 2565 in
601 2512 850 2567 Canticis
875 2529 886 2564 :
926 2513 1045 2567 Una
1077 2517 1153 2567 est
1182 2514 1433 2567 columba
1456 2528 1598 2577 mea,
1632 2516 1820 2571 amica
1844 2530 1987 2579 mea,
2076 2510 2332 2581 inquam,
2357 2510 2455 2565 sed
2478 2511 2627 2582 quod
2657 2512 2778 2576 Dei,
2810 2511 2943 2583 quia
2962 2511 3031 2565 de
3063 2517 3262 2567 nostro
3287 2527 3395 2566 non
3422 2510 3518 2564 nisi
3539 2508 3633 2562 sola

381 2601 644 2671 proxima
660 2618 780 2656 mea
800 2601 1300 2673 (0ant.n,10),quia
1312 2600 1549 2673 sponsus
1562 2601 1857 2673 semperin
1878 2619 1991 2656 om-
2078 2600 2359 2654 rusticitas
2398 2601 2606 2655 sordet.
2651 2602 2930 2655 Caterum
2958 2606 3092 2655 sunt
3122 2601 3337 2657 delicia
3362 2600 3502 2655 intus
3529 2597 3641 2653 boni

388 2687 557 2744 nibus
578 2704 754 2743 unum
782 2689 1037 2761 requirit,
1073 2705 1365 2761 unumque
1394 2705 1588 2744 omnes
1613 2706 1838 2761 semper
1869 2707 1991 2745 esse
2075 2688 2261 2758 Regis,
2287 2689 2488 2760 quibus
2520 2704 2621 2744 nos
2647 2691 2959 2745 esurientes
2989 2692 3140 2762 pasti
3171 2708 3365 2747 sumus
3387 2693 3453 2746 de
3478 2694 3632 2744 vestro

387 2776 524 2831 vult.
557 2777 680 2841 Quo
707 2777 873 2832 simul
895 2794 1108 2844 omnes,
1144 2794 1266 2849 qua
1295 2778 1624 2841 offeruntur,
1659 2782 1716 2830 et
1745 2793 1867 2847 qua
1891 2778 1986 2831 ad-
2069 2777 2307 2847 nuptiali
2337 2779 2601 2845 convivio,
2619 2796 2756 2852 quas
2778 2785 2946 2852 prout
2972 2779 3134 2835 licuit
3162 2780 3627 2854 imprasentiarum

387 2866 689 2933 ducuntur,
722 2868 1001 2937 agendum
1034 2872 1120 2921 est
1165 2874 1230 2921 ut
1275 2867 1584 2921 afferentur
1611 2866 1669 2919 in
1700 2865 1897 2921 latitia
1924 2872 1980 2920 et
2064 2854 2635 2933 nausimusinf‘t’ft‘ﬁlo
2662 2875 2859 2925 vestra
2880 2869 3048 2925 dotis.

388 2956 761 3010 exsultatione
782 2957 864 3043 ([1
881 2957 1098 3023 Cor.1x,
1132 2954 1204 3025 7);
1237 2971 1307 3009 ne
1336 2956 1454 3010 ulla
1473 2972 1538 3009 ex
1559 2955 1791 3010 tristitia
1819 2961 1977 3026 agat,
2506 2939 2569 2975 θ’

2073 1900 2203 1939 men
2232 1887 2465 1941 charum
2495 1893 2553 1941 et
2575 1888 2886 1958 pretiosum
2933 1895 3019 1942 est
3059 1888 3355 1959 plusquam
3383 1889 3528 1960 piper
3552 1905 3630 1959 pro

2071 1972 2188 2027 suis
2216 1973 2501 2029 odoribus.
2518 1976 2676 2029 Unde
2696 1980 2915 2030 constat
2938 1976 3087 2047 quod
3113 1993 3233 2031 non
3266 1993 3452 2030 omnes
3477 1976 3632 2030 omnia

2071 2062 2308 2131 habent;
2337 2080 2519 2136 neque
2542 2082 2689 2119 unus
2729 2082 2897 2137 sapor
2924 2065 3142 2121 cunctis
3171 2066 3455 2137 aequaliter
3476 2066 3527 2119 in
3553 2082 3632 2136 pa-

2073 2152 2185 2207 lato
2212 2154 2396 2208 cordis
2421 2154 2600 2225 sapit:
2626 2155 2773 2209 sicut
2790 2170 2893 2208 nec
2913 2171 3028 2209 una
3052 2154 3366 2226 eademque
3395 2154 3632 2208 medicina

2073 2241 2220 2313 apud
2268 2259 2463 2297 omnes
2501 2243 2792 2313 aqualiter
2819 2244 2984 2298 valet.
3034 2243 3161 2308 Qua
3213 2244 3283 2299 de
3313 2261 3473 2298 causa
3499 2242 3633 2297 credo

2074 2332 2221 2403 quod
2238 2331 2387 2386 inter
2414 2349 2508 2387 vos
2539 2333 2643 2387 hoc
2667 2338 2921 2387 nostrum
2945 2334 3281 2404 opusculum
3303 2333 3551 2405 quasdam
3565 2332 3635 2385 in-

2073 2421 2275 2488 veniat,
2300 2420 2502 2493 quibus
2522 2422 2702 2493 prosit
2719 2427 2776 2476 et
2804 2422 3039 2494 placeat.
3069 2422 3198 2477 Non
3221 2423 3367 2495 quod
3395 2428 3631 2487 nostrum,

931 3267 1081 3388 S.
1144 3265 2132 3393 PASCHASII
2193 3276 3132 3399 BADBBRTI

1578 3474 1916 3539 ABBATIS
1963 3477 2477 3541 CORBEIENSIS

398 3639 561 3784 IN
625 3640 1266 3784 THRENOS
1340 3643 1672 3786 SIVE
1732 3648 2922 3793 LAMENTATIONES
2982 3647 3621 3798 JEREMLI}

1636 3903 1898 3977 LIBRI
1961 3905 2407 3994 QUINQUE

1268 4080 1458 4152 (Apud
1501 4081 1992 4156 Sirmond.,‘:0pp.
2040 4087 2097 4142 S.
2138 4088 2425 4144 Paschasii
2462 4090 2774 4164 Radberti.)

1726 4319 2310 4396 PROLOGUS.

1502 4489 1598 4547 AD
1639 4493 2133 4553 ODILMANNUM
2172 4498 2526 4557 SEVERUM.

455 4773 979 4866 ιαθα-ῃιοδ
1007 4773 1358 4866 ΡΑεοΗΑειυε
1385 4777 1754 4848 RADBERTUS,
1777 4786 2239 4846 mona-Ctamen
2281 4802 2516 4857 nequeo,
2576 4787 2674 4843 illa
2719 4790 3050 4861 decipiente,
3095 4811 3219 4866 qua
3258 4795 3432 4851 amisi.
3469 4788 3605 4848 Unde

373 4857 609 4953 chorum
629 4860 878 4917 omnium
900 4864 1367 4937 peripsema,seni
1385 4867 1718 4925 ODILMANNO
1739 4869 1966 4926 SEVERO
2048 4875 2373 4945 congelatus
2401 4892 2507 4931 usu
2536 4877 2775 4948 longiori
2802 4857 2998 4935 durior
3029 4857 3278 4953 eliectus,
3324 4882 3478 4940 nullis
3499 4881 3597 4951 jam

369 4948 672 5039 plurimam
703 4954 757 5004 et
783 4953 1183 5024 sempiternam
1203 4956 1464 5011 salutem.
2049 4963 2287 5019 emolliri
2316 4981 2458 5035 queo
2492 4966 2734 5036 ﬂetibus,
2768 4970 3021 5039 quamvis
3057 4974 3252 5029 multis
3268 4948 3597 5029 miseriarum

440 5038 616 5094 Multo
656 5056 825 5110 cogor
869 5040 1149 5113 longoque
1176 5044 1458 5101 confectus
1486 5047 1610 5101 vita
1637 5048 1822 5115 tadio,
1856 5050 1964 5104 tri-
2045 5067 2300 5106 mearum
2338 5054 2491 5107 intus
2535 5055 2737 5111 forisve
2778 5038 3004 5128 premar
3053 5061 3351 5118 doloribus.
3407 5055 3592 5124 Quibus

367 5131 496 5221 stes;
511 5128 890 5221 lacrymarum
912 5129 1056 5184 inire
1079 5132 1293 5187 modos.
1319 5134 1679 5192 Gemebunda
1695 5139 1813 5209 jam
1827 5139 1960 5210 quia
2045 5142 2293 5212 quotidie
2321 5143 2520 5198 saltem
2541 5146 2607 5199 ad
2636 5147 2877 5218 suspiria
2902 5152 3202 5221 propulsus
3223 5150 3460 5209 Jeremia
3482 5159 3592 5217 pro-

364 5217 610 5288 profecto
639 5219 780 5274 meis
806 5226 1155 5290 pragravata
1194 5223 1356 5278 malis
1383 5226 1669 5298 inopinate
1698 5236 1959 5288 senectus
2040 5231 2222 5302 pheta
2245 5232 2395 5286 inter
2411 5217 2969 5293 discriminaiultima
2998 5217 3145 5303 vita,
3168 5241 3404 5296 Threnos
3431 5233 3586 5304 expla-

363 5320 479 5398 uon
507 5313 702 5362 vocata
731 5308 883 5398 venit
935 5310 1114 5374 Quam
1157 5311 1292 5365 dum
1336 5313 1588 5385 inspicio,
1629 5318 1813 5388 specie
1866 5321 1959 5375 de-
2040 5337 2176 5376 nare
2205 5322 2443 5377 decrevi.
2496 5324 2781 5395 Siquidem
2811 5328 2934 5398 ejus
2962 5335 3027 5383 ut
3056 5332 3310 5386 emolliar
3333 5321 3579 5384 lamentis,

360 5395 653 5490 formatus,
677 5397 861 5452 aliena
902 5399 1288 5490 perhorresco,
1318 5417 1384 5456 eo
1430 5405 1581 5475 quod
1630 5422 1720 5461 me
1768 5407 1954 5463 subito
2039 5415 2314 5481 quatenus
2340 5412 2426 5466 vel
2455 5413 2536 5467 sic
2564 5395 2855 5471 addiscam
2889 5418 3104 5490 tragilis
3138 5421 3261 5476 vita
3294 5414 3486 5473 excidia
3507 5409 3585 5464 de-

360 5483 549 5541 animo
576 5500 692 5541 non
715 5491 983 5557 mutatus,
1017 5488 1166 5562 quod
1196 5489 1279 5546 fui
1305 5506 1420 5547 non
1441 5491 1682 5562 invenio,
1719 5497 1954 5555 evadere
2035 5499 2277 5571 plorare,
2328 5519 2438 5575 quo
2480 5503 2649 5560 modo
2681 5510 2907 5563 sanctus
2933 5483 3031 5565 ille
3060 5509 3275 5583 plangit
3306 5505 3484 5564 aliena.
3529 5497 3586 5553 Et
