3918 6166
242 144 369 202 1061

832 143 1210 200 EXPOSITIO
1250 146 1327 200 IN
1365 118 1976 202 LAMENT-ATIONES
2013 145 2357 202 JEREMI/E.
2405 175 2465 188 —
2510 147 2905 210 PRXEFATIO.

3361 155 3499 218 1062

230 271 367 343 quia
403 272 526 326 haec
553 246 856 326 atasalios
885 273 1064 342 pos‘cit
1105 287 1290 326 mores
1325 291 1336 326 :
1373 271 1502 327 licet
1529 289 1653 327 sero
1690 273 1890 332 hor-A
1909 273 2197 344 quippiam
2219 275 2458 345 posteris
2477 275 2812 346 condignum
2837 277 3038 333 litteris
3057 283 3499 347 enodavero,tuo

225 363 388 416 tante
416 359 727 430 Scriptura,
762 359 896 430 quia
922 361 1095 415 semel
1132 360 1362 415 domum
1392 361 1574 415 luctus
1602 361 1824 427 intravi,

227 449 498 521 proposui
515 449 661 504 tanti
681 449 864 520 operis
885 449 1072 504 studio
1085 467 1197 505 non
1216 451 1530 505 indiscussa
1549 451 1790 506 transire
1809 469 1821 505 :

226 539 362 594 licet
381 539 666 594 neminem
688 539 1016 594 Latinorum
1037 540 1272 610 legerim
1297 541 1622 612 explanasse
1649 541 1797 595 Thre

227 643 352 697 nos,
368 645 510 700 quos
529 629 804 700 propheta
830 629 1308 701 symphonizando
1335 637 1516 684 metro
1544 630 1719 684 voluit
1747 630 1828 684 le-

223 717 493 790 gentibus
539 718 953 773 commendare.
1005 720 1071 774 In
1113 735 1224 790 quo
1264 719 1534 774 nimirum
1561 735 1748 790 opere,
1781 719 1829 773 si

1908 362 2082 416 frater
2100 364 2311 434 judicio
2338 365 2752 420 decernendum
2793 368 3117 422 transmitte
3146 389 3160 423 :
3195 373 3325 442 quia
3356 376 3496 430 nulli

1909 452 2088 522 magis
2106 458 2299 507 nostra
2321 471 2626 525 congruere
2651 456 2859 527 putavi,
2888 457 2956 510 ad
2981 474 3342 531 quoscunque
3375 479 3502 518 ocu-

1910 540 1992 594 los
2020 541 2216 605 direxi,
2239 560 2408 614 quam
2433 544 2557 610 tibi,
2579 545 2675 616 qui
2705 551 2760 599 et
2790 552 3075 601 senectute
3102 550 3425 620 coaequeris,
3446 556 3503 605 et

1912 630 2252 701 quotidianis
2269 649 2496 703 precum
2517 634 2740 690 ﬂetibus
2768 637 3075 690 antecellis.

1517 985 2238 1082 PRJEFATIO

300 1249 461 1304 Sicut
488 1249 547 1303 in
575 1248 779 1306 divinis
807 1251 1033 1306 Litteris
1058 1251 1277 1307 diversa
1297 1253 1564 1324 leguntur
1590 1255 1824 1321 cantica,

224 1337 311 1392 ita
339 1344 398 1392 et
430 1339 645 1409 Spiritu
675 1345 869 1396 sancto
889 1347 1176 1397 reserante
1195 1342 1626 1398 lamentationes
1655 1345 1831 1398 diver-

221 1442 302 1481 sae
321 1443 335 1480 :
354 1433 413 1482 et
431 1428 580 1483 sicut
599 1429 824 1500 prOprie
845 1431 1163 1501 appellatur
1187 1431 1330 1486 liber
1351 1433 1667 1487 Salomonis
1687 1434 1828 1488 Cano

219 1515 340 1569 tica
363 1517 744 1574 Canticorum.
767 1518 848 1572 ita
877 1525 934 1573 et
960 1521 1230 1591 appellari
1254 1528 1469 1593 queunt
1494 1523 1702 1578 Threni
1733 1524 1826 1577 Je-

219 1605 422 1660 remia:
459 1607 917 1663 Lamentationes
971 1609 1474 1665 lamentationum:
1512 1612 1646 1682 quia
1682 1613 1828 1667 sicut

219 1694 459 1749 omnino
479 1697 806 1767 pmcellunt
822 1698 935 1763 illa,
963 1698 1022 1752 in
1046 1699 1248 1770 quibus
1268 1717 1506 1771 sponsus
1528 1718 1592 1756 ac
1622 1717 1828 1772 sponsa

219 1783 486 1838 dulcibus
509 1785 775 1841 fruuntur
815 1788 1179 1858 amplexibus,
1204 1789 1285 1843 ita
1312 1795 1368 1844 et
1395 1791 1828 1845 lamentationes

219 1872 350 1928 istae
376 1874 608 1929 vincunt
635 1876 825 1930 omnia
854 1878 1274 1949 Scripturarum
1320 1879 1585 1944 lamenta,
1619 1880 1676 1934 in
1711 1881 1830 1951 qui-

220 1960 333 2017 bus
361 1962 655 2018 abscessus
685 1965 877 2036 sponsi
902 1966 972 2020 ab
1001 1983 1234 2038 sponsa;
1265 1968 1485 2039 magnis
1513 1986 1639 2024 cum
1687 1969 1829 2024 ﬂeti-

218 2050 332 2105 bus
367 2052 756 2107 vehementius
809 2055 1134 2126 deploratur
1167 2075 1178 2108 :
1227 2073 1294 2110 ex
1331 2073 1443 2126 quo
1473 2058 1592 2111 sola
1634 2058 1828 2112 civitas

218 2139 443 2206 sedere,
469 2157 533 2194 ac
562 2142 790 2196 domina
806 2144 1062 2213 gentium
1077 2145 1234 2214 quasi
1261 2145 1445 2212 vidua,
1475 2146 1827 2201 amarissime

218 2228 367 2283 satis
385 2229 689 2300 plangitur.
714 2232 778 2285 In
809 2232 919 2286 illis
950 2233 1157 2304 quippe
1185 2234 1433 2298 canticis,
1469 2235 1699 2290 diversae
1737 2236 1826 2290 in-

216 2317 602 2372 troducantur
629 2319 700 2374 ad
728 2320 937 2390 gaudia
961 2323 1284 2393 nuptiarum
1311 2340 1581 2395 personae,
1616 2326 1673 2378 in
1705 2325 1825 2379 istis

215 2423 354 2462 vero
380 2408 610 2463 diversae
635 2409 998 2481 planguntur.
1020 2412 1122 2465 Illa
1139 2412 1414 2483 siquidem
1434 2414 1639 2468 decent
1654 2414 1711 2467 in
1732 2431 1826 2484 pa-

1911 1259 2003 1309 tus
2030 1259 2212 1308 totum
2245 1253 2393 1325 quod
2423 1254 2699 1310 Ezechieli
2731 1255 2864 1324 (cap.
2899 1258 2961 1326 II)
2989 1259 3273 1311 ostensum
3305 1263 3391 1312 est
3446 1259 3506 1313 in

1911 1361 2077 1398 sensu
2124 1343 2330 1398 mentis
2358 1344 2700 1414 trajecerint,
2738 1345 2797 1399 in
2836 1362 2946 1416 quo
2996 1351 3158 1400 erant
3185 1347 3404 1418 scriptae
3431 1348 3512 1402 la-

1911 1432 2285 1487 mentationes
2317 1438 2373 1486 et
2398 1448 2622 1487 carmen
2652 1439 2709 1488 et
2737 1451 2835 1489 vae.
2866 1435 3322 1490 Lamentationes
3359 1437 3508 1492 vide-

1909 1523 2059 1588 licet,
2077 1523 2210 1594 quia
2234 1521 2292 1576 in
2313 1522 2521 1576 eisdem
2546 1522 2751 1577 litteris
2776 1524 3093 1595 conscripta
3121 1531 3208 1579 est
3232 1526 3509 1596 paeniten-

1910 1612 1991 1666 tia
2008 1619 2386 1682 peccatorum,
2417 1617 2585 1682 atque
2605 1612 2856 1683 ploratus
2885 1614 3135 1668 omnium
3161 1620 3503 1683 sanctorum,

1908 1707 1973 1755 ut
2001 1701 2299 1756 Psalmista
2321 1701 2506 1755 canit:
2547 1702 2652 1768 Qui
2679 1705 2958 1756 seminant
2978 1705 3043 1757 in
3065 1706 3334 1772 lacrymis
3363 1721 3502 1772 vere,

1910 1793 1974 1844 in
2000 1793 2204 1858 gaudio
2235 1795 2434 1844 metent
2474 1791 2644 1858 (Psal.
2697 1799 2876 1860 oxxv).
2915 1791 3038 1855 Qua
3075 1809 3206 1845 vera
3234 1809 3332 1863 spe
3369 1794 3509 1849 certi

1911 1878 2127 1948 priores
2155 1878 2352 1944 sancti,
2388 1881 2544 1932 ibant
2561 1883 2606 1931 et
2630 1880 2840 1945 flebant
2869 1884 3143 1933 mittentes
3163 1883 3378 1934 semina
3404 1897 3506 1935 sua

1915 1969 2070 2034 (Ibid.
2081 1967 2092 2037 ζ
2102 2009 2114 2022 .
2130 1968 2436 2038 Propterea
2449 1973 2508 2022 et
2521 1984 2746 2022 carmen
2777 1967 2833 2021 in
2856 1969 3051 2022 eodem
3075 1967 3218 2021 libro
3230 1969 3502 2039 sequitur,

1910 2072 1975 2110 ex
2005 2073 2115 2127 quo
2142 2056 2349 2127 gaudia
2372 2058 2655 2127 justorum
2678 2056 3013 2112 nuntiantur
3043 2075 3054 2110 :
3084 2072 3187 2111 nec
3216 2065 3406 2112 tamen
3426 2073 3506 2113 vae

1907 2150 2143 2210 tacetur,
2175 2162 2242 2199 eo
2269 2145 2420 2215 quod
2445 2146 2559 2200 illic
2590 2147 2784 2200 multis
2814 2146 2872 2200 in
2903 2147 3037 2200 locis
3068 2161 3328 2218 eXpressa
3354 2147 3509 2200 dam.

1906 2234 2061 2289 natio
2082 2234 2446 2305 reproborum
2464 2234 2876 2306 comprobatur.
2897 2236 3003 2290 Sed
3028 2236 3291 2290 lamentis
3312 2236 3370 2290 in
3400 2236 3505 2290 hac

1906 2324 2048 2378 valle
2068 2324 2445 2394 lacrymarum
2468 2325 2763 2389 aﬂicimur,
2794 2329 2857 2378 ut
2883 2325 2942 2378 in
2967 2325 3155 2379 futuro
3185 2325 3255 2379 ad
3284 2331 3505 2381 aeternae

1905 2413 2030 2467 vitae
2054 2413 2285 2482 gaudia,
2317 2419 2373 2467 et
2400 2414 2617 2467 cantica
2636 2414 2842 2469 laetitiae
2873 2414 3191 2485 pertingere
3220 2415 3505 2470 valeamus

215 2497 335 2552 tria
365 2511 376 2545 :
411 2497 522 2551 ista
553 2515 677 2552 vero
706 2499 766 2553 in
797 2500 900 2554 hac
919 2505 1111 2554 nostra
1133 2501 1600 2572 peregrinatione.
1631 2503 1712 2556 De
1737 2502 1822 2556 his
1909 2505 2055 2566 (Joel.
2085 2507 2166 2567 ιι),
2201 2503 2280 2556 De
2333 2502 2535 2572 quibus
2578 2502 2825 2573 profecto
2881 2503 3161 2568 lamentis,
3208 2504 3266 2557 in
3295 2503 3507 2558 eisdem

217 2587 436 2658 quippe
454 2586 661 2641 dicitur
679 2588 925 2652 canticis,
941 2590 1090 2660 quod
1108 2589 1344 2644 deceant
1372 2590 1430 2644 in
1451 2590 1583 2644 Sion
1601 2590 1697 2644 illa
1717 2606 1822 2644 caa-
1906 2590 2069 2644 dictis
2098 2591 2340 2660 legitur:
2377 2591 2622 2646 Scindite
2665 2594 2830 2644 corda
2866 2599 3064 2654 vestra,
3088 2599 3136 2646 et
3188 2609 3298 2646 non
3345 2595 3508 2647 vesti-

215 2674 472 2741 lesti,uti
485 2675 657 2729 David
674 2677 1332 2748 Psalmographuscanit:
1360 2679 1576 2732 Tedecet
1591 2679 1826 2750 (inquit)
1908 2685 2093 2734 menta
2124 2686 2302 2733 vestra
2326 2682 2456 2746 (Jac.
2482 2683 2578 2748 Iv).
2611 2680 2801 2734 Miseri
2829 2685 3006 2734 estote
3027 2687 3084 2735 et
3106 2682 3295 2752 lugete
3326 2700 3337 2734 :
3375 2682 3508 2752 quia

217 2765 471 2831 hymnus
485 2766 625 2818 Deus
638 2768 700 2819 in
715 2765 1512 2825 Sion.ettibireddeturvotum
1527 2771 1590 2822 in
1606 2771 1826 2822 Jerusa-
1909 2768 2056 2823 beati
2082 2768 2176 2838 qui
2206 2769 2400 2839 lugent
2430 2785 2597 2825 nunc.
2631 2769 2798 2822 Risus
2826 2775 3011 2823 vester
3039 2770 3096 2823 in
3126 2771 3342 2824 luctum
3372 2788 3509 2826 con-

222 2856 334 2908 lem
351 2851 524 2922 /Psal.
541 2853 777 2922 thv,2).
797 2855 877 2908 De
895 2854 1018 2909 istis
1031 2871 1161 2909 vero
1178 2855 1327 2909 idem
1358 2856 1666 2927 PrOpheta:
1697 2860 1825 2911 Bea-
1842 2893 1886 2953 Ο
1906 2863 2177 2919 vertatur,
2194 2863 2252 2911 et
2269 2858 2539 2928 gaudium
2563 2858 2622 2912 in
2645 2875 2960 2912 maerorem.
2986 2860 3054 2913 Et
3081 2864 3146 2912 ut
3174 2860 3243 2914 de
3269 2860 3508 2931 promis-

219 2946 309 2995 tus
325 2945 489 3010 cujus
505 2949 578 2996 est
599 2945 992 2998 azmiliumabs
1010 2949 1056 2998 te
1074 2947 1415 3013 (Psal.LXIv).
1433 2945 1820 3011 Ascensiones,
1847 2945 1886 2953 “
1907 2947 2063 3000 sione
2081 2946 2273 3016 gaudii
2304 2947 2589 3017 sequentis
2618 2947 2926 3014 hilariscas,
2963 2949 3135 3003 habes
3163 2949 3222 3002 in
3254 2951 3506 3020 ejusdem

215 3030 427 3101 inquit,
444 3029 502 3084 in
521 3031 687 3086 corde
703 3048 804 3086 suo
823 3034 1090 3102 disposuit
1106 3036 1168 3087 in
1190 3037 1330 3087 valle
1348 3037 1825 3103 lacrymarum,in

227 3126 268 3185 1
285 3124 486 3186 809
512 3123 624 3175 loco
643 3138 803 3190 quem
819 3124 1005 3190 posuit
1026 3123 1186 3188 (Psal.
1204 3133 1454 3186 LXXXIII).
1471 3123 1645 3178 Vallis
1670 3141 1826 3179 nam-

218 3225 333 3280 que
368 3208 767 3281 lacrymarum,
800 3211 1089 3282 praesentis
1127 3211 1256 3265 vitae
1301 3213 1647 3267 conversatio
1677 3219 1825 3268 recte

216 3299 558 3369 designatur
599 3323 612 3357 :
675 3300 830 3355 locus
877 3317 1008 3356 vero
1047 3301 1255 3356 Christi
1294 3302 1556 3366 Ecclesia,
1608 3303 1666 3356 in
1715 3319 1826 3373 qua

216 3388 618 3460 unusquisque
664 3389 882 3461 positus
910 3407 1011 3461 pro
1042 3390 1282 3445 caelestis
1312 3391 1507 3462 patrie
1549 3391 1825 3445 desiderio

218 3477 547 3549 deplorans,
569 3479 923 3533 ascensiones
938 3479 998 3533 in
1018 3479 1183 3534 corde
1204 3479 1310 3533 sibi
1341 3480 1634 3551 disposuit,
1661 3484 1727 3534 ut
1755 3480 1822 3534 ad

215 3567 319 3620 illa
351 3567 635 3622 felicitatis
679 3568 888 3638 gaudia
940 3568 1276 3640 quandoque
1319 3569 1549 3624 devotus
1604 3569 1817 3627 veniat.

1904 3035 2204 3089 voluminis
2227 3036 2505 3106 congerie.
2530 3038 2679 3090 Beati
2705 3040 2805 3105 qui
2824 3038 3078 3092 habitant
3108 3041 3170 3092 in
3199 3040 3355 3092 domo
3387 3044 3505 3108 tua,

1916 3131 1954 3190 Ι
1973 3130 2032 3189 3
2046 3130 2162 3189 ιθ
2181 3126 2428 3190 Domine,
2453 3128 2516 3178 in
2546 3129 2744 3179 saecula
2763 3130 3090 3180 saeculorum
3113 3128 3426 3181 laudabunt
3457 3132 3505 3182 te

1911 3213 2052 3279 (Psal
2094 3215 2332 3279 LxxxnI).
2355 3213 2423 3265 Et
2441 3213 2587 3266 sicut
2606 3229 2707 3282 per
2724 3214 3023 3283 quemdam
3043 3214 3379 3285 sapientiam
3403 3231 3507 3270 au-

1905 3299 2126 3369 gustius
2142 3300 2211 3353 de
2232 3299 2445 3353 caelesti
2461 3301 2774 3354 Jerusalem
2792 3303 3146 3372 praedicatur.
3176 3305 3375 3372 Lapide
3385 3319 3509 3372 pre-

1910 3391 2042 3441 tioso
2071 3392 2120 3442 et
2150 3389 2358 3441 mundo
2387 3404 2573 3441 omnes
2597 3393 2791 3456 platea
2818 3394 2933 3460 ejus
2971 3397 3294 3445 sternentur
3320 3397 3369 3445 et
3406 3405 3508 3460 per

1909 3493 2093 3530 omnes
2121 3479 2262 3531 vicos
2291 3479 2409 3544 ejus
2429 3479 2662 3530 alleluia
2691 3479 3508 3548 cantabitur(Tob.xm).Quod

1909 3565 2068 3620 nobis
2098 3581 2326 3619 carmen
2357 3564 2596 3618 coelestis
2627 3565 2822 3636 patriae
2867 3567 3012 3620 cives
3042 3568 3303 3621 nuntiare
3337 3584 3504 3622 vene-

215 3657 381 3710 Alias
400 3673 532 3710 vero
555 3657 776 3711 nonnisi
804 3656 969 3711 corde
999 3657 1343 3723 ascenditur,
1365 3656 1461 3711 ubi
1491 3656 1676 3712 ﬁdelis
1707 3657 1827 3728 qui—
1909 3659 2058 3722 rant,
2089 3671 2217 3709 cum
2245 3655 2596 3709 concorditer
2623 3653 2937 3708 clamabant
2979 3673 2990 3707 :
3022 3655 3212 3710 Gloria
3248 3659 3310 3710 in
3337 3659 3506 3710 excel-

215 3744 362 3800 libet
385 3745 522 3800 dum
541 3746 724 3801 varios
749 3747 1086 3800 evocationis
1115 3763 1228 3802 suae
1257 3746 1467 3818 gradus
1499 3747 1822 3801 meditando
1905 3747 1980 3799 sis
2020 3747 2141 3810 Deo,
2174 3750 2222 3798 et
2250 3747 2314 3798 in
2341 3749 2492 3799 terra
2517 3760 2628 3813 pax
2674 3744 2992 3798 hominibus
3029 3747 3173 3799 bona
3201 3747 3506 3799 voluntatis

216 3834 492 3906 diaponit,
524 3835 692 3890 variis
719 3835 998 3890 introrsus
1025 3837 1191 3890 corde
1226 3836 1529 3906 gemitibus
1558 3836 1819 3891 afﬁcitur.
1910 3836 2056 3902 (Luc.
2085 3837 2170 3903 II).
2217 3833 2326 3888 Sed
2357 3833 2745 3904 hujuscemodi
2790 3833 3009 3888 cantica
3039 3833 3278 3888 caelestis
3309 3833 3504 3905 patriae

216 3922 372 3978 Hinc
394 3941 529 3980 sane
549 3929 786 3992 constat,
805 3926 952 3996 quod
974 3926 1154 3980 multa
1173 3932 1306 3980 sunt
1329 3943 1540 3997 genera
1564 3928 1819 3993 ﬂetuum,
1908 3929 2040 3978 sunt
2057 3922 2284 3995 gaudia.
2307 3923 2763 3978 Lamentationes
2777 3940 2906 3978 vero
2934 3923 3176 3995 Spiritus
3191 3923 3387 3991 sancti,
3407 3927 3506 3978 aut

218 4013 405 4068 multa
426 4019 484 4068 et
509 4014 825 4069 diﬂ‘erentia
847 4016 1242 4086 lacrymarum.
1270 4016 1449 4070 Aliter
1479 4017 1628 4071 enim
1657 4017 1827 4071 deﬂet
1908 4029 2167 4080 maerore,
2211 4018 2310 4067 aut
2338 4029 2403 4067 ex
2429 4013 2704 4068 desiderio
2736 4018 2958 4068 aaternaa
2985 4012 3110 4067 vitae
3140 4013 3323 4068 cordis
3364 4013 3508 4068 infu-

218 4103 316 4157 ille
341 4103 439 4174 qui
461 4104 706 4176 propria,
726 4103 892 4160 aliter
912 4106 1007 4176 qui
1028 4105 1212 4160 aliena
1231 4105 1446 4176 plangit
1461 4106 1819 4160 detrimenta.
1908 4102 2011 4157 sio.
2043 4102 2304 4173 Legimus
2347 4107 2538 4157 tamen
2590 4103 3024 4158 lamentationes
3073 4119 3244 4175 super
3290 4104 3424 4158 Saul
3450 4108 3507 4158 et

218 4193 408 4247 Aliter
436 4210 538 4264 pro
567 4210 759 4249 amore
789 4195 1028 4250 caelestis
1057 4194 1274 4266 patriae,
1305 4195 1469 4250 aliter
1496 4212 1597 4267 pro
1622 4196 1824 4250 imma-
1840 4193 2228 4277 DJonatham,
2252 4192 2490 4263 legimus
2528 4197 2586 4246 et
2613 4208 2783 4264 super
2809 4191 3076 4257 Absalon.
3102 4208 3225 4263 quae
3258 4192 3506 4263 profecto

218 4281 405 4336 nitate
433 4283 711 4339 scelerum
742 4289 798 4339 et
825 4290 1041 4338 terrore
1068 4284 1358 4355 gehennae.
1391 4284 1572 4340 Aliter
1599 4301 1699 4357 pro
1730 4284 1825 4339 do-

218 4370 343 4426 lore
373 4371 578 4437 cordis,
598 4389 698 4444 pro
728 4389 919 4428 amore
941 4373 1048 4446 piae
1081 4391 1146 4428 ac
1173 4380 1379 4429 sanctae
1398 4373 1821 4429 recordationis.

220 4459 362 4524 Quae
392 4461 664 4516 nimirum
690 4462 1068 4536 lacrymarum
1095 4480 1306 4535 genera
1326 4465 1615 4535 Scriptura
1638 4463 1827 4518 divina

217 4548 396 4603 latius
424 4550 703 4622 explanat,
724 4569 852 4607 cum
873 4552 932 4606 in
955 4552 1188 4607 diversis
1219 4553 1638 4624 Scripturarum
1666 4552 1821 4618 locis,

217 4637 579 4710 singulorum
617 4641 799 4696 varios
827 4642 1182 4696 demonstrat
1210 4643 1460 4709 aﬂ'ectus,
1494 4648 1551 4697 et
1577 4641 1829 4696 lamenta

216 4728 479 4798 replicat.
513 4729 672 4784 Inter
715 4747 855 4802 quos
897 4732 1093 4799 David,
1126 4734 1372 4786 Fuerunt
1422 4733 1566 4786 mihi
1608 4731 1823 4803 (inquit)

214 4819 488 4884 laeryma:
507 4835 636 4873 mea:
664 4837 833 4889 panes
862 4823 949 4875 die
993 4838 1058 4876 ac
1087 4826 1254 4884 nocte,
1281 4823 1415 4875 dum
1445 4823 1656 4876 dicitur
1685 4821 1830 4874 mihi

211 4909 466 4976 quotidie
501 4927 516 4962 :
571 4909 669 4963 Ubi
713 4915 790 4964 est
827 4911 967 4964 Deus
1016 4916 1144 4965 tuus
1173 4911 1344 4979 (Psal.
1378 4912 1508 4981 XLI).
1544 4911 1613 4964 Et
1649 4909 1780 4963 alibi
1809 4927 1820 4962 :

209 4998 493 5051 Laboravi
519 5000 581 5050 in
609 5001 821 5065 gemitu
862 5016 996 5064 meo,
1031 5005 1229 5054 natare
1266 5000 1464 5054 faciam
1499 5005 1619 5054 tota
1665 5004 1827 5054 nocte

210 5086 433 5142 lectum
451 5103 657 5151 meum,
679 5093 730 5141 et
745 5091 1010 5156 lacrymis
1033 5092 1166 5143 meis
1178 5094 1420 5143 stratum
1434 5106 1614 5143 meum
1635 5092 1826 5158 rigabo

212 5179 392 5244 (Psal.
422 5181 518 5243 v1).
571 5175 844 5246 Caligavit
874 5195 964 5232 me
995 5178 1372 5233 amaritudine
1412 5179 1605 5233 oculus
1645 5196 1820 5246 meus,

208 5266 356 5337 quia
383 5272 746 5336 consumptus
777 5283 901 5321 sum
938 5267 1008 5321 ab
1055 5267 1329 5323 universis
1360 5267 1614 5323 hostibus
1661 5269 1822 5322 meis.

207 5353 434 5420 Quibus
459 5354 650 5426 itaque
680 5355 862 5410 verbis
895 5362 1071 5428 patet,
1103 5357 1252 5430 quod
1284 5357 1478 5412 multis
1507 5358 1686 5412 sancti
1713 5375 1829 5413 mo-

201 5449 417 5500 ventur
443 5443 754 5513 aﬁ'ectibus,
777 5461 845 5501 eo
879 5446 1028 5519 quod
1057 5452 1115 5504 et
1142 5447 1249 5520 ipsi
1279 5447 1543 5504 volumen
1572 5447 1712 5505 illud
1740 5448 1830 5504 in-

1907 4284 2156 4337 lamenta
2176 4281 2384 4336 doloris
2412 4299 2476 4336 ac
2507 4282 2762 4337 mmroris
2794 4287 2927 4336 sunt
2956 4282 3141 4354 plena.
3173 4281 3352 4336 Flevit
3374 4298 3506 4353 quo-

1907 4389 2015 4443 que
2045 4378 2102 4426 et
2121 4373 2383 4426 Ezechias
2405 4372 2540 4427 ﬂetu
2573 4389 2776 4443 magno
2811 4391 2824 4428 :
2859 4371 3012 4426 ﬂevit
3037 4376 3095 4426 et
3122 4371 3322 4426 Petrus
3352 4388 3506 4425 ama-

1907 4460 2148 4516 rissime.
2187 4461 2296 4515 Sed
2326 4461 2463 4527 istae,
2497 4467 2560 4515 ut
2593 4461 2855 4525 diximus,
2889 4461 3091 4515 merito
3120 4460 3505 4515 Lamentatio-

1909 4567 2008 4605 nes
2036 4551 2507 4605 lamentationum‘
2534 4555 2821 4614 vocantur,
2856 4552 2988 4620 quia
3029 4549 3321 4620 generales
3350 4557 3502 4618 sunt,

1909 4646 1967 4694 et
1993 4639 2072 4694 sic
2095 4640 2451 4710 praetendunt
2473 4655 2652 4710 genus
2682 4639 2752 4693 ad
2794 4639 3054 4710 speciem,
3079 4644 3144 4692 ut
3164 4653 3360 4694 rursus
3385 4655 3508 4712 spe-

1910 4730 2022 4784 cies
2053 4729 2122 4782 ad
2163 4745 2341 4800 genus
2371 4729 2665 4783 referatur.
2702 4728 2903 4799 Sicque
2932 4735 3168 4783 terrenae
3199 4729 3348 4784 illius
3377 4731 3506 4785 Hie-

1909 4819 2155 4874 rusalem
2198 4824 2255 4872 et
2305 4819 2494 4890 populi
2525 4819 2742 4872 excidia
2771 4819 3085 4889 deplorant,
3119 4824 3184 4872 ut
3215 4821 3506 4890 praesentis

1909 4909 2166 4964 Ecclesiae
2191 4909 2399 4962 damna
2425 4909 2630 4963 deﬂere
2669 4925 2781 4962 non
2814 4907 3261 4978 praetermittam.
3305 4909 3506 4979 Sicque

1909 4999 2336 5070 generalitatem
2371 4999 2562 5070 populi
2601 4998 2728 5052 novi
2758 5014 2822 5051 ac
2850 4999 3053 5052 veteris
3085 5014 3278 5052 eorum
3310 4998 3507 5067 lugent

1911 5091 2059 5161 quia
2077 5090 2187 5143 ﬁde
2207 5094 2540 5142 corruerunt
2558 5093 2612 5142 et
2632 5088 3004 5159 captivantur,
3020 5088 3262 5142 utunius
3279 5086 3500 5151 animae,

1910 5196 2032 5250 quae
2084 5179 2357 5248 templum
2414 5177 2520 5231 fuit
2557 5177 2798 5248 Spiritus
2853 5178 3050 5243 sancti,
3101 5176 3503 5230 detrimentum

1908 5270 2174 5340 plangere
2200 5283 2308 5321 non
2336 5267 2628 5320 desistant.
2657 5266 2857 5338 Sicque
2879 5267 2948 5320 ad
2973 5272 3306 5338 praesentem
3334 5265 3508 5338 capti-

1910 5359 2162 5424 vitatem,
2181 5356 2283 5412 sub
2305 5372 2416 5427 qua
2435 5356 2583 5411 idem
2595 5357 2852 5411 eamdem
2865 5355 3215 5427 prophetiam
3230 5356 3499 5420 condidit,

1913 5447 2136 5504 oculum
2165 5446 2481 5515 intendant,
2512 5452 2576 5502 ut
2599 5452 2930 5514 extremam,
2959 5461 3082 5517 quae
3112 5444 3258 5502 facta
3288 5451 3373 5502 est
3398 5443 3502 5501 sub
