3918 6166
487 151 618 209 1063

1257 152 1314 204 S.
1359 149 1740 204 PASCHASII
1782 148 2138 204 RADBERTI
2179 148 2482 205 ABBATIS
2522 149 3011 206 CORBEIENSIS.
3536 157 3606 216 libi

477 276 601 332 Tito
628 286 685 332 et
704 277 1062 347 Vespasiano,
1086 275 1310 346 penitus
1335 291 1445 328 non
1467 275 1748 329 omittant.
1782 273 1928 337 Quid
1953 273 2072 344 plu-
2090 279 2140 336 A
2157 291 2432 345 exponere
2463 276 2909 340 lamentationes,
2944 281 3000 330 et
3028 283 3197 346 prout
3224 281 3481 348 oportuerit
3498 283 3542 335 ad
3563 300 3611 336 ea-

478 367 574 420 ra?
591 366 857 421 Omnium
880 363 1170 436 prasentis
1186 365 1310 418 vita
1327 381 1524 418 causas
1540 381 1604 418 ac
1626 364 1817 417 ruinas
1841 379 2074 418 cernens

476 455 768 526 propheta,
801 453 1077 524 gemendo
1107 459 1360 507 movetur
1398 453 1469 507 ad
1499 453 1740 523 singula,
1778 457 1842 506 ut
1867 452 2074 521 singuli

473 541 694 595 discant
734 542 963 613 propria
991 541 1071 596 sic
1099 542 1323 600 deflere.
1354 543 1633 612 quomodo
1675 541 1792 612 ipse
1821 541 2076 612 deplorat

474 629 797 683 communia
817 635 874 684 et
902 630 1086 684 aliena
1108 632 1380 702 cujusque
1409 630 1636 685 delicta.
1677 631 1914 700 Ideoque
1943 647 2076 700 qua-

472 715 712 788 druplici
725 719 979 773 Threnos
993 719 1166 774 totius
1187 720 1439 785 lamenti,
1455 725 1520 774 ut
1532 719 1767 784 astimo,
1788 719 2076 772 contexuit

472 808 800 878 alphabeto:
839 809 972 880 quia
1001 816 1117 864 tam
1147 826 1249 864 nos
1279 826 1448 880 quam
1479 815 1535 863 et
1561 809 1650 864 hic
1674 808 1923 862 mundus
1943 823 2075 877 qua-

473 903 603 952 tuor
633 904 854 952 constat
897 898 1157 952 conditus
1205 899 1515 963 elementis,
1552 897 1680 967 igne
1719 896 1975 950 videlicet
2021 901 2078 950 et

475 1002 643 1057 aqua,
679 1004 808 1042 aere
863 994 921 1042 et
968 993 1121 1042 terra
1153 1006 1163 1040 :
1196 994 1260 1041 ut
1303 987 1397 1057 qui
1438 991 1679 1057 quatuor
1716 985 2075 1039 consistimus

472 1076 800 1142 existentiis,
828 1077 931 1130 sub
948 1081 1189 1147 quatuor
1212 1082 1362 1130 recte
1389 1075 1726 1146 plangamur
1753 1075 2071 1128 litterarum

472 1165 806 1236 alphabetis.
822 1165 980 1230 Quod
1005 1172 1194 1220 autem
1215 1165 1490 1235 prOpheta
1503 1181 1613 1217 non
1631 1164 1811 1217 solum
1834 1180 2073 1234 prasen-

472 1256 573 1319 tia,
593 1273 785 1309 verum
806 1255 1093 1326 praeterita
1114 1260 1171 1308 et
1188 1255 1376 1308 futura
1395 1254 1602 1324 lugeat.
1624 1253 1766 1308 liber
1782 1253 2074 1324 Paralipo-

473 1361 680 1400 menon
737 1344 987 1399 insinuat
1027 1346 1104 1410 (ΙΙ
1136 1345 1261 1397 Par.
1311 1350 1490 1408 xxxv),
1525 1341 1619 1397 ubi
1669 1342 1875 1412 legitur
1926 1343 2072 1413 quod

474 1439 730 1486 mortuus
757 1438 845 1486 est
871 1432 1052 1486 Josias
1083 1448 1198 1497 rex,
1222 1437 1280 1485 et
1307 1433 1559 1502 sepultus
1589 1431 1646 1484 in
1667 1431 1953 1484 mausoleo
1979 1447 2074 1501 pa-

473 1527 622 1576 trum
681 1538 934 1587 suorum,
966 1520 1370 1590 universusque
1427 1520 1573 1574 Juda
1618 1525 1676 1573 et
1720 1519 2068 1574 Hierusalem

472 1609 720 1679 lugerint
776 1626 934 1670 cum;
968 1609 1259 1672 Jeremias,
1317 1609 1520 1680 inquit,
1570 1609 1829 1662 maxime.
1862 1607 2074 1672 Quibus

473 1700 726 1769 profecto
753 1697 936 1751 verbis
967 1698 1303 1762 ostenditur,
1322 1697 1470 1768 quod
1499 1713 1613 1751 non
1642 1697 1822 1751 solum
1847 1696 1915 1750 ad
1938 1713 2074 1767 pra-

472 1787 653 1840 sentia
680 1793 738 1840 et
763 1787 974 1850 futura,
1005 1786 1371 1840 verumetiam
1399 1791 1455 1839 et
1470 1786 1539 1840 ad
1557 1786 1838 1856 praterita
1863 1786 2073 1840 lamen-

470 1876 608 1929 tatio
628 1875 744 1929 hac
759 1875 1349 1946 superextenditur,ut
1377 1874 1479 1929 sub
1508 1874 1784 1945 quadrato
1811 1875 1931 1928 cali
1954 1891 2072 1929 car-

468 1963 599 2018 dine
655 1964 947 2034 prasentis
985 1965 1169 2018 saculi
1209 1963 1414 2018 delicta
1453 1965 1728 2034 quadrato
1775 1965 1966 2033 lugeat
1995 1965 2070 2018 al-

469 2053 732 2124 phabeto,
750 2058 807 2106 et
836 2057 955 2120 la
976 2059 1011 2116 |
1040 2061 1076 2118 |
1114 2054 1185 2107 ad
1212 2054 1459 2107 lamenta
1486 2054 1677 2107 omnia
1705 2053 1917 2108 invitet.
1942 2053 2072 2107 Pro-

469 2149 662 2214 pterea
679 2148 736 2196 et
763 2159 865 2196 nos
885 2158 998 2196 non
1027 2141 1210 2196 minus
1226 2159 1396 2212 super
1419 2142 1672 2212 ejusdem
1701 2143 1944 2196 civitatis
1962 2142 2074 2196 rui-

469 2247 806 2301 nam,quam
829 2235 886 2283 et
909 2247 1078 2301 super
1098 2230 1354 2286 Ecclesia
1383 2231 1611 2294 damna,
1645 2247 1925 2301 superque
1946 2230 2070 2285 ani-

467 2334 688 2372 marum
728 2318 1070 2383 discrimina,
1111 2319 1457 2372 decrevimus
1507 2319 1732 2372 easdem
1774 2319 2070 2391 tripliciter

1757 2581 2047 2654 LIBER

1168 2852 1348 2893 ALEPH
1357 2880 1368 2891 .

539 2927 811 2993 Quomodo
831 2928 970 2979 sedet
990 2929 1106 2979 sola
1135 2930 1347 2992 civitas,
1363 2931 1530 2996 plena
1551 2930 1782 2996 populo:
1817 2927 1966 2994 facta
1994 2930 2067 2978 est

465 3018 628 3082 quasi
645 3015 831 3077 vidua,
853 3016 1082 3066 domina
1094 3017 1631 3084 genti-um.Princeps
1643 3017 2068 3083 provinciarum

465 3103 614 3170 facta
644 3107 719 3155 est
747 3103 847 3154 sub
870 3103 1076 3155 tributo
1095 3108 1118 3154 .7
1146 3103 1270 3156 Non
1301 3103 1446 3174 quod
1474 3104 1564 3157 hic
1593 3103 1797 3157 mania
1827 3103 2067 3157 civitatis

467 3190 819 3244 Hierusalem
851 3190 1058 3259 lugeat,
1091 3191 1188 3245 sed
1220 3207 1320 3262 per
1348 3209 1471 3247 eam
1505 3193 1716 3264 tropice
1748 3193 1984 3263 populus
2007 3195 2065 3247 in

466 3279 846 3350 captivitatem
895 3278 1115 3345 ductus,
1148 3295 1339 3334 amare
1371 3281 1661 3352 plangitur
1689 3301 1698 3335 :
1738 3283 1899 3352 juxta
1928 3281 2067 3335 illud

467 3369 626 3422 Isaia
652 3368 937 3439 propheta
951 3369 1094 3436 (cap.
1114 3375 1175 3437 ι),
1195 3369 1344 3440 quod
1367 3369 1626 3424 omnibus
1653 3369 2068 3424 devindemiata

465 3456 626 3512 bonis
650 3458 764 3510 tilia
795 3457 929 3511 Sion
950 3457 1146 3512 relicta
1170 3458 1246 3512 sit
1264 3457 1334 3512 ab
1354 3459 1606 3514 hostibus
1629 3459 1766 3526 sola,
1799 3459 1946 3514 sicut
1981 3465 2068 3515 tu-

462 3547 687 3617 gurium
718 3546 776 3600 in
806 3547 1210 3612 cucumerario,
1245 3554 1302 3602 et
1329 3549 1475 3602 sicut
1500 3549 1694 3603 civitas
1725 3565 1847 3619 qua
1878 3555 2064 3604 vasta-

461 3641 575 3690 tur.
623 3635 823 3706 Fitque
879 3652 1006 3688 mox
1047 3637 1346 3691 vehemens
1403 3637 1732 3692 exclamatio
1780 3638 2065 3709 propheta

463 3727 631 3798 plena
649 3724 890 3790 ﬂetibus,
915 3725 1082 3796 plena
1101 3725 1406 3794 doloribus,
1435 3727 1602 3797 plena
1631 3727 1784 3781 omni
1815 3727 2062 3780 admira-

462 3815 614 3869 tione
644 3819 701 3868 et
729 3820 955 3885 stupore
987 3815 1294 3873 maerentis.
1321 3817 1382 3870 In
1404 3833 1513 3886 qua
1535 3821 1794 3888 patenter
1814 3815 2065 3869 insinuat

463 3903 880 3959 subversionem
929 3904 1149 3959 misera
1189 3905 1448 3968 civitatis,
1485 3911 1543 3960 et
1589 3905 1811 3959 ruinam
1842 3904 2062 3959 scelesti

463 3995 655 4065 populi
689 4012 699 4046 :
734 4010 846 4048 non
894 3993 1075 4047 solum
1114 3993 1218 4048 sub
1258 3994 1532 4048 Chaldais
1556 3994 1840 4058 accidisse,
1869 4010 2063 4048 verum

461 4081 566 4136 sub
610 4083 735 4136 Tito
776 4088 832 4135 et
868 4082 1212 4152 Vespasiano
1265 4084 1486 4154 plenius
1538 4085 1727 4138 omnia
1787 4084 2065 4154 completa

2082 2839 2324 2905 Cegistis
2359 2839 2537 2904 (Deut.
2578 2843 2752 2906 xxxi).
2783 2838 3012 2893 Necnon
3057 2843 3116 2894 et
3173 2837 3480 2910 Stephanus
3506 2851 3516 2884 :
3542 2832 3662 2889 Dura,

2157 362 2284 416 dem
2307 364 2418 417 tria
2447 372 2698 434 tempora
2728 381 2926 418 sensus
2955 364 3215 435 dirigere.
3248 367 3418 437 Neque
3441 369 3616 424 silendum

2157 453 2494 522 putavimus,
2531 453 2679 523 quod
2708 453 2985 524 propheta
3015 462 3261 520 sanctus,
3281 455 3408 509 sicut
3429 456 3621 513 divinale-

2154 541 2242 611 gis
2289 541 2565 614 interpres
2597 542 2973 613 Hieronymus
3030 548 3292 613 testatur,
3320 546 3518 600 Threnos
3540 550 3624 601 tanti

2157 629 2390 685 lamenti
2420 631 2542 701 lege
2573 631 2740 684 metri
2769 631 3098 691 condiderit.
3137 634 3216 688 Ex
3258 651 3360 706 quo
3385 635 3514 689 etiam
3541 637 3625 707 apud

2157 719 2383 773 Latinos
2405 736 2505 790 per
2527 719 2750 789 singula
2777 720 3188 775 sententiarum
3207 721 3470 794 principia.
3487 724 3628 792 sing-uls

2160 806 2522 862 Hebraeorum
2556 808 2756 863 littera
2797 816 3205 880 pranotantur,
3238 827 3272 864 a
3315 810 3485 882 quibus
3505 813 3543 865 in
3575 829 3629 865 sua

2158 899 2386 968 propria
2416 896 2628 967 lingua,
2657 902 2720 951 ut
2747 897 2944 966 fertur,
2977 899 3359 971 unusquisque
3385 918 3534 954 versus

2157 986 2329 1057 pitur.
2360 987 2554 1058 Neque
2575 987 2750 1057 igitur
2775 993 2862 1042 est
2881 988 3244 1052 credendum,
3270 989 3406 1059 quod
3431 995 3497 1042 tot
3513 990 3633 1043 littere

2157 1082 2353 1131 vacent
2372 1094 2406 1130 a
2433 1077 2722 1148 mysterio,
2746 1094 2874 1132 cum
2906 1094 3007 1132 nec
3037 1095 3186 1132 unus
3215 1095 3351 1149 apex
3370 1079 3476 1132 iota
3498 1085 3635 1148 preter-

2156 1164 2464 1220 mittendus
2495 1166 2568 1220 sit
2598 1166 2654 1220 in
2681 1167 2803 1236 lege
2827 1169 3037 1235 (Matth.
3059 1172 3128 1237 v).
3164 1167 3322 1222 Unde
3347 1167 3474 1237 quod
3494 1166 3638 1235 singula

2157 1253 2358 1309 litteris
2375 1255 2836 1326 interpretentur,
2871 1255 3248 1326 intelligentia
3276 1255 3487 1326 singulis
3503 1261 3639 1308 senten-

2156 1343 2250 1398 tiis
2271 1351 2357 1398 est
2382 1345 2683 1398 reddenda.
2701 1345 2843 1399 Nam
2857 1345 3035 1416 Aleph
3053 1347 3313 1400 doctrina
3327 1346 3642 1414 interpretatur.

2155 1433 2420 1488 Doctrina
2440 1451 2566 1488 vero
2587 1435 2682 1488 illa
2705 1451 2836 1489 vera
2862 1440 2966 1497 est,
2995 1451 3109 1506 qua
3131 1435 3284 1489 Deus
3301 1433 3598 1505 cognoscitur.
3614 1443 3644 1483 et

2156 1522 2377 1592 proprie
2406 1521 2847 1593 uniuscujusque
2872 1527 3054 1576 status
3078 1523 3162 1576 vel
3192 1523 3431 1577 detectus
3451 1520 3644 1589 nonigno-

2156 1616 2332 1664 ratur.
2359 1611 2481 1665 Non
2512 1611 2661 1664 enim
2687 1611 2953 1666 doctrina
2983 1611 3224 1682 quilibet
3242 1617 3386 1666 recte
3406 1608 3646 1678 insistit,qui

2154 1700 2519 1770 semetipsum
2540 1700 2762 1770 penitus
2779 1716 2889 1754 non
2916 1701 3191 1769 agnoscit.
3214 1701 3295 1756 De
3308 1717 3411 1771 qua
3421 1715 3531 1753 sane
3543 1697 3650 1752 Isaia

2153 1790 2470 1860 propheta:
2514 1791 2842 1857 Gloriﬁcate,
2892 1789 3094 1860 inquit,
3148 1791 3322 1844 Deum
3382 1792 3437 1842 in
3482 1789 3650 1840 doctrina

2155 1877 2286 1945 (Isa.
2317 1879 2486 1944 xxxv).
2520 1873 2619 1928 Ille
2666 1889 2798 1943 ergo
2843 1874 3023 1928 Deum
3052 1874 3224 1944 digne
3251 1874 3507 1944 gloriﬁcat
3534 1871 3577 1924 in
3595 1869 3652 1921 do-

2157 1922 2286 1945 ὶ“”’⁷’
2317 1922 2486 1944 ’““”““Ι”
2521 1922 2616 1928 ’““’
2671 1922 2793 1943 ⁷-0*
2843 1922 3023 1928 ’⁷⁷’“““““
3056 1922 3222 1944 “““Ο““*
3251 1922 3504 1944 O"""""
3536 1922 3574 1924 ‘"

2153 1963 2352 2026 ctrina,
2383 1962 2478 2033 qui
2511 1967 2567 2016 et
2600 1978 2726 2016 eum
2755 1962 2987 2017 laudare
3013 1963 3082 2017 de
3117 1963 3238 2017 suis
3283 1979 3391 2017 non
3417 1966 3575 2025 cessat,
3596 1974 3652 2010 ne-
3759 1922 3761 2004 ι

2154 2068 2262 2122 que
2279 2067 2345 2105 ea
2367 2067 2487 2122 qua
2513 2050 2581 2104 de
2608 2068 2668 2104 se
2698 2051 2815 2122 ipse
2839 2051 3086 2118 admisit,
3121 2058 3223 2106 aut
3251 2050 3499 2123 proximis
3520 2048 3652 2102 deﬂere

2157 2157 2266 2195 non
2290 2140 2529 2211 ignorat.
2549 2140 2729 2204 Quam
2762 2139 2903 2194 bene
2924 2141 3201 2212 propheta
3230 2141 3517 2195 doctrinam
3537 2150 3655 2208 perce-

2155 2235 2332 2301 perat,
2353 2229 2448 2300 qui
2470 2245 2710 2284 marens
2733 2229 2935 2302 spiritu
2965 2231 3216 2301 repletus
3235 2229 3433 2294 aiebat,
3453 2228 3611 2282 dicens.

2149 2580 2516 2655 PRIMUS

2152 2925 2356 2995 inquit,
2388 2928 2590 2979 cervice
2621 2930 2670 2979 et
2691 2927 3097 2980 incircumcisis
3117 2928 3390 2988 cordibus,
3417 2938 3494 2976 vos
3516 2929 3664 2984 semper
3780 2940 3781 2972 ι

2150 3011 2396 3082 Spiritui
2409 3019 2594 3067 sancto
2615 3017 2869 3068 resistitis
2885 3017 3026 3069 sicut
3043 3019 3088 3068 et
3104 3021 3293 3084 patres
3304 3014 3462 3068 vestri
3475 3003 3664 3078 (Αειω).

2152 3102 2454 3173 Propterea
2474 3102 2798 3173 frequenter
2817 3103 3050 3173 ﬂagellis
3065 3104 3270 3168 attriti,
3292 3102 3360 3157 ab
3375 3097 3590 3155 hostibus
3605 3107 3668 3161 ορο

2149 3191 2344 3260 pressi,
2378 3207 2520 3262 pene
2553 3192 2715 3245 malis
2739 3192 2999 3246 omnibus
3024 3193 3209 3247 affecti
3245 3211 3256 3246 :
3285 3207 3384 3247 nec
3409 3189 3482 3243 sic
3513 3201 3566 3239 ex
3589 3185 3665 3234 toto

2147 3279 2314 3334 corde
2342 3279 2721 3345 crediderunt,
2756 3280 2852 3334 sed
2881 3283 3343 3336 exacerbaverunt
3371 3281 3524 3334 Deum
3545 3270 3666 3326 em!-

2147 3375 2346 3432 sum,et
2361 3372 2673 3423 testimonia
2683 3373 2798 3437 ejus
2816 3386 2925 3424 non
2943 3372 3323 3425 custodierunt
3339 3357 3666 3440 (Psalmxxvu).

2150 3457 2218 3511 Et
2245 3457 2372 3512 ideo
2401 3457 2692 3528 captivatis
2717 3458 2834 3527 jam
2865 3457 3056 3512 decem
3087 3458 3348 3514 tribubus
3375 3457 3429 3510 in
3455 3447 3666 3520 Αεεγΐὶοει

2148 3545 2271 3600 dua
2300 3562 2422 3616 qua
2451 3552 2839 3600 remanserant
2866 3552 3164 3616 sequentes
3194 3549 3420 3603 domum
3450 3536 3610 3603 David:
3631 3535 3670 3585 εί

2148 3634 2494 3706 specietenus
2520 3635 2699 3688 Deum
2727 3635 2990 3700 colentes,
3022 3635 3296 3707 paulatim
3341 3633 3589 3689 crescente
3609 3635 3670 3675 eo-

2146 3740 2272 3777 rum
2311 3723 2526 3776 malitia
2555 3722 2710 3793 prius
2738 3723 2796 3777 in
2828 3724 3090 3779 Chaldaa
3119 3725 3318 3781 durius
3364 3717 3665 3792 captivantur.

2147 3812 2290 3866 Hinc
2309 3827 2530 3882 quoque
2561 3813 2720 3882 quasi
2759 3813 2878 3867 sola
2907 3813 3102 3868 sedere
3126 3814 3320 3868 civitas
3349 3806 3612 3883 plangitur.
3632 3800 3669 3850 et

2143 3899 2309 3954 vidua
2339 3899 2487 3953 facta
2523 3899 2626 3953 sub
2654 3900 2888 3965 tributo,
2923 3919 3046 3973 qua
3091 3903 3253 3973 prius
3303 3903 3475 3957 fuerat
3497 3887 3670 3948 domina

2142 3989 2417 4059 gentium,
2442 4005 2636 4042 earum
2669 3989 2882 4044 scilicet
2913 4007 3052 4061 quas
3081 3989 3442 4046 subverterat.
3473 3973 3670 4061 Nam

2145 4077 2259 4132 dua
2277 4077 2473 4132 sedere
2498 4078 2756 4144 miratur,
2780 4095 2891 4132 non
2922 4060 3103 4134 solum
3132 4081 3270 4150 quia
3290 4071 3552 4149 captivatis
3567 4060 3670 4132 τεεί·

459 4170 598 4223 fore.
621 4171 902 4224 Hactenus
941 4150 1056 4234 [—3
1072 4179 1106 4236 Ι
1127 4179 1188 4237 ω
1219 4150 1322 4226 nec
1350 4173 1472 4226 sola
1496 4173 1603 4226 nisi
1635 4190 1735 4244 per
1761 4150 2265 4243 exaggera-Dbus.
2294 4172 2350 4222 et
2397 4168 2709 4222 sacerdotio
2760 4167 3043 4223 destructo
3085 4169 3356 4234 ἀθεοιαιεν
3388 4175 3552 4218 verum
3575 4150 3671 4244 quia

460 4258 673 4311 tionem
703 4257 912 4310 doloris
949 4257 1143 4311 sedere
1167 4260 1296 4328 jure
1327 4260 1552 4329 dicitur,
1587 4261 1680 4316 ubi
1711 4263 1779 4315 de
1802 4262 2060 4333 pauperi-

461 4346 566 4402 bus
591 4351 756 4400 terra
776 4345 1017 4399 cultores
1037 4345 1320 4400 innumeri
1343 4348 1758 4418 relinquuntur,
1781 4349 1982 4419 quibus
2003 4356 2060 4405 et

463 4435 726 4500 Godolias
757 4451 996 4506 praesse
1010 4434 1262 4505 jubetur.
1294 4436 1409 4490 Nec
1437 4443 1627 4491 tamen
1656 4439 1849 4493 civitas
1878 4439 2057 4494 dirui-

461 4532 573 4592 tur,
593 4526 689 4580 sed
710 4527 932 4596 integra
951 4526 1072 4596 ejus
1086 4525 1325 4580 vastatio
1346 4543 1523 4597 usque
1545 4526 1615 4580 ad
1629 4526 1766 4581 illud
1783 4527 2056 4595 differtur,

463 4614 686 4669 Christo
699 4615 838 4669 duce
861 4620 1170 4686 perempto,
1197 4615 1420 4686 quando
1442 4632 1544 4670 nec
1565 4616 1706 4688 lapis
1721 4633 1890 4688 super
1916 4617 2060 4689 lapi-

461 4703 611 4767 dem,
641 4704 951 4758 secundum
976 4705 1199 4760 Domini
1223 4707 1582 4770 sententiam,
1607 4723 1789 4777 neque
1820 4707 2058 4777 populus

460 4790 519 4845 in
566 4806 632 4844 ea
656 4790 993 4861 relinquitur
1044 4794 1252 4860 (Matth.
1286 4805 1447 4861 xxw).
1481 4795 1703 4850 Interea
1733 4795 1901 4849 etiam
1932 4801 2061 4866 post

461 4879 836 4934 reversionem
893 4885 1062 4935 tanta
1121 4881 1480 4952 captivitatis,
1532 4900 1730 4939 rursus
1784 4884 2055 4955 paulatim

460 4969 632 5024 crevit
649 4968 806 5039 virga
825 4967 1030 5022 furoris
1059 4970 1195 5024 Dei:
1228 4971 1359 5041 quia
1379 4989 1491 5026 non
1513 4979 1598 5027 est
1619 4974 1690 5027 ad
1721 4973 1897 5028 Deum
1928 4979 2056 5044 post

459 5059 677 5114 monita
705 5064 762 5112 et
791 5057 1160 5112 correctiones
1209 5062 1608 5132 prophetarum
1639 5080 1902 5119 conversa
1932 5081 2054 5135 per-

460 5147 571 5201 fida
599 5163 737 5217 gens
768 5145 982 5209 Judaa.
1007 5146 1103 5200 sed
1128 5145 1412 5203 beneﬁciis
1444 5151 1544 5205 Dei
1566 5167 1787 5223 semper
1807 5151 2049 5223 ingrata,

459 5237 732 5306 supplicia
753 5236 858 5290 sibi
879 5235 1157 5290 atrociora
1177 5239 1471 5293 contraxit.
1496 5241 1576 5294 De
1591 5257 1701 5311 qua
1722 5259 1857 5296 sane
1885 5249 2054 5313 gente

459 5327 708 5397 Moyses:
740 5326 878 5393 Scio,
901 5325 1106 5396 inquit,
1123 5329 1520 5381 contentionem
1543 5333 1697 5382 tuam
1722 5335 1770 5382 et
1795 5333 2053 5384 cervicem

461 5422 618 5476 tuam
645 5417 1012 5473 durissimum
1041 5429 1252 5484 semper
1301 5419 1626 5472 contentiose
1656 5424 1850 5474 contra
1877 5420 2052 5476 Deum

2141 4257 2432 4328 profanato
2461 4258 2670 4328 templo
2700 4262 2756 4310 et
2783 4257 3036 4311 omnium
3062 4275 3322 4314 vasorum
3348 4250 3508 4326 gloria
3527 4239 3669 4300 fundi-

2143 4351 2233 4400 tus
2263 4346 2503 4416 explosa,
2535 4363 2663 4400 mox
2717 4346 2817 4400 Dei
2859 4346 3064 4401 auxilio
3114 4348 3381 4402 destituta
3408 4337 3667 4396 evacuatur,

2144 4441 2198 4489 et
2224 4435 2342 4489 sola
2370 4435 2517 4488 inter
2545 4435 2734 4489 hostes
2756 4435 2920 4505 plena
2949 4436 3263 4506 ignominia
3292 4428 3603 4500 relinquitur-

2215 4523 2491 4578 Caterum
2515 4524 2886 4595 spiritualiter
2907 4505 3296 4596 lacrymosius,
3315 4519 3511 4596 quoties
3528 4505 3666 4567 Eccle'

2142 4613 2242 4680 sia,
2277 4613 2456 4684 culpis
2485 4613 2854 4683 exigentibus,
2887 4631 3092 4686 sponso
3126 4615 3348 4671 Christo
3385 4606 3667 4686 viduatum}

2143 4683 2416 4774 pr0pheta
2454 4702 2539 4757 vel
2563 4703 2770 4757 sanctis
2809 4683 2939 4756 viris
2965 4704 3268 4775 plangitur,
3294 4695 3535 4772 Quomodo
3559 4683 3663 4741 sede!

2140 4795 2255 4847 sola
2283 4794 2517 4846 civitas?
2544 4792 2675 4846 Sola
2694 4792 2900 4863 quippe
2928 4793 3124 4848 sedere
3146 4795 3275 4864 jure
3306 4786 3546 4864 queritur.
3568 4783 3664 4829 Cum

2139 4880 2239 4936 Dei
2267 4885 2325 4934 et
2353 4885 2674 4935 sanctorum
2699 4881 2951 4936 desolata
2967 4883 3298 4953 angelorum
3322 4874 3521 4936 auxilio.
3547 4866 3660 4953 itm-‘8

2137 4969 2335 5024 forisve
2380 4969 2450 5023 ab
2507 4970 2760 5025 hostibus
2806 4947 3080 5026 vastatur.
3130 4971 3386 5044 Alioquin
3436 4959 3528 5018 nisi
3573 4947 3661 5005 εοιε

2137 5065 2302 5124 esset,
2326 5059 2642 5131 plangenda
2661 5077 2772 5114 non
2793 5070 2968 5114 esset:
2993 5061 3125 5132 quia
3145 5077 3257 5116 non
3283 5056 3492 5134 possunt
3510 5047 3657 5112 ιιιεετθ

2136 5148 2238 5203 filii
2267 5149 2459 5220 sponsi
2489 5149 2738 5219 quandiu
2766 5166 2892 5204 cum
2923 5149 3032 5204 illis
3062 5156 3149 5204 est
3166 5165 3410 5222 sponsus.
3432 5143 3528 5196 imo
3549 5140 3657 5200 Eau‘

2136 5238 2229 5293 dio
2257 5238 2508 5308 gaudent
2537 5238 2702 5292 amici
2723 5244 2950 5310 propter
2976 5255 3166 5294 vocem
3197 5237 3378 5311 sponsi
3421 5231 3539 5285 Cum
3558 5225 3653 5311 Ῡθτο

2137 5307 2375 5384 matrem
2405 5328 2614 5382 scilicet
2635 5307 2842 5382 Christi
2873 5327 3178 5383 Ecclesium
3211 5307 3280 5382 ab
3304 5335 3484 5397 sponso
3508 5307 3652 5397 vid“?

2134 5422 2251 5473 tam
2279 5423 2597 5487 senserunt,
2638 5423 2790 5473 recte
2830 5434 2944 5474 non
2987 5418 3169 5475 solum
3222 5418 3377 5482 ﬁlios,
3408 5415 3568 5464 verum
3609 5393 3651 5444 ⁸⁸
