3918 6166
272 226 414 286 1065

962 236 1343 293 EXPOSITIO
1381 238 1461 294 IN
1497 235 2111 295 LAMENTATIONES
2148 236 2494 294 JEREMIAE.
2537 266 2603 278 -
2642 237 2777 295 LIB.
2822 239 2867 294 Ι.

3401 244 3544 304 1066

266 363 483 418 amicos
510 379 707 418 omnes
732 363 869 419 ﬂere
895 366 1168 420 convenit.
1222 366 1304 420 De
1333 382 1572 437 quorum
1603 365 1870 420 nimirum
1885 365 2163 427 Amenta.
2190 367 2426 422 Constat
2450 365 2626 436 igitur
2652 365 2801 437 quod
2829 364 3009 421 multa
3035 371 3169 423 sunt
3214 367 3547 427 delictorum

266 451 506 521 collegio
532 451 805 507 Jeremias
830 454 1103 525 propheta
1133 455 1440 521 exstiterat,
1473 454 1571 525 qui
1629 460 1796 521 13]
1813 458 1875 520 Β

265 558 385 613 prae
406 540 667 595 omnibus
697 546 755 595 et
795 558 895 612 pro
948 543 1232 610 omnibus,
1263 548 1379 597 tam
1416 543 1739 598 immaniter
1776 543 1874 597 de-

265 629 461 684 ﬂebat.
494 630 690 684 Flebat
708 636 897 685 autem
927 648 1039 686 non
1068 649 1204 687 saxa
1249 639 1310 688 et
1332 633 1588 699 aediﬁcia,
1629 633 1727 687 sed
1765 634 1879 688 rui-

264 735 407 773 nam
430 718 743 773 hominum.
776 720 911 783 Quae
936 726 1086 775 recte
1121 721 1317 776 civitas
1343 720 1485 776 bene
1515 722 1711 777 sedere
1738 722 1878 777 dici-

263 811 385 871 tur,
419 806 569 877 quod
595 808 872 878 plorantis
902 814 989 863 est
1012 808 1256 865 habitus.
1285 810 1446 865 Unde
1474 816 1532 866 et
1545 810 1648 865 Job
1667 810 1727 866 in
1742 815 1880 865 ster-

266 896 510 967 quilinio
542 896 752 951 sedisse
790 896 1141 968 perhibetur.
1160 903 1226 954 ut
1253 899 1514 954 affectum
1537 900 1880 971 eXprimeret

264 984 516 1039 dolentis
548 986 682 1052 (Job,
719 988 780 1055 ιι)
817 1002 989 1041 :nam
1048 987 1168 1058 ipse
1222 990 1407 1043 dolens
1445 988 1870 1060 interpretatur.

265 1073 364 1128 Sic
388 1078 446 1127 et
474 1073 648 1127 David
674 1074 744 1128 de
772 1074 878 1128 hac
909 1076 1034 1146 ipsa
1082 1075 1402 1146 captivitate
1437 1096 1449 1130 :
1479 1077 1657 1146 Super
1695 1080 1881 1148 flumi-

264 1179 369 1228 na,
406 1161 608 1233 inquit,
643 1164 1087 1231 Babylonis,illic
1105 1166 1345 1219 sedimus
1363 1171 1410 1219 et
1439 1169 1688 1235 ﬂeuimus
1708 1169 1873 1234 (Psal.

262 1252 608 1322 cxxxvr).Ac
637 1250 685 1305 si
716 1257 977 1322 patenter
1000 1252 1178 1308 dicat:
1215 1253 1359 1317 Quia
1386 1254 1443 1309 in
1474 1254 1677 1310 throno
1695 1255 1875 1326 regni,

264 1339 392 1393 imo
422 1340 481 1393 in
503 1356 725 1394 summo
750 1340 873 1394 coeli
907 1341 1110 1395 vertice
1139 1347 1291 1397 stare
1319 1344 1620 1409 noluimus,
1638 1345 1768 1413 jure
1786 1361 1876 1398 su-

262 1444 374 1500 per
405 1427 641 1482 ﬂumina
671 1429 1050 1483 tentationum
1080 1431 1279 1485 ﬂentes
1305 1448 1369 1485 ac
1400 1431 1675 1503 lugentes,
1706 1449 1878 1503 supra

263 1516 509 1571 modum
536 1516 812 1583 dolemus,
841 1518 1003 1588 juxta
1032 1518 1167 1573 illud
1207 1519 1366 1573 Isaiae
1402 1521 1686 1591 prophetae
1717 1536 1727 1570 :
1756 1522 1878 1575 Des-

260 1607 457 1670 cende,
492 1607 610 1659 sedc
639 1608 703 1659 in
730 1610 974 1674 pulvere,
1007 1609 1128 1675 ﬁlia
1158 1609 1430 1675 Babylon:
1462 1610 1578 1662 sede
1608 1612 1670 1662 in
1701 1614 1872 1677 terra,

1956 455 2186 522 tributa,
2215 455 2418 526 quibus
2473 454 2665 509 anima
2690 455 2755 508 fit
2797 453 3051 523 obnoxia,
3080 456 3188 512 nisi
3229 474 3424 514 rursus
3447 461 3549 514 Dei

1957 544 2163 599 auxilio
2213 544 2469 610 liberata,
2503 543 2798 615 pristinam
2843 559 2957 598 non
3003 546 3150 601 valet
3202 546 3451 619 recipere
3489 548 3553 602 1i-

1957 633 2254 691 bertatem.
2286 633 2430 687 Hinc
2478 632 2791 687 misericors
2844 633 3012 700 Deus,
3044 633 3176 688 licet
3233 636 3395 690 malis
3452 652 3554 691 no-

1960 722 2092 777 stris
2150 722 2219 776 ad
2277 721 2628 776 iracundiam
2675 726 2983 793 permotus,
3015 722 3386 779 fomicantem
3430 725 3553 780 ani-

1958 826 2107 865 mam
2140 810 2417 877 hortatur,
2447 810 2667 865 dicens:
2706 813 2907 878 Plange
2926 814 3088 880 quasi
3115 816 3270 882 virgo
3306 817 3551 869 accincta

1957 915 2107 954 sacco
2123 915 2286 968 super
2307 902 2493 953 virum
2513 900 2820 967 pubertatis
2839 915 2949 953 sua
2972 900 3122 966 (Joel,
3162 902 3224 970 1).
3270 902 3446 970 Super
3473 905 3553 956 vi-

1958 1005 2088 1043 rum
2110 991 2417 1060 pubertatis
2437 1004 2564 1053 suae,
2594 986 2783 1041 anima
2827 987 2987 1058 quasi
3034 988 3188 1059 virgo
3244 990 3546 1061 plangitur,

1963 1081 2187 1153 quando
2226 1076 2563 1150 plenissimae
2600 1076 2892 1130 charitatis
2942 1093 3133 1132 amore
3178 1078 3422 1149 perfusa,
3464 1080 3553 1135 sui

1959 1168 2225 1225 connubii
2272 1166 2483 1221 foedera
2539 1164 2917 1232 considerans,
2950 1166 3332 1223 confunditur.
3389 1168 3551 1224 Ideo-

1960 1276 2069 1331 que
2092 1275 2243 1314 sacco
2271 1258 2517 1311 accincta
2545 1253 2782 1320 cilicino,
2814 1269 2919 1308 sua
2962 1255 3108 1309 facta
3156 1255 3363 1311 deﬂere
3385 1256 3553 1327 jube-

1957 1354 2072 1415 tur,
2105 1352 2384 1419 quatenus
2412 1341 2734 1414 paenitendo
2760 1358 2832 1396 ne
2884 1359 2919 1396 a
2973 1343 3213 1398 Domino
3245 1345 3548 1415 judicetur,

1959 1438 2108 1491 inter
2136 1435 2324 1491 haedos
2353 1431 2565 1487 scilicet
2605 1436 2927 1502 peccatores
2974 1431 3131 1503 prius
3171 1433 3506 1505 corripiatur
3537 1452 3548 1488 :

1959 1525 2159 1581 deinde
2188 1538 2352 1592 super
2379 1524 2568 1575 virum
2611 1521 2917 1588 pubertatis
2944 1536 3054 1574 sua
3110 1521 3195 1574 uti
3244 1520 3557 1576 dilectionis

1959 1629 2131 1685 opera
2145 1611 2416 1683 perﬁciat,
2438 1610 2789 1664 adhortatur.
2814 1609 2973 1664 Unde
2993 1610 3248 1681 sequitur
3271 1627 3374 1665 vox
3403 1610 3559 1682 plan-

262 1710 388 1749 non
416 1699 492 1747 est
517 1697 721 1748 solium
750 1697 879 1762 ﬁlia
917 1695 1297 1750 Chaldaorum
1323 1698 1455 1763 (Isa.
1488 1712 1636 1751 XLVII
1667 1738 1678 1750 .
1706 1699 1791 1752 Ita
1822 1676 2158 1773 ethentis:

258 1782 586 1837 Jerusalem
607 1787 799 1837 nostra
808 1783 1027 1855 quoties
1050 1785 1108 1839 in
1121 1785 1500 1840 confusionem
1521 1791 1878 1858 peccatorum

260 1870 512 1932 venerit,
530 1888 642 1926 non
665 1876 752 1926 est
770 1872 822 1925 ei
842 1871 1064 1938 solium,
1092 1890 1274 1944 neque
1284 1873 1542 1937 thronus,
1562 1891 1742 1945 neque
1763 1876 1878 1929 ulla

262 1959 526 2030 dignitas
549 1958 918 2027 celsitudinis,
940 1960 1037 2014 sed
1058 1961 1117 2015 in
1137 1967 1300 2015 terrae
1310 1962 1537 2033 pulvere
1547 1962 1740 2016 sedere
1758 1979 1880 2034 per-

260 2047 504 2102 hibetur
515 2048 661 2118 jure.
674 2049 954 2120 Propheta
968 2056 1262 2121 propterea
1274 2051 1507 2121 plangit,
1531 2044 1881 2106 non’tantum

264 2137 415 2208 quia
442 2137 600 2191 sedet
625 2138 901 2208 pulvereis
922 2144 980 2191 et
1006 2139 1246 2193 terrenis
1275 2140 1537 2211 operibus
1575 2140 1878 2207 sordidata,

263 2229 395 2284 imo
416 2230 679 2300 quiasola
710 2231 885 2285 sedet.
899 2232 1073 2286 Porro
1090 2232 1230 2297 sola,
1244 2233 1377 2303 quia
1397 2233 1558 2303 quasi
1578 2233 1775 2288 vidua:
1802 2234 1882 2287 vi-

263 2319 395 2373 dua
416 2335 566 2381 vero,
599 2335 665 2373 eo
695 2320 841 2390 quod
872 2337 974 2391 pro
991 2320 1243 2375 faeditate
1272 2322 1641 2392 turpitudinis
1670 2339 1785 2376 suae
1812 2321 1882 2376 ab

262 2423 486 2480 sponso
518 2407 592 2461 sit
617 2408 830 2463 relicta.
861 2408 971 2463 Sed
1004 2410 1312 2463 notandum
1333 2410 1481 2480 quod
1506 2410 1666 2480 quasi
1693 2411 1879 2479 vidua,

265 2503 329 2551 et
361 2513 481 2551 non
512 2513 637 2551 vere
668 2496 852 2563 vidua,
874 2497 1114 2552 dicitur:
1146 2498 1413 2568 quoniam
1442 2504 1500 2553 et
1525 2499 1573 2553 si
1593 2499 1662 2553 ab
1678 2516 1884 2570 sponso

264 2586 609 2657 despicitur,
640 2587 1024 2657 sponsalitatis
1043 2592 1234 2642 tamen
1255 2590 1379 2659 ejus
1401 2590 1534 2660 jura
1550 2594 1804 2644 manent:
1824 2596 1888 2643 ut

270 2676 325 2730 si
357 2675 612 2740 redierit,
644 2675 944 2747 prioraque
973 2676 1284 2731 dilectionis
1331 2694 1502 2749 opera
1545 2678 1881 2749 impleverit,

267 2781 551 2836 sponsum
564 2764 763 2818 saltem
779 2781 881 2835 per
890 2765 1282 2835 paenitentiam
1294 2767 1368 2819 im
1377 2767 1887 2838 mortalitatemque

266 2853 536 2924 recipiat.
572 2853 696 2917 Qua
746 2852 989 2924 denique
1029 2860 1181 2925 veste
1236 2855 1514 2922 reinduta,
1549 2856 1758 2910 nullius
1785 2854 1888 2910 sub

269 2942 500 2996 tributo
516 2943 669 3011 jacet
686 2942 879 3008 debiti,
903 2942 1049 2997 sicut
1081 2943 1289 2998 Paulus
1317 2944 1602 3015 apostolus
1618 2945 1867 2999 insinuat

1871 2984 1947 3044 ’C

2668 1800 2809 1840 BETH
2817 1827 2830 1840 .

2030 1882 2263 1934 Plorans
2296 1876 2540 1945 ploravit
2561 1877 2622 1928 in
2647 1879 2816 1940 nocte,
2832 1878 2882 1928 et
2901 1877 3161 1941 lacrymz
3188 1879 3305 1944 ejus
3336 1879 3401 1931 in
3439 1886 3556 1933 ma-

1961 1970 2115 2023 xillis
2131 1971 2265 2036 ejus.
2298 1965 2565 2029 Quaenam
2591 1962 2665 2016 sit
2701 1979 2824 2033 quae
2867 1963 3072 2033 plorat,
3106 1965 3232 2018 Beth
3272 1964 3463 2020 littera
3490 1984 3559 2021 ex

1962 2055 2235 2129 principio
2263 2070 2453 2108 versus
2481 2051 2752 2117 insinuat,
2805 2067 2927 2122 quae
2978 2053 3170 2117 domus
3195 2053 3558 2125 interpretari

1963 2145 2297 2201 ostenditur.
2323 2142 2464 2197 Beth
2493 2141 2700 2211 quippe
2727 2142 2919 2193 domus
2950 2139 3372 2211 interpretatur,
3404 2144 3557 2198 scili-

1963 2240 2050 2290 cet
2077 2234 2174 2288 illa
2201 2248 2328 2286 cum
2350 2248 2461 2302 qua
2480 2229 2648 2284 Jacob
2676 2228 2965 2298 ingressus
2983 2228 3043 2283 in
3069 2229 3373 2301 Egyptum
3407 2231 3554 2301 (Gen.

1964 2327 2130 2391 XLVI),
2156 2326 2213 2375 et
2240 2324 2435 2391 postea
2481 2316 2706 2372 Domini
2755 2316 3101 2386 suffragante
3129 2317 3430 2372 clementia
3456 2319 3559 2373 mi-

1965 2411 2171 2468 raculis
2198 2405 2636 2473 coruscantibus,
2687 2421 2909 2475 egressa
2957 2406 3021 2459 de
3066 2407 3269 2475 populo
3324 2409 3559 2464 barbaro

1966 2499 2303 2573 praadicatur
2346 2498 2516 2567 (Psal.
2560 2496 2711 2563 exui)
2758 2513 2770 2547 :
2831 2509 2981 2547 nunc
3025 2510 3155 2548 vero
3210 2495 3559 2565 exigentibus

1966 2588 2164 2660 culpis,
2193 2602 2389 2640 rursus
2418 2584 2490 2639 ad
2535 2582 2915 2654 captivitatem
2944 2582 3004 2635 in
3028 2581 3367 2653 Babylonem
3398 2584 3562 2639 redu-

1966 2679 2131 2744 citur,
2164 2682 2222 2730 et
2248 2675 2373 2729 ideo
2402 2672 2751 2727 amarissime
2770 2671 2989 2742 plorare
3017 2670 3562 2742 perhibetur.Plorat

1969 2771 2157 2822 autem
2185 2765 2245 2819 in
2269 2767 2451 2829 nocte,
2483 2761 2616 2833 quia
2644 2761 2703 2815 in
2750 2761 2841 2814 die
2896 2760 3053 2815 nulla
3080 2760 3321 2816 dabatur
3357 2762 3439 2817 eis
3477 2779 3562 2818 re-

1970 2856 2147 2927 quies,
2167 2854 2366 2908 saltem
2390 2857 2455 2906 ut
2467 2850 2583 2905 suis
2601 2849 3025 2904 consolarentur
3040 2849 3320 2921 lacrymis,
3350 2855 3408 2906 et
3434 2867 3561 2906 ocu-

1970 2946 2055 2999 los
2079 2960 2204 2999 sero
2227 2942 2538 3006 abluerent,
2563 2955 2702 3010 quos
2733 2938 2805 2992 ad
2852 2938 3003 2992 idola
3047 2939 3202 3009 prius
3240 2940 3385 2994 male
3412 2941 3563 2995 leva-

271 3031 514 3085 dicens:
546 3031 941 3101 Nihil,inquit,
965 3033 1128 3085 aliud
1153 3034 1407 3099 debeatis,
1441 3035 1555 3087 nisi
1572 3036 1633 3087 in
1654 3019 1949 3088 invicemu
1972 3038 2127 3088 rent:
2170 3037 2228 3086 et
2259 3030 2406 3102 quod
2449 3033 2535 3083 est
2569 3026 2815 3098 gravius,
2844 3042 2908 3080 ex
2937 3026 3197 3082 omnibus
3236 3027 3431 3083 amicis
3458 3029 3567 3084 sibi

270 3121 539 3187 diligatis
566 3119 737 3182 (Rom.
761 3124 879 3187 χιι).

351 3206 723 3279 Tropologice
753 3212 961 3273 autem,
979 3208 1170 3263 anima
1182 3209 1302 3263 sola
1330 3210 1524 3265 sedere
1538 3210 1703 3281 digne.
1725 3212 1889 3281 plan-

270 3298 463 3369 gitur,
480 3296 641 3367 quasi
666 3296 833 3350 vidua
845 3303 1011 3352 exuta
1035 3298 1303 3353 virtutum
1329 3299 1507 3364 bonis,
1549 3317 1673 3370 quae
1692 3317 1752 3354 se
1784 3300 1885 3354 do-

273 3386 465 3441 minio
495 3385 879 3456 subjugaverit
898 3386 1309 3451 Chaldaeorum,
1352 3404 1731 3459 sponsumque
1760 3405 1889 3443 con-

269 3474 583 3546 tempserit
626 3474 937 3545 pubertatis
968 3493 1102 3530 suae.
1145 3476 1391 3531 Chaldaei
1441 3494 1685 3547 namque
1716 3480 1889 3545 capti-

270 3571 475 3620 vantes
507 3563 977 3634 interpretantur.
1016 3565 1248 3636 Captiva
1276 3582 1414 3634 ergo
1443 3566 1631 3621 anima
1659 3566 1883 3632 dicitur,

272 3669 417 3709 cum
441 3669 477 3706 a
506 3651 644 3706 solio
674 3652 914 3706 caelestis
941 3653 1135 3724 patriae
1168 3653 1315 3708 vitiis
1361 3654 1611 3719 subacta,
1653 3655 1756 3709 sub
1787 3671 1888 3725 po-

273 3746 555 3797 testatem
582 3740 899 3795 daemonum
922 3742 1212 3812 redigitur.
1244 3743 1345 3797 Cui
1377 3759 1504 3797 mox
1535 3760 1634 3814 per
1660 3745 1895 3814 prophe-

274 3836 410 3885 tam
426 3829 665 3884 dicitur:
689 3833 845 3885 Intra
866 3833 927 3884 in
948 3833 1193 3884 tenebras
1207 3834 1327 3898 ﬁlia
1353 3832 1729 3887 Chaldaeorum
1757 3834 1890 3903 (lsa.

277 3921 489 3988 XLVII),
522 3935 587 3972 ac
617 3918 665 3972 si
690 3924 952 3989 patenter
978 3918 1127 3973 dicat
1152 3938 1163 3972 :
1194 3919 1339 3983 Quia
1365 3920 1424 3973 in
1453 3920 1576 3974 luce
1605 3926 1755 3975 stare
1793 3937 1894 3973 no-

279 4006 452 4063 luisti
478 4006 771 4081 virtutum,
805 4007 922 4061 ﬁlia
966 4006 1115 4061 facta
1157 4006 1258 4061 Dei
1288 4024 1520 4062 munere
1559 4008 1894 4079 adoptionis,

283 4098 453 4151 intra
475 4100 691 4150 mutato
707 4095 933 4150 nomine
953 4096 1011 4149 in
1024 4095 1287 4150 tenebras
1300 4101 1581 4167 perpetuae
1610 4098 1894 4155 caecitatis.

287 4187 487 4250 Quam
516 4184 791 4255 propheta
810 4184 1058 4239 animam
1085 4183 1451 4255 conspiciens,
1470 4186 1658 4256 sponsi
1678 4187 1900 4240 auxiliis

287 4271 483 4342 culpis
534 4271 883 4341 exigentibus
928 4272 1277 4339 destitutam,
1324 4273 1501 4343 gemit
1551 4278 1607 4328 et
1655 4274 1896 4328 clamat:

1973 3122 2209 3194 pessime
2240 3117 2677 3182 blandientibus,
2719 3116 2999 3187 Propheta
3027 3122 3190 3185 teste,
3215 3119 3402 3173 nullus
3440 3134 3566 3173 eam

1968 3209 2380 3273 consolabatur,
2401 3208 2515 3261 imo
2540 3205 2670 3260 facti
2689 3206 3036 3276 planguntur
3054 3206 3571 3279 inimici.Lacrym.u

1972 3299 2193 3370 (inquit)
2214 3301 2328 3365 ejus
2360 3300 2423 3349 in
2447 3296 2697 3349 maxillis
2721 3298 2854 3362 ejus,
2881 3299 2945 3347 ut
2972 3295 3172 3365 majori
3201 3295 3572 3350 induerentur

1970 3388 2295 3443 confusione
2324 3385 2475 3438 inter
2502 3384 2713 3449 hostes,
2729 3388 2786 3459 et
2820 3383 2937 3437 suis
2952 3388 3346 3439 saturarentur
3364 3402 3571 3458 oppro-

1970 3477 2125 3530 briis.
2151 3476 2314 3528 Patet
2328 3472 2503 3542 igitur
2518 3488 2730 3535 sensus,
2761 3471 2911 3541 quod
2937 3476 3165 3543 prOpter
3192 3472 3572 3528 idololatriam

1970 3564 2207 3636 populus
2234 3562 2294 3616 in
2318 3560 2698 3631 captivitatem
2728 3559 2945 3625 ductus,
2981 3560 3037 3613 in
3065 3560 3347 3631 Babylone
3371 3562 3572 3632 plenus

1970 3655 2240 3709 scelerum
2278 3666 2508 3705 suorum
2545 3656 2585 3714 Ι
2604 3655 2663 3714 3
2680 3655 2791 3713 '5
2818 3647 3129 3717 ignominia
3151 3649 3290 3702 dure
3332 3649 3470 3703 satis
3500 3648 3571 3703 ab

1974 3741 2229 3797 hostibus
2262 3737 2642 3793 tractabatur:
2670 3736 2765 3790 sed
2795 3735 2990 3789 durior
3034 3737 3236 3790 accidit
3256 3753 3322 3791 ea
3350 3737 3576 3809 captivi-

1978 3838 2085 3897 tas,
2104 3846 2227 3902 quee
2244 3827 2347 3882 sub
2366 3827 2493 3880 Tito
2515 3831 2573 3879 et
2588 3826 2952 3895 Vespasiano,
2976 3829 3121 3879 teste
3141 3826 3402 3897 Josepho,
3428 3827 3575 3881 facta

1978 3918 2201 3989 legitur,
2236 3916 2315 3970 ita
2337 3920 2400 3969 ut
2420 3913 2941 3985 impraesentiarum
2967 3913 3106 3968 nihil
3131 3914 3328 3968 durius
3355 3915 3576 3969 contin-

1977 4024 2111 4079 gere
2130 4005 2377 4077 potuisse
2389 4005 2518 4074 jure
2534 4002 2813 4057 credatur.
2859 4003 2935 4056 Ex
2956 4019 3067 4074 quo
3104 4004 3348 4074 profecto
3378 4003 3571 4073 liquet,

1982 4096 2115 4167 quia
2142 4094 2242 4149 Dei
2268 4110 2362 4147 eos
2386 4092 2659 4163 patientia
2685 4090 2780 4144 diu
2801 4091 3068 4146 sustinuit
3087 4092 3154 4146 ad
3169 4092 3574 4163 paenitentiam,

1982 4189 2040 4239 et
2068 4183 2171 4248 ira,
2192 4198 2357 4253 quam
2389 4180 2495 4235 sibi
2533 4178 3002 4248 thesaurizarunt,
3046 4181 3253 4235 furoris
3291 4181 3392 4236 Dei
3420 4181 3581 4237 vehe-

1985 4278 2205 4327 menter
2221 4270 2477 4325 accrevit.

284 4361 597 4432 (Quomodo
625 4362 765 4414 sedet
785 4364 900 4415 sola
928 4360 1141 4432 civitas)
1172 4361 1419 4416 animam
1440 4362 1696 4417 videlicet
1732 4380 1905 4434 quon-
1923 4379 1969 4437 D
2062 4360 2171 4415 Sed
2197 4361 2357 4430 juxta
2377 4358 2950 4429 allegoriam,Christi
2987 4359 3228 4413 Ecclesia
3249 4359 3459 4415 scilicet
3486 4360 3582 4415 illa

288 4451 435 4505 dam
458 4447 760 4503 virtutibus
781 4455 837 4503 et
858 4449 1141 4521 suffragiis
1169 4456 1486 4505 sanctorum
1519 4454 1682 4520 quasi
1711 4455 1905 4507 civitas

289 4543 469 4610 plena
486 4541 687 4606 populo
743 4539 999 4593 desolata.
1035 4539 1168 4604 Quae
1220 4540 1377 4609 prius
1423 4540 1668 4611 pollebat
1707 4540 1907 4595 divinis

291 4624 569 4699 operibus
624 4625 775 4680 inter
819 4625 1161 4698 frequentius
1218 4629 1515 4697 sodalium,
1566 4647 1716 4686 nunc
1759 4630 1908 4684 inter

292 4717 500 4771 hostes
527 4713 974 4769 adversariorum
1031 4717 1220 4772 sordet
1274 4717 1573 4789 squalida:
1608 4719 1697 4774 cui
1752 4719 1908 4774 nulla

303 4808 356 4871 ι
369 4806 438 4868 3
449 4807 488 4868 ι
504 4806 564 4867 4
580 4806 667 4855 est
676 4802 913 4857 societas
928 4808 1269 4871 sanctorum,
1296 4806 1453 4860 nulla
1477 4806 1907 4862 communicatio

292 4896 794 4947 sacramentorum
824 4890 944 4957 Dei,
978 4892 1134 4947 nulla
1160 4910 1289 4947 cum
1343 4910 1571 4965 sponso,
1600 4895 1691 4950 cui
1720 4912 1780 4950 se
1810 4896 1907 4950 de-

293 4974 567 5028 vinxerat
581 4990 773 5028 amore
789 4973 1121 5037 dilectionis,
1145 4975 1518 5048 participatio,
1559 4978 1655 5033 sed
1684 4978 1909 5033 redacta

295 5062 416 5118 sub
445 5063 651 5116 tributo
682 5061 963 5129 vitiorum,
994 5064 1242 5134 quotidie
1295 5065 1556 5121 omnibus
1579 5067 1910 5122 exsolvendo

1990 4448 2229 4503 ocelestis
2257 4448 2588 4511 Jerusalem,
2623 4464 2745 4518 quae
2775 4447 2842 4501 de
2872 4448 3010 4501 ccelo
3028 4447 3381 4503 descendisse
3406 4465 3441 4502 a
3468 4448 3584 4503 Deo

1989 4535 2289 4592 monilibus
2318 4536 2589 4589 adornata
2617 4534 2734 4588 suis
2756 4534 2981 4605 legitur.
3013 4537 3243 4589 Plorans
3258 4539 3502 4605 ploravit
3522 4539 3587 4591 in

1990 4627 2340 4691 nocte,-inter
2360 4624 2592 4677 adversa
2628 4622 2836 4677 scilicet
2892 4622 3056 4693 hujus
3084 4623 3210 4677 vita:
3244 4643 3256 4677 :
3299 4625 3434 4695 quia
3459 4624 3594 4681 licet

1990 4714 2245 4786 praescita
2265 4718 2323 4767 et
2353 4711 2746 4783 praedestinata
2782 4712 2868 4765 ’sit
2923 4711 2994 4765 ad
3048 4711 3287 4783 gloriam
3332 4730 3592 4786 supernae

1989 4801 2495 4874 contemplationis,
2528 4805 2717 4854 tamen
2748 4800 2930 4855 adhuc
2978 4800 3126 4855 inter
3179 4803 3446 4873 caligines
3482 4821 3600 4859 ver-

1990 4898 2148 4948 satur
2168 4889 2499 4963 ignorantiae
2553 4894 2611 4943 et
2666 4888 2992 4943 discrimina
3047 4895 3253 4946 nostra;
3302 4893 3592 4948 caecitatis.

1990 4980 2151 5037 Unde
2171 4980 2460 5050 signanter
2488 4977 2570 5032 ait
2601 4995 2612 5030 :
2648 4980 2881 5033 Plorans
2898 4976 3166 5047 ploravit,
3199 4979 3329 5051 quia
3350 4980 3597 5051 profecto

1994 5086 2108 5124 non
2140 5070 2320 5124 solum
2354 5084 2453 5138 pro
2484 5066 2649 5121 malis
2678 5082 2800 5137 quae
2830 5065 2965 5121 foris
3004 5068 3210 5123 tolerat
3234 5084 3465 5139 gemens
3496 5067 3598 5122 do-

297 5149 519 5207 debitis
556 5151 621 5204 ﬁt
645 5150 942 5222 alligatior.
979 5153 1164 5218 (Casa)
1197 5154 1356 5210 Unde
1414 5172 1562 5209 unus
1610 5156 1913 5211 electorum
1996 5161 2094 5225 let,
2134 5174 2325 5213 verum
2349 5173 2449 5228 pro
2492 5155 2579 5210 his
2602 5155 2890 5221 aerumnis,
2925 5156 3316 5212 inﬁrmitatum
3367 5172 3600 5213 suarum

300 5255 563 5296 moerens
591 5238 911 5311 plangebat,
930 5240 1154 5296 dicens:
1186 5243 1376 5298 Multis
1399 5260 1507 5311 me,
1536 5244 1737 5315 inquit,
1761 5250 1922 5316 pater
2003 5252 2062 5303 et
2089 5246 2342 5308 maculis,
2370 5244 2570 5316 quibus
2599 5244 2751 5299 intus
2775 5245 3037 5310 afﬁcitur,
3056 5244 3238 5299 ﬂendo
3256 5244 3454 5315 gemit.
3480 5246 3601 5300 Plo-

302 5344 482 5383 meus
512 5327 882 5382 creditoribus
912 5330 1140 5401 reliquit
1167 5330 1489 5399 obnoxium,
1519 5332 1721 5404 quibus
1753 5333 1925 5387 exsol-

303 5416 501 5472 vendo
516 5416 767 5488 quotidie
793 5416 1005 5486 laboro,
1044 5419 1143 5474 sed
1171 5421 1270 5474 uni
1302 5433 1495 5476 eorum
1544 5421 1814 5476 hactenus
1842 5438 1928 5476 sa-

316 5506 591 5562 tisfacere
620 5521 731 5560 non
754 5521 917 5578 queo,
951 5508 1358 5582 gastrimargize
1388 5510 1685 5582 deplorans
1724 5511 1928 5566 incita-

579 5607 847 5673 ΡΑτιιοι..
896 5608 1085 5670 CXX.

2006 5342 2097 5391 rat
2124 5352 2256 5406 ergo
2286 5351 2352 5388 ea
2388 5350 2499 5388 non
2538 5333 2723 5388 minus
2754 5350 2876 5405 quae
2927 5333 3098 5388 sentit
3142 5332 3396 5401 interius,
3430 5351 3598 5405 quam

2009 5442 2131 5497 quae
2149 5423 2392 5478 exterius
2422 5423 2643 5477 tolerat.
2680 5422 2788 5477 Sed
2817 5421 2971 5494 prius
2993 5422 3391 5492 compungitur
3429 5424 3486 5476 in
3510 5439 3600 5476 cu-

2008 5513 2215 5569 bilibus
2240 5519 2586 5588 secretorum
2606 5511 2878 5578 cordium,
2913 5516 3047 5565 tunc
3092 5509 3322 5567 demum
3361 5509 3602 5567 exterius

3290 5612 3368 5674 34
