3960 6168
470 243 605 303 106⁸7
1328 241 1705 299 PASCHASII
1743 241 2106 298 RADBERTI
2146 242 2449 298 ABBATIS
2488 241 2979 301 CORBEIENSIS.
3553 252 3660 310 1063

467 372 731 444 lacrymis
784 371 1088 426 interiusve
1143 372 1284 425 bene
1331 369 1727 440 rebaptizatur.
1775 369 1855 422 De
1913 368 2065 421 fonte
2083 371 2130 428 Α
2149 373 2284 420 tam.
2319 369 2510 422 Plorat
2537 375 2593 423 et
2621 370 2678 423 in
2708 370 2797 423 his
2829 371 3089 437 maxime,
3113 371 3203 441 qui
3232 389 3286 426 se
3300 373 3666 431 huicmortilica-

469 462 675 533 quippe
704 461 857 515 intus
877 463 1128 516 nascitur
1140 459 1384 530 gemitus
1409 465 1466 512 et
1494 458 1762 528 lacryma,
1779 473 1901 527 quae
1927 456 2064 510 foris
2147 463 2348 510 verunt
2371 459 2590 512 saeculo.
2618 459 2808 513 Plorat
2827 466 3015 513 autem
3050 461 3104 512 in
3131 461 3432 531 virginibus,
3449 464 3601 533 plorat
3620 465 3667 518 in

415 597 418 601 .
466 550 794 620 producitur
832 551 961 604 Ideo
983 549 1284 604 secundum
1302 547 1716 618 Scripturarum
1743 552 2062 600 sanctarum
2145 547 2344 612 viduis,
2378 548 2560 617 plorat
2587 553 2645 601 et
2673 549 2729 601 in
2759 548 3020 602 omnibus
3039 549 3134 619 qui
3155 567 3213 603 se
3235 550 3667 620 impmsentiamm

466 639 694 704 idioma,
720 643 866 692 recte
884 638 1091 692 Christi
1123 635 1366 690 Ecclesia
1390 636 1614 706 plorans
1664 637 1885 706 plorare
1926 635 2064 689 dici-
2148 637 2473 706 peregrinos
2503 643 2840 708 egentesque
2861 644 3295 707 recognoscunt:
3327 639 3446 708 quia
3465 642 3670 708 ὁραῑὶᾳυὶ

465 733 579 794 tur,
608 728 767 782 sicuti
798 734 856 780 et
875 726 1082 797 gaudio
1111 725 1379 795 gaudere,
1427 730 1484 778 et
1531 725 1645 778 vita
1682 726 1898 778 vivere:
1935 727 2066 796 quia
2149 728 3670 794 lugent,quoniamipsiconsolabuntur(Matth.vlMaxime

465 819 713 889 profecto
743 816 906 869 sicuti
936 816 1120 883 majus
1149 813 1360 885 aliquid
1403 819 1488 868 est
1542 820 1600 867 et
1630 815 2060 884 signiﬁcantius.
2146 819 2334 868 tamen
2349 832 2609 886 sponsam
2623 816 2968 886 tunclugere
2986 816 3258 882 convenit,
3283 817 3484 887 quando
3500 823 3555 871 ut
3570 817 3674 871 Pro-

463 909 578 961 vita
610 907 791 960 vivere
821 910 879 959 et
890 905 1097 975 gaudio
1115 905 1386 975 gaudere,
1408 921 1573 974 quam
1588 903 1917 974 simpliciter
1927 921 2064 974 gau-
2145 904 2312 976 pheta
2325 905 2517 974 gemit.
2537 905 2703 958 Nemo
2719 908 2906 972 estqui
2917 907 3224 958 consoletur
3251 921 3364 958 eam
3391 923 3452 958 ex
3468 908 3674 959 omnibus

463 996 662 1050 dereet
674 995 855 1048 vivere
877 1013 887 1048 :
908 994 987 1048 ita
1001 995 1298 1064 majusest,
1315 997 1549 1062 plorans
1581 996 1824 1062 ploravit
1853 993 2057 1060 dicere,
2144 995 2328 1048 charis
2343 998 2476 1062 ejus.
2503 994 2756 1048 Profecto
2787 993 2920 1064 quia
2955 1010 3178 1063 sponso,
3203 993 3427 1064 peccatis
3450 993 3674 1064 exigenti-

462 1090 527 1138 ut
551 1084 865 1138 ubertatem
898 1083 1146 1137 insinuet
1167 1082 1426 1153 perfectae
1452 1081 1897 1152 compunctionis
1925 1082 2065 1136 inte-
2149 1082 2271 1146 bus,
2296 1082 2644 1151 exacerbato,
2675 1099 2802 1136 mox
2832 1099 2944 1136 non
2975 1083 3140 1136 modo
3171 1083 3478 1152 angelorum
3515 1081 3676 1135 auxilio

461 1172 599 1238 rius,
632 1178 689 1226 et
727 1172 1074 1226 aﬂluentiam
1124 1171 1471 1226 demonstret
1515 1171 1889 1241 lacrymarum
1921 1175 2068 1224 exte-
2149 1178 2316 1242 atque
2337 1172 2588 1226 omnium
2621 1177 2940 1225 sanctorum
2966 1171 3305 1233 destituitur,
3341 1187 3511 1224 verum
3544 1170 3676 1224 etiam

461 1261 600 1326 rius,
637 1266 915 1332 quatenus
941 1277 1055 1314 non
1085 1261 1272 1314 minus
1299 1259 1543 1313 exterior
1590 1259 1862 1329 sequitur,
1895 1276 2065 1330 quam
2149 1260 2390 1331 Spiritus
2419 1261 2594 1315 sancti
2624 1260 3003 1314 consolatione
3060 1261 3378 1331 frequenter
3402 1260 3677 1314 desolatur:

463 1356 522 1405 et
547 1350 786 1405 interior
814 1351 982 1404 homo
1013 1349 1084 1403 ad
1115 1349 1398 1420 integrum
1413 1349 1751 1402 reformatus
1780 1347 2060 1402 abluatur.
2147 1349 2300 1404 itaut
2313 1350 2475 1403 amici
2496 1350 2593 1419 qui
2613 1349 2864 1420 gaudent
2886 1350 2956 1402 ad
2978 1365 3167 1402 vocem
3199 1348 3380 1420 sponsi
3410 1351 3570 1413 (Joan.
3593 1350 3678 1415 in),

461 1441 606 1495 Hinc
630 1444 717 1494 est
745 1439 893 1510 quod
922 1438 1194 1508 sequitur,
1241 1439 1500 1504 lacrynw
1543 1440 1662 1506 ejus
1709 1439 1773 1490 in
1812 1439 2064 1490 inaa‘itlis
2147 1444 2203 1493 et
2222 1439 2558 1502 auscultant,
2591 1444 2815 1492 ostenso
2844 1438 2938 1492 illo
2961 1439 3142 1507 magis
3166 1439 3372 1491 luctum
3413 1436 3679 1502 adhibeant,

461 1533 596 1598 ejus.
629 1529 737 1582 Per
763 1526 1022 1581 maxillas
1046 1542 1292 1597 namque
1320 1531 1565 1581 rectores
1615 1525 1972 1580 ecclesiarum
1996 1525 2067 1578 si-
2157 1533 2200 1592 ι
2216 1532 2330 1593 3]
2348 1532 2399 1592 θ
2428 1543 2833 1597 nonnunquam
2844 1528 3350 1597 etlamenta,quam
3363 1526 3515 1580 ullius
3526 1540 3679 1579 conso-

457 1617 817 1688 gnificantur,
844 1616 941 1686 qui
970 1615 1154 1670 sciunt
1182 1631 1284 1669 sua
1314 1620 1371 1669 et
1398 1615 1584 1669 aliena
1607 1615 1812 1669 delicta
1861 1629 2063 1668 curare
2080 1686 2112 1688 _
2148 1615 2355 1670 latione
2375 1617 2646 1670 fomenta.
2693 1616 2855 1670 Unde
2884 1616 3142 1686 sequitur
3165 1640 3174 1670 :
3212 1617 3398 1671 Omnes
3425 1617 3573 1668 amici
3595 1613 3681 1680 eius

461 1711 518 1761 et
545 1707 829 1778 plangere,
863 1721 964 1758 nec
996 1705 1277 1774 detegere.
1309 1705 1391 1758 De
1422 1703 1623 1775 quibus
1670 1703 1812 1759 bene
1835 1704 1894 1758 in
1924 1686 2126 1757 Can-B
2147 1707 3033 1775 spreverunteam,ctfactisuntei
3044 1706 3288 1759 inimici.
3305 1703 3439 1767 Quia
3464 1702 3680 1756 nimirum

459 1794 584 1850 ticis
614 1795 958 1849 canticorum
985 1792 1337 1848 collaudatur
1366 1794 1576 1869 :_Genac
1607 1799 1711 1848 tua:
1737 1796 1878 1847 sicut
1903 1795 2062 1861 [ηις]-
2146 1794 2357 1848 oﬂ'enso
2378 1794 2514 1861 Deo,
2533 1809 2698 1847 nemo
2719 1797 3040 1847 sanctorum
3060 1798 3148 1847 est
3177 1791 3273 1864 qui
3301 1792 3368 1846 ab
3388 1793 3497 1863 ejus
3523 1791 3683 1845 discre-

458 1877 586 1938 men
633 1886 775 1938 mali
805 1885 1022 1952 punici,
1055 1884 1254 1952 absque
1284 1898 1340 1936 eo
1372 1883 1517 1950 quod
1561 1885 1900 1937 intrinsecus
1932 1885 2060 1936 latet
2144 1888 2240 1953 pet
2256 1882 2538 1953 aquitate,
2572 1883 2748 1937 donec
2792 1899 2894 1954 per
2916 1882 3327 1953 paenitentiam.
3363 1881 3560 1935 Christo
3584 1893 3683 1948 pro-

457 1975 637 2040 (Oant.
670 1975 759 2042 1v).
789 1973 937 2042 Ergo
967 1972 1026 2026 in
1074 1971 1315 2025 maxillis
1362 1987 1473 2025 non
1505 1971 1674 2025 modo
1703 1971 2060 2043 pulchritudo
2143 1971 2300 2043 pitio,
2324 1987 2519 2026 rursus
2535 1971 2927 2025 reconcilietur
2953 1971 3023 2025 ad
3040 1971 3539 2026 veniam.Caaterum
3553 1969 3678 2039 juxta

459 2061 715 2118 Ecclesiae
745 2061 1081 2126 ostenditur,
1107 2077 1297 2115 verum
1324 2060 1472 2131 quod
1505 2077 1607 2131 per
1633 2077 1729 2114 eas
1755 2060 1906 2114 intra
1934 2076 2056 2114 cor-
2140 2061 2528 2131 tropologiam,
2561 2060 2752 2114 anima
2778 2060 2922 2114 bene
2973 2061 3204 2130 plorans
3233 2061 3410 2131 plorat
3450 2059 3500 2112 in
3535 2061 3676 2122 nocte,

457 2167 562 2222 pus
590 2150 782 2204 omnia
835 2149 1165 2220 trajicimus,
1201 2165 1397 2204 eorum
1449 2149 1782 2219 designatur
1809 2149 2054 2203 ofﬁcium
2141 2166 2262 2220 quas
2283 2166 2342 2204 se
2378 2149 2645 2220 intelligit
2663 2149 2912 2203 caecitate
2935 2149 3270 2204 delictorum
3317 2163 3528 2203 suorum
3550 2144 3679 2200 undi-

457 2239 906 2310 praedicatorum,
924 2255 1024 2309 per
1043 2254 1183 2310 quos
1204 2238 1326 2308 ipsa
1345 2237 1595 2308 quotidie
1618 2238 1726 2291 fide
1745 2237 1802 2291 in
1834 2237 2056 2292 Christo
2141 2255 2248 2310 que
2277 2238 2554 2293 oﬂuscari.
2577 2239 2755 2302 Quam
2772 2255 2906 2292 sane
2934 2239 3151 2309 peccati
3181 2245 3398 2293 noctem
3433 2237 3562 2290 idem
3586 2249 3682 2304 pro-

457 2334 654 2383 renata
673 2334 1027 2399 aggregatur.
1053 2327 1210 2382 Unde
1229 2327 1361 2380 dum
1380 2327 1506 2397 plus
1521 2327 1736 2381 ceteris
1765 2326 1821 2380 in
1849 2327 2056 2381 Christi
2139 2329 2489 2400 phetalonge
2505 2332 2764 2398 superius
2785 2324 2922 2382 satis
2942 2333 3267 2382 exsecratur
3291 2333 3347 2382 et
3373 2326 3609 2397 deplorat.
3619 2323 3679 2376 De

459 2433 692 2488 corpore
711 2416 986 2481 laborant,
1007 2417 1444 2487 plusgemuntet
1469 2416 1850 2486 plorant.Plus
1867 2416 2058 2486 itaque
2140 2434 2250 2488 quo
2282 2417 2384 2471 Job
2408 2417 2503 2470 ille
2531 2417 2724 2470 dolens
2758 2436 2774 2471 :
2807 2415 2891 2470 Sit
2922 2434 3033 2470 nox
3064 2417 3287 2488 (inquit)
3334 2418 3434 2470 illa
3475 2414 3680 2468 solitaria

457 2506 708 2577 gaudent
735 2523 861 2560 cum
891 2505 1152 2560 nutriunt
1176 2511 1233 2559 et
1257 2511 1532 2575 generant
1546 2505 1614 2558 ad
1630 2504 1797 2558 ﬁdem
1818 2505 2054 2559 electos:
2142 2523 2238 2560 nec
2270 2507 2430 2559 laude
2447 2508 2618 2572 digna
2645 2508 2782 2572 (Job.
2813 2515 2914 2558 Im.
2949 2505 3188 2569 Quando
3205 2507 3541 2574 hacnamque
3559 2503 3683 2555 nocte

458 2595 585 2666 plus
617 2596 809 2649 dolent
859 2600 917 2648 et
962 2595 1157 2665 lugent
1216 2600 1248 2659 Ι
1267 2599 1325 2658 3
1345 2599 1461 2658 l3
1480 2610 1593 2659 eos,
1616 2610 1756 2663 quos
1785 2593 1971 2648 sciunt
1998 2593 2058 2647 in
2141 2596 2330 2649 anima
2358 2594 2884 2658 involvitur,merito
2909 2595 3139 2664 plorans
3169 2595 3388 2665 plorare
3416 2592 3686 2663 perhibetur

457 2689 621 2739 nocte
675 2684 885 2738 versari
935 2684 1287 2747 delictorum,
1320 2683 1407 2736 vel
1440 2683 1648 2736 erroris
1686 2683 1952 2744 caecitate,
1977 2682 2058 2735 id-
2140 2684 2319 2738 ethoc
2344 2699 2456 2737 non
2480 2699 2580 2736 suo
2609 2682 2862 2748 arbitrio,
2889 2683 2986 2736 sed
3017 2683 3245 2736 Domini
3271 2682 3464 2753 gratia.
3482 2681 3688 2749 Propter-

457 2773 602 2828 circo
632 2779 690 2827 et
715 2773 775 2828 in
795 2777 957 2827 nocte
1009 2773 1231 2842 plorare
1285 2771 1504 2826 dicitur.
1541 2772 1733 2824 Plorat
1777 2776 1968 2824 autem
1999 2771 2056 2824 in
2140 2788 2204 2826 ea
2235 2773 2291 2826 in
2321 2787 2560 2842 persona
2588 2772 2687 2825 Dei
2719 2772 2874 2841 prius
2925 2773 3206 2843 propheta
3250 2788 3378 2826 voce
3426 2765 3688 2840 plangentis

457 2868 640 2925 nocte,
667 2863 801 2933 quia
828 2863 886 2915 in
925 2860 1191 2914 maestitia
1212 2860 1396 2929 posita
1433 2859 1696 2913 tenebras
1726 2860 2057 2914 delictorum
2141 2862 2377 2915 clamat:
2409 2861 2678 2926 Quomodo
2697 2862 2838 2914 sedet
2890 2865 3004 2914 sola
3051 2864 3269 2925 civ-itas,
3304 2869 3360 2914 et
3383 2866 3562 2913 caetera
3593 2870 3688 2926 qua:

459 2967 690 3006 suorum
718 2967 831 3004 non
850 2950 1095 3018 ignorat,
1119 2953 1176 3002 et
1191 2948 1470 3019 lacrymas
1496 2948 1552 3001 in
1573 2948 1815 3002 maxillis
1848 2953 2054 3018 portat,
2079 3000 2119 3020 η
2142 2954 2473 3020 sequuntur.
2498 2948 2762 3018 Alioquin
2794 2948 2902 3002 nisi
2930 2949 3210 3003 Dominus
3232 2966 3353 3003 eam
3383 2949 3523 3018 prius
3535 2945 3688 2998 videns

459 3044 524 3093 ut
537 3000 906 3110 pulchritud:
910 3037 1063 3090 illius
1091 3000 1340 3106 quotidie
1354 3041 1672 3090 renovetur.
1715 3036 1827 3107 Ipsi
1848 3000 2120 3107 quippe,C
2145 3000 2319 3094 solam
2350 3039 2566 3100 sedere.
2612 3000 2995 3092 misericordia
3045 3045 3238 3093 motus
3276 3000 3571 3110 planxisset,
3595 3033 3685 3103 ipsa

460 3132 593 3181 sunt
624 3126 861 3179 maxillae
890 3124 1166 3189 Ecclesiaa,
1200 3123 1295 3195 qui
1345 3129 1403 3178 et
1448 3130 1636 3178 cortex
1664 3125 1796 3178 mali
1828 3125 2014 3196 punici
2046 3144 2057 3180 :
2146 3144 2206 3181 se
2239 3126 2470 3179 minime
2521 3125 2747 3196 plorans
2793 3125 3045 3180 deﬂeret.
3099 3128 3195 3180 Sic
3223 3143 3459 3197 namque
3495 3123 3608 3195 quia
3628 3136 3691 3173 re

463 3215 597 3286 quia
617 3231 729 3268 non
751 3215 931 3268 solum
953 3213 1248 3284 trajiciunt
1277 3231 1377 3268 nos
1399 3214 1457 3267 in
1482 3231 1683 3286 corpus
1712 3214 1938 3276 Christi,
1963 3215 2060 3269 sed
2144 3216 2326 3287 spexit
2341 3215 2612 3269 Dominus
2625 3215 2874 3279 Petrum,
2913 3214 3032 3285 ipse
3062 3217 3390 3269 recordatus
3412 3212 3548 3267 verbi
3571 3212 3687 3270 Jesu,

463 3307 519 3356 et
539 3307 740 3372 tegunt
759 3319 884 3356 cum
905 3301 1772 3372 ruborepulchritudinisChristi
1788 3303 2062 3373 sanguine
2144 3320 2269 3358 mox
2300 3303 2451 3356 ﬂevit
2481 3303 2838 3356 amarissime
2867 3304 3086 3370 (Matth.
3125 3306 3301 3371 xxvi).
3335 3302 3483 3367 Quod
3518 3300 3557 3354 si
3583 3298 3691 3351 bene

462 3392 770 3455 decoratos,
792 3397 848 3445 et
865 3392 1049 3445 celant
1063 3391 1254 3445 omnia
1293 3391 1442 3445 infra
1471 3392 1646 3463 ipsius
1675 3392 1904 3457 viscera,
1940 3409 2062 3463 quae
2144 3392 2464 3465 perpendis.
2486 3391 2567 3445 ita
2594 3391 2652 3445 in
2675 3391 2935 3445 omnibus
2965 3392 3386 3462 Scripturarum
3423 3395 3689 3445 sanctarum

463 3481 801 3535 intrinsecus
824 3481 1018 3534 latent.
1045 3480 1320 3535 Dicuntur
1338 3498 1470 3551 ergo
1486 3498 1643 3551 genae
1668 3481 1923 3535 Ecclesiae
1945 3481 2063 3534 fore
2145 3481 2392 3535 invenies
2425 3481 2575 3546 locis,
2605 3496 2699 3534 eos
2730 3480 2976 3551 perfecte
3010 3485 3141 3551 post
3185 3482 3404 3552 culpam
3433 3479 3616 3533 redisse
3639 3471 3691 3527 ad

465 3570 634 3624 etiam
665 3575 722 3624 et
741 3571 885 3624 sicut
913 3570 1171 3633 turturis,
1202 3575 1267 3624 ut
1321 3587 1415 3624 eos
1459 3570 1712 3640 designet
1737 3569 1830 3640 qui
1877 3570 2064 3624 solita-
2147 3569 2491 3641 poenitentiae
2520 3569 2789 3632 lamenta,
2849 3584 2989 3639 quos
3032 3568 3195 3638 prius
3244 3569 3345 3623 Dei
3397 3564 3630 3639 praevenit
3650 3565 3692 3614 et

463 3660 608 3714 riam
640 3665 696 3714 et
750 3666 963 3713 castam
1015 3658 1258 3728 diligunt
1283 3659 1476 3712 vitam.
1533 3659 1809 3712 Dicuntur
1827 3665 1884 3711 et
1919 3659 2065 3712 sicut
2146 3657 2333 3712 divina
2354 3657 2598 3728 respexit
2623 3656 2940 3711 clementia.
2979 3659 3258 3726 Lacryma
3285 3657 3502 3730 (inquit)
3529 3659 3625 3723 ejus
3645 3653 3691 3703 in

465 3747 666 3802 areolae
686 3754 1002 3801 aromatum
1027 3763 1149 3816 quae
1177 3747 1403 3800 consitae
1431 3752 1564 3800 sunt
1614 3763 1645 3799 a
1677 3746 2064 3817 pigmentariis
2147 3747 2401 3800 mamillis
2433 3749 2567 3814 ejus.
2602 3745 2828 3799 Maxilla
2878 3761 3126 3817 namque
3182 3748 3384 3801 animm
3435 3745 3610 3799 intima
3631 3741 3694 3793 est

469 3839 645 3906 (Cant.
679 3838 750 3906 v),
787 3838 958 3891 etiam
988 3842 1053 3890 ut
1079 3854 1173 3890 eos
1205 3837 1453 3890 insinuet
1492 3835 1587 3906 qui
1641 3835 1950 3888 theoricam
1972 3852 2062 3888 se—
2146 3833 2486 3888 conscientia
2514 3852 2524 3887 :
2560 3834 2690 3904 quia
2713 3833 2858 3887 sicut
2883 3834 3067 3888 vultus
3107 3835 3167 3888 in
3217 3834 3454 3888 maxillis
3480 3831 3693 3886 informa-

468 3931 694 3980 ctantur
727 3927 918 3990 vitam,
949 3929 1006 3978 et
1035 3925 1381 3979 orationibus
1423 3925 1513 3977 die
1562 3928 1843 3994 noctuque
1872 3924 2063 3977 deser-
2146 3929 2258 3988 tur,
2291 3924 2370 3976 ita
2389 3923 2829 3994 uniuscujusque
2861 3923 3103 3994 qualitas
3133 3923 3192 3977 in
3218 3922 3543 3978 conscientia
3567 3932 3694 3972 mon-

466 4016 645 4080 viunt,
668 4015 724 4068 in
756 4015 956 4085 quibus
989 4031 1115 4068 vere
1141 4020 1224 4068 est
1251 4014 1608 4084 pulchritudo
1629 4013 1990 4067 ecclesiarum
2011 4015 2070 4065 et
2149 4015 2378 4066 stratur.
2401 4012 2612 4066 Idcirco
2631 4013 2890 4083 lacrymae
2900 4014 3029 4082 jure
3061 4013 3119 4066 in
3152 4013 3393 4067 maxillis
3420 4027 3530 4065 esse
3553 4003 3695 4080 perhi-

473 4104 740 4157 virtutum
759 4103 915 4166 odor,
932 4103 1324 4172 quosimpetus
1354 4101 1600 4155 ﬂuminis
1629 4101 1780 4154 intus
1799 4101 2062 4164 laetiﬁcat,
2150 4101 2374 4165 bentur,
2408 4106 2473 4154 ut
2509 4117 2797 4170 nunquam
2841 4102 3187 4156 conscientia
3235 4101 3502 4173 peccatrix
3528 4115 3555 4150 a
3579 4097 3697 4149 fonte

471 4196 529 4244 et
548 4190 775 4243 ubertas
795 4190 1170 4260 lacrymarum
1199 4190 1472 4243 inebriat:
1509 4189 1644 4260 quia
1686 4189 1952 4244 nimirum
1983 4205 2072 4243 eo-
2154 4191 2530 4261 lacrymarum
2559 4190 2715 4244 arida
2747 4189 3085 4256 inveniatur,
3124 4192 3224 4244 sed
3251 4190 3541 4245 secundum
3565 4177 3700 4239 David

470 4295 596 4332 rum
628 4278 892 4350 lacrymae
921 4278 1169 4347 omnium
1209 4283 1342 4330 sunt
1368 4270 1633 4334 lamenta.
1671 4278 1840 4331 etiam
1870 4293 2063 4332 eorum
2153 4279 2325 4349 (Psal.
2361 4285 2411 4347 L)
2445 4295 2635 4333 coram
2673 4295 2732 4333 se
2762 4294 2983 4350 semper
3010 4285 3242 4349 peccata
3299 4296 3400 4334 sua
3424 4291 3626 4350 ponens.
3652 4284 3700 4322 ea

474 4368 567 4440 qui
587 4367 888 4438 practicam
913 4372 1119 4436 gerunt
1135 4365 1324 4430 vitam,
1349 4365 1483 4418 dum
1512 4353 2133 4437 himaximegemuntD
2152 4384 2274 4438 quae
2298 4367 2527 4422 admisit
2555 4367 2742 4438 puniri
2775 4366 2996 4422 ﬂetibus
3024 4384 3137 4422 non
3191 4369 3432 4423 omittat.
3459 4366 3546 4420 Sin
3591 4359 3697 4414 alias

471 4474 573 4529 pro
605 4455 863 4510 omnibus
903 4460 961 4508 et
1008 4455 1233 4519 deﬂent,
1269 4453 1365 4524 qui
1403 4459 1535 4508 sunt
1564 4471 1628 4508 ac
1657 4455 1703 4507 si
1733 4456 1932 4510 areolae
1960 4456 2067 4509 vir—
2151 4473 2306 4510 nemo
2335 4462 2411 4510 est
2438 4459 2537 4526 qui
2561 4457 2872 4511 consoletur
2895 4473 3013 4510 eam
3031 4473 3095 4510 ea:
3120 4459 3378 4512 omnibus
3401 4455 3566 4510 charis
3591 4453 3696 4518 ejus.

471 4551 659 4600 tutum
689 4545 916 4599 consitae
935 4561 970 4598 a
991 4542 1397 4614 pigmentariis,
1431 4543 1697 4615 apostolis
1727 4543 1985 4599 videlicet
2011 4549 2069 4599 et
2151 4544 2512 4599 Consolatorc
2540 4544 2767 4610 amisso,
2785 4545 2998 4600 scilicet
3023 4546 3238 4617 Spiritu
3273 4552 3459 4600 sancto
3479 4541 3693 4608 eﬂugatoa

473 4633 790 4705 apostolicis
816 4633 966 4687 viris.
999 4631 1484 4704 Prodestnamque
1512 4633 1744 4688 Marthae
1765 4633 2063 4700 laboranti,
2149 4634 2463 4704 praesertim
2492 4650 2617 4688 cum
2661 4651 2856 4688 omnes
2910 4635 3076 4688 amici
3115 4634 3448 4699 charissimi,
3486 4627 3698 4684 videlicet

474 4722 744 4794 quidquid
774 4723 949 4776 Maria
981 4739 1140 4776 secus
1199 4722 1366 4792 pedes
1421 4721 1646 4776 Domini
1699 4723 1966 4793 deplorat.
2000 4724 2070 4777 Et
2151 4739 2332 4794 pravae
2359 4723 2672 4777 dilectionis
2698 4739 2814 4777 sua:
2831 4724 3081 4790 affectus,
3103 4724 3236 4777 facti
3273 4728 3403 4778 sunt
3421 4721 3469 4776 ei
3503 4710 3691 4773 inimici.

471 4812 598 4865 ideo
617 4810 758 4865 bene
780 4812 988 4865 Christi
1018 4811 1379 4865 ecclesiarum
1423 4811 1686 4882 lacrymaa
1719 4811 1777 4864 in
1830 4812 2069 4866 maxillis
2152 4812 2375 4884 quando
2427 4812 2487 4865 in
2539 4811 2630 4866 die
2682 4812 3032 4866 allocutionis
3087 4813 3401 4867 novissimae
3440 4803 3696 4864 secundum

473 4901 718 4955 deﬂuere
765 4900 1095 4971 probantur,
1146 4907 1420 4967 quatenus
1479 4901 1731 4955 omnium
1779 4901 2070 4955 charitatis
2149 4901 2480 4972 Apostolum
2518 4901 3100 4971 insurgentiRomJi),
3134 4902 3393 4956 miseram
3423 4897 3697 4953 accusantes

472 4997 617 5056 vota,
645 5006 819 5044 unum
875 4990 1261 5044 holocaustum
1284 4990 1400 5043 ﬁat.
1438 4990 1628 5043 Plorat
1668 4988 1842 5056 igitur
1867 5006 2070 5060 sponsa
2151 4990 2389 5044 invicem
2419 4990 2839 5056 conscientiam,
2901 4991 3268 5061 cogitationes
3321 4995 3498 5044 autem
3542 4979 3694 5038 defen-

471 5081 636 5151 longe
655 5080 724 5134 ab
755 5079 946 5150 sponsi
977 5078 1062 5132 sui
1089 5083 1303 5132 remota
1322 5078 1688 5149 amplexibus,
1713 5078 1770 5132 in
1793 5079 1895 5132 hac
1926 5080 2067 5133 valle
2150 5079 2367 5133 dentes.
2393 5080 2549 5133 Tunc
2577 5079 2767 5150 itaque
2795 5096 2907 5134 non
2965 5081 3144 5134 solum
3173 5077 3480 5133 charissimi
3508 5074 3695 5127 allectus

470 5170 845 5240 lacrymarum
877 5169 1035 5240 quasi
1069 5168 1124 5221 in
1145 5173 1304 5221 nocte
1333 5167 1681 5237 ignorantiae.
1715 5174 1903 5223 tamen
1936 5168 2084 5231 sub-.
2151 5168 2845 5239 privatis,quinuncquasi
2862 5169 3026 5223 amici
3049 5169 3324 5232 videntur,
3351 5155 3692 5238 permulcendo

472 5258 700 5314 arrhata
729 5259 857 5312 dote
879 5256 1211 5321 dilectionis,
1247 5263 1302 5310 et
1326 5256 1603 5310 inebriata
1632 5257 1756 5311 vino
1794 5275 2065 5329 compun-
2150 5258 3314 5328 infelicemspernentaccusantesanimam,
3350 5270 3524 5310 verum
3554 5249 3687 5304 etiam

469 5346 690 5400 ctionis.
719 5349 909 5400 Plorat
938 5347 1185 5418 primum
1219 5345 1276 5399 in
1321 5346 1638 5417 pastoribus
1671 5353 1728 5400 et
1753 5348 2066 5402 rectoribus
2148 5347 2255 5418 ipsi
2287 5348 2567 5402 daemones
2592 5365 2951 5419 persuasores
2992 5347 3238 5420 pessimi,
3275 5345 3368 5416 qui
3410 5357 3543 5397 nunc
3574 5333 3691 5391 deci-

469 5436 728 5497 suis,non
751 5437 934 5490 solum
959 5452 1056 5506 pro
1083 5435 1232 5489 illius
1273 5435 1466 5506 patriae
1496 5436 1736 5490 caelestis
1765 5437 2062 5505 desiderio,
2147 5437 2351 5510 piendo
2381 5437 2676 5491 blandiunt
2713 5438 2983 5503 incautos,
3031 5437 3332 5492 atrociores
3359 5441 3483 5488 tunc
3502 5429 3690 5483 econtra

466 5543 660 5582 verum
687 5531 745 5582 et
771 5532 1001 5599 propter
1029 5525 1401 5598 quorumdam
1421 5542 1650 5581 suorum
1671 5527 1968 5598 reprobam
1990 5527 2066 5582 vi-
2147 5543 2274 5582 cum
2305 5526 2563 5582 omnibus
2585 5541 2706 5598 quze
2724 5528 3021 5598 gessimus,
3039 5525 3332 5584 instabunt
3354 5515 3690 5579 inimiciQua'
