3918 6166
202 259 342 321 1069

886 258 1268 320 EXPOSITIO
1308 262 1387 320 IN
1425 260 2033 321 LAMENTATIONES
2068 259 2423 319 JEREMIIE.
2466 288 2531 306 -
2570 261 2708 321 LIB.
2749 264 2795 320 Ῑ.

3246 240 3253 251 ’
3341 270 3475 332 1070

199 391 429 459 prOpter
445 385 671 457 quando
691 385 1070 440 consolantem
1091 386 1282 442 anima
1301 387 1572 459 Spiritum
1591 387 1863 449 amittitA
1881 384 2341 458 pertimescerent
2354 386 2425 442 ad
2442 404 2704 459 presens,
2724 405 3085 463 nequaquam
3102 391 3247 449 hanc
3268 394 3477 452 Christi

219 480 461 542 1³18
505 475 777 541 divinum,
811 475 1092 529 instanter
1123 476 1386 547 imploret
1419 478 1701 542 eumdem,
1734 482 1802 532 ut
1881 474 2184 530 Ecclesium
2214 475 2424 530 diutius
2449 476 2529 530 ita
2549 478 2994 545 conscinderent,
3015 481 3228 537 diutius
3248 487 3305 538 et
3332 484 3477 539 dila-

203 564 410 618 secund
419 581 513 618 um
531 563 946 618 multitudinem
965 564 1175 618 doloris
1193 566 1300 630 sui,
1319 566 1637 621 consolator
1652 567 1801 621 idem
1882 563 2124 630 niarent,
2144 580 2327 635 neque
2345 564 2616 620 offensam
2636 567 2739 622 Dei
2771 568 3049 637 manibus,
3076 576 3141 626 ut
3168 571 3249 626 ita
3273 572 3476 640 dicam,

203 653 302 724 qui
321 658 380 706 et
399 652 713 723 paracletus
730 652 978 707 animam
996 653 1303 715 desolatam
1324 671 1520 709 rursus
1539 655 1800 722 laetiﬁcet,

205 742 432 814 quando
463 742 535 796 ad
569 741 656 796 sui
686 741 876 813 sponsi
903 743 1110 809 oscula,
1149 743 1403 798 hostibus
1431 743 1682 815 devictis,
1711 761 1803 799 re-

198 831 507 902 conciliata
526 831 834 903 perveniat.
862 830 1147 902 Sequitur.

915 990 1101 1028 GIMEL.

275 1097 495 1153 Littera
542 1113 665 1169 quae
707 1098 990 1166 plenitudo
1031 1098 1453 1169 interpretatur.
1510 1098 1807 1153 Plenitudo

204 1203 453 1259 namque
476 1187 811 1241 delictorum
830 1189 1079 1254 migrare
1099 1189 1225 1254 fecit
1247 1191 1509 1242 miseram
1524 1189 1728 1243 Judam
1748 1188 1808 1242 in

203 1276 590 1348 captivitatem
619 1293 631 1329 :
650 1276 783 1346 quia
800 1276 1138 1331 cumulando
1156 1276 1260 1331 sibi
1283 1278 1563 1331 atrociora
1584 1277 1807 1355 delicta,

206 1367 310 1422 Dei
357 1365 681 1437 provocavit
720 1364 865 1418 iram
896 1384 908 1417 :
958 1365 1206 1435 alioquin
1237 1366 1357 1436 ejus
1397 1366 1504 1421 nisi
1532 1366 1809 1437 completa

205 1461 360 1511 esset
382 1454 618 1520 malitia,
632 1454 703 1507 ad
729 1458 945 1508 tantam
968 1454 1255 1509 dedecoris
1274 1454 1645 1525 ignominiam
1668 1471 1808 1526 gens

204 1545 305 1598 illa
322 1544 483 1616 prius
502 1544 707 1597 dilecta
723 1544 856 1608 Deo,
875 1559 987 1597 non
1006 1545 1367 1615 pervenisset.
1388 1544 1531 1599 Nam
1546 1545 1694 1613 (Gen.
1719 1544 1807 1608 xv)

199 1635 395 1704 justus
433 1632 607 1703 judex
654 1632 926 1687 Dominus
961 1632 1199 1687 Abrahae
1238 1633 1419 1687 amico
1457 1649 1561 1688 suo
1602 1638 1808 1686 terram

1887 656 2254 721 attraherent,
2283 655 2565 712 intentum
2582 658 2830 730 undique
2842 660 3057 717 inimici
3071 662 3119 717 si
3137 662 3476 734 ingruerint,

1888 748 1952 799 ut
1978 760 2092 799 non
2120 745 2230 799 nisi
2258 745 2408 800 inter
2427 746 2606 802 civilia
2625 746 2772 802 bella
2800 753 2857 803 et
2878 749 3288 807 discordiarum
3318 754 3480 813 flam-

1886 848 2033 900 mas,
2073 833 2222 888 inter
2261 834 2721 906 depopulationes
2766 837 2979 909 patriae,
3034 845 3092 894 et
3137 839 3481 914 direptiones

1890 921 2248 976 ecclesiarum
2280 923 2403 991 Dei,
2435 924 2587 979 inter
2621 925 2925 982 seditiones
2968 932 3027 983 et
3054 928 3300 998 fraudes,
3333 930 3483 988 inter

1888 1011 2151 1065 scandala
2178 1014 2236 1065 et
2254 1011 2501 1084 rapinas,
2517 1013 2667 1069 inter
2686 1016 3074 1088 oppressiones
3092 1034 3404 1092 pauperum
3426 1026 3484 1076 et

1889 1100 2068 1154 caedes
2095 1106 2319 1155 nosmet
2346 1100 2583 1156 invicem
2626 1110 3047 1175 persequentes,
3078 1106 3199 1162 sine
3225 1112 3483 1180 respectu

1891 1188 1993 1243 Dei
2021 1204 2192 1259 quam
2223 1189 2503 1261 ignaviter
2527 1190 2678 1245 inter
2704 1191 2934 1247 insidias
2964 1199 3021 1249 et
3047 1195 3263 1267 flagitia
3290 1197 3485 1271 depre-

1890 1277 2226 1333 hendentur.
2251 1279 2319 1333 Et
2336 1277 2463 1334 ideo
2480 1295 2609 1333 cum
2630 1280 2905 1352 prepheta
2927 1298 3225 1354 possumus
3243 1286 3487 1342 clamare

1892 1371 2202 1437 gementes,
2246 1368 2395 1438 quod
2433 1384 2535 1423 nec
2573 1368 2767 1436 ullam,
2801 1369 2975 1424 etiam
3004 1370 3151 1426 inter
3196 1374 3485 1430 ministros

1889 1455 2103 1522 altaris,
2129 1456 2282 1521 intus
2302 1456 2505 1511 forisve
2534 1455 2809 1512 habemus
2829 1458 3102 1531 requiem,
3134 1460 3248 1515 imo
3276 1462 3488 1533 migra-

1892 1561 2020 1599 mus
2062 1561 2095 1599 a
2134 1545 2281 1599 malo
2310 1544 2368 1599 in
2396 1546 2576 1617 pejus,
2606 1545 2824 1616 jamdiu
2853 1554 3211 1618 peccatorum
3239 1550 3492 1623 oppressi

1893 1634 2054 1698 mole,
2090 1639 2148 1688 et
2177 1650 2211 1687 a
2243 1634 2697 1704 persecutoribus
2738 1634 2947 1708 ubique
2986 1637 3181 1692 invisis
3217 1638 3366 1694 inter
3395 1656 3492 1695 an-

207 1724 662 1777 Chananaorum
704 1721 763 1775 in
793 1721 1178 1776 haereditatem
1202 1739 1331 1776 cum
1370 1721 1807 1793 repromitteret,
1828 1704 2107 1792 Bgustias
2136 1721 2627 1792 deprehendimur.
2661 1723 2771 1779 Sed
2802 1704 3077 1779 etwanima
3104 1728 3393 1783 moraliter
3411 1729 3494 1784 vi-

209 1811 459 1866 necdum
488 1828 547 1866 se
564 1810 701 1866 dare
720 1827 883 1882 posse
903 1811 1162 1881 denegat,
1185 1811 1335 1882 quia,
1354 1811 1554 1882 inquit,
1570 1811 1810 1866 necdum
1895 1810 2106 1865 tiorum
2132 1810 2342 1864 afﬂicta
2367 1809 2635 1865 servitute
2675 1817 2868 1866 nostra
2909 1812 2969 1867 in
2999 1830 3112 1884 qua
3137 1815 3257 1869 sola
3286 1817 3495 1871 Christi

208 1901 496 1972 completa
522 1905 657 1955 sunt
685 1903 917 1971 peccata
942 1900 1401 1954 Amorrhaeorum
1424 1918 1435 1951 ξ
1463 1906 1672 1972 quanto
1699 1917 1815 1954 ma-
1896 1899 2167 1953 confessio
2180 1915 2310 1954 voce
2331 1905 2513 1961 sonat,
2528 1899 2672 1954 male
2693 1901 3079 1972 transmigrat,
3101 1903 3237 1958 dum
3255 1904 3325 1958 de
3346 1905 3495 1959 vitiis

212 1991 302 2061 gis
329 1994 562 2060 gentem
588 1989 913 2060 gloriosam,
939 1988 1157 2059 sibique
1193 1989 1354 2044 valde
1387 1989 1672 2059 dilectam,
1701 2005 1815 2043 non
1900 1987 2149 2060 quotidie
2165 1986 2236 2042 ad
2257 1987 2370 2041 alia
2388 1988 2720 2059 captivatur.
2754 1989 2832 2043 Ex
2858 1988 3063 2061 quibus
3084 1992 3385 2067 Apostolus
3405 1993 3496 2049 in-

210 2079 323 2133 nisi
356 2078 429 2133 ob
457 2078 866 2150 plenitudinem
889 2083 947 2131 et
967 2078 1361 2133 enormitatem
1391 2078 1667 2133 scelerum
1693 2094 1818 2133 suo-
1898 2075 2211 2147 gemiscens
2240 2076 2480 2131 clamat:
2524 2078 2678 2131 Video
2711 2077 2930 2149 (inquit)
2964 2080 3027 2133 in
3067 2082 3328 2135 membris
3359 2085 3495 2137 meis

209 2184 343 2223 rum
396 2167 639 2222 inimicis
682 2166 978 2221 traderet?
1026 2167 1238 2222 Idcirco
1284 2167 1341 2221 in
1384 2167 1490 2221 hac
1537 2167 1819 2222 sententia
1900 2168 2077 2220 aliam
2101 2169 2268 2234 legem
2296 2171 2697 2239 repugnantem
2728 2169 2836 2234 tegi
2856 2170 3057 2222 mentis
3078 2184 3223 2234 mea,
3253 2175 3302 2223 et
3329 2174 3499 2240 capti-

208 2256 734 2327 transmigrationis
748 2256 923 2321 Judze,
953 2257 1082 2326 jure
1098 2256 1300 2320 Gimel,
1326 2256 1380 2310 id
1403 2261 1488 2310 est
1506 2256 1815 2328 plenitudo,
1902 2260 2127 2310 nantem
2156 2270 2239 2309 me
2268 2257 2333 2308 in
2360 2257 2471 2322 tege
2492 2257 2705 2324 peccati
2735 2257 2903 2325 (Rom.
2926 2257 3044 2325 vn).
3073 2256 3209 2321 Quae
3228 2257 3502 2313 nimirum

208 2345 557 2418 proponitur
585 2367 597 2399 :
617 2350 682 2399 ut
703 2344 779 2399 sit
797 2361 1014 2410 sensus,
1042 2344 1175 2416 quia
1199 2347 1246 2400 t1
1260 2346 1427 2412 VReg.
1451 2362 1587 2412 xxv;
1618 2347 1817 2399 Jerem.

209 2436 402 2505 χχχιχ)
454 2450 555 2506 pro
602 2433 952 2505 plenitudine
1004 2438 1361 2505 peccatorum
1407 2433 1685 2504 captivata
1740 2439 1825 2488 est

209 2525 371 2580 inter
396 2524 605 2591 hostes,
637 2528 695 2577 et
732 2538 845 2577 non
874 2524 1055 2577 solum
1088 2522 1309 2577 eminus
1354 2522 1506 2577 inter
1534 2522 1823 2578 Chaldaeos

210 2613 271 2668 in
299 2613 695 2684 Babyloniam,
718 2628 911 2666 verum
940 2612 1011 2666 ad
1046 2611 1533 2683 exaggerationem
1554 2611 1823 2665 crudelis-

212 2705 380 2759 simae
417 2701 777 2773 captivitatis.
809 2702 977 2756 etiam
1021 2700 1152 2755 inde
1178 2700 1399 2771 longius
1432 2704 1660 2771 propter
1684 2700 1826 2753 affli-

214 2793 473 2847 ctionem
503 2797 560 2845 et
586 2790 826 2845 multam
860 2789 1187 2844 servitutem
1217 2788 1648 2859 transmigrasse
1672 2788 1825 2842 inter

1905 2342 2201 2413 emigratio
2224 2344 2346 2414 jam
2372 2343 2441 2398 de
2460 2343 2584 2414 lege
2608 2343 2760 2398 venit
2778 2345 2990 2415 peccati
3018 2350 3084 2400 ut
3110 2346 3269 2401 nulla
3294 2347 3368 2409 sit
3392 2347 3505 2402 alia

1905 2431 2175 2486 evadendi
2191 2431 2300 2497 via,
2322 2431 2430 2486 nisi
2447 2448 2616 2505 quam
2635 2431 2755 2503 ipse
2777 2432 3122 2489 demonstrat
3149 2454 3161 2489 :
3186 2438 3393 2506 Infelix
3411 2454 3502 2506 ego

1911 2519 2134 2591 (inquit)
2168 2520 2347 2586 homo,
2378 2523 2503 2590 quis
2528 2537 2612 2576 me
2638 2522 2895 2576 liberabit
2916 2525 2979 2577 de
3008 2539 3230 2595 corpore
3264 2528 3460 2580 mortis
3479 2531 3504 2579 Ρ

1905 2608 2047 2664 Tum
2081 2608 2320 2664 fidenter
2367 2609 2633 2664 continuo
2662 2609 2836 2687 infert
2867 2629 2878 2663 :
2922 2611 3117 2667 Gratia
3152 2612 3381 2685 (inquit)
3407 2615 3507 2669 Dei

1903 2714 2007 2767 per
2035 2700 2222 2753 Jesum
2262 2698 2567 2753 Christum.
2603 2697 2712 2753 Sed
2742 2698 2951 2753 misera
2980 2717 3104 2772 quae
3145 2701 3216 2755 ab
3243 2701 3504 2759 hostibus

1907 2790 1965 2841 et
2011 2785 2462 2857 persecutoribus
2510 2786 2629 2841 suis
2666 2786 2815 2842 inter
2857 2789 3169 2860 angustias,
3217 2807 3510 2867 pregnan-

212 2886 447 2935 exteras
477 2879 684 2950 passim
703 2883 917 2948 gentes,
942 2894 1046 2931 nec
1065 2877 1342 2931 invenisse
1369 2877 1640 2947 requiem,
1674 2892 1825 2929 ama-
1910 2875 2052 2929 tium
2083 2891 2262 2940 more,
2296 2874 2356 2928 in
2385 2875 2648 2930 extremis
2675 2876 2823 2930 male
2850 2875 2999 2932 fessa
3041 2877 3503 2949 deprehenditur.

210 2969 449 3025 rissime
478 2968 805 3039 deploratur
835 2985 846 3020 :
882 2966 1031 3037 quod
1062 2982 1351 3020 servorum
1397 2971 1484 3019 est
1512 2964 1819 3019 infidelium
1841 3019 1881 3039 η
1908 2964 2068 3018 Unde
2107 2963 2419 3018 Dominus:
2474 2966 2551 3019 Vae
2595 2964 2821 3036 (inquit)
2855 2968 3275 3035 pragnantibus
3304 2972 3353 3021 et
3395 2983 3503 3023 nu-

208 3076 347 3115 cum
359 3058 540 3112 nimia
554 3061 891 3128 premuntur
905 3054 1190 3120 servitute,
1213 3054 1421 3125 passim
1442 3054 1633 3124 fugam
1653 3054 1816 3110 inire.
1839 3052 1884 3079 υ
1904 3055 2203 3108 trientibus
2231 3056 2296 3107 in
2326 3056 2429 3108 illa
2458 3054 2546 3108 die
2571 3054 2789 3125 (Matth.
2815 3067 2880 3122 II,
2908 3052 2983 3126 4).
3018 3054 3319 3129 Sequitur:

207 3150 333 3205 Nec
350 3146 658 3211 immerito,
679 3145 775 3215 qui
789 3143 1106 3198 libertatem
1123 3142 1430 3197 amiserant
1449 3142 1819 3208 (lenissimum

205 3240 551 3309 spernentes
571 3236 774 3305 jugum
796 3232 1108 3287 dilectionis
1137 3232 1238 3285 Dei
1263 3230 1724 3302 repromissiones
1751 3230 1822 3285 de

209 3326 466 3392 Christe)
488 3324 537 3378 si
566 3323 742 3377 nimia
766 3327 1133 3377 conterantur
1150 3321 1453 3375 afflictione
1485 3325 1541 3374 et
1565 3336 1822 3391 preman-
1988 3322 2088 3376 Via:
2102 3322 2238 3377 Sion
2264 3325 2473 3389 lugent,
2498 3338 2555 3377 eo
2573 3324 2720 3392 quod
2735 3339 2846 3377 non
2858 3326 2971 3378 sint
2986 3326 3087 3395 qui
3102 3327 3504 3382 vem'antadso—

208 3422 310 3472 tur
340 3413 632 3478 servitute,
655 3417 721 3466 ut
740 3411 836 3482 qui
853 3410 1023 3466 veluti
1053 3411 1192 3465 Cain
1222 3426 1331 3464 non
1363 3414 1825 3463 contremuerunt
1908 3412 2275 3465 lemnitatem.
2294 3411 2489 3465 Omnes
2518 3416 2692 3480 porta:
2731 3415 2847 3480 ejus
2879 3414 3182 3480 destructa),
3205 3417 3504 3487 sacerdotes

209 3504 361 3560 Abel
409 3503 560 3571 (Gen.
597 3504 696 3571 iv),
749 3499 1034 3555 Christum
1081 3498 1353 3564 videlicet,
1404 3496 1636 3551 fratrem
1677 3495 1828 3567 peri-
1912 3502 2029 3567 ejus
2044 3504 2331 3567 gementes,
2356 3502 2598 3568 virgines
2618 3503 3031 3571 cjussqualidae,
3054 3507 3103 3556 et
3124 3505 3242 3570 ipsa
3257 3519 3506 3573 oppressa

210 3608 399 3657 mere,
431 3590 559 3661 vagi
608 3606 674 3644 ac
707 3588 929 3661 profugi
958 3588 1067 3644 huc
1104 3587 1348 3658 illucque
1392 3584 1648 3639 habitent
1681 3585 1831 3639 inter
1912 3590 2314 3643 amaritudine.
2339 3588 2465 3642 Iam
2482 3588 2677 3659 itaque
2706 3594 2953 3665 1330
2970 3590 3260 3661 praemisso
3272 3607 3503 3662 genere,

210 3685 444 3752 gentes,
478 3695 581 3733 nec
607 3678 783 3732 ullam
814 3676 1160 3732 invenientes
1189 3674 1463 3745 requiem,
1505 3674 1601 3728 sed
1638 3689 1829 3727 secum
1861 3723 1881 3736 ,
1913 3677 2120 3731 transit
2147 3677 2219 3731 ad
2256 3678 2607 3748 singularum
2639 3678 2853 3749 species
2885 3694 3273 3749 personarum,
3308 3686 3504 3750 quate-

211 3784 450 3841 semper
477 3772 767 3840 portantes
788 3765 1131 3822 confusionis
1153 3765 1241 3820 sui
1258 3762 1625 3836 ignominiam
1646 3779 1830 3834 perer-
1912 3783 2019 3821 nus
2034 3767 2166 3821 dum
2182 3766 2253 3821 ad
2270 3782 2449 3837 genus
2469 3782 2569 3837 per
2589 3767 2800 3837 species
2816 3766 3099 3832 dividitur,
3124 3772 3178 3821 et
3195 3768 3405 3840 species
3420 3785 3506 3827 re-

212 3866 437 3915 rantes.
468 3857 628 3914 Unde
659 3856 915 3928 sequitur
944 3874 957 3909 :
995 3855 1190 3911 Omnes
1215 3860 1580 3924 persecutores
1609 3857 1725 3921 ejus
1743 3855 1830 3907 de-
1912 3856 2266 3927 dintegratur
2290 3855 2347 3910 in
2365 3855 2789 3927 genere,1uctus
2811 3855 3051 3928 amplior
3076 3856 3498 3928 multiplicetur,

204 3948 638 4020 prehenderunt
656 3961 786 3999 eum
803 3948 951 3999 inter
967 3946 1277 4012 angustias.
1296 3942 1519 3997 Scilicet
1537 3959 1571 3996 a
1591 3958 1829 4012 quorum
1912 3951 2238 4016 crescatque
2263 3945 2440 4000 dolor.
2470 3946 2540 4001 Et
2568 3945 2704 4017 quia
2719 3944 2931 4017 placuit
2959 3945 3244 4017 prophetae
3272 3947 3503 4004 threnos

212 4036 553 4109 captivitate
568 4033 869 4090 crudeliter
887 4032 1271 4105 Oppressi,per
1295 4032 1488 4102 fugam
1516 4035 1826 4095 evaserant,
1912 4035 2036 4105 lege
2055 4034 2288 4088 metrica
2315 4050 2668 4110 componere,
2698 4034 2979 4089 saecularis
3006 4035 3383 4105 eloquentiam
3423 4037 3505 4111 di-

216 4126 278 4182 hi
310 4141 415 4183 eos
440 4142 639 4180 rursus
660 4127 1058 4195 persequentes
1080 4122 1228 4175 inter
1240 4124 1531 4190 angustias
1561 4119 1830 4190 multipli-
1909 4125 2153 4197 sciplinze
2174 4126 2369 4197 figuris
2385 4125 2664 4182 interdum
2681 4131 2862 4191 ornat,
2884 4126 2963 4180 ita
2982 4132 3048 4180 ut
3066 4143 3194 4181 mox
3210 4144 3313 4200 per
3332 4135 3507 4186 meta.

212 4218 367 4273 aiter
395 4213 654 4280 afflictos,
686 4212 899 4267 nullam
931 4210 1204 4265 habentes
1227 4208 1497 4280 requiem,
1530 4209 1588 4263 in
1619 4209 1830 4279 disper—
1911 4214 2146 4286 phoram
2180 4215 2582 4287 proprietatem
2617 4216 2739 4286 lege
2772 4216 3060 4269 rhetorum
3082 4218 3359 4273 sermonis
3373 4219 3504 4274 red-

215 4306 446 4362 sionem
473 4302 728 4374 gentium
759 4298 1053 4354 minaciter
1088 4298 1578 4370 deprehenderint.
1615 4297 2025 4397 Quibustat,
2048 4304 2191 4358 Hinc
2220 4321 2441 4375 quoque
2473 4305 2569 4360 vim
2592 4304 2811 4376 (inquit)
2844 4304 2977 4360 Sion
2992 4305 3207 4376 lugent,
3232 4309 3504 4379 nonquod

214 4402 427 4451 nostra
437 4393 465 4447 J
472 4391 750 4446 erusalem
759 4389 1084 4460 frequenter
1090 4389 1254 4458 juxta
1264 4403 1553 4457 anagogen
1567 4402 1832 4457 perpessa
1845 4389 1887 4397 ”
1910 4392 2147 4460 viarum,
2174 4393 2375 4464 quibus
2394 4394 2583 4449 nullus
2599 4399 2686 4449 est
2704 4410 2920 4460 sensus,
2945 4399 3116 4465 queat
3135 4401 3284 4449 esset
3297 4395 3498 4461 luctus,

216 4483 415 4546 malis,
447 4479 798 4535 amarissime
826 4493 1050 4549 quoque
1082 4477 1385 4549 plangitur,
1428 4475 1578 4546 quod
1621 4474 1831 4545 migra-
1912 4480 2009 4535 sed
2040 4481 2173 4551 quia
2200 4481 2460 4553 poterant
2498 4483 2712 4537 luctum
2761 4482 3004 4537 excitare
3048 4482 3491 4548 transeuntibus,

218 4572 395 4635 verit,
440 4568 701 4623 libertate
731 4566 939 4621 omissa
977 4564 1207 4630 Christi,
1243 4564 1300 4618 in
1332 4566 1661 4618 servitutem
1688 4580 1829 4634 gen-
1910 4568 2288 4641 lugubresque
2316 4570 2511 4635 videri,
2542 4587 2606 4625 eo
2628 4571 2777 4642 quod
2797 4587 2909 4625 non
2925 4571 3043 4625 sint
3069 4570 3165 4642 qui
3194 4570 3504 4626 veniantad

2580 3210 2824 3253 DALETH.

220 4661 396 4725 tium,
414 4663 475 4712 et
490 4656 853 4711 afflictionem
870 4654 1100 4709 nimiam
1128 4658 1174 4722 ι
1186 4658 1247 4720 8
1261 4657 1378 4720 ιθ
1393 4652 1813 4720 vitiorum,intei

1911 4659 2325 4714 solemnitatem
2368 4661 2509 4731 ejus.
2562 4659 2637 4714 Et
2682 4676 2785 4714 nec
2810 4659 3015 4717 mirum
3042 4658 3208 4714 debet
3234 4659 3430 4727 videri,
3458 4661 3506 4716 si

219 4765 375 4821 quas
401 4745 647 4818 profecto
675 4744 891 4799 nullam
919 4741 1134 4798 invenit
1160 4742 1403 4814 quietem
1434 4742 1533 4797 sed
1560 4742 1710 4797 inter
1734 4758 1831 4795 an-
1912 4747 2011 4802 viae
2025 4747 2157 4802 Sion
2175 4747 2367 4818 lugere
2388 4746 2665 4812 dicantur,
2687 4762 2813 4800 cum
2829 4751 2887 4800 et
2906 4747 3125 4819 Moyses
3143 4748 3285 4803 dans
3299 4748 3501 4823 legem,

210 4837 450 4909 gustias
478 4852 511 4889 a
541 4832 994 4906 persecutoribus
1031 4831 1354 4886 afﬂictionis
1391 4831 1599 4903 iniqua!
1633 4832 1833 4903 depre-
1915 4841 2087 4892 testes
2119 4836 2349 4890 advocet
2369 4835 2568 4891 coelum
2598 4840 2656 4889 et
2678 4840 2890 4890 terram
2921 4848 2933 4883 :
2965 4837 3193 4890 Attende
3215 4841 3428 4911 cretum,
3457 4843 3508 4893 et

214 4930 416 4984 hensa
440 4924 737 4995 affligitur.
1915 4927 2057 4981 audi
2087 4931 2260 4994 terra,
2281 4926 2445 4979 verba
2464 4927 2576 4978 oris
2598 4925 2895 4992 mei(Deut.
2920 4938 3064 4990 χχχι,
3081 4923 3189 4993 3‘2).
3210 4926 3288 4979 Ac
3303 4925 3505 4980 deinde

302 5015 473 5082 Quod
501 5015 548 5070 si
580 5020 637 5069 et
661 5014 735 5069 ad
759 5013 1008 5067 litteram
1036 5028 1206 5083 super
1224 5011 1370 5065 hanc
1404 5014 1678 5075 nostram,
1713 5023 1835 5080 quae
1918 5014 2097 5069 Isaias
2130 5016 2261 5083 (cap.
2293 5013 2415 5082 xui)
2444 5016 2573 5085 post
2600 5012 3114 5083 praevaricationem
3144 5014 3396 5084 ejusdem
3422 5013 3505 5067 le-

220 5112 393 5165 recte
416 5104 689 5160 confessio
723 5104 1059 5175 appellatur,
1083 5102 1219 5157 talia
1247 5100 1485 5157 volueris
1505 5100 1838 5170 interpreta-
1916 5101 2024 5173 gis,
2047 5102 2270 5156 eosdem
2291 5117 2485 5154 rursus
2506 5099 2725 5155 reducit
2740 5100 2797 5154 in
2814 5101 3216 5165 testimonium,
3236 5106 3301 5155 ut
3311 5105 3514 5156 cuncta

221 5200 303 5265 ri,
334 5195 517 5251 habes
535 5194 606 5249 de
620 5192 896 5265 plurimis,
920 5192 1070 5247 unde
1088 5191 1298 5246 offenso
1326 5191 1442 5244 Deo
1471 5188 1561 5244 cui
1589 5187 1839 5259 quotidie
1922 5191 2202 5244 elementa
2218 5194 2550 5260 cognoscant
2575 5189 2728 5259 juste
2745 5190 2924 5244 Deum
2948 5189 3007 5245 in
3042 5190 3253 5244 ultione
3282 5188 3513 5244 manda-
3560 5235 3572 5245 .

219 5300 558 5361 peccamus,
580 5281 1019 5355 lacrymabiliter
1039 5281 1293 5353 plangas,
1309 5278 1559 5334 ecclesiis
1586 5293 1707 5349 quae
1728 5277 1841 5331 cul-
1918 5284 2112 5347 torum
2155 5294 2386 5332 suorum
2425 5277 2496 5333 ad
2526 5276 2879 5333 iracundiam
2917 5278 3276 5334 concitatum.
3310 5278 3511 5352 Sicque

222 5378 325 5451 pis
356 5372 734 5445 exigentibus,
762 5372 900 5442 jugo
921 5375 1255 5441 premuntur
1275 5383 1644 5440 paganorum,
1668 5365 1842 5419 nimia
1917 5367 2047 5437 jure
2078 5366 2271 5437 lugere
2293 5366 2393 5421 viae
2416 5366 2548 5421 Sion
2569 5367 2931 5439 planguntur,
2952 5371 3229 5438 quatenus
3248 5368 3394 5438 juste
3416 5368 3526 5422 Dei

221 5470 542 5523 vastantur
570 5460 890 5528 afflictione,
911 5459 1016 5515 sub
1039 5458 1426 5515 crudelissima
1454 5472 1645 5511 eorum
1666 5454 1842 5510 servi-
1925 5456 2136 5511 offensa
2181 5455 2481 5529 contigisse
2527 5456 2723 5511 eodem
2761 5457 2819 5511 in
2848 5455 3055 5528 populo
3082 5454 3431 5527 intelligatur
3455 5462 3514 5511 et

216 5560 373 5618 tute
397 5548 892 5625 oppressis.Quam
912 5550 960 5605 si
979 5549 1157 5606 nostri
1178 5547 1365 5623 divino
1384 5544 1624 5620 permoti
1642 5544 1845 5619 timore
1924 5542 2245 5617 tabularum
2267 5544 2544 5623 quadrata
2559 5544 2957 5621 intromittitur
2975 5543 3189 5621 species
3207 5542 3513 5623 secundum
