3918 6166
566 305 700 364 1071

1328 308 1384 362 s.
1427 306 1805 363 PASCHASII
1843 306 2203 363 RADBERTI
2244 264 2546 362 ABsA'rls
2583 304 3072 361 CORBEIENSIS.

3607 310 3706 367 1072

565 449 878 504 anagogen,
902 432 1050 505 quod
1068 428 1268 488 Daleth
1288 432 1479 487 littera
1490 449 1691 487 sonare
1711 432 1941 489 dicitur:
1961 424 2227 495 Daleth'A
2246 433 2397 498 Sion,
2431 448 2622 486 verum
2652 429 2944 502 paradisus
2973 428 3158 482 anima
3182 428 3463 484 vocabatur.
3489 432 3625 502 Cujus
3647 434 3709 487 ni-

564 538 810 595 namque
841 525 1164 578 tabularum
1194 522 1613 593 interpretatur.
1644 523 1893 586 Quarum
1920 523 2161 594 denique

2245 521 2452 576 mirum
2476 520 2579 574 vim
2598 520 2812 589 lugent,
2830 519 3057 573 effectus
3086 516 3339 583 videlicet,
3354 519 3467 589 quia
3487 536 3574 574 non
3597 528 3708 587 sunt,

565 612 747 666 officio
778 612 1032 667 Ecclesim
1061 612 1260 665 domus
1289 627 1538 665 connexa
1570 611 1844 682 quadrato
1873 611 2163 683 consurgit
2242 609 2633 681 ingruentibus
2657 608 2837 672 malis,
2864 607 2959 679 qui
2986 606 3208 660 veniant
3228 607 3290 660 ad
3318 608 3548 662 solemnia
3566 609 3713 664 divine

564 701 827 755 culmine.
859 701 1002 755 Huic
1030 700 1249 771 quoties
1277 705 1472 754 nostra
1487 699 1622 754 Sion
1646 700 1799 755 intus
1819 701 2021 755 forisve
2041 700 2157 755 suis

563 790 917 860 exigentibus
937 788 1115 860 culpis
1134 789 1383 860 repletur
1401 788 1778 844 amaritudine
1797 790 2003 844 furoris
2031 789 2153 857 Dei,

562 879 970 949 meritolugent
986 878 1105 945 vim,
1123 882 1298 949 portm
1309 878 1608 932 destructm
1623 879 2156 949 jacent,sacerdotes

556 972 811 1038 gemunt,
824 966 1178 1039 virginesque
1197 966 1464 1038 squalidm
1491 967 1876 1037 deplorantur,
1898 973 1964 1022 ut
1983 967 2157 1023 totius

557 1054 884 1110 tabulatura
939 1056 1138 1110 domus
1181 1055 1543 1127 quaternario
1574 1055 1870 1127 designata
1918 1073 2154 1111 numero

557 1160 827 1200 concussa
851 1138 1137 1200 videatur.’
1159 1145 1239 1199 De
1269 1144 1471 1216 quibus
1499 1145 1665 1216 plane
1693 1144 1795 1198 viis
1813 1145 1962 1199 idem
1992 1146 2156 1217 longe

557 1235 817 1305 superius
853 1235 1129 1306 propheta
1162 1233 1297 1288 dicit
1325 1252 1336 1287 :
1375 1234 1522 1290 State
1570 1238 1635 1288 in
1670 1236 1796 1301 viis,
1832 1240 1881 1288 et
1908 1236 2078 1289 videte
2106 1241 2154 1289 et

556 1326 894 1392 interrogate
924 1327 1043 1377 vias
1070 1324 1299 1377 Domini
1320 1325 1539 1389 (Jerem.
1567 1325 1666 1391 v1).
1694 1323 1763 1377 Et
1782 1328 1847 1377 ut
1873 1323 1969 1376 alii
1998 1323 2153 1377 codi-

555 1428 646 1466 ces
659 1412 896 1467 habent:
913 1413 988 1466 De
1009 1415 1114 1466 viis
1138 1413 1381 1477 Domini,
1406 1414 1637 1480 quaerite
1655 1428 1772 1481 qua:
1786 1415 1859 1466 sit
1882 1416 1967 1466 via
1990 1415 2150 1480 bona,

555 1506 605 1555 et
634 1502 913 1555 ambulate
939 1503 1003 1555 in
1031 1517 1113 1554 ea.
1140 1500 1223 1554 Ne
1243 1500 1388 1554 forte
1412 1499 1738 1555 oberrantes
1763 1518 1797 1555 a
1819 1501 1928 1568 via,
1944 1501 2150 1556 idcirco

2238 698 2745 771 contemplationis,
2776 714 2841 751 eo
2870 696 3017 768 quod
3047 701 3103 750 et
3130 700 3310 767 portm,
3330 697 3539 768 quinque
3559 698 3717 753 scilicet

2240 805 2527 855 sensuum,
2568 788 2864 842 destructm
2897 787 3089 856 jacent
3116 804 3126 838 :
3159 802 3283 840 nam
3310 785 3437 840 sicut
3460 791 3569 840 sunt
3590 793 3715 857 porte

2240 879 2456 945 mortis,
2475 879 2555 932 ita
2574 883 2632 932 et
2643 875 2897 948 justitim.
2912 876 2994 930 De
3015 874 3213 945 quibus
3230 891 3354 929 sane
3373 876 3716 946 portiszAperite

2239 969 2384 1022 mihi
2412 968 2675 1039 (psalmus
2718 964 2926 1037 inquit)
2964 970 3150 1034 portas
3179 966 3414 1034 justitia’,
3441 969 3485 1017 et
3510 967 3716 1031 ingressu:

2238 1059 2301 1111 in
2319 1073 2425 1123 eas,
2443 1057 2637 1110 deinde
2665 1056 2954 1123 conﬁtebor
2972 1054 3232 1108 Domino:
3257 1053 3356 1107 hac
3375 1058 3513 1121 porta
3534 1054 3714 1119 Domini,

2228 1148 2375 1215 justi
2422 1146 2721 1199 intrabunt
2752 1159 2849 1212 per
2886 1159 3005 1196 eam
3047 1141 3214 1214 (Psal.
3263 1144 3440 1209 cxvn).
3477 1141 3535 1195 Et
3557 1142 3716 1195 Isaias:

2236 1237 2457 1305 Aperite
2481 1239 2670 1303 portas
2699 1238 2747 1286 et
2791 1232 3147 1300 ingrediatur
3178 1246 3301 1298 gens
3319 1235 3461 1299 justa
3489 1231 3590 1299 (lsa.
3611 1235 3718 1293 nu}.

2236 1325 2389 1389 Quas
2401 1324 2535 1378 dum
2564 1321 2748 1393 angeli
2768 1320 3049 1392 aperiunt,
3065 1336 3176 1374 non
3191 1319 3281 1373 ille
3301 1319 3580 1374 Judmorum
3595 1318 3722 1388 abjec-

2233 1418 2325 1467 tus
2355 1419 2391 1478 Ι
2408 1417 2596 1477 παπ
2617 1410 2791 1464 intrat
2806 1407 3165 1480 populus,sed
3184 1424 3318 1477 gens
3335 1407 3551 1461 ﬁdelium
3564 1412 3724 1460 turma-

2234 1518 2342 1573 que
2360 1501 2651 1555 virtutum.
2666 1499 2817 1563 Quas
2832 1498 3018 1552 nullus
3037 1496 3359 1566 ingreditur,
3374 1495 3471 1551 nisi
3483 1496 3562 1566 qui
3574 1496 3627 1549 de
3642 1510 3725 1565 por-

553 1604 668 1642 non
684 1589 866 1643 solum
883 1593 1034 1643 stare
1042 1587 1431 1660 jubet,verum
1452 1594 1509 1643 et
1523 1589 1727 1657 videre,
1747 1590 1950 1645 deinde
1972 1590 2149 1644 inter-
2230 1592 2305 1645 tis
2347 1590 2565 1653 mortis,
2589 1588 2853 1642 vitiorum
2882 1586 3111 1653 scilicet,
3144 1587 3399 1652 elevatur,
3427 1589 3483 1639 ut
3505 1583 3726 1638 annuntiet

552 1693 752 1748 rogare
781 1678 898 1732 vias
927 1678 1319 1749 sempiternas,
1353 1677 1411 1732 id
1450 1681 1536 1732 est
1568 1679 1917 1749 patriarchas
1944 1684 2002 1734 et
2027 1696 2151 1751 pro-
2233 1696 2427 1734 omnes
2455 1678 2648 1733 laudes
2673 1675 2881 1731 Christi
2904 1675 2963 1730 in
2988 1675 3164 1746 portis
3192 1674 3381 1729 divinae
3398 1671 3724 1743 contemplatio

550 1767 769 1838 phetas,
796 1783 918 1838 qum
937 1767 1013 1821 sit
1030 1767 1121 1821 via
1137 1766 1304 1833 bona,
1322 1767 1515 1837 sicque
1529 1767 1819 1822 ambulare
1838 1768 1896 1821 in
1917 1785 2002 1823 ea.
2030 1769 2147 1824 Nec
2166 1755 2212 1816 Β
2230 1769 2336 1823 nis.
2353 1768 2461 1824 Sed
2480 1770 2612 1837 quia
2642 1781 2790 1819 mors
2818 1764 2888 1818 ad
2908 1781 3011 1819 nos
3036 1763 3279 1818 introivit
3291 1779 3386 1833 per
3409 1765 3630 1830 fenestras
3642 1776 3726 1813 nos-

548 1855 725 1926 igitur
751 1856 1036 1910 immerito
1065 1856 1184 1910 vias
1213 1856 1444 1910 dixerim
1468 1872 1564 1911 eos
1577 1858 1705 1928 jure
1725 1857 2015 1929 appellari,
2046 1875 2148 1930 per
2229 1864 2345 1912 tras
2369 1858 2590 1929 (Jercm.
2621 1856 2718 1924 Ix),
2753 1853 2974 1925 squalet
3001 1852 3291 1923 virginitas
3308 1852 3509 1918 animae,
3527 1857 3575 1905 et
3594 1848 3725 1919 regale

549 1960 690 2016 quos
719 1944 791 1999 ad
814 1961 988 1999 unam
1014 1961 1317 2015 veramque
1346 1945 1672 2017 pervenitur
1693 1946 1839 2000 viam
1864 1965 1877 2013 ;
1908 1952 1975 2001 ut
2002 1947 2147 2002 sicut

545 2034 642 2089 lux
670 2040 804 2090 sunt
820 2033 998 2090 sancti
1019 2034 1409 2106 prmdicatores
1429 2035 1581 2103 dicti,
1606 2035 1842 2107 aliisque
1865 2052 1900 2090 a
1921 2036 2143 2093 Christo

544 2123 866 2179 nominibus
896 2123 1185 2178 sublimati
1213 2141 1225 2177 :
1258 2123 1339 2177 ita
1363 2123 1478 2178 sint
1503 2124 1605 2179 vim
1633 2141 1889 2196 superum
1917 2125 2051 2180 Sion
2080 2143 2145 2181 ac

543 2218 720 2285 portm
769 2212 1144 2284 interpretati.
1177 2213 1338 2268 Unde
1382 2218 1440 2267 et
1487 2229 1523 2267 a
1562 2213 1808 2284 quodam
1846 2219 2141 2285 poetarum

541 2302 883 2371 (Prudent.),
898 2301 1084 2373 prima
1098 2301 1363 2356 credendi
1381 2301 1474 2355 via
1493 2300 1777 2356 Abraham
1802 2303 2136 2373 appellatur.

542 2389 677 2452 Qum
702 2407 837 2445 sane
864 2389 965 2445 vim
996 2390 1215 2460 quoties
1241 2389 1530 2455 deﬁciunt,
1550 2396 1608 2444 et
1633 2407 1747 2445 non
1774 2397 1908 2445 sunt
1934 2391 2030 2462 qui
2049 2409 2137 2446 ve-

538 2478 706 2534 niunt
733 2479 804 2534 ad
821 2478 1094 2534 solemnia
1113 2479 1353 2534 cmlestis
1368 2478 1581 2551 patriae,
1595 2479 1792 2551 lugent
1802 2486 1859 2535 et
1874 2487 2129 2552 gemunt,

544 2573 589 2634 l
604 2574 728 2635 32
743 2575 777 2634 Ι
821 2569 1133 2640 praesertim
1161 2568 1295 2639 quia
1322 2572 1499 2639 portm
1518 2568 1816 2624 destructm
1836 2569 2097 2625 videntur
2118 2596 2129 2630 ε

533 2656 616 2712 ita
633 2663 698 2712 ut
715 2674 818 2712 nec
835 2657 941 2729 ipsi
965 2657 1062 2729 qui
1083 2656 1263 2711 ofﬁcio
1285 2656 1549 2712 dicuntur
1567 2674 1805 2729 praeesse
1824 2659 2126 2723 introeant,

533 2758 637 2801 nec
668 2747 807 2801 alios
836 2746 1070 2800 introire
1118 2747 1469 2815 permittant.
1504 2746 1697 2800 Ululat
1724 2763 1857 2815 ergo
1888 2749 2131 2819 prOphe-

530 2841 610 2901 ta,
644 2835 791 2906 quod
821 2836 920 2890 vim
948 2835 1082 2889 Sion
1106 2834 1355 2903 lugeant,
1383 2835 1566 2911 ululat
1584 2840 1641 2888 et
1662 2839 1834 2903 portm
1863 2836 2010 2905 quod
2038 2837 2132 2891 de-

531 2929 758 2978 structm
782 2925 992 2993 jacent.
1028 2922 1277 2985 Quarum
1306 2937 1482 2975 unum
1513 2927 1636 2976 erat
1665 2922 1909 2976 cilicium
1940 2941 2129 2995 perve-

529 3010 723 3063 niendi
765 3011 837 3064 ad
868 3011 992 3064 vitm
1026 3009 1254 3079 gaudia,
1287 3010 1366 3062 sic
1395 3024 1543 3063 unus
1580 3010 1833 3080 ploratus
1863 3017 1917 3065 et
1943 3013 2127 3069 luctus

2226 1951 2479 2001 nostrum
2505 1945 2683 2015 gemit
2709 1942 3102 2007 sacerdotium,
3131 1942 3263 1997 dum
3286 1941 3544 2012 replemur
3565 1937 3727 2010 provir-

2225 2035 2443 2089 tutibus
2476 2033 2627 2087 vitiis
2658 2031 3038 2087 amaritudine
3065 2030 3408 2086 delictorum.
3439 2030 3501 2083 Et
3526 2028 3626 2082 ideo
3647 2025 3725 2096 pri-

2227 2141 2384 2179 mum
2412 2122 2774 2195 egrediamur
2800 2120 2869 2175 de
2899 2121 3077 2192 portis
3120 2120 3334 2185 mortis,
3364 2136 3476 2190 qum
3501 2115 3725 2189 praevalere

2223 2217 2514 2284 nequeunt
2545 2212 2812 2266 adversus
2858 2210 3209 2281 Apostolum.
3258 2208 3461 2263 Deinde
3487 2212 3641 2278 portas
3662 2218 3728 2275 per

2224 2319 2364 2374 quas
2393 2318 2545 2356 mors
2573 2299 2809 2366 introiit,
2836 2314 3042 2371 sensus
3085 2297 3340 2352 videlicet
3359 2300 3573 2359 nostros,
3590 2308 3727 2347 rursus

2218 2391 2554 2446 mdiﬁcemus
2566 2390 2980 2458 interrogantes
2995 2403 3121 2458 qum
3142 2386 3216 2441 sit
3240 2386 3326 2440 via
3343 2385 3479 2439 bona
3495 2384 3555 2438 de
3569 2381 3649 2436 viis
3658 2381 3729 2435 Do-

2217 2480 2356 2534 mini
2389 2497 2400 2533 :
2437 2479 2570 2551 quia
2594 2482 2728 2532 sunt
2750 2477 2850 2531 vim
2876 2493 2998 2547 qum
3027 2476 3292 2531 videntur
3303 2470 3725 2531 hominibushom,

2216 2584 2457 2640 quarum
2482 2566 2789 2622 novissima
2807 2565 3145 2635 demergunt
3163 2565 3219 2619 in
3236 2563 3548 2636 profundum
3560 2558 3729 2615 infemi.

2217 2657 2428 2712 Idcirco
2458 2662 2515 2711 et
2542 2656 2591 2711 si
2621 2656 2811 2710 multm
2841 2660 2975 2709 sunt
2998 2654 3116 2723 vim,
3133 2654 3428 2725 multmque
3450 2653 3625 2723 jauum,
3653 2662 3731 2701 una

2214 2763 2437 2818 semper
2484 2746 2542 2800 in
2576 2745 2759 2817 capite
2796 2749 3073 2809 teneatur,
3120 2760 3223 2814 per
3264 2759 3426 2814 quam
3454 2735 3729 2795 solummodo

2208 2836 2350 2905 justi
2380 2834 2776 2907 ingrediuntur
2804 2833 2876 2888 ad
2901 2833 3074 2887 vitam
3107 2837 3166 2887 et
3196 2836 3431 2904 pergunt
3457 2846 3547 2902 per
3568 2843 3678 2882 eam.

2953 2992 3044 3030 HE.

528 3097 710 3152 diram
728 3098 798 3152 ad
817 3097 1227 3169 paenitentiam.
1252 3097 1467 3151 Deinde
1481 3099 1798 3153 sacerdotes
1814 3108 2124 3171 gementes,
2145 3108 2189 3169 ο
2280 3104 2431 3157 Facti
2458 3108 2589 3157 sunt
2620 3103 2789 3155 hostes
2820 3104 2935 3170 ejus
2964 3102 3027 3154 in
3058 3102 3254 3169 capite,
3295 3100 3509 3153 inimici
3532 3098 3661 3149 illius
3682 3094 3732 3145 lo-

527 3185 795 3240 dicuntur
823 3186 1064 3257 virgines
1083 3186 1205 3255 ejus
1233 3186 1501 3256 squalidm
1535 3205 1546 3240 :
1582 3193 1858 3258 quatenus
1895 3192 2124 3262 squalor
2202 3194 2464 3259 cupletati
2490 3196 2623 3245 sunt
2657 3210 2671 3244 :
2703 3193 2838 3259 quia
2868 3190 3139 3243 Dominus
3159 3193 3370 3243 locutus
3396 3191 3465 3241 est
3492 3199 3632 3253 super
3644 3195 3731 3235 eam

525 3274 864 3345 respondeat
886 3274 958 3329 ad
985 3274 1403 3329 destructuram
1435 3280 1747 3347 portarum,
1777 3279 2022 3348 gemitus
2049 3281 2121 3336 ad
2195 3266 2421 3353 propter
2441 3281 2863 3334 multitudinem
2886 3280 3263 3346 iniquitatum
3281 3281 3411 3346 ejus.
3435 3273 3638 3330 Parvuli
3651 3273 3733 3337 ejus

524 3362 740 3418 luctum
759 3362 976 3418 viarum
1009 3362 1207 3417 :sicuti
1233 3370 1292 3417 et
1317 3363 1608 3434 virginitas
1629 3370 1779 3419 recte
1808 3368 2119 3423 sacerdotio
2205 3371 2360 3424 ducti
2388 3375 2519 3423 sunt
2546 3373 2607 3422 in
2642 3371 3013 3437 captivitatem
3056 3372 3191 3420 ante
3230 3368 3424 3435 faciem
3454 3360 3731 3418 tributantis.

525 3451 838 3524 copulatur,
862 3469 927 3508 eo
959 3453 1107 3524 quod
1128 3453 1243 3507 sint
1262 3453 1471 3523 regula:
1491 3455 1865 3511 sacerdotium
1887 3473 2081 3512 omnes
2105 3479 2117 3514 :

524 3543 901 3598 sacerdotium
947 3560 1169 3615 quoque
1200 3559 1311 3597 non
1352 3542 1538 3597 minus
1576 3544 1823 3598 castitati
1874 3551 2118 3617 aptatur,

524 3647 695 3704 quam
722 3638 780 3688 et
798 3632 1108 3703 virginitati
1127 3632 1584 3697 decoris.Quibus
1604 3636 1982 3705 constupratis
1993 3653 2122 3707 gra-

523 3720 708 3789 dibus,
748 3721 917 3793 digne
948 3737 1061 3775 non
1088 3726 1207 3774 tam
1239 3736 1434 3775 eorum
1465 3720 1752 3792 plangitur
1780 3724 1911 3791 vita,
1950 3741 2119 3795 quam

523 3815 581 3865 et
602 3810 962 3882 sequentium
1000 3808 1237 3881 reproba
1284 3809 1343 3863 in
1388 3809 1519 3863 ﬁliis
1560 3810 1904 3881 deploratur.
1959 3813 2118 3869 Unde

521 3900 673 3955 omni
706 3900 919 3972 repleta
967 3898 1345 3953 amaritudine
1381 3898 1727 3969 generaliter
1754 3902 2120 3971 conqueritur

517 3989 680 4059 juxta
726 3989 875 4058 quod
904 3988 1115 4043 dictum
1160 3992 1246 4042 est
1277 4006 1288 4041 :
1335 3988 1468 4059 quia
1496 3990 1546 4041 si
1571 3992 1908 4057 compatitur
1938 4007 2117 4046 unum

517 4077 851 4136 membrum,
876 4080 1295 4145 compatiuntur
1317 4079 1507 4137 omnia
1524 4078 1769 4131 membra
1788 4079 1973 4141 (1007'.
1997 4082 2116 4150 xu).

519 4165 801 4218 Praeterea
819 4164 865 4218 si
897 4164 1011 4218 sint
1039 4165 1135 4235 qui
1164 4165 1398 4219 veniunt
1424 4166 1704 4237 corporeis
1730 4166 2016 4237 gressibus
2045 4168 2117 4222 ad

519 4250 779 4307 Ecclesim
806 4252 1022 4319 limina,
1056 4253 1218 4323 pauci
1263 4253 1564 4308 admodum
1604 4254 1662 4309 in
1692 4255 2116 4327 confrequenta-

516 4341 673 4398 tione
694 4355 873 4412 usque
892 4340 962 4393 ad
979 4355 1152 4394 cornu
1172 4341 1367 4394 altaris
1388 4342 1615 4412 Dei,qui
1636 4344 1758 4413 ejus
1778 4345 1977 4399 festiva
1988 4362 2114 4400 con-

2207 3458 2600 3523 Qumrendum,
2639 3457 2862 3528 quando
2889 3456 2976 3509 vel
3013 3454 3109 3509 ubi
3157 3454 3428 3510 Dominus
3475 3452 3661 3506 locutus
3681 3445 3734 3499 sit

2204 3565 2376 3619 super
2400 3564 2545 3613 eam,
2582 3551 2681 3600 aut
2711 3545 2845 3617 quid
2871 3545 3092 3599 locutus
3120 3543 3218 3611 sit,
3252 3560 3323 3598 ne
3343 3544 3479 3598 forte
3504 3540 3613 3595 ideo
3635 3534 3735 3591 talia

2203 3637 2284 3691 eis
2313 3635 2610 3707 contigisse
2638 3634 2843 3705 aliquis
2887 3630 3036 3687 dicat
3067 3651 3078 3686 :
3115 3633 3264 3697 Quia
3290 3632 3548 3687 Dominus
3566 3629 3733 3681 locutus

2202 3730 2305 3791 est,
2340 3724 2489 3795 quod
2520 3722 2712 3777 multis
2732 3721 3148 3792 Scripturarum
3188 3721 3250 3775 in
3279 3720 3410 3775 locis
3431 3719 3505 3773 ita
3519 3711 3733 3786 simplici-

2199 3818 2288 3869 ter
2308 3813 2518 3867 dictum
2543 3811 2808 3882 reperies,
2835 3810 2996 3881 quasi
3024 3809 3125 3863 Dei
3150 3801 3734 3879 sententiaprmscribere

2200 3903 2448 3974 aliquem
2475 3901 2733 3955 videatur
2763 3899 2834 3954 ad
2874 3899 2931 3953 id
2962 3898 3112 3970 quod
3141 3898 3402 3953 infertur.
3436 3895 3536 3951 Sed
3562 3906 3655 3947 non
3676 3888 3734 3941 ita

2200 3990 2647 4062 intelligendum,
2701 3988 2947 4060 alioquin
2991 3987 3145 4042 Deus
3193 3988 3435 4059 injustas
3461 3984 3730 4037 videretur:

2200 4096 2331 4133 nam
2362 4079 2431 4134 de
2466 4079 2572 4132 hac
2609 4076 2886 4132 sententia
2941 4075 3185 4147 legimus
3231 4076 3289 4131 in
3337 4066 3731 4129 Deuteronomio.

2199 4168 2346 4240 quod
2401 4166 2729 4240 prmceperit
2762 4166 2983 4237 Moyses
3025 4169 3178 4218 stare
3229 4163 3425 4219 Ruben
3452 4166 3734 4226 cmterasque

2196 4257 2376 4312 tribus
2405 4272 2575 4328 super
2621 4259 2869 4309 montem
2907 4252 3083 4309 Hebel
3130 4253 3204 4308 ad
3249 4240 3734 4311 maledicendum,si

2196 4348 2300 4402 Dei
2322 4345 2608 4401 noluerint
2637 4344 2832 4399 audire
2863 4348 2920 4398 et
2946 4341 3229 4398 custodire
3259 4341 3535 4400 mandata,
3557 4332 3691 4392 sicuti
3713 4346 3736 4384 ε

514 4432 800 4489 celebrent
819 4429 1046 4501 gaudia,
1069 4429 1205 4483 dum
1235 4434 1410 4501 portm
1429 4429 1725 4487 destructas
1750 4439 1901 4499 sunt,
1929 4440 1986 4488 et
2013 4434 2113 4491 vim
2128 4426 2176 4485 D
2198 4436 2426 4507 regione
2445 4433 2558 4488 alia
2580 4434 2652 4487 ad
2676 4432 3119 4488 benedicendum
3144 4432 3193 4486 si
3216 4429 3536 4493 obedierint,
3558 4440 3645 4480 nec
3666 4420 3736 4474 de-

514 4521 805 4592 spinarum
836 4518 1096 4574 sordibus
1135 4518 1361 4590 repletm
1400 4523 1614 4573 vacant.
1654 4521 1982 4577 Sacerdotes
2013 4540 2113 4594 pro

512 4609 690 4680 culpis
718 4614 971 4680 gemunt,
997 4608 1261 4663 vitiorum
1278 4607 1529 4663 fmditate
1555 4609 1845 4681 virginitas
1868 4612 2106 4682 squalet.

509 4697 733 4752 Eisdem
763 4699 927 4754 malis
952 4697 1245 4753 moraliter
1271 4698 1462 4753 anima
1500 4698 1716 4770 repleta
1742 4699 1916 4770 luget,
1949 4701 2109 4772 inge-

507 4786 751 4841 miscunt
792 4788 925 4841 olim
970 4788 1176 4843 habitae
1216 4787 1468 4855 virtutes,
1513 4788 1647 4860 quia
1681 4804 1795 4843 non
1833 4794 1965 4843 sunt
2010 4791 2107 4861 qui

507 4875 732 4930 veniant
760 4876 831 4929 ad
880 4877 1294 4931 solemnitatem
1333 4879 1454 4948 ejus
1482 4893 1685 4948 sponso
1726 4877 1832 4931 sibi
1863 4878 2101 4935 sublato.

505 4966 755 5037 Sponsus
770 4970 959 5018 autem
978 4964 1177 5020 animm
1194 4982 1321 5019 mox
1346 4966 1666 5034 otl'enditur,
1681 4983 1808 5021 cum
1830 4967 2018 5023 anima
2035 4969 2104 5023 de

499 5069 630 5109 arce
659 5069 915 5125 superum
943 5052 1271 5108 intentionis
1300 5054 1370 5108 ad
1395 5055 1696 5110 exteriores
1724 5061 1852 5126 post
1880 5056 2101 5129 lapsum

499 5143 748 5198 actiones
776 5160 837 5198 se
866 5142 1152 5212 dejecerit.
1188 5143 1342 5198 Unde
1377 5144 1569 5199 volens
1599 5161 1756 5199 more
1784 5145 1946 5200 solito
1974 5148 2101 5203 elfe-

497 5239 621 5287 ctus
646 5231 850 5303 prioris
880 5231 1004 5285 vitm
1035 5230 1299 5301 recipere,
1332 5240 1397 5286 ut
1423 5233 1493 5286 ad
1524 5232 1749 5287 interna
1775 5235 1983 5304 gaudia
2007 5252 2099 5290 ce-

478 5319 766 5376 lebranda
781 5324 1096 5387 occurrant,
1120 5320 1325 5375 sentiet
1344 5321 1491 5392 quod
1512 5338 1623 5376 non
1638 5322 1752 5377 sint
1765 5323 1859 5394 qui
1871 5324 2101 5380 veniant

494 5410 566 5465 ad
590 5410 713 5481 ejus
736 5411 930 5466 votivm
950 5407 1319 5463 solemnitatis
1342 5409 1567 5480 gaudia.
1593 5411 1933 5467 Solemnitas
1964 5429 2098 5484 ergo

491 5498 669 5573 ipsius
689 5506 774 5555 est
801 5499 1006 5555 intima
1034 5497 1277 5554 caelestis
1306 5498 1431 5555 vitm
1457 5498 1671 5568 fruitio,
1703 5500 1775 5556 ad
1796 5518 1967 5575 quam
1997 5517 2101 5576 per

487 5588 1023 5663 contemplationem
1066 5588 1225 5664 prius
1259 5587 1514 5662 ingressa
1551 5589 1724 5663 digna
1770 5608 1883 5648 non
1930 5590 2098 5649 modo

2197 4523 2529 4580 clinaverint
2555 4521 2625 4577 ab
2656 4522 2777 4593 ejus
2815 4521 3125 4594 prmceptis.
3168 4521 3327 4576 Inter
3371 4536 3489 4591 qum
3515 4513 3735 4571 nimirum

2191 4613 2486 4671 maledicta
2512 4610 2602 4667 :Si
2630 4614 2873 4666 nolueris
2892 4612 3092 4665 audire
3115 4625 3297 4665 vocem
3316 4608 3531 4664 Domini
3551 4604 3635 4659 Dei
3652 4599 3731 4661 ἰαί,

2190 4703 2395 4775 inquit,
2423 4707 2483 4756 ut
2521 4702 2793 4756 custodias
2822 4705 2870 4755 et
2901 4701 3080 4769 facias
3121 4702 3315 4753 omnia
3353 4696 3602 4751 mandata
3625 4692 3733 4758 ejus,

2191 4794 2367 4848 tradet
2390 4797 2436 4846 te
2456 4793 2725 4845 Dominus
2748 4792 3093 4844 corruentcm
3116 4792 3246 4842 ante
3266 4788 3434 4841 hostes
3458 4789 3584 4848 tuos,
3603 4785 3645 4833 et
3658 4777 3734 4830 di-

2189 4883 2466 4952 spergaris
2482 4895 2583 4949 per
2600 4881 2791 4933 omnia
2811 4893 2983 4946 regna
3000 4881 3176 4943 terra,
3202 4877 3364 4946 oppri
3366 4874 3624 4941 marisque
3639 4867 3734 4921 rio-

2188 4974 2361 5029 lentia
2391 4986 2487 5024 nec
2515 4969 2709 5023 habeas
2730 4969 2830 5036 qui
2858 4971 2905 5020 te
2937 4967 3144 5020 liberet.
3168 4966 3306 5020 Filii
3326 4967 3413 5018 tui
3436 4968 3485 5017 et
3507 4962 3622 5029 ﬁlia!
3644 4960 3733 5009 tra-

2184 5062 2389 5117 dentur
2404 5061 2461 5113 al
2467 5060 2573 5112 teri
2584 5060 2801 5126 populo,
2819 5055 3135 5113 uidentibus
3150 5056 3323 5110 oculis
3338 5055 3446 5108 tuis
3464 5056 3510 5106 et
3528 5045 3734 5116 deﬁcien-

2185 5150 2327 5204 tibus
2355 5148 2428 5202 ad
2456 5152 2798 5216 conspectum
2820 5161 3011 5200 eorum
3034 5149 3144 5199 tota
3164 5145 3270 5211 die,
3296 5160 3393 5197 nec
3415 5144 3482 5195 sit
3500 5130 3731 5208 fortitudo

2180 5240 2244 5292 in
2275 5253 2451 5291 manu
2483 5242 2598 5290 tua.
2623 5237 2855 5289 Fructus
2874 5239 3172 5301 terraetuee,
3204 5237 3253 5286 et
3284 5233 3488 5286 labores
3526 5220 3732 5291 I833

2182 5331 2301 5380 tuos
2319 5327 2559 5380 comedat
2568 5327 2806 5394 populus
2826 5340 2987 5392 quem
3010 5325 3255 5392 ignoras,
3277 5325 3453 5389 sisque
3463 5327 3653 5383 semper
3663 5324 3731 5363 σα·

2182 5418 2463 5471 lumniam
2478 5417 2776 5480 sustinens,
2798 5418 2847 5467 et
2861 5429 3142 5482 oppressus
3161 5412 3371 5467 cunctis
3389 5407 3595 5462 diebus:
3612 5400 3728 5469 ﬁlim

2180 5506 2555 5574 generabis,ac
2569 5505 2737 5572 ﬁlias,
2757 5507 2807 5556 et
2824 5518 2937 5556 non
2954 5505 3184 5571 frueris,
3208 5501 3471 5570 quoniam
3492 5493 3728 5549 ducentur

2182 5594 2246 5649 in
2261 5593 2654 5664 captivitatem.
2677 5591 2899 5646 Advena
2922 5591 3011 5646 tui
3031 5595 3206 5645 tecum
3233 5589 3486 5642 uersatur
3504 5583 3562 5637 in
3581 5582 3724 5639 terra:
