3918 6166
231 274 372 334 1073

921 273 1303 333 EXPOSITIO
1341 277 1420 335 IN
1458 276 2065 339 LAMENTATIONES
2102 279 2446 337 JEREMUE.
2490 307 2554 319 —
2594 278 2728 333 LIB.
2772 279 2817 333 Ι.

3364 276 3498 337 1074

221 401 478 457 ascendet
502 416 667 470 super
682 403 964 470 te,eritque
990 403 1315 462 sublimior:
1337 408 1397 457 tu
1413 408 1599 458 autem
1614 405 1889 468 descen-A
1905 410 2067 463 semet
2106 409 2358 477 loquitur
2382 407 2561 477 (juxta
2587 402 2708 472 Job)
2741 409 2791 458 et
2818 405 3064 473 idipsum
3094 418 3207 458 non
3251 406 3442 474 repetit
3471 409 3496 457 Ρ

224 492 343 555 des,
367 495 414 543 et
442 492 553 544 eris
575 491 838 558 inferior.
865 492 981 559 Ipse
1007 493 1115 544 erit
1146 494 1209 545 in
1238 497 1418 561 caput,
1453 498 1503 546 et
1532 498 1592 547 tu
1621 498 1732 549 eris
1759 498 1823 550 in

222 580 469 634 caudam
503 581 681 647 (Deut.
732 584 946 645 xxvm).
980 580 1097 634 Hoc
1125 585 1308 635 totum
1338 597 1514 651 quare
1553 582 1824 637 dixerim?

225 668 524 732 Quatenus
543 685 609 722 ex
638 668 742 722 hoc
760 669 1104 739 intelligeres
1114 670 1249 741 quid
1269 669 1541 725 Dominus
1555 673 1642 726 vel
1658 673 1822 743 quale

224 757 454 812 locutus
482 757 655 812 fuerit
694 774 865 829 super
899 758 1255 830 iniquitatem
1293 759 1603 815 Jerusalem
1642 779 1654 814 :
1714 777 1828 817 non

222 850 298 900 ut
323 845 713 918 prascriberet
745 863 871 901 eam
900 847 1122 919 culpam
1152 849 1250 902 sed
1280 854 1346 903 ut
1373 849 1654 904 monendo
1674 867 1828 905 revo-

224 940 407 989 caret.
441 935 601 1000 Quod
630 936 764 1006 quia
796 937 980 991 noluit
1005 936 1251 1004 obedire,
1284 937 1406 992 hac
1442 938 1634 993 omnia
1671 939 1827 1009 justo

226 1024 336 1079 Dei
355 1024 571 1094 judicio
598 1024 888 1091 accidisse,
922 1042 1045 1097 qua
1080 1027 1356 1097 propheta
1388 1026 1830 1099 lacrymabiliter

224 1113 491 1184 deplorat
514 1131 525 1166 :
558 1117 617 1167 et
639 1114 779 1168 nihil
800 1129 870 1169 ex
885 1114 1144 1170 omnibus
1168 1115 1474 1187 praphetia
1496 1116 1826 1189 verbis,qua

224 1203 456 1273 Moyses
486 1202 734 1258 minatus
765 1208 869 1270 est,
903 1202 961 1257 in
992 1204 1179 1275 aliquo
1216 1204 1477 1260 defuisse.
1522 1206 1829 1277 Propterea

222 1291 326 1355 He,
361 1296 426 1346 ut
443 1307 590 1357 reor,
613 1292 745 1346 huic
773 1292 1016 1363 capitulo
1042 1293 1404 1365 praponitur.
1432 1295 1516 1349 He
1550 1295 1826 1366 siquidem

226 1383 341 1434 ista
371 1380 796 1452 interpretatur.
829 1382 899 1435 Et
921 1386 1007 1436 est
1030 1398 1247 1449 sensus,
1280 1383 1412 1454 quia
1432 1383 1729 1439 relativum
1743 1385 1827 1439 vel

225 1469 739 1525 demonstrativum
769 1476 873 1534 est,
915 1472 1064 1542 quod
1101 1471 1211 1526 ista
1238 1477 1371 1526 sunt
1402 1472 1618 1544 judicia
1644 1474 1827 1528 adim-

227 1559 405 1630 pleta,
430 1576 554 1630 qua
578 1560 797 1631 Moyses
815 1560 971 1622 olim,
987 1560 1034 1614 si
1049 1566 1375 1631 peccassent
1389 1562 1645 1628 Domino,
1672 1578 1825 1618 com-

227 1647 576 1703 minabatur.
608 1649 768 1703 Unde
815 1649 1034 1720 quoties
1082 1654 1287 1704 nostra
1323 1651 1656 1717 Jerusalem,
1689 1668 1827 1722 pra-

1905 498 2044 564 (Job,
2072 497 2289 557 χχχιιι.)
2333 495 2738 549 Verumtamen
2766 509 2878 547 non
2908 493 3049 547 adeo
3086 492 3499 564 desperandum

1904 600 2086 656 neque
2114 602 2149 638 a
2167 584 2557 640 colluctatione
2571 583 2903 637 cessandum
2928 600 2938 635 :
2962 581 3095 653 quia
3117 598 3231 636 non
3246 581 3353 636 nisi
3367 597 3499 653 par-

1906 674 2019 729 vuli
2049 680 2150 729 aut
2175 673 2479 738 inbecilles,
2511 678 2662 728 certe
2685 678 2786 726 aut
2808 672 3158 742 negligentes
3198 672 3308 727 ista
3336 678 3501 726 tenus

1909 763 2227 834 capiuntur.
2251 763 2385 827 Qua
2407 762 2675 817 nimirum
2698 760 2996 832 captivitas
3016 761 3173 815 valde
3194 761 3497 829 horrenda,

1908 867 2038 906 cum
2078 857 2137 907 et
2177 851 2419 907 traheris
2449 851 2641 906 multis
2669 850 2922 905 irretitus
2948 850 3183 920 laqueis,
3217 866 3289 904 ne
3317 850 3388 904 ab
3414 849 3502 904 his

1908 940 2129 995 deﬂecti
2159 946 2259 995 aut
2288 956 2508 995 cessare
2547 955 2719 1011 queas
2747 945 2879 994 ante
2910 938 3110 994 faciem
3157 938 3500 1007 tribulantis,

1910 1045 2033 1101 qua
2062 1030 2208 1083 male
2238 1029 2474 1100 coepisti.
2498 1028 2667 1082 Vides
2691 1045 2935 1099 namque
2961 1044 3070 1099 quo
3091 1028 3312 1083 duceris
3330 1027 3502 1082 inter-

1909 1118 2065 1185 dum,
2084 1123 2141 1172 et
2159 1118 2333 1173 sentis
2352 1134 2388 1172 a
2412 1116 2613 1188 quibus
2632 1116 2886 1184 minaris,
2902 1133 3005 1171 nec
3024 1123 3215 1172 tamen
3233 1116 3499 1172 reluctari

1909 1207 2197 1277 pravales,
2230 1222 2333 1261 nec
2376 1206 2653 1271 resistere,
2688 1206 2866 1260 donec
2895 1205 3200 1261 miserante
3239 1207 3355 1261 Deo
3383 1205 3501 1261 dis-

1911 1302 2247 1367 rumpantur
2295 1294 2532 1361 vincula,
2567 1310 2762 1350 rursus
2791 1299 2847 1348 et
2891 1294 3141 1349 solvatur
3182 1295 3498 1366 captivitas.

1911 1385 2183 1456 Intelligit
2210 1384 2457 1455 profecto
2487 1399 2610 1454 qua
2647 1382 2790 1448 dico,
2821 1383 3141 1454 quicunque
3180 1384 3501 1439 inﬁrmatus

1909 1474 2117 1529 talibus
2145 1472 2663 1538 irretiturvinculis,
2695 1488 2823 1526 cum
2841 1472 2991 1526 volet
3015 1489 3075 1527 se
3103 1488 3208 1527 nec
3235 1473 3382 1528 valet
3410 1489 3499 1527 ex-

1907 1563 2119 1634 pedire,
2152 1568 2345 1618 contra
2377 1579 2543 1633 quem
2571 1560 2803 1616 desavit
2823 1562 2945 1632 jam
2980 1577 3147 1632 poena
3175 1561 3409 1633 peccati,
3447 1566 3504 1616 et

1908 1652 2098 1707 hostes
2122 1652 2191 1706 de
2220 1652 2337 1706 suis
2356 1650 2750 1723 locupletiores
2769 1650 2901 1705 facti
2925 1650 3151 1714 viribus,
3178 1656 3507 1722 oppugnant

225 1737 383 1791 senti
410 1737 668 1792 videlicet
688 1737 965 1804 Ecclesia,
984 1739 1122 1792 talia
1134 1739 1475 1810 contigerint
1494 1740 1824 1796 delictorum
1843 1734 1890 1794 B
1906 1746 2130 1795 tantum
2144 1741 2205 1795 in
2220 1740 2422 1813 capite,
2436 1746 2501 1795 ut
2527 1739 2829 1810 aliquando
2857 1739 3027 1794 etiam
3058 1739 3238 1810 ipsam
3270 1739 3402 1795 boni
3422 1740 3506 1795 in-

220 1826 462 1896 judicia,
486 1827 646 1881 valde
663 1828 1141 1898 ingemiscendum
1165 1846 1175 1881 :
1204 1829 1336 1900 quia
1352 1830 1497 1883 ﬁunt
1508 1829 1696 1884 hostes
1709 1831 1756 1901 ej
1764 1848 1829 1885 us

225 1915 289 1969 in
319 1915 527 1987 capite,
557 1916 770 1971 scilicet
797 1923 896 1971 aut
913 1917 1177 1981 haretici,
1202 1923 1302 1971 aut
1346 1919 1571 1989 pagani,
1602 1917 1746 1974 sicut
1769 1918 1828 1973 in

226 2004 431 2058 multis
468 2005 587 2075 jam
640 2006 923 2060 cernimus
961 2006 1227 2071 ecclesiis,
1272 2012 1422 2061 certe
1457 2012 1558 2062 aut
1587 2008 1721 2062 mali
1771 2014 1830 2063 et

225 2093 466 2164 pessimi
486 2093 810 2161 Christiani,
837 2095 930 2166 qui
953 2111 1067 2150 non
1088 2095 1276 2150 minus
1299 2101 1357 2150 et
1373 2096 1482 2167 ipsi
1496 2097 1685 2152 hostes
1696 2098 1825 2167 jure

222 2186 371 2236 sunt
418 2183 702 2253 appellati,
754 2188 812 2237 et
856 2184 1272 2255 locupletantur
1317 2184 1531 2239 inimici
1567 2186 1830 2241 facundia

223 2271 579 2342 disputandi,
620 2288 749 2326 cum
782 2272 856 2326 sit
883 2274 1064 2327 multa
1090 2273 1473 2344 intelligentia
1502 2274 1739 2345 penuria
1768 2275 1827 2330 in

221 2359 366 2414 viris
386 2377 556 2432 quam
576 2377 723 2432 sape
743 2361 1152 2428 ecclesiasticis,
1186 2362 1246 2417 in
1274 2367 1516 2428 tantum,
1551 2369 1616 2418 ut
1640 2364 1710 2419 de
1740 2364 1826 2419 his

224 2449 384 2520 quod
408 2449 683 2521 propheta
706 2450 972 2517 minatur,
989 2451 1119 2521 jure
1155 2450 1366 2506 dictum
1396 2452 1635 2523 accipiat
1664 2467 1679 2506 :
1704 2454 1827 2508 Mit-

223 2543 348 2591 tam
378 2541 443 2592 in
472 2542 547 2592 eis
571 2554 683 2593 non
717 2540 925 2607 famem
939 2542 1126 2608 panis,
1161 2557 1330 2609 neque
1354 2544 1511 2595 sitim
1538 2558 1712 2611 aquae,
1736 2545 1827 2597 sed

219 2628 501 2681 audiendi
514 2629 739 2681 verbum
768 2629 861 2682 Dei
879 2629 1082 2696 (Amos,
1100 2628 1407 2697 vm).Quod
1426 2646 1556 2685 cum
1584 2631 1821 2698 tollitur,

220 2715 363 2786 quia
386 2715 610 2787 gladius
643 2716 885 2789 Spiritus
932 2717 1111 2772 sancti
1152 2722 1239 2772 est
1267 2718 1475 2787 (Ephes.
1529 2718 1624 2788 νι),
1674 2721 1826 2774 recte

218 2806 441 2871 hostes,
465 2804 712 2861 haretici
740 2806 997 2861 videlicet
1021 2811 1081 2861 et
1108 2822 1433 2877 pervasores
1461 2807 1824 2864 ecclesiarum

218 2893 325 2948 Dei
368 2894 515 2949 ﬁunt
552 2894 611 2949 in
636 2894 836 2966 capite,
867 2900 925 2950 et
951 2896 1020 2950 de
1055 2896 1472 2966 Scripturarum
1501 2902 1825 2954 sanctarum

219 2982 590 3053 dogmatibus
642 2984 1073 3055 locupletantur,
1115 2990 1347 3057 propter
1401 2986 1825 3042 multitudinem

1910 1830 2218 1885 tentionem
2250 1828 2744 1900 polluant.Deinde
2761 1833 2920 1883 tanto
2941 1844 3063 1882 eam
3091 1828 3313 1899 plenius
3332 1829 3509 1901 possi-

1911 1919 2282 1990 dent,quanto
2304 1924 2362 1973 et
2389 1934 2489 1989 per
2518 1917 2741 1971 initium
2764 1916 3118 1971 dominantes
3135 1922 3354 1972 tenent:
3380 1933 3506 1974 nec-

1912 2025 2025 2063 non
2055 2014 2111 2062 et
2139 2008 2360 2078 longior
2386 2023 2522 2062 usus
2540 2011 2710 2077 atque
2729 2005 2913 2060 carnis
2929 2006 3338 2061 oblectamenta
3357 2024 3504 2079 sape

1911 2097 2265 2169 prapediunt
2298 2101 2356 2151 et
2397 2095 2639 2151 illiciunt
2681 2094 2928 2150 animam
2957 2096 3312 2163 renitentem,
3341 2097 3505 2167 juxta

1912 2186 2060 2257 quod
2084 2202 2187 2257 per
2214 2186 2571 2240 Salomonem
2600 2184 2659 2239 in
2676 2183 2990 2239 Proverbiis
3018 2183 3249 2239 dicitur:
3275 2187 3381 2254 Qui
3393 2202 3505 2240 ser-

1912 2291 2043 2329 vum
2072 2291 2240 2329 suum
2257 2291 2292 2330 a
2309 2277 2559 2344 pueritia
2574 2277 2758 2329 nutrit
2779 2276 2841 2328 in
2862 2276 3096 2339 deliciis,
3106 2279 3293 2343 postea
3312 2276 3507 2328 sentiet

1909 2381 2037 2419 eum
2065 2370 2440 2420 contumacem
2472 2366 2652 2432 (Prov.
2683 2368 2864 2429 xxle.
2897 2363 3137 2419 Carnem
3158 2364 3349 2418 volens
3377 2379 3502 2418 car-

1909 2454 2180 2524 nalesque
2206 2454 2440 2508 affectus
2464 2453 2779 2518 ostendere,
2810 2468 2846 2506 a
2875 2451 3079 2524 quibus
3114 2451 3205 2507 vix
3231 2457 3333 2508 aut
3358 2467 3505 2508 nun-

1909 2559 2097 2614 quam,
2128 2542 2238 2597 nisi
2261 2542 2449 2613 gratia
2470 2542 2575 2597 Dei
2603 2542 2924 2597 liberamur.
2951 2543 3021 2597 Et
3044 2530 3202 2597 tanto
3221 2541 3505 2597 difﬁcilius

1907 2647 1972 2686 ac
1995 2632 2213 2698 durius,
2255 2636 2465 2703 quanto
2497 2636 2556 2687 et
2581 2648 2764 2703 pravae
2789 2631 2965 2686 menti
2995 2631 3157 2703 quasi
3186 2630 3503 2702 superiores

1905 2720 1966 2776 in
2005 2721 2187 2793 capite
2211 2720 2583 2793 fortioresque
2611 2720 2994 2776 dominantur.

2630 2876 2761 2919 VAU.

1991 2993 2029 3054 ι
2047 2993 2238 3056 8935
2264 2988 2500 3056 Egressa
2519 2992 2593 3042 est
2608 3003 2645 3042 a
2659 2988 2781 3055 ﬁlia
2798 2986 2936 3043 Sion
2947 2987 3128 3042 omnis
3155 2988 3315 3042 decor
3343 2989 3460 3056 ejus
3474 3029 3489 3045 .

219 3071 597 3143 iniquitatum
614 3053 954 3127 nostrarum.
970 3053 1181 3129 Deinde
1203 3053 1333 3141 (isa.
1357 3077 1468 3144 va)
1479 3092 1639 3130 canes
1657 3080 1823 3146 muti,
1840 3053 1883 3113 Ο
1909 3053 2221 3132 Facti—sunt
2252 3053 2536 3146 principes
2560 3053 2676 3145 ejus
2702 3078 2851 3130 velut
2876 3076 3075 3129 arietes
3107 3091 3219 3129 non
3247 3053 3500 3131 habentes

221 3161 364 3232 quia
391 3176 507 3216 non
543 3161 822 3216 valuimus
869 3166 1098 3228 latrare,
1150 3163 1517 3218 orthodoxam
1570 3165 1826 3221 videlicet

220 3250 397 3304 ﬁdem
429 3250 749 3317 defendere,
787 3256 886 3305 aut
914 3250 1168 3322 plebibus
1210 3252 1459 3307 debitam
1491 3254 1824 3309 eruditionis

218 3338 544 3393 doctrinam
562 3338 636 3392 im
645 3339 905 3410 pendere.
926 3340 1149 3395 Parvuli
1174 3340 1443 3395 dicuntur
1460 3341 1662 3411 captivi
1692 3347 1843 3396 ante.

218 3426 426 3481 faciem
504 3426 844 3482 tribulantis.
888 3429 1032 3499 Ergo
1098 3429 1231 3500 quia
1287 3430 1504 3500 parvuli
1568 3434 1701 3484 sunt
1764 3430 1823 3485 in

219 3516 501 3581 doctrina,
560 3533 673 3571 non
731 3516 1001 3572 habentes
1059 3524 1304 3573 rectores
1376 3535 1442 3573 ac
1503 3519 1822 3573 defensores

220 3605 611 3670 ecclesiarum,
668 3606 763 3676 qui
817 3606 1252 3661 sollicitudinem
1303 3612 1361 3662 et
1396 3624 1591 3662 curam
1620 3613 1826 3678 gerant

220 3711 323 3765 pro
359 3693 448 3748 his
474 3695 838 3765 pastoralem,
870 3695 1155 3750 ducuntur
1189 3701 1306 3762 (aut
1352 3696 1423 3750 ab
1454 3696 1824 3751 invisibilibus

222 3782 471 3837 inimicis
519 3783 741 3855 captivi,
791 3790 890 3838 aut
931 3790 1082 3839 certe
1124 3802 1158 3838 a
1200 3785 1524 3855 visibilibus)
1557 3802 1669 3840 non
1716 3786 1824 3840 mi-

223 3889 333 3927 nus
380 3873 441 3926 in
478 3889 727 3928 errorem
758 3890 927 3945 quam
956 3879 1014 3929 et
1039 3875 1109 3929 ad
1144 3875 1359 3946 ﬂagitia
1388 3876 1653 3931 vitiorum
1692 3880 1825 3931 ante

223 3964 429 4018 faciem
472 3963 795 4020 tribulantis
820 3979 831 4013 :
876 3964 957 4020 ita
982 3970 1049 4020 ut
1072 3970 1129 4019 et
1156 3966 1326 4020 illecti
1365 3965 1614 4020 habeant
1633 3982 1667 4019 a
1696 3965 1822 4036 qui-

223 4050 329 4106 bus
366 4057 609 4119 1324
635 4053 931 4119 ducantur,
964 4053 1200 4108 vinculis
1225 4053 1554 4109 delictorum
1588 4070 1819 4108 suorum

225 4141 536 4208 constricti,
567 4148 624 4197 et
643 4148 776 4197 eant
798 4144 917 4213 jam
947 4148 1079 4197 ante
1107 4143 1304 4198 faciem
1338 4144 1680 4210 tribulantis,
1714 4143 1819 4197 etsi

224 4230 405 4296 inviti,
440 4247 512 4285 ne
538 4231 757 4302 possint
783 4230 966 4285 redire
987 4236 1088 4285 aut
1100 4231 1169 4286 de
1192 4231 1296 4286 sub
1310 4232 1452 4302 jugo
1471 4249 1530 4286 se
1559 4236 1823 4286 excutere

1900 3165 2246 3237 pascua.Ubi
2266 3182 2371 3220 vau
2388 3165 2907 3238 praponitur,quod
2928 3164 3335 3237 interpretatur
3351 3170 3419 3227 et,
3440 3169 3506 3219 ut

1906 3257 1982 3311 sit
1995 3255 2344 3326 sensusquod
2358 3255 2467 3310 ista
2480 3255 2741 3327 superius
2751 3253 3127 3326 pramissa,et
3134 3270 3203 3308 ea
3215 3271 3339 3326 qua
3353 3270 3504 3309 nunc

1905 3346 2264 3407 dicuntur,de
2275 3345 2711 3416 reciprocatione
2731 3343 2960 3398 veniunt
2970 3343 3243 3399 vindicta:
3266 3344 3503 3415 ideoque

1906 3451 2007 3506 per
2034 3451 2159 3488 eam
2186 3434 2455 3500 litteram,
2489 3450 2600 3504 qua
2637 3432 2741 3488 sub
2769 3449 2882 3499 una
2920 3433 3234 3504 c0pulativa
3263 3434 3502 3504 conjun-

1905 3524 2107 3588 ctione,
2131 3522 2255 3576 dua
2279 3521 2622 3592 judiciorum
2643 3521 2744 3575 Dei
2763 3526 3145 3576 annectuntur
3185 3522 3498 3578 sententia.

1907 3612 2146 3668 Obsessa
2163 3610 2369 3682 quippe
2387 3610 2971 3676 Jerusalem,exterius
2991 3626 3212 3665 omnem
3240 3611 3499 3665 decorem

1905 3698 2343 3771 pulchritudinis
2389 3714 2509 3753 sua
2551 3703 2722 3769 atque
2743 3698 3117 3769 jucunditatis
3143 3698 3487 3770 perdiderat,

1905 3788 2242 3843 intrinsecus
2262 3787 2431 3842 rebus
2454 3786 2791 3858 exspoliatis,
2805 3787 3128 3858 temploque
3155 3803 3220 3841 ac
3247 3786 3501 3867 sacerdo-

1905 3878 1985 3933 tio
2012 3878 2315 3944 destructo,
2348 3876 2581 3948 ipsaque
2599 3876 2748 3931 fame
2777 3892 2842 3930 ac
2860 3876 3182 3947 pestilentia
3210 3874 3497 3948 laborans,

1904 3966 2115 4021 nullius
2146 3982 2266 4038 ope
2312 3962 2754 4030 sustentabatur,
2805 3980 2869 4018 ex
2914 3980 2979 4018 eo
3023 3963 3173 4035 quod
3220 3962 3499 4035 principes

1904 4056 2025 4127 ejus
2054 4060 2112 4109 et
2137 4059 2384 4110 rectores
2431 4053 2718 4109 dissolutis
2763 4052 2991 4121 viribus,
3037 4057 3101 4107 ut
3154 4053 3375 4123 Moyses
3429 4069 3498 4109 ex

1904 4145 2176 4217 prasagio
2196 4145 2256 4198 in
2278 4143 2396 4199 suis
2417 4143 2731 4198 maledictis
2745 4142 3317 4214 pramiserat,pavido
3332 4142 3499 4198 corde

1903 4250 2016 4288 non
2046 4233 2431 4288 defensionem
2453 4232 2680 4296 civium,
2713 4232 2810 4287 sed
2840 4230 3051 4302 fugam,
3082 4246 3196 4285 non
3226 4230 3498 4286 habentes

223 4319 488 4374 vitiorum
541 4318 737 4374 Infelix
766 4318 1055 4389 nimirum,
1088 4324 1146 4373 et
1182 4320 1342 4375 valde
1372 4320 1630 4391 lugenda,
1659 4321 1884 4390 juxtaD
1908 4337 2112 4394 pascua
2166 4321 2375 4378 Christi
2429 4326 2561 4376 ante
2606 4321 2865 4375 ultimam
2910 4320 3058 4375 hanc
3093 4319 3494 4391 captivitatem,

225 4409 502 4463 moralem
538 4407 987 4478 intelligentiam,
1022 4408 1225 4463 anima
1264 4415 1472 4463 nostra
1499 4408 1816 4480 captivitas,

225 4498 454 4569 quando
496 4498 617 4567 jam
645 4502 699 4551 et
731 4498 782 4551 ei
812 4497 1003 4551 hostes
1052 4504 1187 4552 sunt
1227 4498 1284 4552 in
1312 4499 1512 4570 capite,
1562 4497 1820 4553 libertate

225 4587 435 4642 Christi
456 4586 682 4652 amissa,
697 4591 754 4641 et
780 4586 995 4640 inimici
1027 4588 1259 4657 maligni
1289 4588 1548 4643 videlicet
1566 4588 1815 4659 spiritus,

223 4676 291 4731 de
303 4675 514 4731 nostris
525 4675 850 4747 locupletati
860 4675 1070 4730 viribus
1080 4677 1521 4732 fortiores.Unde
1532 4678 1621 4749 pie
1634 4694 1822 4733 mone-

225 4782 380 4820 mur:
408 4765 474 4822 Si
482 4763 947 4835 spiritus,inquit,
967 4768 1232 4833 scriptam
1244 4771 1557 4833 potestatem
1573 4767 1821 4820 habentis

222 4856 531 4910 ascenderit
540 4870 705 4923 super
723 4859 785 4919 te,
798 4857 972 4908 locum
1000 4860 1158 4908 tuum
1179 4870 1244 4907 ne
1255 4856 1369 4908 dim
1378 4857 1816 4923 iseris(Eccle.x).

222 4942 489 5015 Alioquin
520 4942 569 4997 si
594 4958 702 4997 non
733 4942 1034 4997 suadentes
1062 4942 1219 5013 prius
1233 4941 1485 4997 audisset
1504 4943 1814 5011 hostes,ne-

224 5049 507 5104 quaquam
529 5032 589 5086 in
609 5032 788 5103 capite
808 5031 1234 5086 essent.Deinde
1252 5031 1525 5103 paulatim
1545 5049 1648 5086 usu
1665 5033 1821 5086 vitio-

225 5139 350 5177 rum
366 5125 742 5189 excrescente,
760 5121 831 5175 dc
848 5120 1056 5175 nostris
1069 5120 1186 5191 jam
1202 5121 1364 5174 malis
1384 5120 1820 5185 actibus,contra

224 5228 329 5265 nos
348 5211 455 5281 ipsi
465 5209 772 5263 adversarii
784 5209 1176 5280 locupletiores
1189 5209 1557 5280 fortioresquc
1572 5209 1821 5272 ﬁunt,ita

224 5306 288 5354 ut
317 5300 427 5354 nisi
443 5298 649 5353 auxilio
674 5299 774 5353 Dei
797 5298 1043 5369 effugere
1071 5315 1185 5352 non
1211 5299 1515 5353 valeamus.
1538 5298 1646 5353 Sed
1674 5315 1815 5369 quo-

225 5388 392 5443 modo
411 5388 661 5458 effugere
686 5386 981 5458 possimus,
1003 5403 1127 5441 cum
1156 5386 1281 5458 pius
1298 5388 1570 5441 Dominus
1587 5388 1819 5459 (nostris

226 5477 483 5531 irritatus
513 5475 695 5542 malis,
722 5477 841 5547 jam
872 5481 1102 5547 propter
1128 5492 1356 5546 panam
1378 5475 1609 5547 peccati,
1631 5482 1688 5531 et
1711 5476 1820 5530 ini-

226 5565 510 5639 quitatum
528 5570 850 5622 nostrarum
868 5564 1188 5636 vindictam)
1217 5564 1327 5621 ista
1353 5565 1574 5622 locutus
1601 5566 1694 5635 sit,
1726 5566 1822 5640 qui

1903 4426 2071 4481 quem
2100 4415 2475 4481 peremerant,
2492 4408 2661 4463 inerti
2690 4414 2915 4480 torpore
2937 4406 3497 4479 meditabantur.My-

1901 4498 2039 4554 stice
2091 4504 2281 4554 autem
2328 4499 2616 4570 egreditur
2642 4497 2827 4552 omnis
2854 4497 3023 4552 decor
3049 4513 3084 4550 a
3123 4508 3317 4551 nostra
3360 4496 3497 4552 Sion

1901 4588 2113 4643 scilicet
2161 4588 2404 4642 Ecclesia
2432 4588 2661 4653 Christi,
2696 4603 2818 4658 qua
2847 4602 2972 4640 vere
3016 4602 3128 4639 non
3157 4585 3325 4640 modo
3354 4585 3491 4654 ﬁlia,

1902 4678 2018 4733 imo
2050 4683 2108 4732 et
2137 4694 2341 4748 sponsa
2371 4680 2750 4747 nuncupatur.
2764 4676 2846 4730 De
2862 4691 2975 4745 qua
2993 4691 3130 4729 sane
3148 4673 3207 4729 in
3225 4674 3490 4729 Canticis:

1904 4769 2031 4821 Ecce
2051 4772 2110 4820 tu
2117 4767 2357 4835 pulchra
2377 4768 2640 4828 es,amica
2660 4780 2802 4829 mea,
2831 4780 2941 4818 ecce
2972 4769 3031 4817 tu
3064 4764 3328 4832 pulchra,
3350 4766 3497 4819 oculi

1905 4859 1991 4911 tui
2012 4857 2395 4911 columbarum
2414 4853 2592 4921 (Cant.
2608 4854 2644 4920 ι)
2655 4857 2733 4920 ;et
2743 4852 2910 4923 paulo
2931 4857 3059 4923 post
3079 4865 3090 4899 :
3121 4853 3248 4907 Tota
3255 4853 3497 4921 pulchra

1901 4961 1973 5011 es,
2004 4948 2187 4999 amica
2216 4958 2352 5009 mea,
2385 4945 2685 4997 etmacuta
2725 4956 2840 4995 non
2875 4945 2951 4994 est
2988 4944 3053 4994 in
3085 4946 3131 4996 te
3161 4942 3340 5008 (Cant.
3387 4941 3485 5009 Iv).

1904 5033 2202 5103 Egreditur
2224 5041 2413 5087 autem
2447 5030 2630 5084 omnis
2648 5030 2816 5083 decor
2833 5028 2903 5083 ab
2925 5046 3010 5096 ea,
3035 5029 3258 5101 quando
3269 5027 3494 5082 hareti-

1904 5138 2097 5176 corum
2131 5120 2287 5174 rabie
2306 5120 2630 5190 depravata,
2662 5118 2801 5172 ﬁdes
2829 5117 2983 5173 intus
3012 5116 3494 5187 corrumpitur.De

1903 5227 2016 5282 qua
2052 5215 2202 5263 recte
2233 5208 2341 5263 ﬁde
2370 5208 2428 5262 in
2459 5208 2683 5281 Psalmo
2713 5207 2938 5261 canitur
2978 5225 2989 5260 :
3024 5207 3422 5274 Confessionem
3445 5210 3496 5259 et

1900 5301 2141 5353 decorem
2157 5299 2645 5351 induistiamictus
2660 5298 2877 5350 lumine
2901 5297 3068 5363 (Psal.
3083 5302 3215 5357 cm).
3237 5293 3345 5348 Sed
3357 5297 3496 5349 tunc

1901 5386 2083 5441 omnis
2105 5401 2363 5455 egressus
2390 5385 2558 5439 decor
2578 5383 2648 5439 ab
2687 5400 2753 5438 ea
2776 5385 2906 5455 jure
2933 5383 3238 5454 plangitur,
3271 5382 3496 5455 quando

1902 5476 2108 5531 arietes
2139 5475 2280 5544 ejus,
2307 5479 2557 5545 pastores
2573 5472 2832 5529 videlicet
2856 5477 2913 5527 et
2932 5476 3195 5537 rectores,
3219 5486 3332 5527 non
3346 5472 3494 5527 inve-

1902 5565 2121 5623 nientes
2149 5579 2358 5636 pascua
2405 5563 2528 5621 vitae
2564 5562 2626 5620 in
2656 5563 2829 5620 sacris
2856 5560 3494 5634 voluminibusmadunt
