3918 6166
466 308 605 368 1075

1245 311 1304 366 S.
1344 305 1725 365 PASCHASII
1764 304 2125 362 RADBERTI
2163 306 2468 366 ABBATIS
2505 306 2998 365 CORBEIENSIS.

3560 313 3676 375 1076

464 434 677 508 absque
704 436 1032 493 fortitudine
1058 436 1168 492 cibi
1196 432 1389 499 divini,
1403 414 1748 505 quocunque
1775 447 1871 486 eos
1900 447 2058 486 error
2071 432 2123 494 Α
2139 432 2803 504 aﬂlictienisjugiter,sed
2818 437 2877 488 et
2885 432 3363 505 prmvaﬁcaﬁonis,
3380 453 3573 493 necnon
3584 455 3683 496 om-

464 524 754 598 impulerit
782 531 913 583 ante
957 527 1155 581 faciem
1200 522 1542 588 tribulantis,
1592 526 1656 575 ut
1694 520 1789 592 qui
1838 521 2056 575 minare

468 622 701 685 gregem
731 616 838 671 sibi
862 615 1223 670 commissum
1252 617 1384 666 ante
1413 627 1473 665 se
1514 610 1585 664 ad
1616 626 1823 681 pascua
1850 614 2057 666 sancta:

466 703 593 759 vitae
620 704 1075 775 praetermittunt,
1104 718 1207 757 nec
1232 700 1341 773 ipsi
1372 715 1441 755 ea
1467 698 1817 753 invenientes
1838 698 2058 753 minimi

462 793 583 863 jam
614 793 813 857 eﬂ‘ecti,
846 792 1001 862 digni
1028 791 1387 862 impelluntm
1426 788 1494 842 ad
1517 803 1754 854 errores,
1770 793 1829 842 et
1848 787 2062 844 vadunt

463 880 673 952 absque
701 879 903 934 robore
914 880 1181 934 virtutum
1194 884 1327 933 ante
1338 878 1536 933 faciem
1557 894 1750 933 eorum
1763 878 2028 950 captivati
2042 896 2053 932 :

465 985 702 1039 quorum
725 971 854 1036 ﬁnis
864 974 949 1023 est
970 971 1252 1034 interitus,
1274 968 1405 1040 quia
1427 972 1648 1022 terrena
1664 971 1891 1036 sapiunt
1915 969 2059 1035 (Phi-

467 1059 565 1125 lip.
610 1062 715 1117 ιιι).
750 1057 945 1112 Omnis
975 1057 1125 1112 enim
1154 1057 1322 1112 decor
1348 1062 1435 1112 est
1478 1056 1537 1111 in
1574 1056 1834 1111 universo
1863 1056 2058 1111 ordine

467 1144 862 1213 ecclesiastico,
882 1147 1123 1201 maxime
1136 1151 1325 1200 tamen
1348 1146 1406 1200 in
1424 1144 1807 1201 sacerdotibus
1826 1146 2055 1212 Christi,

466 1240 525 1289 et
551 1234 825 1289 ministris
852 1236 997 1290 sacri
1028 1235 1220 1290 altaris
1266 1250 1485 1289 necnon
1530 1240 1588 1289 et
1631 1234 1690 1289 in
1724 1234 2053 1304 virginibus,

465 1339 589 1395 quae
608 1340 779 1396 supra
789 1326 906 1395 jam
923 1324 1189 1396 squalidae
1207 1329 1611 1378 memorantur.
1637 1325 1685 1377 A
1710 1323 1913 1395 quibus
1934 1329 2054 1378 tum

465 1412 648 1468 omnis
668 1428 894 1484 egressa
922 1413 1277 1485 pulchritudo
1304 1414 1391 1467 vel
1408 1413 1576 1467 decor
1593 1414 1723 1484 jure
1749 1413 2054 1484 plangitur,

466 1500 692 1570 quando
723 1516 836 1555 non
864 1501 1052 1555 minus
1089 1505 1335 1557 rectores
1360 1501 1567 1568 ovium,
1608 1507 1666 1557 et
1693 1502 1936 1556 ministri
1967 1519 2057 1557 ea-

465 1603 611 1655 rum,
648 1604 817 1660 quam
846 1595 905 1644 et
931 1589 1221 1661 virginitas
1250 1590 1361 1645 ﬂde
1389 1606 1513 1661 quae
1562 1607 1663 1662 per
1697 1591 2053 1647 dilectionem

464 1681 733 1747 operatur
757 1679 959 1746 (Galat.
981 1686 1056 1743 ν),
1088 1678 1241 1733 intus
1262 1678 1464 1734 ferisve
1492 1680 1894 1751 exspeliantur,
1927 1682 2054 1735 nul-

2136 521 2294 576 nium
2309 522 2764 578 desiderabilium
2776 522 3047 577 bonorum
3082 539 3269 578 rerum
3297 541 3425 580 usus
3450 527 3643 584 inhiare
3668 549 3678 584 :

2136 616 2203 666 ut
2229 611 2298 666 de
2325 612 2629 667 afﬂictione
2658 629 2834 667 novus
2864 612 3116 683 quotidie
3161 619 3417 668 nascatur
3441 616 3599 683 dolor,
3625 618 3684 673 de

2138 701 2594 772 przevaricatione
2621 717 2752 756 vero
2774 717 2983 756 maeror
3012 701 3369 768 confusionis,
3402 709 3616 772 Ιυττ
3635 713 3685 763 et

2140 790 2210 844 de
2253 789 2460 845 habitis
2488 791 2671 855 bonis,
2705 807 2931 862 semper
2959 791 3259 845 innovetur
3284 792 3445 846 ardor
3481 794 3688 849 irreme-

2142 876 2366 933 diabilis
2385 878 2982 950 cencupiscentiarum.
3012 878 3188 933 Porro
3225 884 3284 934 et
3309 879 3377 934 de
3405 879 3567 936 ofﬁcio
3593 899 3688 939 suae

2140 967 2425 1037 religionis
2455 967 2815 1039 opprobrium
2838 985 2904 1021 ac
2922 967 3130 1023 derisio
3158 967 3306 1023 inter
3324 970 3608 1039 afﬂigentes
3621 988 3685 1037 se,

2139 1062 2205 1109 ut
2233 1055 2471 1110 infertur
2514 1057 2649 1111 dine
2691 1056 3060 1111 crudelitatis.
3095 1057 3242 1120 Quid
3270 1062 3430 1129 putas
3454 1058 3589 1113 inter
3617 1065 3687 1115 tot

2141 1144 2592 1216 angustias,quid
2621 1145 2903 1200 recordari
2924 1150 3149 1217 poterat
3174 1163 3313 1217 gens
3336 1147 3443 1210 illa,
3481 1148 3684 1215 dierum,

2141 1234 2365 1304 quando
2393 1251 2615 1305 egressa
2648 1240 2734 1289 est
2756 1236 2826 1290 de
2848 1235 3089 1306 Egypte
3119 1251 3249 1289 cum
3273 1235 3444 1306 signis
3470 1242 3523 1290 et
3552 1237 3689 1291 mira-

2138 1322 2344 1377 bilibus
2373 1324 2558 1388 (Ea-od.
2605 1334 2736 1391 xw);
2771 1324 2995 1396 quando
3039 1323 3121 1379 eis
3158 1325 3308 1379 Deus
3352 1325 3458 1380 dux
3498 1332 3620 1391 erat,
3646 1331 3692 1380 et

2140 1428 2326 1467 comes
2352 1412 2600 1481 itineris;
2634 1414 2860 1484 quando
2892 1413 3155 1467 columna
3200 1414 3346 1484 ignis
3381 1413 3687 1485 pmcedebat

2137 1500 2198 1556 in
2227 1508 2408 1569 nocte,
2436 1507 2494 1556 et
2527 1502 2789 1557 columna
2816 1501 2979 1557 nubis
3009 1502 3100 1557 die
3126 1519 3137 1554 :
3173 1503 3393 1573 quando
3412 1503 3603 1558 ﬂuebat
3627 1501 3690 1557 eis

2138 1605 2349 1643 manna
2374 1590 2444 1643 de
2471 1589 2609 1644 caele
2640 1591 2830 1652 (Exod.
2872 1593 2997 1655 xw);
3053 1595 3119 1644 et
3140 1596 3325 1645 castra
3353 1590 3431 1646 eis
3457 1590 3689 1645 exercitus

2137 1678 2466 1748 angelorum
2499 1696 2511 1731 :
2547 1678 2631 1732 vel
2654 1679 2832 1733 multa
2856 1679 2993 1733 talia
3012 1685 3072 1733 et
3091 1679 3188 1750 huj
3197 1680 3414 1733 usmodi
3438 1679 3569 1734 facta
3586 1680 3690 1734 huic

461 1765 577 1819 iam
602 1772 865 1837 gerentes
880 1783 1070 1821 curam
1093 1784 1194 1839 pro
1212 1767 1368 1823 cultu
1392 1750 1638 1839 pietatis,
1666 1775 1703 1835 1
1719 1774 1911 1836 ατο
1927 1771 2055 1824 nul-
2078 1750 2121 1810 Β
2142 1767 2348 1838 populo
2373 1782 2496 1837 quae
2528 1768 2796 1837 leguntur
2813 1768 2838 1820 ?
2864 1767 3009 1831 Quid
3039 1772 3210 1839 putas
3252 1768 3492 1822 omnium
3531 1784 3687 1822 rerum

456 1853 690 1926 iamque
710 1855 1142 1910 sollicitudinem
1163 1862 1484 1912 sanctarum
1506 1858 1778 1912 virtutum
1795 1875 1862 1913 ex
1879 1859 2058 1914 medi-

458 1943 676 1997 tatione
704 1944 906 1999 divinae
936 1945 1095 2015 legis,
1128 1946 1225 2000 sed
1256 1946 1390 2001 luxu
1422 1947 1773 2018 voluptatum
1802 1965 2051 2014 suarum,

461 2047 567 2103 per
589 2033 741 2087 varia
768 2035 1041 2089 scelerum
1070 2051 1299 2090 suorum
1338 2036 1639 2108 desideria,
1669 2038 1829 2107 juxta
1859 2055 2058 2108 sugge-

462 2121 705 2177 stionem
732 2124 983 2195 cogentis
1010 2124 1207 2191 hestis,
1231 2124 1606 2181 abducuntur.
1630 2127 1805 2197 Cujus
1822 2128 2054 2198 periculi

457 2211 678 2265 malum
707 2227 803 2267 eos
830 2214 1075 2268 maxime
1104 2213 1349 2285 respicit,
1389 2214 1485 2285 qui
1513 2214 1572 2268 in
1602 2215 1719 2269 loco
1766 2216 2055 2285 regiminis

460 2299 772 2367 constituti,
803 2301 990 2372 potius
1019 2302 1306 2358 saecularia
1326 2302 1800 2375 desideria,quam
1829 2306 2057 2359 manda-

460 2393 647 2443 torum
665 2390 899 2461 vestigia
925 2397 1345 2457 sectantes,nen
1365 2392 1547 2448 solum
1567 2408 1628 2447 se
1649 2410 1819 2464 quam
1841 2401 1901 2449 et
1916 2395 2056 2449 alios

458 2476 579 2531 suis
608 2480 875 2551 exemplis
905 2486 964 2535 et
990 2481 1332 2552 negligentia
1361 2488 1743 2553 peremerunt.
1772 2486 1821 2538 A
1852 2484 2056 2556 quibus

463 2566 685 2622 ratione
707 2568 904 2639 judicii
931 2569 1168 2642 deperit,
1193 2572 1653 2629 vestimentorum
1668 2574 1850 2643 gloria
1870 2574 2054 2645 pravis

463 2655 682 2712 actibus
710 2656 1049 2716 ebfuscatur.
1084 2660 1174 2716 Sic
1201 2666 1258 2715 et
1279 2660 1471 2715 anima
1493 2662 1679 2717 illecta
1708 2662 1871 2717 malis
1892 2664 2059 2717 meri-

462 2744 568 2800 bus
598 2745 858 2803 decorem
886 2765 1050 2804 suum
1085 2750 1335 2821 reliquit,
1372 2751 1597 2822 quando
1644 2766 1744 2821 per
1780 2751 2055 2806 incuriam

462 2832 866 2904 cogitationum
896 2853 1148 2904 suarum,
1180 2836 1452 2891 virtutum
1482 2837 1726 2907 perdidit
1753 2854 2054 2893 ornamen-

463 2924 604 2985 tum,
641 2938 743 2977 nec
782 2923 834 2978 ei
894 2923 1230 2979 subveniunt
1266 2925 1546 2996 principes
1584 2925 1697 2992 sui,
1749 2925 2056 2980 rationales

463 3009 673 3064 scilicet
689 3009 865 3065 animi
883 3012 971 3066 sui
984 3014 1279 3079 motus,vel
1296 3019 1617 3068 sanctarum
1634 3014 2054 3085 Scripturarum

463 3097 731 3153 doctrinae
760 3104 1053 3166 tractatus,
1084 3102 1142 3155 in
1174 3101 1376 3173 quibus
1404 3103 1665 3157 resistere
1695 3103 1892 3158 debuit
1927 3120 2056 3176 per-

461 3187 826 3257 sequentibus
836 3188 1149 3245 seinimicis
1172 3207 1237 3245 ac
1256 3190 1600 3246 minantibus
1625 3210 1638 3245 :
1662 3209 1853 3248 verum
1877 3195 2057 3265 magis

464 3274 681 3331 defecto
730 3277 1006 3332 virtutum
1053 3278 1275 3346 robore,
1303 3279 1421 3334 suis
1464 3281 1696 3335 astricta
1725 3282 2057 3338 delictorum

462 3364 718 3433 nexibus,
744 3366 1077 3438 propellitur
1100 3368 1158 3423 in
1186 3369 1404 3423 foveam
1442 3374 1664 3426 aeternae
1692 3371 2053 3427 confusionis.

1191 3526 1337 3567 ZAIN.

535 3636 605 3689 Et
624 3635 910 3690 recordata
925 3640 1000 3689 est
1015 3639 1324 3691 Jerusalem
1350 3638 1571 3692 dierum
1584 3639 1909 3709 afﬂictionis
1928 3655 2057 3707 suae,

457 3725 1219 3794 praevaricationis:omnium
1238 3727 1545 3781 deside-rubi
1548 3729 1594 3780 li
1598 3743 1692 3781 um
1702 3743 1933 3781 suorum
1945 3744 2064 3797 quae

463 3812 732 3867 habuerat
753 3829 789 3867 a
813 3814 1002 3868 diebus
1031 3816 1281 3883 antiquis
1305 3830 1430 3869 cum
1453 3816 1665 3869 caderet
1691 3818 1928 3885 populus
1947 3820 2062 3886 ejus

464 3903 531 3956 in
558 3918 734 3957 manu
764 3903 971 3957 hostili.
1005 3904 1129 3958 Non
1158 3903 1228 3957 ad
1249 3904 1708 3971 consolationem,
1734 3904 1829 3959 sed
1856 3905 1923 3958 ad
1956 3905 2057 3959 do-

465 3991 641 4046 lorem
670 3993 851 4063 magis
868 3997 925 4047 et
953 3992 1162 4047 luctum
1186 3992 1480 4048 recordata
1497 3993 1703 4048 dicitur
1723 3994 2053 4062 Jerusalem,

465 4096 591 4135 cum
614 4083 825 4135 caderet
846 4085 1073 4151 populos
1093 4085 1155 4136 in
1180 4098 1355 4137 manu
1370 4084 1561 4138 hostili
1581 4086 1836 4137 omnium
1856 4085 2058 4138 deside-

468 4170 741 4222 rabilium
768 4184 997 4224 suorum
1031 4187 1148 4240 qua
1167 4172 1454 4239 habuerat,
1491 4172 1622 4243 quia
1648 4172 1753 4227 hoc
1780 4177 1868 4227 est
1882 4173 2062 4244 perfe-

467 4260 560 4310 cta
586 4256 747 4322 ultio,
762 4272 874 4311 non
892 4262 955 4312 ut
974 4258 1161 4313 minus
1182 4259 1373 4314 doleas
1385 4276 1487 4331 pro
1514 4259 1674 4315 bonis
1695 4277 1818 4332 quae
1846 4260 2063 4316 habue-

2074 3066 2116 3125 C

2139 1855 2592 1910 desiderabilium
2613 1872 2737 1910 cum
2766 1856 3444 1927 recordarentur,quantis
3469 1862 3689 1929 poterant

2138 1943 2423 1999 doloribus
2465 1945 2836 2016 praegravari?
2864 1946 3032 2000 Juxta
3071 1946 3419 2017 spiritualem
3462 1962 3577 2000 vero
3617 1946 3685 1999 in-

2138 2033 2847 2104 telligentiam,.lerusalem
2871 2040 3068 2089 nostra
3095 2051 3227 2089 cum
3255 2051 3396 2106 saepe
3421 2035 3682 2101 intueatur,

2137 2122 2286 2192 quod
2316 2121 2480 2176 cadat
2498 2122 2739 2193 populus
2758 2123 2881 2192 ejus
2910 2122 2970 2176 in
2995 2138 3173 2177 manu
3218 2123 3455 2177 hostium
3478 2123 3687 2177 inimico-

2138 2227 2286 2277 rum,
2319 2220 2374 2265 et
2407 2210 2735 2266 recordatur
2764 2210 2982 2265 dierum
3013 2211 3482 2283 praevaricationis
3515 2214 3683 2265 nostra

2138 2304 2308 2372 atque
2335 2299 2933 2371 afﬂictionum,quibus
2952 2300 3359 2372 impugnamur
3376 2299 3441 2355 ab
3454 2297 3684 2362 hostibus,

2138 2390 2273 2461 quid
2303 2390 2524 2443 videtur
2548 2395 2793 2461 quantus
2824 2389 3123 2444 immineat
3153 2391 3336 2444 luctus
3361 2405 3423 2443 ac
3448 2386 3686 2458 gemitus?

2138 2480 2279 2533 Cum
2301 2494 2437 2549 ergo
2469 2479 2614 2533 alius
2639 2495 2740 2550 per
2754 2478 3101 2550 superbiam,
3120 2479 3269 2533 alius
3288 2495 3388 2550 per
3412 2477 3685 2543 avaritiam,

2138 2568 2281 2622 alius
2319 2583 2449 2622 vero
2478 2584 2579 2638 per
2608 2567 2884 2622 luxuriam
2914 2568 3134 2623 corruit
3158 2568 3219 2623 in
3256 2567 3478 2638 ﬂagitia,
3507 2579 3685 2620 necnon

2138 2662 2197 2712 et
2212 2673 2314 2728 per
2333 2657 2529 2712 mundi
2546 2656 2960 2712 oblectamenta
2973 2657 3275 2729 carnisque
3289 2656 3563 2711 desideria.
3571 2655 3683 2709 Cum

2136 2746 2345 2800 multos
2367 2746 2567 2800 cadere
2587 2746 2837 2817 quotidie
2864 2746 3177 2818 conspiciat
3202 2747 3263 2801 in
3293 2760 3456 2800 manu
3479 2743 3685 2799 hostium

2136 2834 2513 2902 inimicorum,
2546 2835 2682 2906 quid
2711 2836 2958 2890 aestimas
2993 2852 3204 2906 sponsa
3232 2835 3437 2891 Christi
3462 2834 3594 2888 inter
3617 2834 3686 2885 tot

2138 2924 2497 2979 miseriarum
2517 2929 2840 2979 nostrarum
2863 2925 3078 2979 scelera
3096 2932 3160 2980 et
3178 2926 3402 2989 damna,
3437 2926 3623 2995 quanta
3641 2920 3687 2973 in

2139 3012 2255 3067 suis
2268 3012 2457 3067 electis
2486 3028 2586 3084 pro
2609 3012 2768 3067 nobis
2794 3012 3061 3068 adhibeat
3087 3014 3358 3079 lamenta,
3383 3018 3689 3085 quantasque

2139 3103 2416 3173 lacrymas
2431 3101 2456 3155 Τ
2476 3102 2689 3157 Deinde
2702 3119 2827 3157 cum
2841 3104 3466 3170 recerdatur,charitate
3483 3099 3703 3173 perfusa,

2140 3191 2390 3246 omnium
2408 3191 2860 3246 desiderabilium
2881 3208 3005 3263 quae
3025 3193 3196 3248 nobis
3216 3194 3274 3248 in
3284 3190 3577 3248 coelestibus
3586 3191 3691 3242 sunt

2139 3281 2273 3336 data
2291 3282 2543 3336 omnium
2558 3287 2880 3336 sanctorum
2911 3284 3218 3349 consortia,
3238 3282 3384 3337 unde
3412 3286 3466 3335 et
3485 3295 3575 3334 nos
3592 3291 3690 3348 pro-

2140 3370 2401 3437 labimur,
2421 3375 2479 3425 et
2501 3371 2623 3442 ipsa
2637 3372 3259 3443 peregrinatur.Quaaso
3275 3382 3475 3444 quanto
3492 3379 3691 3424 maerore

2141 3459 2401 3525 afﬁcitur,
2449 3459 2695 3530 cogitare
2748 3477 2861 3515 non
2890 3461 3100 3532 pigeat,
3157 3461 3459 3534 praesertim
3493 3473 3605 3512 cum
3646 3457 3691 3508 et

2141 3547 2514 3604 solemnitatis
2543 3554 2748 3604 nostrae
2777 3555 2948 3621 atque
2979 3549 3219 3605 sabbata
3243 3549 3584 3605 festivitatem
3598 3558 3689 3599 non

2144 3639 2332 3693 minus
2359 3638 2641 3693 violentur
2668 3654 2702 3692 a
2729 3637 2912 3705 nobis,
2932 3655 3103 3710 quam
3139 3646 3196 3695 et
3217 3640 3288 3694 ab
3311 3638 3551 3694 hostibus
3568 3631 3687 3688 deii-

2143 3728 2350 3782 dentur
2374 3746 2386 3796 ;
2418 3743 2636 3782 necnon
2666 3727 2763 3782 ubi
2791 3728 2877 3782 vel
2910 3729 3036 3800 quis
3066 3729 3146 3784 sit
3174 3731 3321 3785 Deus
3369 3733 3558 3792 noster,
3598 3725 3687 3778 fre-

2145 3821 2384 3888 quenter
2411 3816 2867 3888 quaeritur.Unde
2892 3833 3037 3872 unus
3068 3825 3392 3874 sanctorum
3416 3837 3426 3871 :
3458 3817 3684 3875 Fuerunt,

2144 3904 2498 3975 inquit,mihi
2515 3907 2773 3972 lacrymae
2798 3922 2925 3959 mea
2945 3922 3113 3975 panes
3129 3910 3221 3962 die
3247 3924 3313 3962 ac
3336 3900 3689 3970 noetr,dumdi-

2143 3996 2294 4048 citur
2324 3994 2465 4047 mihi
2488 3997 2749 4063 quotidie,
2785 3995 2883 4048 ubi
2906 4000 2979 4049 est
3023 3997 3169 4051 Deus
3196 4002 3324 4051 tuus
3354 3996 3552 4064 ?(Psat.
3576 3984 3690 4055 xtl.)

2144 4081 2462 4137 Secundum
2492 4083 2763 4137 moralem
2795 4099 2924 4137 vero
2942 4082 3569 4156 intelligentiam,anima
3583 4084 3689 4132 tunc

2142 4170 2270 4225 licet
2287 4187 2410 4225 sero
2431 4172 2759 4227 recordatur
2770 4173 3021 4228 omnium
3038 4173 3484 4230 desiderabilium
3496 4181 3687 4226 suorum

2142 4275 2267 4313 cum
2299 4260 2577 4329 conspicit
2604 4277 2664 4314 se
2694 4261 2945 4331 undique
2982 4262 3052 4316 ab
3094 4263 3401 4318 immundis
3443 4256 3688 4331 spiritibus

467 4361 562 4400 ras
589 4343 662 4399 ab
680 4345 934 4400 hostibus
961 4347 1214 4418 direptis,
1248 4365 1417 4419 quam
1445 4365 1567 4420 quae
1593 4367 1695 4421 pre
1718 4352 1902 4416 malis,
1936 4369 2058 4423 quae
2077 4356 2127 4417 D
2145 4348 2368 4415 arctari,
2388 4355 2445 4403 et
2472 4348 2530 4403 in
2561 4363 2732 4402 manu
2763 4348 2950 4403 hostili
2973 4366 3171 4406 omnes
3198 4352 3422 4408 aﬂ‘ectus
3443 4347 3520 4403 sui
3538 4341 3689 4400 cordis

468 4433 697 4501 toleras,
721 4432 791 4489 ab
810 4433 1018 4489 eisdem
1035 4436 1157 4491 sine
1188 4436 1301 4491 ulla
1329 4437 1712 4493 consolatione
1740 4439 1843 4494 tibi
1871 4440 2061 4496 illatis.
2147 4456 2427 4507 corruere,
2460 4440 2544 4494 vel
2571 4439 2842 4511 quidquid
2869 4440 2928 4495 in
2957 4457 3024 4496 ea
3052 4448 3205 4497 stare
3232 4441 3474 4497 securius
3497 4433 3685 4491 videba-

471 4524 542 4578 Et
569 4524 686 4579 haec
714 4529 801 4579 est
818 4524 972 4591 Zain,
1005 4541 1127 4596 quae
1148 4525 1205 4579 in
1225 4525 1501 4597 principio
1531 4532 1779 4582 notatur.
1812 4530 1942 4584 Zain
1971 4546 2063 4584 er-

466 4628 541 4683 go
573 4613 762 4667 littera
802 4615 909 4668 hac
950 4629 1151 4668 sonare
1178 4614 1401 4682 dicitur,
1434 4620 1497 4669 ut
1526 4616 1602 4671 sit
1645 4615 1843 4672 titulus
1872 4618 2064 4673 dictio-

470 4699 576 4767 nis,
611 4702 760 4771 qued
788 4703 905 4757 haec
954 4702 1025 4757 sit
1066 4702 1255 4758 divina
1301 4709 1658 4774 peccatorum
1704 4707 2061 4779 perfectaque

470 4788 612 4843 ultie
642 4790 805 4860 longe
835 4808 869 4845 a
896 4791 1094 4846 divinae
1113 4792 1252 4863 legis
1277 4793 1672 4849 latoreJudzeis
1700 4797 2060 4867 repremissa,

471 4894 598 4933 cum
625 4879 851 4935 caderet
876 4881 935 4935 in
956 4881 1217 4937 manibus
1244 4883 1511 4950 hostium,
1531 4885 1679 4956 quod
1702 4886 1888 4940 nullus
1916 4886 2063 4941 futu-

472 4983 569 5021 rus
597 4971 747 5022 esset
776 4968 857 5022 eis
878 4968 1194 5039 auxiliator,
1217 4970 1331 5025 imo
1365 4989 1376 5024 :
1421 4974 1701 5039 Viderunt,
1732 4973 2061 5044 inquit,eam

471 5058 645 5113 hostes
675 5060 810 5126 ejus,
845 5064 893 5113 et
926 5061 1241 5114 deriserunt
1266 5064 1489 5117 sabbata
1518 5066 1651 5132 ejus.
1686 5063 1844 5128 Quod
1876 5070 1934 5119 ct
1957 5082 2059 5120 nos

471 5163 651 5219 usque
689 5147 856 5202 hodie
884 5148 1136 5214 facimus,
1155 5148 1403 5205 videntes
1431 5151 1607 5206 otiosa
1636 5157 1694 5205 ct
1717 5168 2060 5223 supervacua

469 5236 705 5292 sabbata
733 5237 1054 5293 Judaeorum
1094 5237 1413 5294 deridemus
1445 5259 1456 5294 :
1508 5241 1772 5312 quoniam
1814 5258 1945 5297 eum
2000 5245 2059 5298 in

471 5340 638 5396 quem
691 5324 1061 5397 requiescere,
1114 5342 1247 5381 vera
1298 5328 1513 5398 requie,
1546 5327 1875 5397 debuerant,
1911 5332 2058 5402 peri-

472 5418 692 5468 mentes
730 5414 1056 5470 amiserunt.
1079 5416 1147 5469 Et
1172 5416 1289 5469 haec
1311 5421 1398 5470 est
1415 5418 1507 5489 (ut
1529 5417 1787 5489 diximus)
1817 5421 2059 5491 perfecta

2143 4534 2256 4592 tur,
2289 4529 2479 4583 omnia
2506 4527 2608 4583 sibi
2649 4543 2749 4599 pro
2778 4530 3040 4586 vastitate
3068 4531 3385 4586 daemonum
3420 4530 3472 4583 in
3501 4525 3684 4581 ruinam

2143 4619 2332 4673 venire
2351 4618 2581 4673 ultionis
2601 4619 2818 4675 divina).
2849 4621 3004 4674 Tunc
3028 4622 3234 4693 quippe
3262 4609 3684 4693 praevaricationis

2145 4707 2338 4762 omnia
2368 4708 2512 4762 facta
2542 4714 2861 4773 occurrunt,
2911 4714 3045 4765 tunc
3092 4709 3404 4765 afﬂictionis
3447 4702 3678 4778 pessimae.

2144 4812 2256 4866 qua
2284 4813 2385 4867 per
2403 4797 2583 4852 multa
2609 4797 2964 4853 eberraverat
2980 4798 3245 4865 facinora,
3262 4794 3571 4857 recordatio,
3589 4801 3679 4843 non

2143 4885 2214 4939 ad
2229 4885 2556 4956 suffragium
2569 4887 3089 4955 conselationis,sed
3113 4895 3151 4955 Ι
3167 4892 3353 4955 328
3372 4885 3436 4941 ad
3454 4891 3683 4952 augmen-

2143 4977 2264 5027 tum
2278 4989 2453 5044 poenae
2470 4975 2725 5039 occurrit,
2747 4976 2908 5045 juxta
2920 4975 3053 5030 illud
3069 4976 3217 5047 quod
3242 4975 3530 5045 (Scriptura
3543 4966 3678 5029 teste)

2140 5062 2298 5133 impii
2326 5069 2461 5117 sunt
2487 5062 2544 5117 in
2564 5063 2780 5118 inferne
2804 5064 3007 5119 dicturi
3043 5084 3055 5119 :
3080 5067 3405 5120 Erravimus
3422 5075 3535 5128 ergo
3556 5072 3585 5111 α
3610 5054 3682 5106 υία

2140 5154 2409 5218 veritatis,
2440 5158 2489 5205 et
2502 5155 2742 5221 justitise
2774 5154 2927 5207 nobis
2958 5157 3149 5208 limaen
3172 5170 3283 5208 non
3313 5153 3466 5209 luxit.
3489 5150 3559 5200 δοι
3590 5155 3679 5195 ηοη

2142 5246 2214 5294 cst
2248 5246 2403 5295 ortus
2430 5243 2582 5295 nobis
2616 5258 2632 5292 :
2658 5243 2849 5296 lassati
2885 5258 3079 5296 sumus
3108 5245 3170 5297 in
3209 5245 3300 5296 via
3329 5236 3617 5308 iniquitatis
3639 5234 3678 5283 et

2138 5333 2614 5401 pcrditionismias
2633 5334 3046 5387 ambulavimus
3065 5333 3479 5402 difﬁciles,eiam
3491 5318 3680 5379 Demilu'

2143 5423 2527 5488 ignoravimus
2549 5422 2701 5490 (Sap.
2725 5423 2797 5490 v).
2831 5422 2976 5491 Quid
3020 5421 3178 5476 nobis
3205 5418 3405 5492 profuit
3432 5408 3673 5485 superbia.

471 5502 801 5557 delictorum
846 5505 1226 5575 compensatio
1259 5520 1270 5553 :
1313 5504 1558 5575 primum
1586 5506 1645 5560 in
1673 5507 1931 5563 manibus
1958 5510 2064 5564 he-
2145 5510 2716 5580 autquiddivitiarum
2739 5512 3026 5583 opulentia
3046 5512 3278 5567 contulit
3300 5507 3451 5564 nobis
3468 5503 3677 5561 ?Trans-

470 5592 645 5650 stium
673 5593 891 5662 cadere,
924 5595 1124 5651 deinde
1151 5594 1434 5650 recordari
1481 5610 1593 5650 non
1636 5597 1817 5653 solum
1844 5598 2063 5654 dierum
2145 5598 2336 5655 ierunt
2360 5600 2550 5656 omnia
2585 5599 2683 5655 illa
2712 5607 2982 5673 tanquam
3012 5601 3209 5658 umbra
3232 5597 3437 5662 mortis,
3466 5593 3519 5647 in
3544 5583 3675 5643 mali-
