3960 6168
345 289 486 350 1077

1042 288 1424 356 EXPOSITIO
1464 290 1542 346 IN
1579 289 2186 346 LAMENTATIONES
2218 291 2564 347 JEREMIE.
2610 324 2673 333 —
2713 294 2851 350 LIB.
2893 296 2937 350 Ι.

3479 300 3616 360 1078

340 414 562 485 gnitate
591 417 784 469 nostra
813 414 1131 485 consumpti
1157 431 1371 468 sumus.
1396 414 1513 469 Nec
1541 413 1774 470 dubium
1805 415 1940 486 quin
1957 417 2007 475 Α
2026 415 2300 483 dissipant
2322 417 2785 472 siveeonturbant
2809 419 2932 486 (Isa.
2956 422 3060 490 In).
3093 421 3298 477 Volens
3319 424 3539 480 Scribas
3558 429 3617 481 et

341 503 605 558 derident
623 503 727 574 ipsi
748 503 937 573 magni
958 503 1201 573 Spiritus
1213 504 1409 571 otium,
1429 503 1577 574 quod
1597 505 1945 574 negligentes

342 592 624 647 inutiliter
651 593 882 658 ducunt,
917 608 1017 662 per
1039 593 1327 663 praesentis
1355 593 1478 648 vita:
1498 594 1698 664 spatia.
1732 594 1941 648 Idcirco

341 682 631 752 sequitur:
665 683 924 735 Viderunt
945 682 1114 734 hostes
1133 687 1180 734 et
1195 684 1508 736 deriserunt
1538 683 1779 736 Sabbata
1801 687 1939 752 eius.

343 771 548 824 Hostes
583 771 732 824 enim
764 769 1007 824 Sabbata
1035 770 1285 825 videntes
1314 771 1514 825 animae
1544 777 1678 826 tunc
1705 772 1944 826 irrident

341 875 473 914 cum
505 859 739 930 maligni
769 859 1002 930 spiritus
1029 859 1162 930 ipsa}
1178 860 1477 914 vacationis
1498 866 1702 915 nostrae
1735 861 1848 915 otia
1871 863 1942 915 ad

339 948 712 1018 cogitationes
749 948 968 1002 illicitas
997 950 1350 1019 pertrahunt.
1383 950 1528 1013 Quid
1561 951 1715 1004 valde
1744 967 1943 1005 mona-

341 1037 464 1092 chis
512 1039 936 1108 praecavendum
974 1043 1077 1104 est,
1121 1039 1208 1092 vel
1234 1039 1320 1092 his
1350 1039 1456 1110 qui
1498 1040 1684 1094 saeculi
1725 1040 1940 1095 actibus

337 1143 540 1181 vacare
572 1127 848 1193 videntur,
881 1144 952 1182 ne
978 1127 1119 1181 forte
1147 1129 1304 1182 vanis
1336 1134 1677 1199 occupentur
1715 1130 1934 1197 studiis,

339 1220 399 1270 et
426 1232 623 1270 eorum
654 1216 901 1270 Sabbata
928 1233 1042 1270 non
1073 1217 1252 1271 solum
1285 1216 1355 1270 ab
1381 1217 1603 1272 interno
1633 1217 1937 1289 reproben-

339 1309 436 1358 tur
477 1304 684 1374 judice,
717 1321 912 1360 verum
958 1305 1322 1360 derideantur
1363 1306 1430 1360 ab
1477 1306 1750 1361 hostibus.
1792 1308 1938 1362 Nam

339 1410 693 1464 unaquaeque
719 1395 908 1448 anima
932 1412 1054 1465 quae
1085 1402 1303 1449 remota
1330 1396 1400 1449 ab
1430 1396 1670 1450 externis
1709 1397 1939 1452 actioni-

337 1482 446 1537 bus
477 1483 683 1538 servire
703 1485 818 1538 Deo
838 1485 1102 1551 creditur,
1135 1501 1200 1538 eo
1229 1485 1412 1555 magis
1437 1503 1630 1540 eorum
1651 1487 1937 1558 tyrannidi

337 1572 539 1626 illicita
558 1572 854 1644 cogitando
872 1573 1195 1628 famulatur.
1221 1575 1379 1638 Quod
1402 1576 1450 1629 si
1470 1576 1539 1630 de
1559 1576 1714 1630 vanis
1734 1577 1940 1647 cogita-

2027 503 2339 558 Pharismos
2357 505 2670 572 ostendere,
2696 524 2835 578 quos
2854 509 3003 562 idem
3032 512 3306 580 propheta
3332 520 3616 569 exactores

2024 593 2352 663 appellarat,
2385 609 2495 646 non
2527 595 2846 665 magistros,
2889 613 3105 651 necnon
3136 604 3193 652 et
3219 615 3391 669 supra
3419 601 3615 656 illuso-

2023 698 2132 746 res,
2165 682 2260 752 qui
2309 688 2538 753 propter
2569 700 2803 756 munera
2834 702 2956 755 quae
3001 694 3280 742 excaecant
3319 688 3490 742 etiam
3526 706 3619 744 sa-

2023 770 2260 840 pientes,
2294 787 2406 825 non
2437 772 2617 826 solum
2650 778 2969 844 peccatores
2989 776 3048 830 in
3077 778 3281 847 populo
3302 794 3414 832 non
3443 779 3618 832 corri-

2023 859 2270 930 piebant,
2300 877 2491 914 verum
2533 879 2634 932 pro
2681 863 2888 918 divitiis
2929 870 3099 936 atque
3146 867 3260 921 suis
3289 868 3615 935 commodis,

2026 949 2242 1018 magnis
2286 950 2592 1005 efferebant
2639 952 2914 1007 laudibus.
2950 955 3018 1008 Et
3063 955 3194 1009 hinc
3241 973 3271 1009 e
3313 957 3614 1024 contrario,

2023 1037 2180 1108 plebs
2211 1039 2540 1110 delinquens
2583 1040 2776 1095 beatos
2821 1042 3053 1097 vocabat
3079 1061 3194 1110 eos,
3227 1049 3282 1098 et
3325 1047 3618 1101 columnas

2021 1127 2220 1182 domus
2265 1128 2387 1194 Dei,
2434 1133 2491 1182 et
2537 1136 2737 1183 caetera
2765 1147 2886 1201 quae
2931 1133 3114 1186 solent
3140 1133 3461 1188 adulatores
3485 1152 3618 1206 pro-

2019 1216 2182 1269 ferre.
2203 1219 2324 1285 Ipsa
2339 1216 2559 1288 (inquit)
2582 1234 2800 1284 gemens
2822 1224 2868 1272 et
2891 1237 3147 1276 conversa
3178 1228 3252 1275 est
3282 1229 3612 1278 retrorsum.

2018 1305 2281 1359 Formam
2311 1306 2574 1376 exprimit
2592 1323 2786 1361 eorum
2816 1310 2910 1378 qui
2939 1311 3292 1380 captivantur
3311 1313 3459 1383 quod
3478 1313 3616 1368 dum

2019 1399 2156 1448 eunt
2181 1401 2312 1448 ante
2341 1395 2541 1449 faciem
2565 1395 2976 1468 subsequentis,
3008 1400 3330 1470 frequenter
3357 1407 3507 1455 retro
3532 1419 3618 1458 re-

2020 1484 2264 1554 spiciunt
2291 1484 2545 1538 dolentes
2574 1485 2644 1538 ad
2673 1486 2855 1540 solum
2883 1488 3097 1557 patriae,
3131 1489 3382 1544 dulciora
3409 1507 3477 1545 ea
3495 1508 3617 1562 quae

2020 1576 2170 1625 retro
2203 1577 2353 1639 sunt,
2381 1572 2692 1642 cogitantes
2720 1590 2785 1627 ac
2807 1580 3097 1644 gementes
3126 1577 3429 1646 suspirant.
3449 1579 3621 1633 Caete-

337 1661 591 1715 tionibus
633 1667 824 1716 nostra
873 1662 1118 1717 Sabbata
1153 1663 1499 1730 deridentur,
1534 1665 1942 1735 pertimescen-
2023 1677 2149 1715 rum
2173 1663 2333 1732 juxta
2363 1678 2696 1733 anagogem,
2721 1665 2940 1734 quoties
2971 1670 3163 1719 nostra
3191 1666 3502 1719 Jerusalem
3524 1665 3621 1720 ali-

338 1749 478 1803 dum
508 1751 667 1804 valde
693 1750 826 1821 quid
855 1751 924 1805 de
953 1752 1039 1805 his
1070 1753 1374 1821 agendum,
1408 1753 1502 1823 qui
1533 1753 1637 1807 sub
1665 1754 1786 1825 ipso
1817 1754 1941 1808 vitae
1967 1767 2136 1836 Bqua
2154 1751 2492 1821 depravatur
2511 1752 2708 1806 haeresi
2726 1753 2786 1806 in
2811 1753 2928 1807 suis
2960 1755 3246 1821 membris,
3270 1755 3405 1826 quia
3423 1771 3620 1825 pecca-

339 1838 544 1908 spatio,
580 1838 749 1892 etiam
799 1840 953 1893 varia
994 1840 1213 1910 ﬂagitia
1260 1842 1636 1896 committunt.
1689 1843 1848 1896 Unde
1894 1843 1941 1897 si
2026 1841 2103 1894 vit
2131 1845 2442 1910 peccatum,
2476 1840 2753 1896 instabilis
2781 1849 3137 1912 pervagatur,
3163 1848 3220 1896 et
3249 1844 3405 1898 nulla
3435 1844 3622 1898 solidi-

338 1943 541 1980 vacare
571 1929 843 1992 volumus,
878 1929 983 1982 soli
1013 1930 1126 1983 Deo
1157 1946 1415 1984 vacemus
1443 1931 1602 2000 juxta
1625 1931 1763 1985 illud
1792 1951 1802 1985 :
1851 1935 1941 1987 Va-
2023 1934 2139 1983 tate
2164 1929 2292 1983 ﬁdei
2313 1929 2411 1983 ubi
2429 1930 2514 1983 vel
2535 1930 2631 1983 ubi
2661 1930 2874 2000 ﬁgitur,
2899 1946 2962 1983 eo
2995 1932 3142 2002 quod
3170 1932 3304 2001 quia
3329 1932 3622 1987 videbatur

339 2021 457 2069 cate
485 2021 534 2069 et
560 2018 734 2070 videte
747 2020 1014 2085 quoniam
1035 2022 1222 2072 suavis
1242 2025 1317 2073 est
1335 2021 1623 2086 Dominus;
1650 2022 1834 2075 beatus
1853 2024 1942 2075 vir
2022 2018 2258 2073 fundata
2285 2035 2454 2090 super
2484 2018 2826 2074 soliditatem
2856 2024 3046 2090 petrae,
3084 2037 3206 2090 quae
3237 2020 3493 2074 Christus
3511 2027 3616 2088 est,

339 2107 444 2174 qui
468 2111 650 2174 sperat
680 2109 744 2160 in
772 2123 828 2160 eo
856 2106 1028 2176 /Psat.
1062 2106 1285 2178 xxxm).
2024 2109 2084 2162 in
2114 2124 2180 2162 eo
2205 2109 2386 2162 noluit
2410 2121 2759 2179 permanere.
2784 2109 2934 2172 Quos
2963 2109 3059 2179 qui
3085 2109 3480 2179 gloriﬁcabant
3507 2111 3623 2182 ple-

2026 2198 2150 2252 beio
2181 2198 2402 2259 affectu,
2435 2214 2560 2252 cum
2610 2198 2852 2252 viderint
2879 2197 3249 2268 ignominiam
3297 2215 3492 2254 eorum
3521 2199 3620 2254 de-

2026 2292 2254 2347 tectam,
2289 2291 2347 2342 et
2371 2288 2752 2342 conculcatam
2780 2287 2850 2341 ab
2891 2288 3214 2342 orthodoxis
3251 2289 3507 2360 verisque
3534 2305 3624 2344 ca-

411 2375 699 2426 Peccatum
723 2376 963 2441 peccavit
991 2377 1318 2441 Jerusalem,
1349 2383 1632 2446 propterea
1663 2379 1942 2432 instabilis
2024 2376 2263 2441 tholicis,
2298 2381 2574 2446 spernunt
2618 2382 2676 2431 et
2719 2377 3072 2432 detestantur
3099 2395 3214 2444 eos,
3258 2395 3385 2434 cum
3413 2378 3620 2434 abhor—

338 2462 494 2528 facta
535 2466 629 2514 est.
667 2462 861 2516 Omnes
899 2466 997 2532 qui
1032 2467 1420 2532 gloriﬁcabant
1460 2483 1580 2520 eam
1619 2473 1942 2534 spreverunt
2025 2465 2245 2520 ruerint
2266 2466 2412 2536 quod
2430 2465 2681 2520 conversi
2701 2471 2835 2520 sunt
2854 2467 3310 2522 retrorsum.Sed
3325 2467 3458 2538 quia
3473 2469 3623 2523 Heth

339 2551 781 2605 ittam.Causam
813 2551 1066 2607 vindictae
1100 2552 1158 2607 in
1181 2554 1453 2625 principio
1475 2555 1746 2626 expressit
1773 2556 1941 2626 hujus
2023 2554 2152 2608 huic
2186 2555 2453 2626 sapphico
2479 2557 2842 2626 praeponitur,
2868 2556 3016 2626 quod
3047 2559 3166 2613 vita
3192 2557 3616 2628 interpretatur,

335 2637 871 2710 sententiaequiaob
884 2641 1328 2711 magnitudinem
1340 2643 1614 2698 scelerum
1627 2645 1938 2699 Jerusalem
2025 2648 2389 2715 quaerendum
2419 2645 2700 2715 quomodo
2729 2651 2879 2698 recte
2909 2645 2968 2699 in
2989 2645 3265 2716 principio
3291 2650 3406 2699 vita
3431 2647 3620 2716 praeti-

334 2726 456 2794 illa,
491 2744 614 2798 quae
642 2728 700 2782 in
738 2729 1060 2784 servitutem
1087 2731 1288 2802 genuit
1312 2732 1458 2786 ﬁlios
1485 2733 1938 2804 transmigratio-
2022 2733 2257 2798 tulatur,
2275 2732 2373 2787 ubi
2401 2749 2514 2788 non
2545 2732 2699 2787 aliud
2728 2732 2836 2786 nisi
2867 2733 3099 2788 exitium
3131 2738 3187 2788 et
3215 2750 3380 2804 poena
3408 2735 3619 2806 peccati

337 2815 450 2881 nis,
474 2818 787 2887 promuerit
800 2818 1094 2873 excidium.
1122 2821 1229 2875 Sed
1254 2822 1618 2892 quaerendum
1638 2823 1786 2893 quod
1807 2839 1937 2894 pec-
2020 2822 2406 2888 denuntiatur,
2448 2829 2484 2887 |
2501 2826 2694 2887 3330
2719 2821 2826 2876 nisi
2856 2822 3004 2893 quod
3032 2823 3162 2876 ﬁnis
3187 2823 3352 2893 hujus
3381 2823 3619 2879 lamenti

337 2910 528 2960 catum
560 2908 869 2977 peccaverit
916 2913 1031 2962 tam
1073 2909 1396 2977 nefandum,
1438 2917 1502 2965 ut
1542 2928 1643 2982 pro
1679 2912 1940 2966 omnibus
2022 2909 2154 2979 quid
2175 2910 2444 2968 innuerit.
2476 2910 2769 2981 designat:
2793 2926 2920 2965 cum
2952 2928 2987 2964 a
3015 2911 3287 2982 principio
3301 2913 3471 2982 hujus
3491 2928 3620 2983 ope-

1063 2267 1206 2306 HETH
1213 2293 1224 2304 .

336 2995 447 3049 hoc
475 3012 652 3050 unum
679 3002 974 3067 reputetur
1011 2998 1062 3052 ei
1091 2999 1160 3052 ad
1200 2999 1578 3054 damnationis
1607 3002 1939 3056 cumulum?

336 3085 484 3139 Hinc
501 3091 638 3155 puto
653 3086 802 3156 quod
823 3091 880 3140 et
895 3087 1166 3142 Dominus
1189 3089 1244 3142 in
1272 3089 1571 3160 Evangelio
1592 3091 1662 3145 de
1691 3091 1896 3146 Judaeis
1921 3109 1934 3146 :

333 3173 527 3228 Sinon
546 3177 828 3240 venissem,
847 3176 1050 3245 inquit,
1076 3183 1122 3230 et
1144 3181 1355 3231 locutus
1376 3181 1604 3246 fuissem
1626 3183 1720 3244 eis,
1750 3197 1938 3249 pecca-

337 3267 462 3316 tum
507 3279 618 3316 non
645 3264 906 3318 haberent
941 3268 1114 3334 (Joan.
1149 3268 1258 3333 xv).
1291 3267 1436 3330 Quid
1467 3273 1552 3321 est
1589 3269 1736 3339 quod
1780 3268 1933 3335 dicit,

331 3356 618 3420 peccatum
641 3368 751 3406 non
775 3353 1067 3408 haberent?
1083 3355 1344 3426 Nunquid
1373 3357 1494 3410 sine
1524 3362 1748 3427 peccato
1777 3363 1938 3412 erant

335 3444 644 3510 antequam
676 3441 933 3496 Christus
961 3443 1030 3496 ad
1054 3460 1168 3497 '-eos
1206 3445 1492 3498 venisset?
1539 3447 1676 3510 Quis
1708 3447 1810 3500 hoc
1851 3447 1938 3499 vel

335 3529 706 3584 stultissimus
748 3531 990 3586 dixerit?
1035 3533 1143 3587 Sed
1201 3539 1284 3587 est
1333 3550 1602 3604 magnum
1657 3536 1937 3606 quoddam

336 3624 635 3688 peccatum
677 3637 688 3671 :
733 3621 880 3689 quod
911 3623 1160 3690 peccavit
1187 3623 1518 3690 Jerusalem,
1552 3630 1609 3678 et
1629 3625 1777 3694 quod
1809 3624 1940 3695 quia

336 3706 597 3761 Christus
613 3708 764 3762 venit
785 3713 842 3762 et
859 3709 1078 3764 locutus
1095 3716 1181 3764 est
1201 3712 1300 3776 eis,
1316 3712 1492 3766 Judaei
1513 3713 1849 3780 habuerunt,
1884 3719 1941 3768 et

335 3812 453 3850 non
478 3796 546 3850 de
567 3797 723 3850 omni
736 3805 960 3868 peccato
979 3799 1190 3854 dictum
1214 3801 1730 3871 accipiendum.Est
1749 3808 1937 3857 autem

346 3892 386 3951 Ι
403 3890 596 3950 329
609 3885 833 3955 aliquod
857 3894 1141 3957 peccatum
1175 3907 1284 3960 quo
1315 3895 1579 3944 tenentur
1602 3891 1790 3945 omnia
1816 3908 1940 3962 pec-

335 3981 484 4040 cata,
514 3975 662 4045 quod
693 3975 739 4028 si
765 3977 1151 4048 unusquisque
1177 3995 1290 4032 non
1320 3978 1541 4044 habeat,
1576 3980 1941 4034 dimittuntur

334 4065 389 4118 ei
419 4069 620 4118 cuncta
641 4071 887 4135 peccata.
913 4067 1029 4120 Hoc
1059 4073 1145 4120 est
1171 4069 1334 4137 plane
1364 4073 1651 4138 peccatum
1685 4069 1940 4124 incredu-

333 4152 534 4218 litatis,
569 4169 680 4223 quo
708 4170 848 4223 gens
880 4155 978 4208 illa
1009 4172 1231 4226 semper
1258 4156 1364 4210 fuit
1394 4158 1640 4220 detenta,
1672 4158 1825 4212 idola
1851 4175 1938 4213 co-

333 4241 505 4295 lendo
528 4259 539 4293 :
565 4241 698 4312 quia
718 4243 776 4296 in
797 4243 1082 4297 Christum
1103 4246 1330 4298 credere
1351 4246 1669 4311 noluerunt,
1694 4248 1790 4317 qui
1816 4264 1938 4318 pro-

333 4336 533 4401 pterea
559 4331 728 4396 venit,
765 4336 827 4386 ut
855 4334 1179 4387 crederetur
1207 4334 1265 4388 in
1289 4351 1436 4388 eum.
1475 4336 1635 4399 Quod
1663 4348 1937 4407 sanepec-

2025 2999 2102 3052 ris
2124 3015 2236 3053 non
2255 2999 2400 3054 alius
2417 3015 2587 3070 quam
2607 3000 2881 3070 propheta
2899 2999 3077 3069 gemit
3097 3005 3154 3053 et
3166 3000 3434 3071 loquitur.
3455 3001 3618 3055 Nunc

2023 3095 2211 3143 autem
2234 3094 2508 3160 quantum
2525 3090 2598 3144 ad
2625 3088 2998 3160 tr0pologiam
3019 3089 3242 3152 attinet,
3274 3088 3477 3143 animae
3507 3090 3621 3144 vita

2021 3183 2107 3232 est
2132 3183 2258 3248 post
2284 3179 2506 3249 lapsum
2541 3177 2810 3241 criminis,
2845 3183 2970 3247 post
3003 3176 3244 3243 vincula,
3284 3182 3412 3248 post
3438 3177 3620 3248 capti-

2022 3267 2269 3332 vitatem,
2303 3283 2413 3321 non
2446 3283 2669 3338 semper
2704 3266 2764 3320 in
2789 3265 3153 3337 Babylonem,
3188 3265 3247 3320 id
3276 3271 3362 3320 est
3401 3266 3460 3320 in
3485 3283 3618 3320 con-

2020 3354 2297 3409 fusionem
2322 3355 2587 3409 vitiorum
2614 3353 2930 3418 intendere,
2955 3360 3012 3408 et
3039 3354 3096 3407 in
3113 3359 3329 3408 exteras
3358 3353 3619 3409 tenebras

2020 3444 2123 3510 ire,
2155 3444 2269 3498 imo
2299 3449 2609 3498 retrorsum
2640 3443 2710 3496 ad
2734 3443 2914 3497 lucem
2935 3443 3230 3513 respicere,
3261 3443 3332 3496 ad
3352 3444 3614 3514 patriam,

2021 3534 2090 3590 de
2121 3549 2232 3604 qua
2258 3533 2424 3603 longe
2450 3532 2668 3602 captiva
2689 3531 2930 3596 ducitur,
2959 3548 3191 3601 gemens
3212 3532 3620 3604 jugitersuspi-

2022 3639 2166 3676 rare.
2195 3621 2341 3676 Nam
2371 3622 2441 3676 de
2471 3626 2695 3692 peccato
2733 3621 2978 3692 perﬁdiae
3007 3621 3300 3691 contingit,
3349 3622 3499 3691 quod
3529 3621 3616 3676 in-

2021 3712 2152 3766 felix
2180 3711 2255 3765 sit
2284 3711 2366 3765 vel
2386 3709 2683 3777 instabilis,
2716 3715 2772 3764 et
2799 3726 2900 3780 per
2924 3709 3144 3763 diversa
3176 3709 3443 3780 rapiatur.
3469 3709 3618 3764 Alio-

2022 3801 2156 3872 quin
2185 3800 2232 3854 si
2259 3815 2479 3871 semper
2505 3816 2675 3870 super
2697 3803 2916 3870 petram
2937 3797 3206 3852 virtutum
3227 3799 3364 3852 ﬁxos
3384 3799 3618 3852 haberet

2017 3906 2262 3960 gressus,
2296 3905 2651 3960 nequaquam
2679 3888 2760 3941 vis
2783 3893 3076 3942 ventorum
3108 3887 3190 3940 vel
3216 3891 3616 3956 tempestatum

2022 3979 2257 4033 ﬂumina
2287 3979 2355 4032 de
2379 3978 2621 4032 statione
2651 3977 2779 4031 ﬁdei
2806 3993 2920 4032 suae
2951 3976 3311 4046 depellerent.
3346 3975 3453 4028 Sed
3480 3990 3617 4029 non-

2020 4085 2310 4139 nunquam
2341 4067 2527 4122 evenit
2555 4073 2620 4122 ut
2646 4067 2834 4121 anima
2859 4067 3023 4137 plena
3042 4063 3298 4118 sordibus
3324 4069 3493 4134 atque
3521 4063 3615 4117 de-

2019 4163 2210 4228 specta
2226 4174 2326 4228 pro
2346 4173 2460 4212 suae
2485 4156 2824 4211 confusionis
2854 4153 3180 4225 ignominia,
3207 4152 3508 4224 respiciens
3529 4169 3615 4206 re-

2017 4256 2264 4302 trorsum
2296 4247 2365 4301 ad
2411 4263 2478 4300 ea
2507 4263 2628 4317 qua:
2658 4246 2942 4308 amiserat,
2981 4245 3067 4298 vel
3099 4259 3224 4298 sero
3257 4243 3608 4313 ingemiscat.

2019 4339 2088 4391 Et
2117 4338 2233 4391 haec
2262 4342 2346 4390 est
2372 4336 2486 4389 vita
2514 4336 2582 4390 de
2609 4333 2854 4389 tenebris
2883 4334 2952 4387 ad
2979 4334 3160 4388 lucem
3207 4332 3501 4403 respicere,
3542 4331 3612 4386 de

334 4425 548 4483 catum,
572 4419 619 4472 si
650 4436 761 4473 non
793 4421 1053 4488 venisset,
1086 4439 1197 4477 non
1229 4424 1422 4493 utique
1452 4424 1727 4479 haberent
1754 4429 1930 4493 (Joan.
1952 4415 2000 4472 D
2020 4425 2343 4480 confusione
2358 4430 2734 4496 peccatorum,
2757 4424 2814 4478 id
2845 4429 2930 4477 est
2955 4424 3024 4477 de
3058 4422 3340 4492 Babylone
3362 4422 3433 4474 ad
3454 4421 3609 4475 illam

333 4512 452 4575 xv).
486 4508 772 4562 Adventus
814 4511 1020 4580 quippe
1067 4512 1205 4582 ejus,
1259 4518 1532 4582 quantum
1582 4514 1934 4569 credentibus
2019 4516 2299 4569 caelestem
2327 4514 2660 4581 Jerusalem,
2707 4513 2838 4567 licet
2882 4517 3191 4566 retrorsum
3221 4510 3608 4580 ingemiscere,

333 4597 622 4661 salutaris,
656 4602 878 4651 tantum
908 4615 1018 4653 non
1048 4600 1426 4665 credentibus,
1445 4601 1738 4656 exitiabilis
1758 4603 1937 4657 factus
2021 4604 2157 4656 etde
2175 4604 2320 4657 vitiis
2339 4604 2410 4657 ad
2429 4603 2661 4656 virtutes
2689 4617 2945 4672 gressum
2973 4600 3286 4654 deﬂectere.
3312 4598 3438 4652 Non
3459 4599 3611 4652 enim

333 4691 442 4740 est.
460 4685 620 4740 Unde
635 4686 903 4741 Dominus
921 4689 1108 4741 videns
1130 4692 1403 4743 civitatem
1425 4690 1597 4753 illam,
1614 4694 1760 4760 ﬂevit
1775 4708 1938 4760 super
2019 4709 2242 4762 semper
2269 4692 2479 4745 malum
2509 4697 2595 4745 est
2625 4696 2776 4745 retro
2799 4689 3000 4754 redire,
3023 4705 3325 4759 vocemque
3352 4693 3480 4759 post
3505 4693 3616 4742 ter-

331 4790 457 4829 eain
490 4790 506 4824 :
541 4776 677 4841 quia
704 4777 754 4828 si
772 4779 1102 4842 engnocz'sses
1131 4777 1354 4847 (inquit)
1384 4784 1431 4831 ct
1461 4784 1538 4839 tu,
1562 4785 1625 4832 ut
1643 4778 1938 4833 subaudia—
2016 4797 2152 4850 gum
2187 4780 2465 4834 monentis
2492 4780 2705 4844 audire,
2733 4780 2895 4849 juxta
2922 4778 3069 4849 quod
3099 4777 3272 4832 Isaias
3297 4777 3506 4831 fatetur
3532 4777 3614 4831 di-

330 4869 433 4918 tur
457 4863 643 4916 ﬁeres.
679 4862 892 4916 Deinde
921 4880 1146 4918 causam
1175 4867 1262 4920 sui
1292 4867 1457 4921 ﬂetus
1477 4867 1796 4922 denuntiat:
1814 4870 1937 4923 Non

330 4954 657 5020 relinquent
687 4955 750 5005 in
778 4957 825 5005 te
847 4955 1093 5021 lapidem
1113 4971 1277 5024 super
1307 4958 1544 5024 lapidem
1565 4974 1653 5010 :eo
1667 4959 1809 5026 quod
1826 4974 1938 5012 non

331 5044 650 5108 cognoveris
681 5046 889 5109 tempus
919 5045 1252 5098 uisitationis
1286 5050 1390 5098 tua
1427 5047 1568 5102 (Luc.
1604 5049 1738 5113 xxx).
1780 5046 1938 5109 Quod

332 5130 474 5201 quia
490 5145 601 5183 non
613 5129 870 5199 cognovit
883 5132 1188 5186 Jerusalem
1198 5173 1211 5198 ,
1227 5137 1284 5186 et
1296 5149 1519 5205 semper
1529 5133 1827 5189 idololatra
1843 5152 1936 5188 ex-

331 5219 560 5272 stiterat
587 5224 643 5272 et
670 5219 977 5281 incredula,
1009 5220 1214 5274 idcirco
1246 5221 1521 5275 instabilis
1558 5222 1702 5276 facta
1735 5229 1838 5286 est,
1883 5228 1939 5277 et

334 5324 455 5363 non
477 5313 562 5362 est
580 5306 639 5360 in
659 5323 722 5361 ea
745 5307 886 5378 lapis
905 5309 1325 5380 superlapidem
1344 5311 1660 5367 derelictus.
1674 5314 1738 5366 Et
1752 5329 1936 5366 omnes

336 5400 440 5466 qui
457 5397 843 5464 gloriﬁcabant
858 5414 997 5463 eam,
1013 5404 1334 5466 spreverunt
1349 5416 1468 5453 eam
1486 5419 1500 5453 :
1524 5403 1657 5469 quia
1679 5403 1939 5456 viderunt

334 5488 716 5554 ignominiam
749 5488 886 5552 ejus.
918 5487 1086 5541 Juxta
1115 5487 1253 5542 illud
1285 5488 1442 5542 Isaiae
1474 5507 1484 5541 :
1523 5492 1720 5558 Popule
1765 5507 1936 5556 meus,

335 5577 440 5645 qui
460 5579 508 5629 te
530 5575 857 5643 beatiﬁcant,
893 5577 1003 5646 ipsi
1015 5580 1061 5632 te
1075 5577 1382 5648 decipiunt,
1403 5583 1452 5633 et
1473 5581 1621 5634 viam
1650 5595 1939 5649 gressuum

2021 4887 2178 4924 cens:
2206 4871 2269 4924 Et
2289 4875 2455 4923 erunt
2474 4867 2697 4939 (inquit)
2713 4870 2861 4921 oculi
2877 4870 2963 4920 tui
2977 4869 3214 4921 videntes
3230 4873 3612 4936 praceptorem

2023 4965 2204 5024 tuum,
2226 4964 2274 5013 et
2295 4975 2456 5012 aures
2470 4964 2574 5012 tute
2586 4958 2870 5011 audientes
2889 4957 3114 5010 verbum
3127 4962 3243 5025 post
3265 4961 3478 5024 tergum
3503 4972 3614 5010 mo-

2023 5051 2202 5102 nentis
2230 5047 2359 5117 Usa.
2392 5053 2537 5110 xxx).
2563 5045 2708 5110 Quia
2729 5044 2974 5115 profecto
3004 5060 3106 5098 nos
3131 5045 3182 5099 ei
3207 5050 3430 5114 tergum
3453 5044 3612 5098 dedi-

2022 5154 2165 5201 mus,
2197 5137 2323 5207 pius
2347 5151 2412 5188 ac
2440 5136 2683 5189 clemens
2711 5134 2984 5189 Dominus
3014 5151 3124 5188 non
3154 5133 3489 5202 dedignatur
3518 5149 3611 5187 re-

2019 5242 2216 5279 vocare
2237 5242 2336 5278 nos
2348 5225 2416 5278 de
2436 5231 2562 5295 post
2581 5231 2805 5294 tergum
2826 5224 3030 5278 nostris
3043 5227 3406 5292 exasperatus
3422 5222 3608 5287 malis,

2017 5318 2083 5367 ut
2113 5313 2182 5365 ad
2209 5328 2336 5366 eum
2369 5312 2530 5382 quasi
2561 5318 2869 5366 retrorsum
2895 5311 3092 5366 faciem
3119 5314 3536 5376 convertamus,’
3556 5315 3613 5363 et

2020 5401 2170 5455 unde
2199 5401 2526 5467 decidimus,
2561 5402 2878 5457 redeamus.
2925 5402 3068 5455 Hinc
3110 5416 3244 5454 sane
3287 5400 3521 5470 angelus
3551 5398 3610 5453 in

2021 5490 2356 5562 Apocalypsi
2383 5490 2641 5546 Joannis:
2669 5493 2934 5546 Memento
2958 5491 3104 5544 unde
3133 5490 3406 5556 cecideris,
3439 5494 3485 5543 et
3515 5503 3611 5556 age

2019 5583 2725 5653 pcenitentiam,prioraque
2739 5579 3233 5655 tua(inquit)opera
3246 5575 3610 5650 fac(Apoc.u).
