3918 6166
433 283 565 342 1079

1178 286 1259 342 8.
1297 283 1676 342 PASCl-IASII
1715 280 2077 339 RADBERTI
2114 281 2419 339 ABBATIS
2455 276 2949 340 CORBEIENSIS.

3522 281 3635 341 1080

431 407 499 461 Et
538 407 645 462 hoc
687 413 776 463 est
800 412 1110 463 retrorsum
1138 408 1344 462 animae
1372 405 1759 476 ingemiscere,
1792 404 1863 458 ad
1892 420 2022 457 eum
2040 408 2082 464 Α
2107 405 2532 476 praesentiarum
2567 405 2689 459 sine
2716 404 2906 457 fructu
2936 401 3277 473 poenitentiae
3301 408 3409 457 tam
3436 404 3641 461 nefanda

428 512 531 569 per
557 497 885 568 quotidiana
912 498 1162 551 lamenta
1189 496 1393 560 redire,
1428 495 1705 566 plenaque
1733 492 2023 547 charitatis

430 603 603 658 opera
630 587 956 658 adimplere.
990 586 1136 641 Nam
1164 590 1223 640 et
1253 585 1425 640 Maria
1437 601 1562 639 cum
1580 583 1649 637 de
1677 582 1903 637 Domini
1927 582 2027 636 du-

430 674 638 730 bitaret
664 674 1089 731 resurrectionis
1124 689 1405 744 regressu,
1438 672 1781 744 prospiciens
1809 671 1869 725 in
1906 687 2028 725 mo-

432 770 785 830 numentum,
810 764 938 818 licet
969 763 1038 816 ad
1062 762 1290 833 angelos
1316 762 1375 816 in
1400 762 1543 817 albis
1572 761 1830 816 sedentes
1851 759 2031 815 inten-

430 853 607 918 deret,
666 853 843 907 donec
878 857 1188 906 retrorsum
1244 851 1566 922 respiceret,
1606 851 1798 905 Jesum
1859 864 2028 920 quem

433 940 745 1012 qumrebat,
768 940 1001 993 minime
1051 939 1285 994 invenit.
1329 940 1583 1011 Hincque
1626 937 2022 1008 Evangelista:

431 1031 700 1086 Conversa
720 1034 795 1082 est
821 1028 1049 1098 (inquit)
1078 1034 1406 1095 retrorsum,
1429 1035 1476 1083 et
1501 1030 1641 1082 vidit
1658 1031 1843 1082 Jesum
1870 1032 2029 1081 stan-

434 1122 538 1170 tem
569 1117 748 1184 (Joan.
781 1118 887 1185 xx).
942 1118 1112 1172 Retro
1155 1133 1288 1188 ergo
1335 1116 1541 1182 stabat,
1580 1116 1780 1171 saltem
1810 1132 1935 1169 eam
1966 1119 2030 1169 ut

430 1210 559 1277 post
578 1210 802 1275 tergum
834 1211 1107 1271 moneret,
1132 1206 1371 1277 quicum
1394 1205 1491 1259 illa
1506 1221 1702 1259 aversa
1714 1210 1855 1259 erat.
1881 1205 2028 1259 Con-

434 1309 593 1349 versa
612 1298 922 1349 retrorsum
941 1310 1192 1364 gemens,
1228 1310 1354 1348 mox
1374 1293 1515 1348 vidit
1531 1310 1698 1365 quem
1724 1292 2025 1364 quaerebat,

434 1398 601 1454 quem
656 1398 784 1437 cum
836 1382 1044 1437 Judaeis
1092 1383 1248 1454 prius
1287 1388 1573 1437 mortuum
1620 1381 1901 1436 credebat.
1944 1381 2033 1436 Sic

435 1471 642 1542 quippe
667 1471 979 1525 Jerusalem
1009 1471 1126 1536 illa,
1164 1487 1287 1542 quae.
1315 1475 1604 1542 peccatum
1646 1487 1904 1541 peccasse
1932 1469 2033 1524 im-

433 1560 662 1631 pietatis
688 1559 977 1630 plangitur
1000 1577 1011 1612 :
1047 1560 1180 1630 quia
1207 1559 1371 1614 multi
1394 1576 1459 1614 ex
1483 1575 1551 1614 ea
1571 1559 1858 1614 Christum
1881 1575 2034 1613 reco-

432 1653 766 1718 gnoscentes
794 1652 852 1702 et
873 1647 1185 1715 credentes,
1238 1654 1548 1703 retrorsum
1592 1648 1660 1703 ad
1707 1664 1835 1702 eum
1881 1648 2036 1718 inge-

2106 493 2338 563 pertulit
2370 493 2714 547 discrimina.
2742 491 2973 555 Deinde,
3005 490 3154 561 quod
3181 491 3396 561 gravius
3424 497 3513 559 est,
3540 502 3644 565 post

2111 582 2333 652 ﬂagella
2360 582 2493 653 quia
2520 581 2703 636 noluit
2733 580 2804 634 ad
2845 581 3024 653 Deum
3056 579 3258 645 redire,
3288 580 3538 635 atrociora
3560 583 3647 636 sibi

2110 671 2340 725 attraxit
2368 670 2658 742 supplicia.
2693 672 2837 725 Hinc
2881 685 3089 737 quoque
3118 685 3230 723 non
3267 674 3338 723 est
3365 667 3561 741 (inquit)
3584 687 3651 725 re-

2111 762 2336 815 cordata
2348 763 2478 828 ﬁnis
2487 764 2579 814 sui
2585 799 2595 812 .
2612 760 2765 813 Finis
2786 763 2976 813 autem
2995 760 3128 825 tegis
3140 759 3215 811 ad
3226 760 3493 826 justitiam
3521 761 3653 815 Chri-

2108 855 2224 903 stus
2273 851 2448 919 (Rom.
2483 850 2557 910 x).
2601 849 2672 902 Et
2716 847 2845 902 inde
2883 851 2970 901 est
3010 862 3177 900 omne
3221 846 3366 917 quod
3408 846 3653 913 sustinuit,

2119 943 2159 1003 Ι
2174 942 2362 1004 33$
2392 937 2523 1007 quia
2544 936 2727 991 noluit
2750 935 3054 1000 recordari,
3080 935 3166 988 vel
3180 935 3438 1005 recipere,
3451 938 3535 1006 qui
3553 937 3656 990 ﬁnis

2111 1029 2198 1078 est
2225 1024 2469 1079 nominis
2500 1025 2750 1095 ejusdem
2783 1023 2923 1094 legis
2951 1023 3018 1076 ad
3051 1022 3314 1092 gratiam,
3351 1038 3506 1093 quam
3530 1028 3581 1077 et
3594 1029 3659 1077 to-

2110 1116 2222 1171 tius
2238 1117 2738 1171 consummationis
2751 1117 2939 1171 saeculi
2949 1117 3020 1170 ad
3041 1116 3450 1187 perfectionem.
3469 1118 3562 1171 Pro
3573 1134 3659 1188 quo

2107 1206 2282 1260 tantis
2312 1222 2575 1276 perpessa
2604 1206 2786 1271 malis,
2820 1205 2907 1259 vix
2930 1205 3164 1259 tandem
3196 1206 3414 1277 propria
3435 1222 3527 1261 sua
3551 1222 3661 1261 voce

2113 1294 2477 1349 vehementer
2518 1295 2811 1360 exclamat,
2855 1293 3084 1348 dicens:
3140 1295 3281 1359 Vide,
3332 1297 3560 1359 Domine,
3592 1297 3664 1363 af-

2113 1386 2411 1452 ﬂictionem
2426 1400 2627 1447 meam;
2650 1386 2917 1452 quoniam
2937 1373 3146 1437 erectus
3166 1388 3245 1436 est
3263 1385 3514 1436 inimicus
3524 1399 3662 1437 meus.

2112 1475 2161 1527 A
2190 1471 2462 1543 principio
2487 1488 2729 1542 namque
2757 1471 2926 1540 hujus
2955 1472 3141 1537 fletus,
3177 1488 3354 1542 usque
3382 1471 3448 1525 ad
3468 1472 3666 1525 hunclo-

2113 1577 2262 1625 cum,
2285 1560 2716 1615 lamentationes
2741 1560 3026 1631 prophetae
3046 1564 3184 1614 sunt
3203 1576 3267 1613 ac
3285 1560 3464 1614 verba.
3477 1560 3667 1614 Abhinc

2116 1654 2327 1713 autem,
2354 1650 2473 1719 jam
2505 1649 2629 1720 ipsa
2648 1665 2752 1703 sua
2778 1648 2977 1720 incipit
3002 1649 3215 1703 deﬂere
3258 1648 3472 1716 delicta,
3499 1650 3572 1703 vel
3597 1665 3668 1702 re-

436 1736 697 1803 miscens,
730 1753 856 1791 mox
901 1742 1127 1803 |83|
1154 1753 1282 1791 eum
1313 1737 1369 1791 in
1404 1738 1527 1808 lege
1548 1753 1713 1807 quem
1747 1742 2098 1817 mortuumB
2119 1738 2444 1792 tributionis
2471 1754 2586 1792 suae
2610 1737 2899 1809 supplicia.
2946 1738 3016 1791 Et
3056 1737 3187 1792 ideo
3226 1754 3371 1805 reor,
3407 1738 3541 1809 quod
3567 1739 3671 1807 jure

439 1824 773 1891 aestimabat,
807 1825 1036 1879 invenit.
1071 1825 1178 1889 Qui
1204 1842 1333 1880 vero
1372 1826 1443 1880 ad
1474 1826 1732 1881 dexteras
1755 1826 1835 1880 ire
1863 1826 2038 1880 ultro-

437 1914 530 1968 nei
555 1914 920 1969 decreverunt
951 1930 1129 1985 usque
1157 1914 1325 1969 hodie
1353 1914 1504 1979 illuc,
1536 1915 1641 1970 hoc
1684 1915 1926 1985 illucque
1956 1913 2039 1967 in-

438 2002 686 2068 stabiles,
720 2019 786 2057 ae
832 2002 913 2057 sic
954 2018 1081 2057 cum
1129 2003 1267 2059 Cain
1311 2008 1539 2075 portant
1575 2004 1896 2072 ignominiae
1925 2020 2039 2057 suae

440 2090 666 2162 signum
726 2091 871 2159 (Gen.
932 2096 1031 2157 Iv),
1086 2096 1144 2146 et
1195 2088 1420 2163 semper
1472 2092 1674 2164 captivi
1730 2093 1797 2146 ad
1856 2092 2041 2163 Baby-

441 2179 630 2233 lonem
688 2179 904 2234 scilicet
960 2180 1018 2235 in
1073 2180 1459 2235 confusionem
1504 2180 1828 2235 trahuntur.
1881 2180 2042 2234 Unde

440 2268 605 2322 velim
623 2284 759 2337 agas
791 2269 980 2322 anima
1000 2270 1227 2324 tandem
1249 2269 1651 2341 expergiscere.
1674 2269 1800 2323 Noli
1831 2284 2038 2339 quaeso,

441 2354 571 2409 licet
608 2355 666 2407 in
705 2356 983 2425 profundo
1013 2358 1288 2412 malorum
1337 2357 1614 2423 demersa,
1660 2361 2039 2422 contemnere,

444 2448 753 2498 retrorsum
785 2444 854 2497 ad
882 2461 949 2499 ea
978 2462 1101 2517 qua:
1141 2447 1412 2501 omiseras
1453 2446 1727 2500 virtutum
1762 2462 1932 2517 opera
1957 2461 2046 2499 su-

443 2530 665 2602 spirans
694 2538 977 2587 memento
1028 2535 1177 2588 unde
1217 2533 1517 2587 cecideras.
1551 2533 1713 2597 Quod
1742 2533 1789 2588 si
1822 2533 2043 2604 quaeris,

444 2619 650 2675 Unde?
691 2636 826 2674 sane
861 2621 931 2675 de
977 2621 1135 2688 caelo,
1171 2621 1268 2676 ubi
1314 2627 1508 2676 nostra
1554 2622 1901 2677 conversatio
1929 2638 2049 2676 esse

443 2708 675 2779 legitur.
706 2709 866 2763 Unde
897 2710 1133 2764 Paulus:
1164 2711 1365 2765 Nostra
1389 2710 1609 2782 (inquit)
1632 2713 1967 2765 conversatio
1982 2714 2045 2765 in

444 2800 589 2852 catis
635 2802 709 2851 est
743 2797 963 2869 (Philip.
997 2800 1101 2867 lu).
1140 2799 1418 2853 Memento
1447 2816 1558 2871 quo
1608 2815 1811 2853 nomen
1858 2804 2041 2863 tuum,

444 2884 672 2956 quando
714 2886 787 2939 ad
826 2886 1093 2958 baptismi
1134 2888 1379 2957 gratiam
1419 2888 1661 2954 intrasti,
1692 2887 1946 2954 dederas,
1988 2892 2046 2943 et

440 2972 501 3027 in
528 2973 671 3028 libro
714 2974 842 3029 vitae
870 2975 1196 3045 diligentius
1226 2976 1688 3031 conscribendam
1721 2976 2046 3031 transmise-

2118 1826 2261 1881 Teth
2287 1826 2476 1880 littera
2501 1826 2875 1897 praeponitur:
2906 1826 3048 1881 Teth
3078 1826 3289 1898 quippe
3320 1829 3509 1881 bonum
3534 1826 3673 1880 inter-

2120 1919 2394 1988 pretatur.
2426 1917 2632 1968 Bonum
2670 1915 2878 1985 (inquit
2903 1914 3206 1986 propheta)
3232 1917 3375 1984 quod
3401 1916 3672 1969 humilzasti

2122 2020 2205 2057 me
2234 2006 2404 2071 (Psal.
2444 2004 2655 2071 cxvm).
2690 2003 2834 2074 Ergo
2863 2003 3164 2059 humiliata
3195 2004 3496 2059 Jerusalem
3517 2003 3569 2058 in
3585 2019 3677 2057 om-

2122 2091 2287 2146 nibus
2316 2092 2695 2157 vehementer,
2707 2093 2826 2162 jam
2853 2108 2965 2146 non
2994 2093 3331 2164 prophetam
3353 2092 3574 2147 sustinet
3589 2092 3680 2163 plo-

2123 2185 2364 2246 rantem,
2398 2180 2496 2234 sed
2526 2179 2650 2251 ipsa
2694 2196 2820 2234 cum
2864 2180 3085 2251 ingenti
3132 2181 3289 2235 luctu
3318 2181 3586 2245 exclamat,
3619 2180 3682 2234 di-

2123 2286 2254 2324 cens
2282 2288 2293 2323 :
2342 2270 2483 2333 Vide,
2516 2270 2764 2331 Domine.
2787 2270 3153 2339 af/tictionem
3186 2287 3388 2331 meam,
3431 2286 3492 2324 ac
3517 2269 3681 2323 deinde

2126 2374 2280 2412 more
2296 2357 2536 2428 juridico
2556 2357 2675 2412 vult
2697 2357 2944 2427 judicem
2970 2358 3153 2413 Deum
3186 2359 3427 2413 excitare
3454 2358 3518 2412 ad
3539 2358 3685 2412 zelum

2130 2453 2187 2502 et
2212 2446 2398 2501 odium
2431 2446 2699 2503 hostium.
2733 2448 3008 2514 Qucniam
3037 2454 3248 2503 erectus
3278 2454 3351 2502 est
3380 2448 3578 2522 (inquit)
3601 2448 3687 2500 ini-

2132 2539 2309 2591 micus
2338 2552 2508 2589 meus.
2541 2536 2618 2589 Ac
2648 2534 2695 2588 si
2726 2534 2896 2600 dicat,
2947 2541 3147 2589 contra
3191 2541 3250 2590 te
3292 2537 3351 2591 in
3390 2534 3685 2609 superbiam,

2133 2641 2199 2680 eo
2225 2624 2373 2696 quod
2394 2640 2505 2678 non
2536 2629 2698 2678 tuum
2724 2622 2932 2678 factum
2949 2624 3164 2694 judicio
3196 2624 3256 2679 in
3281 2642 3371 2679 me
3391 2625 3690 2696 judicet,sed

2127 2715 2245 2769 suis
2270 2715 2504 2786 deputet
2534 2713 2763 2777 viribus,
2784 2729 2999 2784 suaque
3030 2714 3229 2768 laudet
3249 2715 3503 2779 numina;
3523 2714 3692 2767 idcirco

2126 2803 2254 2857 vide
2284 2803 2528 2874 primum
2559 2802 2919 2857 aﬂlictionem
2970 2819 3157 2857 meam
3198 2803 3495 2869 crudelem,
3526 2807 3577 2857 et
3601 2816 3692 2855 non

2125 2891 2393 2957 facinora,
2443 2908 2544 2962 pro
2575 2890 2779 2962 quibus
2808 2890 2916 2945 ista
2940 2892 3127 2962 patior
3162 2911 3174 2946 :
3207 2892 3408 2947 deinde
3438 2891 3573 2963 quod
3599 2905 3696 2944 ere—

2127 2986 2251 3035 ctus
2276 2984 2364 3035 est
2383 2985 2580 3034 contra
2617 2995 2706 3034 me
2735 2978 2997 3033 inimicus
3024 2995 3213 3037 meus.
3255 2980 3483 3052 Mystice
3508 2984 3689 3043 autem,

444 3079 556 3117 ras.
607 3062 767 3127 Quod
818 3062 866 3117 si
897 3062 1163 3118 cecidisse
1209 3069 1266 3118 te
1308 3065 1678 3135 recognoscis,
1730 3082 2045 3137 nomenque
2068 3073 2316 3134 Cnostra
2340 3070 2650 3124 Jerusalem
2679 3068 2872 3123 sordes
2899 3073 3086 3139 gestat
3115 3068 3177 3123 in
3203 3069 3467 3141 pedibus:
3501 3068 3616 3139 quia
3642 3067 3688 3119 in

444 3151 710 3215 deletum,
744 3152 858 3206 tuis
888 3152 1281 3221 ingruentibus
1309 3153 1492 3220 malis,
1541 3153 1845 3221 existimas,
1887 3155 1934 3208 si
1968 3155 2051 3209 ni-

442 3240 523 3295 hil
548 3240 700 3294 aliud
722 3256 889 3311 quam
910 3240 1175 3295 tenebras
1196 3247 1548 3313 mortemque
1564 3242 1836 3297 hactenus
1858 3242 2044 3298 inten-

444 3328 551 3396 dis,
584 3333 894 3384 retrorsum
922 3329 1137 3401 respice
1165 3346 1484 3396 conversus,
1520 3335 1577 3385 et
1608 3330 1741 3385 audi
1771 3348 1961 3386 vocem
1992 3342 2046 3387 te

445 3422 573 3489 post
622 3424 846 3490 tergum
894 3419 1175 3474 monentis
1214 3435 1447 3490 gemens
1475 3422 1607 3483 (Isa.
1643 3419 1767 3491 xxx)
1799 3437 1810 3472 :
1843 3421 2042 3489 fateor,

446 3506 596 3578 quod
626 3523 755 3563 mox
783 3508 953 3562 vitam
984 3507 1107 3574 tibi,
1142 3509 1332 3562 Jesum
1364 3507 1575 3564 scilicet
1614 3514 1914 3577 astantem,
1956 3510 2047 3565 in-

446 3594 653 3649 venies.
690 3594 870 3658 Quem
900 3594 948 3649 si
978 3595 1137 3667 sequi
1178 3612 1291 3650 non
1323 3596 1558 3651 desieris
1601 3597 1711 3651 fide
1751 3598 2052 3653 ascenden-

447 3686 562 3738 tem
589 3683 657 3737 ad
688 3684 935 3749 Patrem,
982 3689 1239 3739 eamdem
1269 3684 1439 3739 vitam
1468 3684 1618 3752 illuc,
1650 3685 1800 3740 unde
1830 3702 2051 3741 corrue-

450 3786 562 3839 ras,
598 3772 903 3843 repositam
931 3771 1203 3830 invenies.

1162 3931 1323 3969 ἸῈΤΗ.

520 4039 714 4094 Sordes
741 4042 857 4107 ejus
888 4042 952 4094 in
977 4041 1205 4109 pedibus
1235 4042 1371 4109 ejus,
1397 4056 1493 4094 nec
1520 4040 1805 4093 recordata
1823 4045 1898 4093 est
1918 4042 2049 4107 ﬁnis

450 4128 560 4179 sui.
594 4127 859 4197 Reposita
886 4133 974 4182 est
1000 4128 1378 4195 vehementer,
1411 4145 1522 4183 non
1552 4127 1767 4183 habens
1802 4128 2051 4183 consola-

448 4217 651 4267 torem.
677 4214 934 4284 Coeptum
958 4221 1146 4269 servat
1164 4216 1399 4277 luctum.
1428 4217 1574 4288 quod
1599 4216 1877 4271 instabilis
1902 4217 2051 4272 facta

451 4304 539 4354 est
565 4300 876 4355 Jerusalem
901 4302 1085 4369 nimis,
1118 4308 1175 4356 et
1202 4304 1327 4358 ideo
1356 4321 1509 4359 more
1540 4321 1760 4376 semper
1779 4306 2050 4360 viantium

2128 3159 2297 3230 hujus
2326 3158 2452 3212 vitae
2481 3158 2801 3223 solitudine,
2850 3173 3014 3212 nemo
3052 3157 3177 3213 sine
3223 3158 3477 3230 squalore
3516 3155 3691 3211 incedit

2128 3245 2413 3315 vitiorum,
2443 3248 2644 3301 saltem
2673 3247 2731 3301 in
2761 3244 3015 3318 pedibus,
3051 3246 3260 3317 quibus
3288 3252 3490 3301 terram
3513 3243 3688 3316 premi-

2130 3352 2274 3391 mus.
2301 3336 2459 3391 Unde
2480 3340 2537 3389 et
2558 3335 2828 3389 Dominus
2848 3350 2974 3388 cum
2993 3334 3235 3388 formam
3260 3333 3578 3389 humilitatis
3594 3331 3689 3386 suis

2128 3426 2380 3479 traderet
2405 3424 2711 3494 discipulis.
2746 3423 2916 3494 pedes
2932 3439 3129 3478 eorum
3152 3424 3313 3487 lavit,
3334 3427 3391 3478 et
3407 3424 3474 3477 ad
3493 3422 3693 3476 invicem

2132 3528 2227 3566 eos
2255 3513 2440 3566 lavare
2464 3510 2628 3582 jubet
2664 3513 2848 3581 (Joan.
2879 3511 3021 3578 xm),
3067 3515 3133 3565 ut
3158 3511 3537 3583 intelligamus

2132 3601 2343 3673 plinam
2374 3599 2710 3655 humilitatis
2738 3598 2797 3653 in
2827 3599 3093 3670 pulverea
3119 3599 3258 3667 vita,
3285 3617 3396 3671 qua
3421 3614 3571 3654 nemo
3596 3596 3694 3651 sine

2131 3689 2388 3744 sordibus
2419 3688 2690 3743 ambulat.
2724 3688 3033 3759 Propterea
3059 3694 3116 3743 et
3136 3688 3277 3743 alibi
3301 3689 3504 3754 (Matth.
3527 3704 3581 3755 x;
3604 3686 3691 3741 Isa.

2132 3793 2208 3833 LII
2234 3796 2246 3845 ;
2276 3780 2425 3834 Rom.
2450 3781 2503 3845 Χ)
2532 3776 2800 3848 apostolis
2822 3787 3082 3831 excutere
3101 3777 3170 3831 de
3190 3777 3430 3849 pedibus
3450 3777 3695 3848 pulverem

2124 3866 2304 3937 jubet,
2338 3866 2590 3938 quamvis
2619 3866 2853 3936 speciosi
2882 3865 3147 3920 dicantur
3174 3867 3349 3937 pedes
3387 3868 3551 3937 (juxta
3569 3865 3693 3933 Apo-

2131 3955 2354 4023 stolum)
2379 3953 2880 4024 evangelizantium
2911 3952 3078 4022 bona,
3105 3953 3594 4025 evangelizantium
3617 3965 3695 4021 pa-

2130 4043 2588 4114 cem.Apostolus
2617 4042 2807 4097 volens
2825 4042 3062 4114 intelligi
3092 4044 3177 4097 vel
3206 4043 3536 4116 apostolicos
3555 4039 3690 4102 viros,

2132 4148 2371 4204 quorum
2402 4136 2490 4196 (ut
2536 4132 2669 4195 dixi)
2710 4131 2984 4186 Dominus
3018 4131 3229 4186 idcirco
3272 4132 3439 4205 pedes
3474 4129 3610 4193 lavit,
3643 4130 3695 4179 ut

2132 4220 2348 4293 pulchri
2379 4225 2566 4275 essent
2593 4225 2651 4273 et
2674 4219 2871 4274 mundi
2899 4220 2971 4274 ad
2999 4220 3437 4291 praedicandum,
3456 4219 3580 4273 utin
3596 4218 3692 4268 toto

2133 4315 2411 4365 terrarum
2470 4310 2604 4364 orbe
2658 4309 2853 4363 mundi
2904 4325 2970 4363 ac
3036 4310 3274 4381 speciosi
3329 4307 3689 4367 discurrerent,

452 4388 646 4444 sordes
687 4406 748 4444 se
782 4390 967 4462 plorat
1006 4389 1214 4445 habere
1250 4392 1307 4446 in
1337 4392 1570 4463 pedibus
1600 4411 1611 4446 :
1647 4410 1758 4448 non
1790 4395 1935 4465 quod
1975 4390 2395 4470 adDbrevique
2424 4398 2674 4452 doctrina
2713 4398 2920 4452 Christi
2962 4399 3238 4453 mundum
3280 4399 3585 4470 implerent.
3622 4393 3688 4446 De

453 4478 702 4534 litteram
734 4480 1087 4534 solummodo
1127 4496 1253 4535 eam
1302 4482 1495 4551 lugeat
1521 4486 1713 4537 tantus
1756 4485 2047 4555 propheta,

455 4585 521 4623 eo
547 4570 696 4639 quod
722 4570 977 4624 sordidos
1002 4569 1243 4641 gesserit
1270 4570 1458 4642 pedes,
1492 4571 1641 4642 quod
1671 4571 1927 4627 frivolum
1959 4589 2051 4628 sa-

454 4656 529 4711 tis
558 4657 733 4711 videri
765 4664 968 4729 potest,
1005 4660 1101 4714 sed
1125 4658 1256 4731 quia
1274 4660 1581 4715 secundum
1612 4661 1938 4716 interiorem
1958 4663 2055 4717 ho-

456 4745 665 4800 minem
682 4747 923 4817 pollutos
940 4748 1145 4804 habeat
1159 4766 1404 4820 gressus.
1426 4749 1585 4805 Unde
1615 4750 1806 4805 sordes
1825 4751 2055 4823 (inquit)

456 4836 578 4906 ejus
594 4834 652 4888 in
669 4836 901 4906 pedibus
924 4839 1064 4908 ejus.
1099 4838 1311 4894 Habuit
1338 4844 1527 4893 autem
1552 4844 1609 4894 et
1638 4840 1935 4911 Synagoga
1963 4856 2049 4909 pe-

456 4927 555 4981 des
598 4943 748 4992 sues,
784 4944 878 4982 eos
908 4930 1180 4993 videlicet,
1219 4931 1315 5001 qui
1362 4947 1487 4985 eam
1516 4931 1716 4985 afferre
1746 4930 2056 4985 debuerant

458 5031 559 5086 per
585 5014 748 5081 viam,
782 5032 904 5086 quae
935 5016 1189 5071 Christus
1220 5023 1323 5084 est,
1355 5019 1425 5073 ad
1455 5019 1646 5074 omnia
1672 5019 1941 5073 virtutum
1976 5019 2057 5073 in-

457 5104 788 5159 citamenta.
806 5105 867 5159 In
892 5104 1093 5175 quibus
1115 5107 1361 5176 profecto
1383 5108 1512 5179 quia
1533 5109 1726 5163 sordes
1753 5109 1875 5179 ejus
1894 5114 2057 5163 erant

458 5194 671 5247 scelera
690 5193 949 5248 videlicet
978 5199 1035 5247 et
1062 5194 1281 5261 delicta,
1314 5212 1425 5251 non
1468 5202 1555 5251 est
1599 5196 1891 5251 recordata
1929 5198 2055 5252 linis

457 5281 583 5349 sui;
632 5282 836 5337 idcirco
866 5284 1105 5351 deposita
1146 5288 1218 5337 est
1250 5286 1600 5350 vehementer,
1629 5286 1698 5339 de
1727 5285 1865 5340 solio
1896 5286 2055 5357 regni

456 5369 525 5425 ad
545 5369 910 5440 ignominiam
928 5376 1099 5427 tantae
1121 5371 1476 5442 captivitatis.
1496 5373 1802 5444 Dupliciter
1814 5391 2057 5445 namque

457 5459 615 5513 illam
641 5459 874 5531 plangit,
904 5465 1003 5515 aut
1029 5460 1344 5533 tripliciter.
1358 5461 1461 5515 Vel
1478 5462 1609 5532 quia
1629 5466 1785 5517 tanta
1803 5480 1942 5534 gens
1961 5463 2059 5518 illa

454 5554 650 5606 contra
680 5550 860 5605 Deum
880 5549 1170 5607 admiserit
1190 5550 1429 5623 piacula,
1456 5552 1543 5607 vel
1573 5552 1705 5625 quia
1727 5570 1828 5625 pro
1852 5554 1939 5609 his
1957 5553 2060 5609 im-

2135 4487 2337 4558 quibus
2365 4488 2530 4558 plane
2554 4487 3033 4558 praedicatoribus,
3084 4487 3344 4542 Christus
3372 4488 3438 4541 ad
3466 4496 3691 4557 sponsam

2133 4575 2191 4630 in
2226 4575 2471 4631 Canticis
2503 4594 2514 4627 :
2550 4578 2726 4643 ()uam
2752 4577 2981 4645 pulchri
3007 4581 3138 4629 sunt
3157 4576 3383 4648 (inquit?
3408 4588 3606 4644 gressus
3623 4569 3694 4622 tui

2138 4668 2199 4718 in
2230 4668 2611 4719 calceamentis
2646 4668 2776 4729 tuis,
2804 4666 2927 4732 ﬁlia
2952 4667 3227 4734 principis
3254 4667 3428 4733 (Cant.
3466 4663 3572 4729 vn).
3604 4654 3692 4723 Qui

2138 4753 2354 4824 pulchri
2409 4752 2633 4823 quidem
2673 4752 2764 4806 via
2806 4758 3212 4824 praeceptorum
3269 4753 3370 4808 Dei
3417 4752 3689 4809 currentes,

2138 4841 2264 4895 aliis
2294 4840 2547 4896 Ecclesiae
2572 4840 2840 4895 membris
2869 4841 3133 4896 ducatum
3178 4841 3488 4913 praestando
3513 4836 3693 4892 collau-
3794 4862 3807 4871 ο

2139 4931 2375 4984 dantur:
2395 4946 2505 4984 non
2527 4930 2613 4984 sui
2634 4930 2889 4984 nuditate
2921 4928 3161 4995 arbitrii,
3186 4932 3282 4985 sed
3314 4928 3604 4984 munitione
3627 4927 3694 4975 at-

2138 5036 2246 5090 que
2268 5019 2615 5090 protectione
2631 5018 2828 5073 divinae
2858 5019 3250 5089 reparationis.
3276 5021 3352 5074 Ex
3373 5034 3478 5090 quo
3503 5020 3550 5069 et
3565 5026 3693 5083 gres-

2136 5125 2233 5163 sus
2255 5108 2648 5163 collaudantur
2671 5106 2888 5179 pulchri
2915 5107 2974 5161 in
3003 5108 3410 5174 calceamentis,
3437 5112 3481 5159 et
3500 5100 3693 5159 catceati

2147 5203 2189 5264 ι
2206 5201 2392 5263 333
2409 5199 2565 5265 pedes
2579 5199 2641 5249 in
2649 5212 2834 5266 prapa
2841 5199 3056 5251 ratione
3070 5198 3358 5266 Evangelii
3366 5191 3692 5265 pacisesseju-

2140 5288 2339 5340 bentur
2364 5286 2571 5354 (Epiros.
2605 5290 2698 5349 vI).
2729 5285 2991 5356 Alioquin
3028 5285 3361 5356 gemebundi
3391 5281 3540 5338 electi
3562 5278 3692 5352 plan-

2136 5379 2280 5445 gunt
2307 5389 2417 5427 non
2438 5372 2718 5427 immerito
2748 5373 3251 5443 impraesentiarum
3273 5371 3599 5427 sacerdotum
3620 5378 3690 5416 re-

2139 5463 2372 5536 probam
2399 5462 2590 5528 vitam,
2623 5466 2679 5516 et
2706 5462 2903 5517 dicunt
2929 5463 3074 5533 quod
3108 5463 3297 5517 sordes
3317 5457 3495 5533 sponsi
3510 5448 3688 5536 Christi

2140 5534 2199 5608 in
2227 5550 2463 5625 pedibus
2484 5553 2624 5623 ejus,
2655 5568 2757 5607 nec
2779 5556 2915 5608 sunt
2926 5552 3203 5608 recordati
3228 5551 3350 5608 finis
3368 5547 3450 5604 sui
3475 5566 3487 5600 :
3511 5542 3627 5616 quia
3646 5534 3685 5592 si
