3960 6168
240 262 375 323 [081

918 266 1300 323 EXPOSITIO
1340 267 1419 323 IN
1456 268 2066 326 LAMENTATIONES
2104 268 2460 327 JEREMUE.
2502 300 2570 316 --
2609 270 2747 327 LIB.
2788 271 2831 326 Ι.

3370 270 3513 330 1082

231 390 470 445 omnino
489 394 637 445 esset
655 404 850 444 eorum
870 391 1052 463 culpa,
1074 393 1247 448 totius
1267 394 1521 450 Ecclesiae
1539 392 1705 451 ruina
1720 413 1832 451 non
1851 396 2203 458 Asordidata
2231 396 2316 451 vel
2345 395 2598 467 deposita
2621 394 2899 466 pulvereis
2923 394 3140 450 actibus
3166 410 3180 450 :
3210 394 3372 460 Vide,
3408 397 3510 451 Do-

234 484 403 534 esset.
438 479 663 534 Habent
709 478 857 533 enim
898 486 955 534 et
1000 482 1107 552 ipsi
1153 484 1623 553 pulchritudinem
1654 503 1835 554 suam,

234 569 335 622 sed
364 584 482 622 non
512 569 667 621 illam
690 584 725 621 a
755 569 1003 636 Domino,
1027 588 1151 641 quae
1180 572 1501 645 laudantur.
1528 575 1687 629 Unde
1708 592 1841 645 quo-

234 658 344 711 ties
363 658 518 712 venit
532 674 789 728 sponsus.
805 659 1033 728 pulsans
1045 660 1117 714 ad
1129 644 1336 715 ostium
1356 663 1631 723 Ecclesiae,
1648 644 1841 719 multis

236 763 364 800 eam
379 746 839 801 tribulationibus
857 748 1205 830 stimulatam
1223 750 1452 818 invenit,
1468 758 1567 806 aut
1584 769 1840 807 securam

235 852 362 889 eam
385 836 582 890 nimiis
598 836 923 891 affluentem
947 838 1179 905 deliciis,
1197 840 1491 911 carnisque
1512 847 1841 913 occupatam

236 925 525 996 operibus,
559 941 660 996 per
689 942 811 997 qua:
840 926 1018 981 hostis
1045 928 1116 981 ad
1146 944 1270 997 eam
1302 929 1609 1000 ingressus,
1642 932 1843 986 clausit

234 1014 448 1069 ostium
479 1014 683 1081 cordis,
711 1031 781 1069 ne
811 1016 999 1086 sponsi
1022 1022 1212 1087 pateat
1232 1017 1481 1073 intrandi
1509 1020 1680 1086 locus,
1713 1037 1842 1075 cum

234 1103 372 1157 dicit
411 1122 421 1156 :
454 1103 624 1172 Aperi
651 1105 813 1170 mihi,
836 1121 993 1158 soror
1021 1122 1141 1160 mea
1180 1110 1382 1175 amica,
1415 1111 1669 1163 columba
1698 1126 1835 1176 mea,

236 1193 611 1246 immaculata
634 1209 773 1258 mea,
801 1196 935 1262 quia
964 1200 1127 1263 caput
1152 1212 1335 1249 meum
1355 1200 1583 1265 plenum
1616 1204 1690 1252 est
1718 1215 1842 1253 rore

238 1280 425 1351 (Cant.
458 1283 537 1350 v),
568 1281 656 1335 vel
686 1286 889 1335 caetera
920 1299 1041 1353 quae
1071 1289 1403 1355 sequuntur.
1450 1286 1663 1350 Quibus
1710 1304 1841 1358 pro-

232 1368 383 1423 fecto
411 1386 582 1440 quam
610 1387 759 1441 saepe
789 1371 922 1424 mali
951 1372 1266 1427 sacerdotes
1287 1373 1574 1429 blanditiis
1604 1376 1838 1441 deliniti,

232 1474 602 1530 nequaquam
629 1459 955 1530 intelligunt
982 1478 1231 1516 sororem
1254 1463 1461 1518 Christi
1491 1470 1551 1518 et
1580 1465 1839 1533 amicam,

234 1563 602 1618 nequaquam
647 1553 914 1619 satagunt
958 1565 1083 1603 eam
1112 1551 1353 1605 excitare
1378 1556 1443 1606 ut
1469 1553 1647 1607 solido
1676 1554 1842 1608 corde

235 1635 433 1707 sponsi
450 1636 538 1690 sui
556 1637 855 1691 adventum
876 1637 1225 1709 ingemiscat,
1239 1640 1470 1712 simplex
1482 1647 1547 1696 ut
1561 1642 1839 1703 columba,

1922 490 2090 549 mine,
2109 488 2469 557 afﬂictionem
2487 500 2687 548 meam,
2703 502 2815 555 qua
2825 501 2914 539 me
2929 484 3518 554 indesinenterafﬂigit

1922 576 2182 629 inimicus
2208 592 2384 640 meus,
2422 580 2478 628 et
2505 574 2799 628 considera
2830 591 2942 628 non
2970 579 3259 645 peccatum
3291 572 3517 643 quidem

1921 674 1986 717 ut
2014 664 2231 735 punias,
2254 664 2349 718 sed
2381 663 2760 727 afﬂictionem,
2788 680 2899 733 qua
2919 663 3160 733 ai'ﬂigor,
3185 667 3249 716 ut
3276 661 3514 715 liberer;

1923 753 2184 823 quoniam
2217 758 2435 806 erectus
2456 757 2541 805 est
2562 751 2822 805 inimicus
2843 768 3023 818 meus,
3043 752 3139 822 qui
3160 767 3274 805 non
3293 750 3407 804 tuis
3429 765 3521 803 as-

1921 828 2087 895 cribit
2127 841 2374 911 judiciis,
2417 841 2564 912 quod
2602 841 2882 911 praevalet,
2931 840 3028 894 sed
3077 840 3225 911 quod
3281 838 3521 892 liberare

1922 947 2171 1001 nequeas
2198 930 2447 983 insultet.
2470 930 2547 983 Ex
2579 946 2688 999 quo
2716 930 2990 1000 prOpheta
3017 928 3210 991 David,
3236 929 3404 982 Multi
3431 929 3520 981 di-

1924 1026 2056 1074 cunt
2098 1018 2332 1089 (inquit)
2358 1022 2562 1072 anima:
2599 1035 2746 1082 mea,
2781 1035 2892 1072 non
2920 1023 2995 1072 est
3025 1020 3118 1071 illi
3144 1020 3295 1071 salus
3326 1019 3388 1069 in
3418 1017 3521 1069 Deo

1924 1112 2039 1177 ejus
2070 1110 2235 1173 (Psat.
2284 1109 2390 1177 In).
2424 1106 2633 1161 Idcirco
2663 1123 2791 1160 cum
2836 1106 3052 1177 ingenti
3086 1105 3301 1176 gemitu
3332 1103 3521 1157 anima

1922 1213 2073 1250 nunc
2102 1197 2367 1267 implorat
2408 1214 2419 1248 :
2480 1197 2619 1262 Vide,
2650 1196 2899 1262 Domine,
2934 1200 2991 1249 et
3037 1200 3237 1250 caetera
3273 1209 3394 1264 quae
3431 1208 3521 1246 se-

1924 1290 2193 1357 quuntur.

2664 1368 2785 1410 JOD.

1995 1466 2227 1518 Manum
2256 1480 2417 1517 suam
2449 1464 2603 1516 misit
2632 1462 2797 1515 hostis
2818 1463 2890 1515 ad
2916 1463 3107 1515 omnia
3134 1460 3522 1514 desiderabilia

1924 1556 2058 1622 ejus,
2074 1556 2208 1621 quia
2222 1554 2361 1605 vidit
2375 1556 2556 1619 gentes
2572 1553 2847 1618 ingressas
2859 1552 3187 1603 sanctuariu
3197 1565 3245 1601 m
3262 1564 3325 1601 su
3335 1564 3448 1613 um,
3461 1549 3524 1601 de

1923 1645 2022 1709 qui
2026 1644 2121 1695 bus
2128 1657 2459 1709 praceperas
2473 1657 2538 1693 ne.
2551 1642 2835 1693 intrarent
2852 1642 2912 1693 in
2926 1640 3159 1693 Ecclesia
3168 1656 3219 1691 m
3237 1635 3526 1691 tuam.Ubi

233 1725 717 1796 immaculataque
738 1732 981 1781 maneat.
999 1728 1118 1781 Imo
1140 1728 1185 1782 si
1208 1745 1319 1782 non
1336 1729 1599 1785 verbisde
1613 1731 1837 1798 talibus,
1863 1716 1909 1775 Β
1924 1732 1952 1784 J
1957 1730 2025 1783 od
2051 1735 2322 1801 quantum
2354 1728 2628 1798 intelligo,
2661 1733 2810 1782 recte
2838 1727 3215 1799 praeponitur:
3248 1730 3526 1796 quatenus

236 1818 297 1868 et
340 1831 447 1885 pro
476 1813 684 1868 talibus
721 1831 887 1886 opere
917 1815 1041 1887 ipsa
1077 1817 1326 1887 loquitur
1359 1837 1369 1871 :
1413 1820 1729 1888 Empoliavi
1760 1837 1843 1874 me

237 1905 438 1957 tunica
468 1919 606 1967 mea,
642 1906 909 1972 quomodo
944 1907 1219 1959 reinduar
1248 1908 1409 1960 illam
1432 1913 1456 1959 Ρ
1486 1910 1644 1975 (Ibid.
1646 1911 1673 1980 )
1712 1909 1843 1963 Lavi

235 1991 415 2063 pedes
444 2008 618 2058 meos,
650 1994 927 2063 quomodo
956 1994 1263 2065 inquinabo
1292 1995 1461 2049 illos?
1499 1997 1642 2061 Quia
1670 1999 1846 2052 omni-

236 2081 413 2134 modo
433 2081 678 2152 pessima
697 2083 1040 2136 consuetudo
1064 2083 1153 2136 vix
1178 2087 1276 2137 aut
1294 2100 1585 2155 nunquam
1604 2087 1839 2141 tollitur:

236 2168 406 2223 Unde
434 2168 691 2224 doctores
719 2170 1007 2241 exspoliati
1031 2172 1220 2225 tunica
1244 2173 1554 2241 charitatis,
1578 2192 1700 2246 quae
1726 2177 1845 2230 sola

234 2257 497 2329 cooperit
510 2258 704 2312 sordes
723 2263 1099 2328 peccatorum,
1125 2265 1366 2332 torpent,
1382 2279 1448 2315 ac
1467 2263 1513 2316 si
1531 2264 1843 2334 puellarum

235 2347 449 2401 delicta
470 2347 662 2418 aliqua
680 2348 922 2418 lotisque
943 2349 1177 2420 pedibus
1197 2351 1523 2422 exspoliata,
1548 2353 1616 2407 de
1637 2354 1841 2407 lectulo

236 2435 450 2505 quietis
479 2435 622 2489 nolit
639 2451 954 2506 assurgere,
978 2453 1259 2508 pravaque
1278 2440 1699 2494 consuetudinis
1727 2457 1841 2495 suae

111 2532 128 2546 '
233 2522 657 2578 oblectamenta
696 2541 998 2579 revocare:
1050 2526 1240 2597 sicque
1286 2527 1428 2581 tales
1470 2529 1670 2582 nolunt
1700 2529 1841 2583 dile-

232 2612 445 2667 ctionis
465 2613 569 2666 Dei
590 2618 647 2667 et
672 2613 912 2684 proximi
935 2615 1182 2668 tunicam
1211 2617 1501 2687 exspoliati
1524 2618 1837 2684 reinduere,

230 2702 444 2755 nolunt
478 2701 667 2772 pedes,
697 2718 837 2773 quos
868 2703 1040 2756 semel
1069 2703 1139 2757 de
1172 2704 1257 2758 via
1284 2711 1526 2775 angusta
1551 2706 1845 2761 subtraxe-

230 2795 388 2855 rant,
433 2807 536 2861 per
563 2791 769 2845 malam
800 2791 1127 2846 deliciarum
1158 2795 1621 2849 consuetudinem
1659 2802 1716 2850 et
1751 2797 1846 2851 de-

230 2879 585 2950 sidiae,quasi
598 2895 745 2950 aqua
764 2880 925 2945 lotos,
942 2897 1068 2935 cum
1090 2884 1643 2953 magnacontritione
1658 2886 1842 2940 cordis

228 2984 437 3021 rursus
458 2967 529 3021 ad
550 2969 1017 3040 praeparationem
1035 2971 1317 3041 Evangelii
1339 2972 1581 3043 dirigere
1602 2993 1613 3026 :
1641 2974 1842 3044 quibus

1923 1819 2065 1873 scire
2080 1819 2243 1872 liceat
2257 1818 2405 1888 quod
2420 1816 2757 1887 principium
2773 1817 2949 1871 ruinae
2962 1817 3292 1880 Jerusalem,
3306 1829 3527 1868 eorum-

1927 1924 2034 1979 que
2061 1906 2380 1961 animarum
2411 1906 2519 1959 fuit
2551 1924 2562 1958 :
2597 1907 2731 1974 quia
2766 1907 3034 1959 Dominus
3062 1907 3201 1958 vidit
3228 1908 3410 1970 gentes
3440 1905 3527 1954 in-

1925 2013 2133 2065 gressas
2186 1998 2575 2048 sanctuarium
2612 2011 2798 2060 suum,
2848 1993 3079 2064 spiritus
3133 1992 3391 2046 videlicet
3418 1991 3523 2047 im-

1925 2085 2185 2150 mundos,
2211 2084 2575 2154 carnalesque
2614 2083 2862 2148 affectus,
2896 2082 2966 2136 de
2996 2082 3198 2153 quibus
3228 2082 3527 2137 mandarat

1927 2174 2083 2244 prius
2110 2189 2181 2226 ne
2210 2173 2488 2226 intrarent
2517 2172 2573 2225 in
2601 2171 2900 2225 Ecclesium
2929 2188 3110 2225 suam.
3140 2171 3209 2225 Et
3236 2170 3360 2225 ideo
3391 2171 3527 2242 quia

1927 2262 2170 2334 primum
2204 2262 2468 2331 ingressae
2498 2266 2632 2315 sunt
2658 2261 2716 2314 in
2747 2260 3042 2314 animabus
3088 2276 3281 2314 eorum
3328 2265 3525 2330 gentes

1924 2351 2345 2406 immundarum
2391 2350 2812 2420 cogitationum,
2861 2349 3016 2403 misit
3066 2349 3241 2404 hostis
3292 2365 3523 2404 manum

1923 2457 2084 2494 suam
2113 2439 2381 2493 audacter
2408 2444 2466 2492 et
2504 2443 2763 2509 potenter
2792 2438 2862 2492 ad
2906 2438 3096 2492 omnia
3132 2438 3527 2493 desiderabilia

1924 2529 2284 2599 ejus,scilicet
2299 2529 2368 2581 ad
2385 2529 2590 2583 Sancta
2605 2532 2924 2581 sanctorum
2935 2527 3158 2598 ,quibus
3172 2543 3283 2581 non
3298 2527 3520 2595 licebat,

1923 2617 2032 2671 nisi
2075 2617 2206 2671 solis
2236 2616 2636 2682 sacerdotibus,
2677 2615 2910 2670 introire
2939 2616 2999 2669 in
3048 2631 3196 2669 anno
3239 2632 3367 2670 cum
3400 2632 3526 2670 san-

1922 2707 2093 2776 guine
2126 2707 2311 2774 (Exod.
2352 2707 2497 2769 xxx).
2531 2704 2685 2759 Misit
2713 2705 2941 2776 quidem
2970 2720 3220 2770 manum,
3254 2709 3312 2759 et
3339 2703 3527 2760 abstu-

1925 2795 1991 2848 lit
2037 2794 2228 2848 omnia
2263 2810 2395 2847 vasa
2426 2793 2658 2861 decoris,
2690 2799 2747 2847 et
2792 2792 3106 2864 profanavit
3139 2792 3523 2848 sanctuarium

1923 2883 2045 2946 Dei,
2070 2884 2273 2938 Sancta
2294 2888 2730 2954 sanctorumque
2750 2882 3059 2954 prostituit,
3080 2881 3301 2951 dejecit,
3327 2898 3392 2936 ac
3410 2883 3527 2953 pol-

1923 2970 2029 3025 luit
2055 2971 2270 3039 (Ezech.
2306 2971 2467 3032 XXIII)
2494 2990 2505 3024 :
2534 2970 2667 3041 quia
2695 2970 2850 3041 prius
2869 2970 3142 3024 Dominus
3166 2968 3236 3023 ob
3266 2969 3527 3024 immani-

232 3056 404 3128 quasi
431 3073 600 3111 exosa
623 3062 709 3111 est
723 3058 843 3128 jam
871 3058 1055 3112 omnis
1074 3060 1257 3114 vilitas
1279 3066 1334 3115 et
1362 3067 1716 3133 contemptus
1745 3081 1844 3118 sae-
1867 3064 2101 3138 Ctatem
2130 3059 2423 3123 scelerum,
2448 3058 2659 3130 repulit
2681 3075 2749 3112 ea
2782 3065 2819 3123 Ι
2836 3062 3028 3124 385
3052 3058 3111 3111 in
3144 3057 3345 3128 quibus
3372 3056 3528 3112 habi-

231 3145 371 3209 culi,
405 3146 707 3217 omniaque
744 3152 1064 3202 sanctorum
1096 3150 1350 3220 exempla
1377 3156 1435 3204 et
1463 3151 1636 3221 rigor,
1673 3158 1843 3223 atque

231 3235 589 3307 paupertatis
617 3235 826 3290 Christi
876 3236 1172 3307 disciplina
1203 3239 1410 3307 (Ephes.
1443 3243 1533 3309 v1).
1569 3240 1675 3304 Qui
1714 3242 1844 3296 licet

230 3323 489 3378 molliter
508 3324 864 3394 requiescant
890 3326 1135 3380 accurati
1162 3332 1307 3393 cute,
1329 3332 1517 3382 tamen
1548 3330 1740 3383 sordes
1759 3331 1842 3384 vi-

229 3412 447 3467 tiorum
476 3417 704 3483 gestant
730 3413 790 3467 in
818 3413 1077 3484 pedibus.
1102 3415 1262 3469 Unde
1290 3420 1608 3470 sanctorum
1640 3417 1843 3472 chorus

228 3503 469 3573 plorans
506 3520 519 3555 :
550 3500 744 3556 Sordes
782 3502 999 3573 (inquit)
1044 3506 1157 3571 ejus
1200 3507 1263 3557 in
1304 3506 1532 3573 pedibus
1569 3510 1704 3575 ejus,
1747 3524 1843 3561 nec

232 3591 530 3645 recordata
555 3595 631 3644 est
657 3593 788 3658 ﬁnis
823 3595 953 3645 sui:
985 3591 1117 3663 quia
1154 3593 1383 3647 omnino
1419 3594 1560 3647 tales
1588 3594 1717 3648 finis
1755 3596 1842 3650 sui

230 3679 282 3733 si
311 3678 749 3733 recordarentur
764 3678 1126 3751 judiciorum,
1154 3697 1439 3752 nunquam
1463 3682 1540 3737 sic
1570 3684 1844 3739 exorbita-

231 3772 369 3822 rent
393 3783 428 3821 a
456 3768 565 3834 via,
597 3769 852 3838 quamvis
891 3774 1133 3840 angusta
1161 3770 1396 3825 dicatur.
1446 3772 1589 3827 Hinc
1620 3789 1841 3844 quoque

229 3859 480 3926 deposita
506 3862 581 3911 est
611 3856 835 3928 (inquit)
875 3859 1232 3925 vehementer,
1268 3876 1381 3914 non
1429 3861 1629 3915 habens
1660 3879 1840 3917 conso-

232 3948 495 4000 latorem.
528 3945 672 4009 Quia
697 3946 803 4000 etsi
828 3946 1091 4001 videntur
1109 3952 1261 4002 stare
1279 3948 1397 4003 suis
1419 3950 1668 4004 exornati
1698 3951 1839 4006 deli-

229 4035 455 4090 ciarum
470 4034 680 4100 infulis,
700 4035 939 4106 depositi
958 4041 1092 4090 sunt
1105 4038 1223 4107 jam
1246 4037 1303 4091 in
1319 4046 1620 4109 conspectu
1639 4040 1840 4096 divinae

231 4122 573 4194 majestatis,
598 4129 640 4190 1
655 4128 841 4191 334
861 4141 973 4178 non
995 4125 1264 4180 habentes
1289 4127 1558 4198 Spiritum
1583 4134 1839 4183 sanctum

1925 3153 2142 3203 taverat
2162 3148 2312 3202 inter
2326 3147 2600 3212 homines,
2618 3153 2675 3202 et
2695 3149 2931 3202 tradidit
2951 3149 3015 3201 in
3027 3150 3399 3216 captivitatem
3413 3150 3529 3201 vir-

1927 3242 2063 3290 tutes
2086 3252 2298 3302 eorum,
2325 3241 2374 3289 et
2392 3237 2869 3304 pulchritudinem
2887 3252 3078 3289 eorum
3106 3238 3168 3290 in
3192 3252 3394 3289 manus
3415 3237 3527 3290 ini-

1924 3328 2075 3378 mici.
2102 3324 2382 3379 Conclusit
2408 3324 2636 3394 quidem
2664 3327 2727 3377 in
2754 3326 2940 3392 gladio
2961 3327 3231 3392 populum
3260 3340 3444 3389 suum,
3477 3329 3528 3378 et

1925 3415 2293 3467 haereditatem
2327 3428 2489 3466 suam
2519 3416 2720 3481 sprevit
2761 3415 2923 3481 (Psal.
2947 3414 3177 3479 LXXVII).
3208 3413 3528 3467 Secundum

1924 3518 2237 3572 anagogem
2267 3517 2419 3566 vero,
2452 3506 2509 3555 et
2536 3500 2584 3555 si
2627 3518 2807 3572 pauca
2852 3501 3319 3571 praemiscuimus,
3356 3500 3528 3556 habet

1923 3607 2129 3661 sponsa
2173 3589 2381 3644 Christi
2419 3589 2750 3655 Jerusalem,
2785 3606 2907 3660 quae
2953 3595 3040 3644 est
3080 3594 3264 3643 mater
3307 3594 3520 3655 nostra,
3580 3585 3588 3597 “

1922 3695 2027 3733 sua
2056 3677 2469 3744 desiderabilia,
2501 3694 2564 3731 ex
2594 3677 2796 3748 quibus
2837 3692 2951 3732 non
2978 3678 3107 3732 licet
3135 3678 3300 3732 edere
3330 3677 3427 3747 qui
3456 3693 3524 3731 ex

1922 3769 2155 3822 adverso
2177 3772 2326 3822 sunt.
2346 3767 2431 3821 Ad
2456 3784 2579 3839 qua:
2608 3766 2876 3821 nimirum
2894 3766 3072 3821 hostis
3100 3766 3384 3821 interdum
3408 3782 3528 3820 ma-

1921 3876 2059 3914 num
2081 3858 2274 3921 mittit,
2295 3858 2427 3929 quia
2444 3857 2601 3929 prius
2631 3860 2827 3926 gentes
2849 3856 3246 3928 ingrediuntur
3265 3860 3523 3910 sanctua-

1922 3948 2069 4002 rium
2101 3945 2223 4012 Dei,
2252 3946 2437 4001 carnis
2477 3946 2879 4016 amplectentes
2918 3945 3271 4017 praeputium,
3304 3950 3362 3999 et
3410 3960 3524 3999 non

1922 4036 2194 4091 habentes
2214 4034 2692 4090 circumcisionem
2715 4035 2943 4100 Christi,
2975 4034 3108 4088 mali
3133 4032 3393 4088 videlicet
3421 4032 3527 4087 mi-

1921 4126 2087 4181 nistri
2116 4124 2330 4190 altaris,
2360 4140 2459 4178 seu
2489 4123 2758 4188 haeretici,
2792 4123 2889 4194 qui
2920 4123 3099 4194 magis
3132 4122 3304 4177 etiam
3334 4122 3405 4176 ad
3436 4119 3521 4175 of-

230 4212 676 4281 consolatorem,
707 4212 803 4283 qui
833 4214 971 4268 alios
1012 4216 1290 4270 consolari
1318 4216 1648 4284 debuerant,
1682 4224 1739 4272 et
1770 4218 1840 4272 ab
1923 4214 2078 4268 fcnsa
2108 4217 2411 4285 provocant
2435 4211 2622 4265 oculos
2652 4211 2852 4266 divinae
2886 4211 3213 4282 majestatis.
3248 4211 3358 4265 Pro
3389 4225 3523 4282 quo-

232 4300 505 4357 omnibus
524 4301 772 4355 revelare
790 4303 1461 4375 angustiis.Tropologice
1480 4322 1627 4370 vero,
1651 4306 1841 4360 anima
1857 4358 1903 4375 ﬁ
1922 4320 2047 4359 rum
2071 4302 2288 4357 delictis
2311 4307 2368 4355 et
2400 4300 2696 4366 erratibus,
2720 4300 2875 4355 misit
2902 4301 3078 4355 hostis
3104 4317 3335 4355 manum
3364 4315 3527 4356 suam

232 4391 437 4446 sordes
468 4390 586 4444 suis
610 4389 779 4445 habet
806 4358 1149 4462 inupedibus,
1182 4358 1304 4464 q‘uae
1334 4358 1597 4448 vitiorum
1619 4358 1906 4465 'pollutaD
2025 4392 2214 4447 omnia
2233 4389 2626 4445 desiderabilia
2649 4358 2790 4460 eius,
2815 4390 2983 4444 fidem
3011 4390 3313 4444 individuae
3339 4388 3529 4443 Trini-

232 4478 522 4543 sordibus,
547 4479 814 4533 thronum
845 4481 1083 4535 caelestis
1112 4478 1236 4536 vitae
1266 4482 1591 4553 perdiderit,
1625 4489 1682 4538 et
1708 4500 1842 4539 can-
1922 4482 2057 4537 tatis
2102 4479 2510 4545 contaminans,
2545 4478 2824 4551 baptisma
2864 4479 3206 4545 rescindens,
3239 4494 3441 4550 corpus
3470 4481 3530 4532 et

233 4568 438 4622 dorem
479 4567 730 4638 pristinae
766 4570 1220 4625 conversationis.
1273 4572 1353 4625 De
1400 4588 1510 4642 qua
1559 4572 1702 4626 bene
1743 4590 1844 4644 per
1924 4570 2255 4640 sanguinem
2293 4567 2503 4622 Christi
2533 4568 2765 4638 indigne
2794 4573 3164 4634 contrectans,
3207 4567 3523 4623 doctrinam

234 4655 492 4710 Isaiam:
537 4658 812 4725 Consurge
849 4658 1063 4729 (inquit)
1105 4662 1431 4726 Jerusalem,
1482 4668 1732 4715 excutere
1778 4665 1842 4717 de
1922 4678 2083 4716 suam
2103 4658 2697 4728 corrumpens,omnia
2716 4673 2950 4729 quaeque
2972 4674 3231 4714 vasorum
3254 4658 3521 4731 pretiosa,

229 4749 486 4814 pulvere,
522 4761 786 4815 consurge
804 4753 851 4801 et
886 4750 1003 4801 sede
1026 4749 1154 4815 (Isa.
1185 4751 1301 4815 LII).
1328 4750 1524 4820 Neque
1545 4751 1694 4805 enim
1726 4753 1847 4806 ﬁeri
1930 4751 2139 4805 scilicet
2166 4767 2295 4805 oves
2324 4750 2553 4815 Christi,
2594 4749 2753 4820 quasi
2782 4750 2948 4820 lupus
2976 4749 3291 4803 devastans.
3325 4749 3396 4803 Et
3422 4748 3529 4803 hoc

230 4838 433 4906 potest
454 4839 519 4889 ut
538 4835 727 4889 anima
747 4852 870 4907 quae
888 4837 1024 4891 foris
1044 4838 1362 4908 exposuerit
1382 4839 1498 4893 vias
1515 4856 1646 4897 suas
1668 4846 1850 4895 trans-
1930 4845 2017 4895 est
2039 4840 2376 4911 principium
2404 4839 2547 4894 tanti
2571 4838 2793 4910 piaculi,
2818 4838 2952 4909 quia
2979 4838 3197 4909 indigni
3218 4838 3319 4892 Dei
3345 4838 3530 4892 Eccle-

233 4922 530 4988 euntibus,
549 4924 897 4995 terrenisque
916 4941 976 4979 se
996 4925 1291 4980 sociaverit
1308 4926 1543 4993 actibus,
1566 4945 1636 4983 ne
1656 4930 1848 4984 sordes
1929 4928 2069 4982 siam
2098 4929 2510 4999 ingrediuntur.
2538 4928 2697 4993 Quod
2725 4944 2860 4982 sane
2880 4928 3091 4982 malum
3122 4928 3234 4982 illis
3262 4928 3319 4981 in
3345 4927 3528 4998 capite

230 5012 450 5067 habeat
479 5012 538 5065 in
565 5013 819 5083 pedibus.
852 5014 1013 5069 Unde
1052 5015 1280 5085 quidam
1321 5021 1643 5071 sanctorum
1677 5036 1687 5070 :
1728 5020 1846 5073 Hu-
1929 5018 2174 5089 respicit,
2194 5018 2323 5089 quia
2342 5018 2639 5081 talia,cum
2656 5023 2885 5088 possent
2899 5017 3195 5088 prohibere
3212 5034 3280 5071 ne
3302 5018 3525 5083 ﬁerent,

233 5102 473 5155 miliata
496 5106 571 5155 est
602 5102 725 5170 (ait)
751 5106 815 5156 in
838 5106 1061 5171 pulvere
1090 5107 1285 5158 anima
1315 5110 1524 5171 nostra,
1569 5110 1845 5175 congluti-
1928 5107 2237 5177 negligunt.
2256 5107 2361 5161 Sed
2385 5113 2442 5160 et
2468 5106 2660 5160 anima
2678 5106 3018 5177 tropologice
3037 5106 3323 5177 plangitur
3342 5120 3377 5157 a
3400 5119 3527 5173 pro-

231 5196 414 5244 natus
443 5195 518 5243 est
556 5193 617 5244 in
647 5196 799 5245 terra
824 5197 1011 5246 venter
1046 5199 1228 5246 noster
1255 5196 1416 5258 (Psal.
1444 5197 1624 5263 XLIII).
1657 5197 1705 5249 A
1726 5196 1846 5266 qui-
1927 5196 2098 5266 pheta
2126 5196 2444 5267 sanctisque
2486 5195 2636 5263 viris,
2670 5212 2838 5267 quam
2886 5195 3145 5266 ingressi,
3180 5192 3383 5265 quibus
3409 5208 3524 5247 non

229 5279 348 5333 bus
387 5277 631 5349 denique
660 5280 917 5334 sordibus
956 5281 1206 5351 quotidie
1238 5282 1459 5337 lavandi
1493 5288 1626 5338 sunt
1653 5285 1841 5355 pedes,
1929 5290 2050 5339 erat
2094 5284 2329 5350 licitum,
2376 5301 2501 5339 eam
2547 5284 2825 5356 attingere
2870 5284 3272 5348 contaminant,
3314 5282 3527 5339 scilicet

228 5382 310 5420 ne
339 5364 488 5419 forte
515 5365 908 5421 obliviscamur
931 5369 1058 5423 ﬁnis
1086 5370 1283 5432 nostri,
1313 5375 1369 5424 et
1397 5370 1746 5441 deponamur
1774 5373 1844 5426 ad
1927 5390 2201 5444 perversae
2227 5373 2610 5443 cogitationes,
2639 5378 2696 5428 et
2721 5373 3035 5445 voluptates
3067 5388 3268 5443 pravae.
3292 5372 3400 5436 Qui
3428 5372 3521 5427 in-

229 5454 617 5526 ignominiam
636 5457 945 5527 culparum.
974 5457 1185 5529 absque
1213 5458 1327 5513 ullo
1348 5458 1682 5516 intrinsecus
1710 5478 1844 5516 con-
1927 5462 2105 5533 gressi
2138 5462 2513 5518 exterminant
2541 5462 2767 5534 signum
2795 5461 3234 5517 circumcisionis
3272 5466 3479 5517 nostra
3506 5478 3518 5515 :

232 5544 511 5600 solatore.
538 5543 701 5599 Dicat
727 5560 861 5616 ergo
886 5546 1106 5617 anima,
1119 5546 1269 5603 dicat
1296 5553 1353 5603 et
1372 5548 1619 5615 Ecclesia
1639 5550 1846 5608 talibus
1929 5551 2080 5625 quod
2111 5556 2198 5608 est
2242 5550 2467 5623 signum
2509 5552 2661 5622 ﬁdei,
2708 5556 2767 5607 et
2808 5550 3079 5623 polluitur
3123 5549 3523 5606 incircumcism
