3960 6168
577 286 712 347 1083

1344 294 1403 349 S.
1443 288 1822 348 PASCHASII
1858 287 2220 345 RADBERTI
2257 289 2561 346 ABBATIS
2598 290 3091 347 CORBEIENSIS.

3647 294 3751 354 “Bt

574 416 781 472 mentis
839 421 1111 493 praeputio
1160 419 1538 475 sanctuarium
1571 421 1742 472 tanta
1783 414 2165 486 professionis.
2187 417 2238 476 A
2255 416 2555 471 multitudo
2583 416 2855 486 affligitur
2883 420 2939 470 et
2978 415 3137 487 quasi
3164 416 3510 484 excruciatur,
3536 418 3649 474 dum
3672 437 3757 477 non

574 506 730 562 Tunc
759 507 950 581 itaque
1005 510 1298 582 profanato
1349 510 1468 579 jam
1526 506 1735 576 templo
1773 505 1955 559 cordis
1999 505 2167 568 vitiis,

576 594 752 650 mittit
770 613 999 652 manum
1026 616 1185 652 suam
1214 598 1438 651 demum
1469 595 1735 648 audacter
1754 593 1930 647 hostis
1960 594 2029 647 ad
2056 610 2173 647 om-

576 684 672 738 nia
700 687 823 756 ejus
851 686 1265 750 desiderabilia,
1289 691 1347 739 et
1373 684 1557 738 aufert
1585 683 1775 737 omnia
1794 683 2062 736 virtutum
2087 698 2173 735 or-

576 780 853 827 namenta.
877 776 1294 844 Nonnunquam
1316 790 1443 827 vero
1466 773 1711 843 primum
1734 772 1900 826 fidem
1922 776 2167 837 enervat,

574 861 776 915 deinde
787 863 997 930 judicia
1018 863 1219 929 aufert,
1235 864 1530 917 thesauros
1545 862 1719 916 totius
1742 860 2051 931 majestatis
2072 859 2172 915 Dei

575 956 822 1017 evacuat,
850 951 1113 1006 vitiorum
1139 953 1503 1007 incitamenta
1522 957 1726 1011 movet,
1740 950 1961 1005 exacuit
1985 950 2161 1008 virus.

571 1037 801 1104 Deinde,
848 1040 982 1094 dum
1040 1058 1199 1096 mens
1252 1041 1525 1096 deliberat
1575 1039 1925 1111 pulsantibus
1974 1046 2163 1094 utrum

571 1126 807 1195 aperiat,
826 1129 1163 1200 quandoque
1183 1146 1338 1201 spem
1360 1130 1641 1194 immutat,
1663 1134 1719 1182 et
1737 1145 1837 1200 pro
1858 1145 1957 1200 spe
1976 1145 2167 1183 rerum

571 1215 822 1269 omnium
854 1217 1233 1285 invisibilium,
1267 1235 1389 1289 quae
1418 1235 1529 1272 non
1559 1218 1820 1273 videntur
1847 1223 1905 1273 et
1930 1218 2169 1273 credun-

569 1307 684 1369 tur,
717 1304 918 1361 futurae
949 1309 1290 1378 poenitentiae
1320 1325 1478 1379 spem
1507 1307 1870 1378 repromittit,
1902 1308 2009 1362 sibi
2045 1325 2171 1362 car-

570 1393 716 1447 nalis
745 1394 1039 1451 delectatio
1073 1399 1193 1467 jam
1224 1398 1409 1452 illecta
1442 1416 1452 1450 :
1489 1397 1679 1467 sicque
1728 1397 1887 1467 quasi
1923 1397 2172 1452 securior

571 1481 764 1536 anima
808 1485 1080 1540 charitate
1130 1486 1230 1541 Dei
1278 1502 1343 1541 ac
1387 1486 1620 1557 proximi
1675 1486 1762 1540 sui
1808 1486 2167 1557 exspoliatur,

570 1575 693 1625 tum
724 1573 906 1627 omnis
949 1574 1078 1630 fidei
1105 1581 1395 1631 armatura
1431 1575 1666 1633 tollitur,
1701 1581 1758 1629 et
1796 1575 2173 1646 prosternitur

570 1659 859 1726 fortitudo,
888 1669 946 1717 et
967 1682 1032 1718 ex
1060 1664 1280 1735 integro
1306 1665 1483 1719 hostis
1511 1665 1582 1719 ad
1612 1664 1803 1718 omnia
1830 1665 2032 1718 deinde
2056 1681 2172 1719 ma-

2252 505 2324 559 ad
2371 510 2561 560 votum
2610 505 2902 576 praesentis
2949 505 3074 559 vitae
3124 504 3330 559 deliciis
3373 522 3433 559 ac
3474 508 3760 575 jucunditate

2253 594 2536 649 affluentia
2620 595 2977 666 adimpletur.
3038 594 3391 665 Tropologice
3448 611 3559 649 vero
3612 599 3759 653 anima

2254 700 2488 755 quaeque
2538 684 2785 754 pretiosa
2840 700 2941 754 pro
2998 681 3119 737 cibo
3177 683 3290 747 dat,
3331 684 3533 754 quando
3578 685 3762 742 virtutes

2254 773 2459 829 mentis
2488 773 2545 826 in
2592 773 2845 843 appetitu
2888 772 3224 826 transitoria:
3266 771 3612 828 delectationis
3641 775 3763 829 incli-

2252 867 2369 927 nat,
2400 868 2459 916 et
2486 861 2785 916 refocillari
2813 862 3002 915 anima
3031 848 3246 925 nititur,
3272 861 3399 915 dum
3427 863 3659 932 perversis
3679 864 3763 918 suis

2252 951 2544 1005 desideriis
2584 951 2907 1005 satisfacere
2931 955 3187 1004 conatur.
3215 949 3370 1004 Unde
3398 950 3560 1005 omnis
3583 953 3763 1022 populus

2249 1056 2500 1111 gemens,
2522 1046 2581 1094 et
2600 1056 2854 1111 quaerens
2872 1055 3097 1109 panem,
3112 1038 3415 1109 plangitur:
3438 1039 3558 1108 quia
3582 1046 3610 1103 Ι
3625 1045 3761 1106 83'

2248 1129 2380 1183 licet
2405 1127 2651 1200 pretiosa
2694 1144 2929 1199 quaeque
2969 1127 3241 1180 virtutum
3280 1143 3378 1197 pro
3407 1126 3518 1180 cibo
3546 1127 3761 1182 dederint.

2252 1234 2448 1272 omnes
2483 1216 3066 1288 concupiscentiarum
3115 1216 3346 1269 affectus
3388 1231 3492 1268 non
3534 1215 3761 1281 satiantur,

2251 1306 2373 1361 visu
2407 1307 2489 1363 vel
2514 1312 2707 1377 gustu,
2747 1305 3073 1375 caeterisque
3097 1304 3370 1359 sensibus.
3398 1304 3462 1358 Et
3487 1304 3595 1357 ideo
3619 1306 3659 1359 si
3681 1321 3767 1376 qua

2251 1396 2525 1450 redierint
2550 1396 2830 1450 introrsus
2858 1394 3093 1448 virtutes
3119 1393 3192 1446 ad
3218 1392 3476 1456 animam,
3496 1393 3571 1446 vel
3589 1393 3765 1463 ipsaDei

2252 1491 2503 1540 recreata
2531 1484 2731 1556 spiritu
2761 1501 2876 1538 una
2921 1500 3049 1537 cum
3078 1481 3233 1536 omni
3262 1482 3548 1536 electorum
3581 1481 3768 1535 multitu-

2253 1574 2403 1640 dine,
2426 1575 2556 1644 jure
2581 1574 2898 1644 plangendo
2919 1574 3162 1627 clamare
3180 1571 3409 1625 dicitur:
3438 1571 3562 1634 Vide,
3583 1572 3765 1634 Domine,

2252 1668 2301 1717 et
2341 1665 2630 1716 considera
2678 1665 2811 1731 quia
2847 1663 2997 1730 facta
3040 1678 3167 1715 sum
3211 1662 3339 1715 vilis
3372 1659 3496 1723 (Job.
3519 1661 3634 1726 xxx).
3659 1658 3718 1712 Ac
3736 1657 3769 1711 si

570 1764 709 1804 num
750 1752 973 1806 mittere
1004 1770 1114 1807 non
1159 1754 1446 1807 formidat.
1478 1755 1633 1808 Tunc
1663 1754 1853 1824 itaque
1895 1740 2225 1824 pudicitiaB
2247 1750 2467 1804 dicatur
2493 1771 2505 1804 :
2533 1750 2703 1804 Facta
2745 1766 2870 1804 sum
2898 1765 3030 1819 ergo
3060 1748 3206 1812 vilis,
3243 1748 3375 1818 quia
3401 1762 3581 1800 manus
3603 1743 3769 1799 Domini

568 1840 968 1911 corrumpitur,
1008 1842 1269 1903 violatur,
1292 1843 1538 1905 castitas,
1587 1843 1736 1913 gulae
1780 1844 2169 1913 concupiscen-

570 1927 708 1982 tiam
730 1930 1135 2001 archimagirus
1163 1932 1259 1986 ille
1280 1932 1535 2003 princeps
1554 1948 1810 1985 cocorum
1846 1937 2163 2002 exaggerat,

570 2021 635 2070 ut
663 2033 857 2072 omnes
878 2019 1078 2073 animae
1107 2037 1299 2074 muros
1320 2020 1575 2074 destruat
1601 2025 1659 2073 et
1686 2020 2017 2089 inflammet,
2041 2037 2168 2091 pru-

571 2104 774 2160 dentiae
815 2112 849 2172 |
871 2112 1061 2173 330
1088 2109 1275 2163 oculos
1305 2108 1516 2171 effodit,
1541 2109 1776 2179 justitiaa
1803 2115 2010 2163 vestem
2042 2126 2170 2163 con-

571 2193 792 2259 scindit,
828 2212 1019 2265 pacem
1064 2202 1121 2250 et
1157 2197 1511 2251 concordiam
1552 2197 1715 2263 tollit,
1748 2197 1877 2251 ferit
1906 2215 2168 2252 mansue-

570 2282 845 2349 tudinem,
871 2286 1202 2340 modestiam
1230 2286 1405 2353 elidit,
1426 2286 1827 2357 benignitatem
1855 2292 2164 2358 exasperat,

570 2370 643 2424 ad
672 2372 934 2426 ultimum
964 2375 1149 2429 aufert
1190 2375 1440 2446 gladium
1493 2375 1734 2446 Spiritus
1761 2376 1958 2442 sancti,
1990 2382 2051 2430 et
2090 2376 2170 2429 sic

574 2460 734 2530 quasi
773 2461 1240 2518 devindemiatam
1279 2464 1539 2518 omnibus
1567 2463 1727 2518 bonis
1757 2465 2019 2519 miseram
2049 2465 2171 2518 ani-

568 2563 720 2602 mam
751 2549 873 2604 sine
904 2552 1273 2618 consolatore,
1320 2569 1384 2607 ac
1429 2553 1637 2607 nudam
1678 2545 1866 2608 in’suo
1896 2554 2169 2624 sanguine

571 2637 889 2711 dereliquit.

1290 2802 1447 2841 CAPH.

645 2909 836 2963 Omnis
857 2908 1096 2978 populus
1126 2913 1244 2978 ejus
1271 2927 1506 2978 gemens,
1546 2929 1793 2979 quarens
1816 2928 2035 2980 panem.
2072 2915 2169 2966 Dc-

472 3024 479 3030 -
569 2997 774 3049 derunt
813 3001 1053 3065 pretiosa
1095 3014 1316 3066 qua’que
1340 3015 1443 3067 pro
1485 3003 1600 3053 cibo
1640 3002 1712 3054 ad
1748 3002 2171 3067 refocillandam

2248 1838 2434 1907 tetigit
2458 1854 2566 1891 me.
2590 1839 2705 1891 lloc
2730 1837 2934 1908 quippe
2964 1838 3121 1907 Caph
3151 1835 3501 1891 Hebraeorum
3533 1849 3696 1888 sonare
3716 1830 3770 1884 di-

2249 1927 2413 1980 citur.
2450 1927 2648 1980 Manus
2690 1926 2864 1995 igitur
2894 1925 3119 1979 Domini
3150 1941 3280 1980 cum
3318 1930 3416 2005 aut
3448 1923 3512 1976 ad
3538 1920 3766 1992 punienda.

2251 2026 2351 2073 aut
2378 2018 2676 2072 relevanda
2705 2018 2997 2089 supplicia,
3037 2022 3192 2073 certe
3220 2022 3322 2070 aut
3356 2015 3426 2069 ad
3462 2011 3769 2068 instruendam

2251 2109 2516 2162 miseram
2546 2107 2813 2167 animam,
2845 2107 3342 2177 negligentemque
3388 2103 3657 2158 Ecclesiam
3676 2100 3771 2154 atti-

2248 2199 2415 2269 gerit.
2439 2199 2591 2251 Bene
2623 2213 2722 2251 vox
2743 2196 2813 2250 ad
2839 2212 2899 2250 se
2929 2196 3169 2261 rediens,
3206 2211 3338 2250 voce
3365 2210 3465 2249 sua
3490 2192 3637 2246 dicit:
3671 2191 3768 2254 Vidi,

2249 2289 2479 2341 Domine
2512 2290 2593 2356 (ut
2610 2301 2783 2356 supra
2808 2284 3069 2349 diximus)
3099 2300 3217 2338 non
3249 2299 3498 2338 meorum
3516 2282 3771 2336 delictorum

2251 2375 2482 2441 scelera,
2518 2375 2615 2429 sed
2646 2373 2795 2427 mala
2822 2379 2880 2427 et
2906 2372 3183 2445 supplicia
3214 2389 3338 2444 quae
3366 2372 3556 2444 patior,
3576 2375 3625 2423 et
3650 2365 3773 2422 consi-

2252 2465 2385 2518 dera
2416 2464 2500 2519 tui
2520 2463 2666 2534 juris
2696 2462 2983 2527 fabricam,
3017 2466 3152 2531 quia
3183 2464 3341 2532 facta
3383 2478 3503 2517 sum
3527 2459 3654 2515 vilis.
3678 2454 3774 2508 Vilis

2250 2555 2455 2625 quippe
2498 2554 2597 2608 Dei
2636 2553 2792 2624 plebs
2841 2552 3101 2618 efficitur,
3134 2552 3364 2622 quando
3408 2563 3671 2623 pravorum
3700 2560 3773 2598 nu-

2250 2659 2405 2698 mero
2436 2648 2739 2708 crescente,
2763 2641 2912 2696 infra
2940 2641 3256 2697 Ecclesiam
3274 2657 3388 2697 non
3411 2654 3610 2696 summa
3632 2640 3678 2690 et
3698 2649 3774 2687 οω-

2250 2731 2432 2796 lestia,
2490 2732 2588 2785 sed
2636 2731 2856 2801 abjecta
2908 2747 3143 2802 quaeque
3204 2736 3264 2786 et
3312 2735 3530 2785 terrena
3574 2728 3774 2780 sectatur.

2252 2822 2456 2876 Anima
2478 2838 2606 2876 vero
2628 2839 2750 2893 quae
2770 2822 2927 2893 prius
2948 2821 3141 2876 multis
3158 2821 3466 2893 depravata
3483 2816 3777 2873 oblectamen-

2251 2908 2345 2976 tis,
2378 2910 2526 2964 male
2552 2908 2903 2979 gloriabatur
2926 2908 3075 2962 elata
3093 2908 3249 2962 fastu
3269 2907 3543 2970 vitiorum,
3565 2919 3671 2958 cum
3689 2913 3777 2954 eam

2254 3015 2453 3053 manus
2485 2998 2703 3053 Domini
2728 2997 2998 3067 tetigerit,
3029 3014 3156 3051 mox
3190 2997 3353 3052 vilem
3382 3013 3440 3051 se
3472 2995 3651 3049 factam
3665 3004 3777 3045 reco-

569 3086 846 3137 animam.
872 3085 1012 3138 Vide
1037 3085 1170 3155 quid
1199 3087 1491 3156 profucrit,
1516 3089 1663 3158 quod
1686 3090 1959 3159 propheta
1978 3107 2037 3144 se
2058 3107 2169 3144 non
2188 3097 2232 3157 α
2252 3088 2490 3157 gnoscit,
2526 3104 2651 3157 quae
2685 3087 2868 3141 fuerat
2894 3087 3051 3158 prius
3078 3086 3151 3140 ad
3178 3086 3485 3158 imaginem
3510 3081 3699 3137 condita
3718 3074 3778 3130 sui

570 3171 935 3241 plangentem
955 3175 1265 3228 Jerusalem
1285 3176 1597 3245 planxerit:
1629 3195 1758 3231 nam
1785 3195 1952 3249 supra
1975 3179 2031 3232 in
2055 3179 2174 3250 qui-

571 3258 805 3314 busdam
821 3261 936 3316 suis
953 3279 1012 3316 se
1033 3263 1313 3334 planxisse
1326 3266 1484 3336 quasi
1497 3265 1862 3321 nobilioribus
1882 3268 2166 3333 membris,

566 3348 767 3419 lugens
777 3352 1049 3422 propheta
1065 3354 1444 3424 conqueritur.
1462 3355 1508 3409 N
1517 3371 1625 3409 unc
1639 3373 1767 3410 vero
1781 3357 1897 3426 jam
1912 3374 2164 3427 gemens,

564 3445 789 3509 recepto
817 3441 971 3495 vitali
1001 3442 1223 3513 spiritu,
1249 3444 1430 3498 omnis
1458 3447 1697 3516 populus
1715 3446 2062 3518 perhibetur.
2080 3447 2165 3500 Ad

567 3525 673 3581 hoc
715 3527 919 3600 quippe
965 3532 1174 3601 gallina
1222 3533 1373 3587 fovet
1414 3551 1517 3588 ova
1564 3552 1684 3600 sua,
1725 3552 1938 3606 suoque
1986 3537 2169 3590 calore

567 3617 727 3687 quasi
756 3619 1167 3686 coanimantur,
1201 3626 1266 3675 ut
1309 3623 1624 3678 formentur
1664 3625 1854 3678 omnia
1893 3626 2169 3680 introrsus

565 3706 638 3759 ad
667 3706 859 3761 vitam.
904 3708 1103 3779 Sicque
1130 3710 1450 3781 spirituales
1481 3712 1583 3766 viri
1613 3729 1708 3767 eos
1758 3714 2075 3769 coanimare
2105 3732 2170 3769 ac

565 3795 858 3850 confovere
886 3799 971 3852 vel
1000 3799 1266 3870 plangere
1313 3808 1747 3869 consueverunt,
1779 3803 1876 3873 qui
1907 3804 2164 3858 nesciunt

564 3899 667 3937 cur
683 3885 1041 3955 plangantur.
1057 3888 1333 3943 Caeterum
1358 3895 1570 3961 quanta
1587 3907 1750 3963 passa
1771 3893 1847 3946 sit
1867 3893 2008 3946 mala
2024 3909 2163 3963 gens

563 3972 906 4041 Judaeorum,
922 3975 979 4029 in
1002 3976 1169 4041 fame,
1188 3978 1528 4047 pestilentia,
1545 3986 1602 4034 et
1621 3981 1797 4046 clade,
1817 3980 1988 4034 divini
2004 3998 2163 4052 expo-

563 4066 708 4115 nunt
756 4062 902 4127 libri,
936 4069 994 4118 et
1036 4066 1263 4138 Josephi
1313 4083 1424 4121 non
1471 4074 1621 4123 tacet
1666 4070 1916 4135 historia,
1958 4070 2160 4140 quibus

564 4149 746 4204 omnis
774 4154 1013 4222 populus
1048 4170 1346 4225 oppressus
1379 4157 1543 4211 malis
1583 4157 1777 4228 gemit,
1810 4158 2057 4229 pretiosa
2089 4158 2160 4211 ad

561 4239 980 4303 refocillandam
1011 4243 1278 4310 animam,
1312 4246 1502 4299 nullus
1548 4252 1638 4300 est
1685 4246 1779 4316 qui
1825 4253 2155 4301 enumeret:

548 4338 678 4383 ‘non
707 4330 853 4400 quod
885 4331 1075 4385 anima
1103 4332 1227 4386 istis
1257 4333 1444 4387 alatur
1479 4334 1635 4397 cibis,
1660 4336 1754 4389 sed
1780 4336 2027 4389 animam
2061 4352 2162 4406 pro

2257 3176 2558 3230 Creatoris.
2587 3175 2855 3248 Alioquin
2883 3175 2991 3229 nisi
3023 3192 3229 3231 manus
3257 3174 3477 3232 Domini
3499 3188 3611 3228 eam
3633 3176 3777 3237 tange-

2254 3270 2357 3329 ret,
2388 3266 2459 3319 ad
2488 3270 2705 3319 tantam
2729 3264 3106 3320 humilitatem
3128 3270 3189 3319 et
3217 3266 3508 3337 gemitum,
3531 3274 3689 3317 coram
3706 3269 3777 3308 suo

2251 3357 2561 3424 conditore,
2611 3374 2898 3429 nunquam
2946 3357 3176 3411 rediret.
3217 3358 3428 3413 Idcirco
3456 3370 3559 3410 non
3595 3346 3778 3406 absurde

2251 3447 2427 3517 Caph,
2452 3463 2576 3516 quae
2599 3463 2802 3501 manus
2823 3447 3234 3517 interpretatur
3258 3466 3269 3502 :
3296 3448 3427 3501 licet
3452 3444 3603 3499 tacite
3622 3450 3779 3511 praeno-

2250 3541 2422 3601 tatur,
2446 3540 2505 3589 et
2533 3541 2597 3589 ut
2625 3535 2905 3606 intelligas
2934 3553 3057 3607 qum
3085 3536 3350 3601 dixerim,
3372 3549 3552 3590 vocem
3579 3522 3779 3585 clamoris

2250 3625 2383 3680 audi
2410 3641 2533 3696 quae
2557 3624 2830 3696 sequitur.

2942 3782 3150 3826 LAMED.

2319 3892 2359 3947 0
2386 3908 2475 3945 vos
2506 3908 2689 3947 omnes
2718 3895 2818 3961 qui
2861 3895 3117 3947 transitis
3140 3909 3243 3962 per
3281 3896 3450 3958 viam,
3480 3888 3722 3948 attendite,
3744 3884 3777 3932 ei

2243 3982 2418 4035 videte
2444 3984 2495 4033 si
2524 3987 2600 4035 est
2626 3983 2784 4035 dolor
2809 3985 2952 4036 sicut
2978 3984 3134 4036 dolor
3160 3999 3336 4037 meus.
3365 3983 3617 4050 Quoniam
3640 3971 3775 4028 vinde-

2242 4072 2440 4123 miavit
2459 4086 2560 4135 me,
2582 4076 2631 4123 et
2650 4072 2860 4124 locutus
2883 4075 2957 4123 est
2975 4074 3038 4124 in
3052 4072 3142 4124 die
3156 4072 3377 4137 furoris
3395 4073 3499 4125 sui.
3513 4066 3607 4122 Cui
3622 4054 3777 4119 [Διωθά

2243 4165 2373 4213 ante
2404 4159 2631 4229 ponitur
2664 4178 2675 4214 :
2711 4160 2918 4214 Lamed
2957 4176 3203 4231 namque
3233 4162 3524 4229 disciplina
3549 4155 3625 4209 vel
3647 4148 3777 4206 corsz

2244 4254 2425 4303 sonat.
2450 4249 2517 4302 Et
2541 4248 2841 4303 videndum
2867 4248 2913 4302 si
2938 4264 3051 4302 non
3074 4248 3371 4320 disciplina
3390 4248 3463 4302 sit
3479 4235 3775 4317 prophetaliS,

2243 4336 2373 4390 talis
2418 4341 2721 4407 tantusque
2772 4342 3128 4409 peccatorum
3177 4339 3265 4411 vel
3306 4337 3630 4408 ﬂagitiorum
3662 4324 3779 4381 dolor

562 4420 828 4490 praesenti
855 4419 970 4474 vita
995 4421 1199 4491 posuit,
1221 4421 1383 4476 sicuti
1413 4422 1468 4476 in
1496 4423 1622 4477 aliis
1647 4424 1850 4494 quibus
1877 4424 2161 4478 invenitur
2178 4415 2225 4472 D
2244 4424 2537 4495 cordisque
2588 4427 2874 4481 conversio
2908 4445 2919 4481 :
2955 4442 3086 4480 nam
3143 4426 3391 4498 primum
3441 4428 3559 4496 post
3587 4416 3779 4473 lamenta

560 4508 716 4563 locis.

634 4597 1016 4667 Spiritualiter
1043 4606 1233 4656 autem
1281 4607 1448 4657 recte.
1480 4601 1676 4656 Omnis
1705 4602 1943 4672 pOpulus
1971 4602 2162 4673 lugere

558 4683 782 4753 dicitur,
807 4691 1031 4758 quando
1052 4692 1255 4746 famem
1277 4690 1428 4745 verbi
1453 4691 1554 4745 Dei
1576 4691 1806 4762 patitur,
1831 4696 1888 4744 et
1908 4708 2162 4762 qumrens

562 4785 766 4839 panem
795 4777 889 4845 qui
919 4778 988 4832 de
1017 4781 1155 4834 coelo
1184 4780 1473 4835 descendit
1500 4796 1534 4833 a
1563 4779 1904 4845 doctoribus,
1939 4796 2041 4833 nec
2073 4780 2162 4834 in-

563 4859 784 4914 venitur
813 4865 991 4923 (Joan.
1032 4872 1137 4934 v1).
1194 4870 1302 4923 Pro
1340 4886 1450 4940 quo
1495 4885 1630 4923 sane
1683 4870 1832 4923 malo
1887 4868 2157 4937 videntes,

563 4947 757 5002 dolent
797 4955 854 5003 et
877 4961 1114 5020 gemunt
1145 4973 1156 5007 :
1192 4958 1325 5026 quia
1352 4958 1628 5012 dederunt
1653 4974 1886 5029 quaeque
1915 4959 2159 5028 pretiosa

562 5053 665 5109 pro
704 5036 846 5104 cibo,
890 5039 1101 5096 scilicet
1139 5046 1387 5100 coelestia
1417 5047 1731 5102 amiserunt
1770 5064 1871 5119 pro
1900 5048 2158 5114 terrenis,

561 5126 907 5198 sempiterna
942 5146 1044 5199 pro
1087 5133 1309 5187 caducis
1343 5154 1353 5188 :
1388 5136 1458 5189 ad
1488 5137 1904 5191 refocillandam
1941 5137 2164 5207 (inquit)

562 5215 830 5282 animam,
853 5221 909 5271 et
938 5234 1051 5272 non
1070 5220 1140 5273 ad
1170 5222 1485 5278 satiandum
1510 5243 1521 5279 :
1549 5226 1683 5295 quia
1709 5241 1910 5281 cuneta
1936 5225 2160 5297 imprae-

561 5305 873 5360 sentiarum
916 5307 1180 5362 miseram
1224 5310 1514 5368 desideriis
1554 5315 1886 5382 innumeris,
1938 5321 1996 5369 et
2033 5332 2159 5369 suc-

561 5408 787 5448 cansam
817 5396 1066 5451 animam
1101 5397 1410 5454 refocillare
1442 5402 1666 5472 quidem
1695 5410 1927 5474 queunt,
1952 5405 2161 5458 satiare

560 5497 692 5537 vero
719 5498 1027 5556 nunquam.
1052 5487 1195 5542 Hinc
1215 5504 1438 5559 quoque
1457 5490 1637 5545 omnis
1666 5494 1906 5563 populus
1928 5510 2162 5563 gemens

560 5570 787 5643 dicitur,
818 5579 877 5631 et
925 5592 1179 5649 quarens
1223 5593 1429 5651 panem
1471 5579 1608 5652 quia
1654 5597 1826 5652 prava
1867 5582 2163 5640 hominum

2243 4518 2555 4567 retrorsum
2586 4530 2756 4584 supra
2783 4530 3050 4569 conversa
3076 4515 3305 4585 legitur,
3346 4512 3539 4569 deinde
3564 4500 3777 4581 paulatim

2239 4600 2359 4670 jam
2388 4617 2519 4655 voce
2539 4618 2643 4655 sua
2665 4602 2934 4670 clamans,
2958 4604 3118 4674 quasi
3146 4604 3220 4658 ad
3248 4618 3473 4658 sensum
3499 4594 3697 4653 redierit
3721 4601 3780 4640 se—

2244 4691 2358 4743 mel
2388 4696 2446 4743 et
2475 4690 2718 4744 secundo
2750 4709 2764 4746 :
2809 4693 2947 4757 Vide,
2970 4692 3204 4746 Domine
3235 4689 3454 4763 (inquit)
3482 4685 3778 4757 afflictione"!

2244 4796 2444 4845 meam,
2480 4784 2537 4834 et
2569 4785 2773 4834 caetera
2801 4791 2923 4850 quae
2963 4785 3299 4851 sequuntur,
3333 4778 3440 4833 nisi
3467 4773 3601 4847 quod
3624 4770 3674 4823 in
3696 4777 3778 4819 uno

2244 4883 2439 4923 eorum
2484 4873 2663 4922 metro
2712 4868 2911 4924 ludens
2948 4884 3105 4923 more
3152 4868 3370 4939 poetico
3402 4884 3413 4920 :
3444 4865 3538 4929 ita,
3568 4854 3777 4949 quonialn

2245 4964 2465 5013 erectus
2495 4963 2582 5012 est
2629 4956 2891 5011 inimicus
2934 4973 3112 5024 meus,
3143 4957 3203 5011 in
3234 4957 3348 5010 ﬁne
3387 4947 3712 5009 concluditur.
3734 4947 3777 4990 in

2244 5048 2422 5101 altero
2453 5063 2604 5112 vero,
2635 5049 2903 5115 quoniam
2928 5049 3055 5100 vilis
3102 5048 3249 5114 facta
3286 5061 3432 5106 sum.
3480 5035 3774 5126 terminat?"

2245 5137 2331 5190 Nu
2342 5153 2407 5190 nc
2436 5152 2656 5207 quoque
2686 5135 2845 5206 quasi
2866 5134 3103 5205 receptis
3125 5133 3350 5198 viribus,
3372 5132 3440 5186 de
3466 5142 3580 5184 arce
3598 5123 3773 5217 uitiatis:

2241 5225 2429 5279 nescio
2455 5243 2567 5296 qua
2595 5224 2858 5279 subvecta
2894 5223 3049 5290 Sion,
3071 5223 3333 5278 culminis
3370 5219 3599 5288 [338
3624 5210 3774 5264 altitu-

2242 5315 2372 5369 dine
2403 5314 2615 5368 videns.
2655 5316 2695 5370 0
2725 5330 2812 5368 vos
2848 5313 3073 5383 (inquit)
3115 5329 3298 5368 omnes
3325 5313 3423 5381 qui
3459 5303 3680 5363 tramitis
3699 5304 3774 5363 1’"

2244 5409 2414 5459 viam.
2439 5403 2554 5458 Etsi
2582 5404 2653 5458 ad
2676 5404 2921 5457 litteram
2952 5402 3241 5473 proprium
3274 5416 3395 5455 esse
3420 5390 3690 5452 dolentium
3709 5394 3775 5434 co-

2243 5494 2552 5565 gnoscitur,
2602 5499 2759 5547 tanto
2788 5491 3037 5546 laborem
3079 5506 3244 5546 suum
3272 5487 3478 5544 caeteris
3500 5483 3643 5568 p101?
3672 5483 3772 5568 “in:

2247 5558 2390 5652 sere,
2426 5589 2636 5657 quanto
2664 5582 2985 5656 passionem
3021 5578 3263 5637 aliorum
3303 5577 3484 5635 minus
3510 5558 3772 5628 studuel'int
