3960 6168
251 329 394 387 1085

945 328 1329 385 EXPOSITIO
1367 329 1446 385 ΙΝ
1482 330 2005 388 LAMENTATION
2010 331 2093 388 ES
2130 331 2479 388 JEREM'IJE.
2521 364 2588 376 —
2626 334 2764 390 LIB.
2805 336 2851 390 Ι.

3393 332 3531 394 1086

244 454 753 525 intelligere.Unde
782 471 892 527 quo
913 454 1093 526 magis
1124 456 1371 511 dolorem
1391 474 1555 512 suum
1575 458 1842 525 sentiunt,
1864 459 1920 519 A
1935 459 2280 525 tristatur,et
2296 460 2352 513 in
2382 459 2703 514 humilitate
2722 460 2881 531 luget
2904 478 2915 514 :
2945 459 3211 531 quoniam
3226 459 3532 531 videtquod

247 544 387 599 inde
418 550 475 599 et
500 544 737 598 aliorum
770 544 958 598 minus
1000 560 1101 599 suo
1143 547 1420 617 coaequari
1445 549 1803 616 consentiunt
1834 567 1845 602 :

244 639 441 688 tamen
470 633 517 687 si
547 650 669 704 quae
696 633 948 704 reliquiis
980 634 1142 688 salvae
1163 635 1322 689 facta;
1350 640 1483 690 sunt
1526 654 1713 691 coram
1740 639 1852 692 Do-

244 723 421 789 mino,
449 739 564 777 una
599 739 726 777 cum
752 723 957 793 pOpulo
981 740 1094 777 non
1122 725 1402 779 immerito
1413 727 1850 797 proclamarunt,

246 813 479 884 quando
510 817 569 867 et
593 812 961 867 sanctiﬁcatio
989 813 1214 869 deserta
1242 815 1424 869 omnis
1452 815 1729 882 deﬁcitur,
1761 817 1854 870 de-

241 906 549 955 struantur
564 899 766 954 altaria
784 900 1171 973 thymiamatis
1191 902 1404 956 scilicet
1422 907 1480 956 et
1508 903 1855 958 holocausto-

244 1007 400 1056 rum,
432 990 706 1061 templum
736 989 807 1044 ad
828 990 1007 1044 solum
1038 1006 1216 1061 usque
1245 990 1507 1057 diruitur,
1526 991 1852 1062 psalterium

244 1096 448 1134 eorum
479 1079 831 1146 humiliatur,
862 1079 1105 1150 hymnus
1153 1080 1440 1146 conticuit,
1470 1085 1528 1134 et
1556 1080 1852 1135 exsultatio

244 1172 369 1222 tota
395 1166 737 1232 dissolvitur,
781 1167 970 1221 lumen
1004 1166 1325 1221 candelabri
1372 1168 1766 1239 exstinguitur,
1797 1174 1853 1223 et

244 1273 380 1311 arca
418 1255 746 1310 testamenti
773 1255 1055 1327 diripitur,
1097 1262 1291 1311 sancta
1333 1257 1524 1311 omnia
1576 1258 1855 1312 contami-

244 1349 478 1410 nantur,
505 1350 562 1399 et
588 1361 720 1399 vasa
742 1361 976 1415 quaeque
1002 1345 1408 1416 pretiosissima
1436 1347 1855 1400 transferuntur

241 1433 317 1487 ad
347 1439 592 1500 exteros,
626 1450 831 1488 nomen
858 1450 1079 1505 quoque
1108 1435 1226 1501 Dei,
1282 1436 1429 1506 quod
1459 1436 1853 1506 gravissimum

243 1527 351 1590 est,
388 1539 559 1593 super
588 1539 684 1577 eos
713 1522 860 1594 quod
906 1523 1263 1578 nominatum
1308 1531 1447 1593 erat,
1500 1524 1848 1595 profanatur,

242 1627 469 1665 necnon
496 1615 553 1665 et
579 1610 707 1664 libri
735 1616 1166 1665 eoncremantur
1185 1612 1255 1665 ad
1294 1612 1661 1683 ignominiam
1682 1629 1851 1667 sacrae

240 1700 391 1770 legis
425 1718 437 1753 :
465 1700 783 1755 sacerdotes
811 1717 941 1754 vero
964 1716 1029 1754 ac
1051 1700 1231 1755 levitse
1260 1702 1578 1772 capiuntur,
1608 1702 1852 1772 virgines

1933 564 2077 619 pene
2096 565 2292 602 omnes
2321 548 2377 602 in
2410 549 2785 620 perditionem
2816 549 3111 615 vadunt,et
3137 549 3533 603 exterminium

1933 638 2094 691 vitae;
2130 638 2188 691 in
2221 638 2344 691 aliis
2376 638 2602 708 quidem
2632 654 2809 709 usque
2867 639 2939 692 ad
2994 644 3232 692 mortem
3258 637 3536 708 periclita-

1934 731 2047 791 tur,
2072 726 2141 779 ab
2171 727 2294 780 aliis
2323 743 2452 780 vero
2484 727 2708 797 pariens
2733 728 3111 798 persequitur,
3143 727 3283 781 alios
3310 732 3535 781 teneros

1933 815 2123 882 lactat,
2165 815 2306 869 alios
2362 822 2719 887 exasperatos
2748 816 2839 869 vix
2894 816 2963 870 ad
2992 817 3108 870 vias
3138 816 3265 871 vita:
3291 821 3533 883 revocat,

1936 905 2174 958 aliosire
2207 905 2461 959 nolentes
2481 912 2538 959 et
2564 905 2754 977 pigros
2783 910 3082 977 exspectat,
3120 906 3259 961 alios
3288 904 3538 976 praecipi-

1934 998 2039 1059 tes,
2072 998 2136 1046 ut
2156 1009 2284 1047 cum
2312 994 2428 1047 suis
2449 999 2597 1059 eant,
2629 994 2882 1065 castigat,
2916 1011 2986 1048 ne
3016 996 3160 1049 forte
3179 996 3322 1048 tales
3355 994 3534 1048 hostis

1934 1088 2093 1136 extra
2120 1087 2305 1137 castra
2360 1083 2653 1139 inveniat:
2702 1083 2972 1137 nimirum
3024 1084 3157 1154 quia
3213 1098 3410 1136 omnes
3438 1081 3533 1135 isti

1933 1177 2291 1226 transeuntes
2317 1188 2419 1242 per
2446 1172 2614 1238 viam,
2647 1188 2776 1226 cum
2801 1189 3007 1241 sponsa
3033 1172 3240 1227 Christi
3258 1171 3314 1225 in
3334 1170 3534 1225 castris

1935 1261 2203 1316 militant.
2234 1262 2314 1315 De
2343 1278 2456 1332 qua
2482 1278 2617 1315 sane
2645 1261 2703 1315 in
2733 1262 2979 1315 Canticis
3002 1279 3012 1309 :
3038 1263 3163 1328 Quae
3190 1266 3264 1314 est
3291 1264 3416 1324 ista,
3450 1259 3534 1312 in-

1936 1350 2072 1421 quit,
2110 1367 2226 1419 qua:
2263 1352 2507 1404 ascendit
2524 1366 2627 1419 per
2653 1352 2947 1415 desertum,
2980 1352 3120 1403 sicut
3173 1364 3387 1406 aurora
3411 1363 3536 1403 con-

1934 1456 2184 1508 surgens,
2212 1440 2447 1508 pulchra
2484 1444 2546 1492 ut
2577 1441 2734 1504 luna,
2767 1442 2929 1492 electa
2958 1444 3019 1491 ut
3041 1442 3140 1505 sol,
3175 1440 3441 1491 terribilis
3471 1441 3533 1489 ut

1935 1534 2247 1582 castrorum
2277 1531 2418 1581 acies
2440 1534 2464 1580 ?
2489 1529 2664 1596 (Cant.
2714 1532 2810 1590 γι.)
2842 1527 2926 1580 Λᾶ
2958 1542 3096 1597 quos
3136 1527 3327 1596 itaque
3355 1530 3538 1579 trans-

1936 1621 2134 1670 euntes
2194 1616 2279 1669 vel
2337 1616 2725 1681 ascendentes,
2779 1617 2845 1670 fit
2896 1632 3000 1669 vox
3028 1615 3098 1669 ab
3144 1613 3536 1669 excelsioribus

1936 1705 2234 1759 membris:
2270 1706 2311 1760 0
2338 1722 2429 1761 vos
2457 1722 2661 1769 omnes,
2683 1706 2949 1759 attendite
2965 1711 3014 1758 et
3052 1705 3241 1769 videte,
3267 1706 3318 1756 si
3341 1708 3417 1757 est
3443 1703 3533 1756 do-

241 1788 445 1860 inique
471 1794 929 1861 constuprantur,
945 1796 1002 1844 et
1030 1791 1296 1844 mulieres
1316 1791 1611 1845 moechiam
1631 1792 1851 1862 patiun-
1871 1775 1917 1834 Β
1939 1798 2026 1848 lor
2044 1797 2184 1847 sicut
2201 1796 2357 1847 dolor
2376 1810 2548 1847 meus.
2576 1794 2717 1858 Quia
2750 1794 2860 1847 alia
2888 1799 3020 1847 sunt
3035 1809 3158 1864 quae
3202 1809 3302 1862 pro
3316 1792 3406 1845 his
3423 1808 3538 1846 om-

241 1882 343 1932 tur
375 1892 386 1926 :
417 1878 619 1933 deinde
641 1879 783 1950 justi
804 1895 931 1933 cum
958 1879 1146 1950 impiis
1168 1887 1224 1933 et
1247 1880 1531 1934 sceleratis
1557 1880 1856 1951 rapiuntur

240 1968 319 2022 ad
339 1969 639 2033 excidium,
690 1969 910 2040 parvuli
955 1970 1283 2034 alliduntur,
1313 1971 1549 2040 juvenes
1588 1970 1854 2024 servitute

241 2065 611 2125 coronantur,
636 2064 693 2112 et
714 2060 887 2113 fortes
900 2060 1046 2114 ﬁunt
1068 2059 1298 2113 invalidi
1322 2078 1333 2112 :
1359 2066 1417 2114 et
1435 2061 1581 2131 quod
1599 2063 1850 2115 omnium

240 2147 537 2217 signorum
568 2148 753 2218 majus
779 2153 881 2214 est,
919 2148 1052 2203 Sion
1099 2148 1221 2218 ipsa
1279 2149 1411 2219 quia
1438 2150 1508 2203 de
1534 2149 1717 2219 gloria
1749 2166 1853 2204 sua

244 2236 479 2307 repulsa
515 2240 618 2302 est,
664 2235 911 2290 traditur
973 2237 1031 2290 in
1080 2236 1338 2291 manibus
1390 2238 1711 2309 impiorum,
1755 2239 1851 2309 qui

242 2342 375 2380 eam
393 2342 617 2397 semper
636 2331 693 2380 et
711 2327 889 2380 Deum
906 2326 1164 2381 oderunt.
1183 2327 1292 2381 Pro
1332 2327 1534 2398 quibus
1558 2333 1616 2382 et
1650 2329 1851 2399 hujus-

239 2414 469 2469 cemodi
486 2414 692 2469 talibus
712 2415 939 2470 videant
961 2415 1164 2486 quibus
1179 2433 1337 2470 mens
1354 2421 1437 2470 est
1451 2418 1520 2470 ad
1552 2417 1853 2471 videndum

237 2504 290 2559 si
325 2504 534 2575 poterit
558 2509 693 2558 tunc
720 2504 924 2559 chorus
945 2505 1039 2559 ille
1070 2510 1374 2576 sanctaque
1392 2506 1585 2560 civitas
1616 2507 1849 2576 ejulare,

239 2592 475 2663 quando
489 2608 601 2647 non
618 2592 805 2647 minus
825 2593 1071 2648 caelestia
1089 2595 1330 2665 populus
1362 2610 1528 2665 quam
1544 2600 1601 2647 et
1626 2599 1852 2649 terrena

242 2680 569 2749 amittebat,
603 2698 873 2753 prospera
925 2688 983 2736 et
1036 2683 1360 2738 deliciarum
1395 2683 1804 2738 oblectamenta
1837 2703 1848 2738 :

246 2770 523 2842 quoniam
552 2770 994 2826 vindemiaverat
1007 2788 1131 2826 eam
1161 2772 1453 2839 Dominus,
1468 2774 1622 2843 justo
1644 2773 1854 2843 judicio

244 2876 377 2925 suo,
401 2859 663 2914 omnibus
677 2859 837 2915 bonis
850 2861 909 2915 in
946 2862 1036 2916 die
1068 2861 1165 2916 irae
1188 2878 1320 2929 suae,
1344 2867 1408 2916 ut
1436 2863 1655 2916 locutus
1684 2868 1772 2917 est
1797 2863 1856 2916 in

240 2948 392 3020 legis
421 2965 536 3003 suae
564 2949 896 3016 maledictis,
928 2956 987 3005 et
1013 2951 1415 3021 prophetarum
1445 2951 1699 3023 eloquiis.
1733 2953 1855 3006 Cae-

1935 1882 2100 1937 nibus
2129 1882 2453 1952 ingemisco,
2485 1883 2598 1936 alia
2627 1899 2749 1953 quae
2780 1899 2881 1953 pro
2900 1883 2987 1935 his
3022 1882 3116 1952 qui
3147 1882 3298 1935 intus
3335 1881 3537 1935 forisve

1936 1976 2069 2026 sunt
2084 1972 2280 2037 tolero,
2297 1972 2406 2025 alia
2426 1988 2556 2025 vero
2580 1988 2703 2041 quae
2717 1972 2850 2041 quia
2883 1971 3128 2035 differor,
3163 1986 3228 2023 ex
3255 1968 3535 2023 desiderio

1937 2062 2205 2115 sustineo.
2228 2061 2335 2115 Pro
2356 2060 2557 2131 quibus
2587 2066 2643 2115 et
2663 2060 2787 2114 aliis
2811 2057 3200 2130 hujuscemodi
3229 2056 3536 2128 dispendiis

1934 2167 2033 2205 vos
2062 2150 2322 2221 imploro,
2344 2149 2545 2220 quibus
2572 2166 2669 2204 cor
2688 2156 2792 2212 est,
2825 2147 3126 2213 attendite;
3161 2146 3289 2200 licet
3306 2147 3379 2199 ad
3414 2148 3537 2199 bra-

1933 2242 2087 2294 vium
2108 2255 2357 2307 supernae
2371 2238 2851 2309 vocationis(Phil.
2897 2240 2981 2304 ιιι)
3010 2252 3106 2289 vos
3134 2235 3354 2289 devotio
3382 2233 3536 2288 inde-

1934 2328 2081 2382 fessa
2111 2327 2313 2399 rapiat.
2348 2327 2569 2396 Videte,
2614 2342 2821 2397 quaeso,
2853 2326 3100 2379 dolorem
3154 2340 3363 2389 meum,
3405 2322 3538 2393 quia

1931 2417 2094 2487 juxta
2106 2416 2389 2487 exemplar
2405 2416 2553 2487 quod
2584 2415 2722 2469 mihi
2747 2420 3037 2469 ostensum
3068 2417 3171 2479 est,
3201 2413 3349 2466 volui
3370 2411 3530 2476 ﬁlios,

1937 2522 2076 2577 quos
2095 2506 2265 2575 genui
2285 2506 2591 2576 producere
2607 2511 2665 2558 et
2694 2503 3097 2575 compaginari,
3119 2502 3217 2555 sed
3246 2501 3354 2572 ipsi
3373 2500 3537 2555 ober-

1935 2599 2146 2661 rantes,
2183 2595 2267 2647 vel
2307 2599 2653 2665 spernentes,
2685 2598 2783 2647 aut
2838 2594 3190 2662 languentes,
3224 2589 3385 2660 pauci
3406 2594 3541 2644 sunt

1936 2683 2031 2753 qui
2054 2682 2358 2753 expediunt
2412 2682 2538 2736 iter.
2572 2683 2681 2736 Pro
2729 2681 2931 2752 quibus
2956 2683 3043 2751 (Η
3090 2681 3214 2734 Cor.
3247 2686 3344 2745 ιιι),
3378 2679 3436 2732 in
3458 2678 3539 2733 di-

1935 2788 2093 2825 versa
2139 2772 2327 2843 rapior
2359 2790 2370 2824 :
2404 2770 2661 2826 inﬁrmor
2690 2787 2817 2826 cum
2846 2769 3281 2835 infirmantibus,
3318 2774 3376 2823 et
3401 2784 3538 2823 uror

1938 2876 2065 2914 cum
2081 2859 2605 2914 scandalizantibus.
2624 2860 2722 2914 Fio
2736 2860 3216 2929 Judaeistanquam
3231 2859 3540 2924 Judaeus,et

1937 2949 2197 3003 omnibus
2223 2950 2413 3003 omnia
2440 2966 2563 3003 sum
2593 2950 2741 3003 facta
2770 2968 2782 3015 ;
2810 2965 2913 3003 nec
2939 2936 3130 3003 tamen
3163 2964 3304 3018 queo
3331 2948 3403 3001 ad
3424 2964 3539 3001 me-

240 3043 440 3093 terum
459 3043 648 3092 nostra
672 3038 826 3105 Sion,
846 3040 1007 3110 cujus
1025 3041 1144 3109 jam
1176 3041 1484 3094 secundum
1523 3042 1853 3112 Apostolum
1938 3038 2079 3093 liora
2091 3039 2380 3093 universos
2392 3038 3116 3110 provehere;idcircolugeo
3133 3037 3534 3101 indesinenter,

240 3130 309 3181 in
346 3129 490 3182 catis
517 3132 593 3181 est
622 3131 959 3182 conversatio
980 3130 1207 3197 (Philip.
1250 3130 1361 3198 ιιι),
1400 3130 1689 3184 videamus
1721 3133 1912 3200 quo-(3
1936 3128 2104 3181 etiam
2135 3145 2229 3182 eos
2252 3129 2347 3199 qui
2378 3133 2823 3200 peccaverunt_et
2850 3144 2962 3182 non
3001 3133 3240 3198 egerunt
3260 3126 3538 3198 poeniten-

242 3215 420 3270 modo
450 3215 520 3269 ab
550 3217 763 3271 excelso
793 3218 914 3271 cceli
943 3217 1147 3271 vertice
1204 3218 1263 3271 in
1318 3219 1486 3272 terris
1541 3219 1726 3290 posita
1753 3235 1855 3273 sua
1936 3217 2096 3272 tiam.
2130 3218 2432 3272 Distendor
2455 3218 2831 3272 sollicitudine
2860 3218 3039 3271 multa
3070 3216 3322 3271 omnium
3352 3216 3542 3271 Eccle-

241 3303 506 3359 membra
526 3305 849 3376 conspiciat,
883 3311 940 3360 et
967 3306 1207 3376 singula,
1243 3323 1365 3377 quae
1385 3307 1644 3373 diximus,
1663 3308 1730 3362 de
1759 3307 1856 3361 illa
1936 3306 2147 3359 siarum
2190 3313 2226 3372 1
2248 3312 2440 3371 340
2465 3307 2586 3371 Dei,
2625 3312 2681 3359 et
2713 3306 2933 3376 gaudeo
2976 3323 3102 3359 cum
3151 3308 3536 3374 gaudentibus,

240 3398 479 3448 terrena
500 3400 702 3448 cuncta
722 3394 780 3449 in
810 3394 970 3449 nobis
1000 3395 1325 3466 adimpleta,
1358 3397 1443 3450 vel
1482 3396 1729 3467 quotidie
1759 3413 1853 3450 ex-
1936 3396 2042 3449 ﬂeo
2065 3395 2233 3449 etiam
2255 3400 2313 3448 et
2341 3412 2467 3448 cum
2485 3398 2744 3465 ﬂentibus
2780 3395 3079 3465 (Romam).
3104 3396 3412 3466 Propterea
3441 3395 3540 3449 ob-

238 3482 460 3553 plenda
489 3482 696 3536 videat.
724 3483 885 3537 Unde
934 3484 1270 3538 vociferatur
1298 3484 1368 3537 ad
1410 3501 1523 3550 eos,
1554 3485 1650 3555 qui
1671 3490 1853 3538 trans-
1938 3485 2394 3548 secro,attcndite
2414 3486 2464 3536 si
2481 3490 2556 3537 est
2593 3486 2749 3537 dolor
2770 3486 3084 3538 sicutdolor
3102 3501 3275 3552 meus,
3298 3485 3539 3539 maxime

238 3574 387 3624 eunt
398 3570 678 3641 perviam,
701 3572 841 3625 ﬂens
859 3577 916 3626 et
934 3573 1155 3642 ejulans
1180 3591 1191 3627 :
1224 3574 1265 3627 0
1294 3589 1383 3626 vos
1409 3589 1593 3626 omnes
1627 3573 1849 3644 (inquit)
1938 3589 2041 3644 pro
2060 3571 2288 3637 talibus,
2307 3571 2440 3642 quia
2469 3572 2758 3626 immorer.
2773 3572 3067 3627 Extendite
3078 3573 3539 3628 oculumadillud

239 3661 351 3728 qui
381 3661 640 3712 transitis
665 3675 765 3729 per
789 3663 958 3714 viam.
980 3661 1051 3714 Et
1065 3661 1161 3731 qui
1188 3665 1321 3715 sunt
1340 3661 1432 3732 qui
1454 3666 1858 3733 transeuntper
1935 3662 2172 3716 extremi
2192 3660 2390 3731 judicii
2440 3666 2683 3732 tempus,
2721 3666 2777 3715 et
2822 3661 3007 3715 videte
3062 3662 3326 3731 quoniam
3359 3662 3419 3715 in
3448 3662 3539 3715 die

239 3746 418 3811 viam,
443 3748 671 3817 velquae
692 3753 779 3802 est
815 3748 900 3802 via
919 3765 1022 3820 per
1043 3766 1210 3820 quam
1238 3754 1555 3815 transeunt,
1586 3749 1695 3803 nisi
1724 3766 1855 3820 pro-
1936 3751 2142 3805 furoris
2171 3750 2258 3804 sui
2290 3750 2526 3804 messuit
2546 3766 2635 3804 me
2659 3749 2931 3805 Dominus
2953 3750 3039 3803 vel
3067 3751 3447 3815 vindemiavit,
3474 3754 3540 3803 ut

238 3835 393 3890 fecto
426 3836 626 3902 sancti,
658 3837 727 3891 de
756 3837 958 3909 quibus
982 3839 1160 3893 David
1183 3838 1349 3903 canit,
1389 3838 1608 3893 dicens:
1644 3840 1850 3893 Euntes
1938 3841 2158 3893 locutus
2188 3844 2292 3904 est,
2358 3839 2503 3910 quod
2551 3838 2816 3893 redderet
2840 3838 3143 3910 unicuique
3165 3839 3328 3909 juxta
3365 3853 3535 3908 opera

240 3927 405 3979 ibant
427 3931 475 3979 et
501 3927 723 3995 ﬂebant,
762 3930 1036 3981 mittentes
1065 3930 1279 3982 semina
1307 3934 1449 3981 sua?
1479 3929 1642 3991 (Psal.
1667 3931 1851 3997 cxxv.)
1938 3945 2037 3983 sua
2064 3947 2076 3995 ;
2111 3933 2169 3981 et
2185 3928 2311 3982 ideo
2342 3928 2629 3998 palearum
2656 3927 3075 3981 multitudinem
3098 3927 3433 3997 etstipulam
3466 3926 3537 3982 si-

240 4014 460 4068 Euntes
490 4029 625 4084 ergo
656 4014 838 4082 electi,
864 4015 1117 4086 quamvis
1139 4016 1333 4070 multis
1366 4016 1657 4071 videantur
1687 4033 1853 4071 oceu-
1936 4016 2055 4071 mul
2084 4033 2208 4071 cum
2241 4016 2390 4071 omni
2422 4016 2662 4076 lolio,vel
2692 4015 2958 4087 quidquid
2976 4015 3536 4086 degeneravitavero

239 4102 370 4174 pari
394 4102 654 4172 negotiis,
688 4105 919 4173 agendae
939 4105 1040 4160 viae
1070 4121 1292 4176 semper
1333 4111 1487 4171 eunt,
1523 4106 1657 4160 dum
1688 4106 1852 4176 quid-
1936 4106 2169 4171 semine,
2201 4106 2434 4159 tradidit
2460 4105 2577 4175 igni
2623 4104 3062 4176 inexstinguibili
3093 4106 3302 4171 (Matth.
3334 4118 3452 4171 xm,
3486 4110 3537 4160 et

240 4191 385 4263 quid
405 4198 585 4261 agunt
609 4191 680 4246 ob
708 4209 957 4247 amorem
990 4194 1254 4260 ccelestis,
1288 4211 1416 4248 cum
1471 4195 1580 4248 ﬁde
1639 4201 1842 4265 agunt.
1934 4194 2276 4260 11:).Nectibi
2298 4193 3100 4259 videatur,lector,absurdum,
3120 4194 3268 4265 quod
3285 4194 3534 4264 praeteri-

240 4279 463 4335 Deinde
489 4296 592 4348 per
608 4273 765 4335 riam
793 4284 970 4347 (Joan.
1005 4286 1136 4353 xxv),
1162 4299 1284 4354 quae
1314 4282 1570 4338 Christus
1613 4290 1645 4348 |
1664 4289 1856 4351 389
1933 4290 2053 4339 tum
2085 4300 2253 4355 super
2278 4283 2532 4337 futurum
2564 4283 2919 4354 interpretati
2947 4296 3143 4338 sumus
3157 4299 3223 4336 ex
3243 4287 3538 4336 consuetu-

241 4374 354 4434 est,
390 4371 513 4441 ejus
541 4376 841 4441 sequentes
869 4371 1124 4442 vestigia,
1157 4389 1338 4443 neque
1376 4390 1410 4426 a
1431 4373 1641 4427 dextris
1671 4390 1915 4473 nejueD
1935 4374 2065 4427 dine
2094 4373 2496 4444 prophetarum
2535 4390 2546 4425 :
2581 4372 2714 4442 quia
2742 4388 2809 4426 ea
2837 4388 2958 4443 quae
2981 4373 3173 4427 futura
3201 4378 3351 4437 sunt,
3385 4371 3536 4471 apud

241 4459 305 4513 in
336 4458 579 4513 sinistris
602 4459 966 4527 declinantes,
995 4460 1185 4514 festini
1215 4461 1443 4515 vadunt.
1491 4463 1577 4516 Ad
1616 4458 1913 4534 pascha-"
1935 4463 2112 4516 Deum
2136 4463 2254 4532 jam
2284 4462 2364 4515 sic
2394 4466 2545 4524 sunt,
2562 4464 2629 4515 ut
2652 4460 2845 4515 futura
2871 4466 3039 4515 sunt:
3071 4465 3129 4515 et
3151 4460 3275 4514 ideo
3305 4460 3363 4513 in
3394 4458 3538 4514 Scri-

242 4548 331 4602 les
356 4564 601 4619 namque
629 4549 809 4603 vocati
830 4550 1020 4621 dapes,
1045 4550 1328 4621 paschalia
1344 4550 1689 4606 celebrantes
1705 4558 1847 4619 vota,
1934 4551 2115 4622 pturis
2133 4550 2335 4604 divinis
2365 4566 2533 4621 quam
2565 4565 2711 4620 saepe
2732 4550 3015 4620 praeterita
3034 4565 3136 4620 pro
3164 4548 3370 4603 futuris
3389 4548 3535 4602 acci-

241 4652 479 4708 agnum,
511 4644 574 4692 ut
606 4639 828 4709 jussum
845 4643 1008 4692 estex
1030 4636 1491 4709 lege(E10d.xn),
1524 4640 1853 4695 festinantes
1937 4640 2184 4711 piantur.
2206 4639 2411 4693 Anima
2430 4633 2560 4692 vero
2583 4639 2873 4693 moraliter
2893 4639 3085 4692 videns
3110 4655 3170 4692 se
3196 4637 3536 4709 praegravari

242 4726 570 4781 comedunt.
620 4727 771 4791 Quos
827 4743 955 4782 eum
990 4728 1190 4798 aspicit
1240 4729 1503 4797 Ecclesia,
1562 4730 1650 4784 via
1699 4730 1855 4799 regia
1936 4728 2105 4793 vitiis,
2126 4743 2229 4781 nec
2251 4734 2435 4780 tamen
2459 4726 2597 4779 adeo
2613 4731 2818 4781 caecata
2838 4726 2924 4780 vel
2943 4725 3216 4797 deposita.
3251 4740 3323 4779 ne
3349 4726 3539 4781 videat

240 4815 572 4888 gradientes
601 4816 671 4870 ad
703 4817 965 4887 patriam,
999 4818 1123 4888 ipsa
1151 4834 1466 4888 praegnans,
1499 4819 1633 4890 quia
1671 4820 1852 4873 nutrit
1932 4816 2071 4870 alios
2114 4815 2446 4870 festinantes
2474 4831 2601 4869 cum
2632 4814 2848 4884 ingenti
2876 4814 3152 4869 desiderio
3190 4814 3425 4870 tendere
3464 4813 3535 4868 ad

242 4904 395 4959 ﬁlios
424 4911 479 4959 et
490 4906 946 4975 generat,multis
967 4906 1277 4978 prtepedita
1296 4908 1655 4979 parvulorum
1680 4909 1847 4972 curis,
1932 4921 2232 4977 supernam
2254 4904 2516 4976 patriam,
2537 4904 2805 4957 virtutum
2834 4902 3153 4974 gressibus:
3186 4910 3243 4958 et
3272 4919 3384 4958 non
3412 4902 3537 4957 dico

240 4993 445 5048 dolens
468 4994 676 5048 clamat
723 5011 788 5049 ac
837 5012 1068 5066 gemens
1103 5014 1113 5049 :
1152 4996 1192 5050 0
1247 5012 1336 5050 vos
1393 5013 1594 5063 omnes,
1638 5013 1749 5051 non
1789 5003 1854 5051 ut
1933 4994 2166 5048 tendere
2186 4992 2742 5057 veltransire,verum
2757 4992 3297 5046 etiamevolarecum
3314 5006 3537 5045 summa

240 5099 347 5138 eos
373 5084 624 5138 retardet
650 5101 684 5138 a
706 5084 814 5151 via,
839 5084 937 5139 sed
965 5090 1030 5139 ut
1051 5085 1250 5139 invitet
1269 5085 1340 5139 ad
1363 5085 1653 5140 charitatis
1683 5086 1849 5153 dona,
1934 5080 2449 5152 celeritate,quibus
2465 5085 2598 5134 sunt
2616 5096 2812 5151 pennae
2832 5096 2897 5133 ac
2913 5079 2960 5133 si
2979 5079 3248 5134 columbae
3259 5079 3535 5146 deargen—

238 5173 534 5240 attendite,
584 5172 787 5243 inquit,
833 5179 1043 5237 mente,
1096 5179 1142 5227 et
1197 5177 1368 5229 videte
1414 5175 1728 5229 dilectionis
1764 5176 1851 5229 in-
1933 5177 2084 5231 tatze.
2128 5170 2546 5241 posterioraque
2598 5168 2750 5222 dorsi
2796 5185 2991 5223 earum
3043 5169 3104 5223 in
3154 5167 3365 5238 pallore
3405 5164 3534 5220 auri

238 5259 396 5316 tuitu
420 5264 471 5315 si
497 5267 570 5315 est
601 5264 757 5316 dolor
778 5266 919 5316 sicut
966 5265 1123 5317 dolor
1168 5279 1338 5319 meus.
1372 5263 1517 5328 Quia
1540 5264 1849 5318 secundum
1936 5263 2098 5331 (Psat.
2117 5262 2304 5325 LXVII).
2330 5258 2481 5323 Quos
2505 5274 2636 5312 cum
2659 5257 2866 5313 viderit
2893 5258 3035 5312 bene
3060 5273 3162 5328 per
3180 5255 3325 5308 viam
3356 5253 3530 5309 virtu-

238 5350 589 5405 sententiam
614 5349 1005 5422 Redemptoris
1037 5351 1213 5406 nostri
1266 5352 1324 5406 in
1370 5352 1688 5423 Evangelio,
1723 5370 1851 5407 mu-
1932 5355 2053 5404 tum
2079 5348 2356 5414 incedere,
2385 5348 2499 5401 imo
2529 5347 2749 5401 evolare
2777 5348 2966 5401 anima
2992 5344 3271 5417 quaelibet,
3297 5348 3363 5398 ut
3389 5343 3534 5398 dixi-

242 5441 355 5493 lier
385 5454 511 5493 cum
538 5444 713 5508 parit,
750 5443 1036 5495 tristitiam
1065 5442 1221 5495 habet
1256 5444 1436 5510 (Joan.
1471 5446 1607 5511 XVI).
1634 5442 1703 5496 Et
1728 5442 1848 5496 haec
1934 5458 2080 5508 mus,
2108 5441 2441 5495 delictorum
2499 5456 2767 5512 oppressa
2822 5439 3006 5500 malis,
3043 5437 3178 5509 quid
3228 5442 3395 5509 putas
3418 5437 3536 5490 lan-

240 5543 455 5599 sponsa
481 5527 692 5583 Christi
717 5528 891 5600 virgo,
921 5530 1055 5601 quia
1085 5529 1237 5601 parit
1286 5536 1344 5585 et
1378 5535 1633 5601 generat,
1674 5531 1855 5586 nutrit
1932 5547 2112 5602 guens
2140 5530 2324 5585 dicat?
2353 5530 2513 5595 Quod
2538 5529 2586 5584 si
2615 5528 2760 5584 oculi
2785 5533 2919 5583 sunt
2939 5532 3003 5581 ut
3031 5526 3235 5594 videat,
3269 5532 3327 5581 et
3356 5541 3453 5580 cor
3470 5529 3534 5579 ut

242 5623 306 5674 et
328 5618 525 5689 lactat,
556 5618 809 5675 omnium
859 5623 1116 5677 nostrum
1165 5624 1347 5678 mater
1382 5620 1441 5676 in
1467 5620 1699 5679 tristitia
1726 5637 1854 5678 con-
1935 5619 2233 5693 intelligat,
2254 5635 2442 5677 nonne
2469 5634 2597 5675 mox
2618 5632 2871 5690 gemens,
2888 5616 3019 5673 licet
3044 5616 3212 5673 malis
3229 5616 3534 5688 depravata
