3960 6168
472 299 611 358 1087

1234 300 1292 355 S.
1334 297 1711 354 PASCHASII
1752 297 2113 354 RADBERTI
2152 298 2458 355 ABBATIS
2496 297 2985 355 CORBEIENSIS.

3557 299 3673 359 1088

474 426 747 493 moribus,
780 442 906 481 cum
928 424 1144 497 ingenti
1168 440 1406 479 moerere
1423 424 1551 493 jure
1579 422 1803 486 clamat,
1827 421 2015 478 dicens
2048 442 2059 477 :
2083 426 2270 484 Atera
2289 424 2645 495 designatur;
2674 425 2818 479 Mem
2836 440 3078 495 namque
3097 427 3303 493 exipsis
3313 426 3677 496 interpretatur.

478 516 520 571 0
534 532 622 570 vos
643 532 826 570 omnes
846 532 943 584 qui
962 517 1215 569 transitis
1224 529 1321 581 per
1331 516 1499 575 viam,
1521 513 1787 565 attendite
1813 517 1861 565 et
1880 514 2068 577 videte,

477 603 681 674 quibus
699 605 857 674 jaceo
899 604 1148 658 sauciata
1201 599 1542 664 vulneribus,
1578 599 1778 671 quibus
1828 600 2076 654 cruciata

481 693 665 758 malis,
701 692 901 763 quibus
923 691 1154 745 astricta
1179 689 1434 755 vinculis,
1487 688 1802 760 quibusque
1844 694 2075 743 onerata

479 782 820 852 ﬂagitiorum
875 778 1233 851 ponderibus,
1292 777 1381 832 vel
1436 777 1637 848 quibus
1691 777 1984 832 debilitata
2019 783 2077 832 et

478 869 703 924 illecta?
733 871 853 923 Ruo
868 867 1117 938 quotidie
1132 865 1502 937 passionibus,
1518 865 1779 936 quoniam
1792 868 1945 936 justo
1974 880 2076 919 suo

473 958 705 1029 judicio,
743 956 919 1028 culpis
963 955 1356 1026 ingruentibus
1403 955 1562 1021 meis,
1595 956 1955 1009 vindemiavit
1997 971 2078 1007 me

477 1048 748 1101 Dominus
768 1052 828 1099 ut
845 1048 1055 1100 loeutus
1066 1051 1160 1112 est,
1186 1045 1408 1116 quando
1424 1045 1541 1114 jam
1562 1061 1661 1115 pro
1682 1060 1846 1115 poena
1864 1043 2078 1115 peccati

480 1151 595 1190 non
624 1136 803 1189 solum
836 1134 999 1189 amisi
1025 1134 1172 1188 bona
1216 1134 1488 1188 virtutum
1518 1133 1725 1206 omnia,
1758 1132 1960 1204 quibus
1988 1148 2078 1186 me

484 1224 845 1279 decoraverat
870 1240 1129 1295 sponsus,
1146 1240 1340 1278 verum
1367 1228 1675 1277 retrorsum
1705 1222 1817 1276 abii
1838 1227 1893 1277 et
1913 1221 2081 1275 infer-

482 1313 562 1380 ni,
595 1313 665 1367 de
693 1330 916 1368 summo
941 1314 1062 1367 caeli
1092 1313 1314 1378 vertice,
1339 1312 1476 1383 petii
1501 1312 1859 1383 profundum.
1890 1309 2083 1366 Tradi-

483 1401 568 1456 dit
593 1418 684 1456 me
714 1402 939 1473 quidem
963 1402 1021 1456 in
1047 1401 1138 1455 die
1165 1401 1372 1455 furoris
1393 1401 1501 1466 sui,
1534 1400 1676 1454 meis
1720 1400 2081 1454 exacerbatus

482 1492 668 1557 malis,
701 1491 757 1544 in
779 1490 1076 1562 reprobum
1094 1506 1341 1555 sensum,
1371 1494 1432 1544 ut
1463 1490 1702 1544 facerem
1732 1506 1798 1543 ea
1827 1506 1950 1560 qua
1968 1504 2082 1543 non

485 1580 822 1633 conveniunt
875 1582 1042 1647 (Rom.
1065 1584 1127 1647 Ι).
1164 1578 1236 1632 Et
1264 1579 1390 1633 ideo
1413 1578 1588 1633 tantis
1614 1578 1866 1633 involuta
1892 1577 2084 1631 crimi-

2156 516 2231 569 Ex
2261 514 2395 585 ipsis
2415 530 2547 585 ergo
2581 513 2821 584 Spiritus
2855 514 3032 567 sancti
3062 513 3244 579 donis,
3277 530 3392 584 qua
3417 531 3505 585 per
3527 513 3679 584 ignem

2156 608 2287 656 sunt
2309 603 2498 668 missa,
2513 602 2721 656 Christi
2741 602 2985 656 Ecclesia
3004 602 3061 655 in
3083 601 3300 656 ossibus
3326 601 3682 671 gratulabunda

2152 691 2348 761 gemit,
2376 690 2523 760 quod
2540 690 2810 744 erudierit
2829 706 2950 743 eam
2981 690 3049 743 ad
3090 690 3395 744 doctrinam
3420 691 3543 745 casti
3566 708 3687 745 amo-

2155 780 2235 833 ris
2264 785 2321 834 et
2357 796 2424 833 ex
2450 779 2586 850 ipsis
2614 779 2972 833 confunditur
3002 785 3059 833 et
3082 779 3359 834 erubescit
3382 779 3627 833 erroribus
3644 784 3689 834 et

2158 869 2306 923 vitiis
2335 868 2537 940 quibus
2568 869 2714 922 male
2734 868 3075 923 deservierat
3117 869 3294 939 prius.
3327 869 3595 937 Expandit,
3620 867 3691 922 in-

2160 959 2302 1028 quit,
2340 964 2449 1012 rete
2472 959 2700 1027 pedibus
2730 961 2884 1019 meis,
2913 962 2962 1011 et
2989 959 3257 1011 convertit
3300 973 3381 1010 me
3415 962 3689 1010 retrorsum.

2158 1047 2441 1103 Nimirum
2462 1052 2581 1100 rete
2600 1051 2805 1101 sanctae
2832 1045 3247 1117 praedicationis
3270 1044 3517 1116 expandit
3544 1061 3692 1099 coram

2161 1136 2396 1209 pedibus
2450 1136 2756 1189 electorum
2813 1135 2935 1199 Dei,
2976 1151 3048 1189 ne
3109 1134 3263 1189 irent
3310 1140 3433 1205 post
3470 1134 3695 1188 vanitates

2169 1235 2212 1294 ι
2227 1232 2414 1293 θιιπ
2434 1241 2690 1280 errorum
2711 1230 2768 1279 et
2782 1223 3261 1295 concupiscentias
3282 1223 3402 1278 vitae
3420 1223 3497 1292 (II
3507 1224 3696 1291 Petra),

2163 1316 2352 1389 sicque
2372 1314 2646 1369 convertit
2667 1330 2762 1367 eos
2791 1318 2856 1367 ut
2881 1314 3029 1367 irent
3039 1318 3170 1383 post
3195 1329 3257 1367 se
3267 1311 3699 1374 retrorsum.Quod

2163 1421 2298 1459 sane
2358 1409 2477 1458 rete
2529 1402 2795 1474 apostolis
2838 1402 3118 1456 commisit
3167 1401 3473 1473 expandere
3500 1399 3698 1469 (Luc.v),

2163 1495 2248 1548 vel
2278 1492 2597 1564 apostolicis
2624 1492 2778 1558 viris,
2811 1508 2924 1546 non
2940 1492 3121 1545 solum
3142 1497 3209 1545 ut
3256 1507 3378 1544 eam
3404 1506 3517 1561 quas
3540 1489 3700 1559 plorat,

2165 1583 2481 1638 retraheret
2506 1582 2575 1635 ad
2606 1580 2753 1634 viam
2783 1580 3052 1644 veritatis,
3078 1596 3278 1634 verum
3303 1584 3367 1633 ut
3390 1577 3644 1632 irretirent
3662 1580 3705 1630 et

485 1668 670 1733 nibUS.
702 1685 800 1722 VOS
828 1685 1022 1723 omnes
1051 1669 1147 1740 qui
1167 1674 1496 1740 pmsentem
1514 1667 1873 1723 contemnitis
1886 1667 2078 1732 Vitam,
2164 1672 2527 1744 captivarent,
2547 1686 2611 1724 ac
2628 1674 3091 1723 converterentur
3109 1667 3569 1724 retrorsum.Hinc
3593 1681 3705 1720 unus

485 1774 590 1812 nec
616 1758 740 1812 ﬁxis
768 1759 827 1812 in
851 1775 976 1813 eam
1006 1757 1312 1829 gressibus,
1338 1774 1439 1812 nec
1466 1758 1623 1828 quasi
1658 1758 1804 1811 viam
1835 1773 1958 1811 eam
1992 1744 2146 1810 as-B
2165 1763 2492 1825 electorum,
2516 1759 2597 1815 Ab
2614 1760 2788 1825 omni,
2812 1757 3015 1828 inquit,
3048 1761 3143 1811 via
3162 1762 3317 1811 mala
3330 1757 3572 1827 prohibui
3586 1755 3705 1823 pedes

487 1847 689 1918 picitis,
711 1847 808 1919 qui
836 1847 992 1901 vobis
1018 1848 1185 1914 viam,
1219 1864 1341 1918 qua:
1361 1847 1619 1901 Christus
1635 1852 1722 1901 est
1750 1849 1927 1915 (Joan.
1951 1848 2080 1915 xxv),

488 1937 755 2008 elegistis,
812 1954 1019 2008 queso,
1051 1940 1150 2006 qui
1198 1939 1473 2002 tramitis,
1506 1936 1879 2004 considerate,
1911 1939 1960 1989 si
2010 1939 2083 1989 est

487 2028 644 2080 dolor
667 2029 808 2080 sicut
839 2028 996 2080 dolor
1025 2042 1195 2091 meus,
1220 2042 1342 2096 quae
1362 2025 1610 2079 cmlestia
1636 2030 1693 2079 et
1719 2024 2080 2095 sempiterna,

486 2116 674 2170 illecta
702 2114 1074 2179 malis,amisi,
1108 2119 1164 2169 et
1192 2119 1309 2168 tam
1340 2114 1464 2168 dira
1492 2114 1768 2185 supplicia
1791 2114 1849 2167 in
1879 2114 1970 2167 die
1988 2114 2085 2167 ira:

486 2204 883 2259 thesaurizavi.
923 2204 1082 2268 Quod
1138 2204 1184 2257 si
1250 2208 1480 2269 [34]
1541 2204 1723 2257 adhuc
1773 2202 1986 2273 aliquid
2029 2201 2086 2254 in

488 2296 649 2345 utero
679 2291 901 2358 mentis,
937 2292 1093 2361 quasi
1128 2307 1420 2362 praegnans
1451 2289 1655 2344 habere
1695 2290 1876 2343 videor
1908 2289 2085 2343 virtu-

491 2384 631 2445 tum,
661 2385 717 2434 et
747 2380 996 2434 enutrire
1024 2380 1188 2450 cupio
1208 2380 1603 2444 affectus,mox
1632 2377 1800 2431 audio
1819 2393 2088 2448 sponsum

489 2467 827 2522 clamantem
847 2487 858 2521 :
898 2470 972 2522 Vae
987 2472 1303 2537 prwgnanti
1308 2470 1404 2522 bus
1419 2472 1467 2521 et
1484 2467 1860 2520 nutrientibus
1872 2466 2085 2535 (Matth.

491 2561 658 2623 XXZV‘,
690 2574 754 2611 eo
785 2557 931 2629 quod
963 2557 1199 2612 necdum
1253 2557 1394 2610 meis
1426 2560 1772 2627 praegravata
1799 2554 2088 2609 fmtoribus

490 2662 603 2701 non
633 2647 756 2701 dico
785 2647 1022 2712 evolare,
1056 2663 1248 2701 verum
1278 2663 1380 2701 nec
1416 2646 1675 2701 incedere
1723 2645 1878 2699 valeo
1903 2643 2088 2698 vobis-

489 2752 637 2792 cum.
672 2737 831 2792 Unde
859 2736 1116 2807 sequitur
1142 2755 1153 2790 :

1220 2895 1354 2935 ΜΕΜ.

569 3007 636 3058 De
657 3008 853 3058 excelso
870 3007 1022 3059 misit
1045 3007 1227 3071 ignem
1249 3006 1312 3055 in
1358 3002 1564 3055 ossibus
1593 3003 1751 3064 meis,
1774 3005 1820 3053 et
1852 3000 2090 3053 erudivit

2165 1868 2306 1905 meos
2356 1852 2531 1915 (Psal.
2571 1850 2787 1915 cxvm).
2848 1847 2958 1901 Sed
2998 1847 3283 1917 quomodo
3344 1845 3573 1917 posuerit
3612 1858 3707 1897 eam

2165 1938 2496 2004 desolatam,
2527 1936 2701 1991 tantis
2729 1935 2967 1989 ditatam
2991 1933 3345 2000 muneribus,
3368 1932 3471 1987 nisi
3494 1930 3619 2002 quod
3633 1930 3710 1983 im-

2168 2027 2594 2101 praesentiarum
2619 2024 2779 2095 quasi
2808 2023 3061 2078 desolata
3085 2023 3310 2077 videtur
3337 2020 3576 2085 Ecclesia,
3615 2034 3708 2089 qua

2168 2135 2279 2172 non
2320 2115 2621 2188 prmsentia
2669 2114 2818 2167 bona
2857 2112 3118 2183 requirit,
3150 2112 3251 2166 sed
3308 2110 3534 2166 aeterna?
3562 2107 3709 2163 Posita

2167 2223 2412 2277 namque
2440 2209 2525 2259 est
2553 2202 2804 2257 desolata
2840 2218 2906 2256 ex
2934 2201 3022 2256 his
3051 2199 3318 2256 omnibus
3346 2216 3465 2271 qua:
3490 2198 3623 2270 prius
3643 2211 3710 2250 se-

2168 2294 2445 2360 ctabatur,
2468 2298 2590 2348 tota
2618 2292 2707 2346 die
2737 2307 2976 2345 moerere
2997 2291 3256 2345 confecta
3277 2288 3480 2349 doloris
3504 2292 3555 2341 et
3593 2299 3712 2339 amo-

2170 2387 2266 2440 ris.
2301 2386 2378 2439 Ex
2407 2400 2517 2455 quo
2539 2399 2712 2453 supra
2739 2380 2912 2436 etiam
2953 2380 3024 2434 ad
3075 2397 3178 2435 eos
3210 2378 3308 2451 qui
3334 2378 3619 2440 transeunt,
3641 2374 3715 2427 im-

2172 2491 2395 2530 mensas
2422 2474 2793 2544 lacrymarum
2827 2486 3058 2524 suarum
3099 2468 3365 2523 immittit
3387 2482 3552 2520 voces.
3589 2464 3623 2518 0
3651 2476 3715 2514 tu:

2169 2580 2251 2618 om
2262 2580 2372 2627 nes,
2403 2567 2461 2615 et
2478 2566 2681 2615 caetera
2708 2577 2830 2631 quae
2858 2563 3195 2630 sequuntur.
3225 2558 3399 2612 Porro
3426 2553 3597 2609 anima
3618 2564 3716 2622 pec-

2172 2650 2310 2707 catis
2330 2649 2568 2705 obnoxia
2598 2649 2731 2703 dum
2760 2664 2862 2720 pro
2891 2647 3009 2703 suis
3036 2643 3431 2719 iniquitatibus
3453 2659 3486 2697 a
3527 2638 3716 2695 Domino

2174 2755 2574 2810 nonnunquam
2597 2738 2916 2809 corripitur,
2966 2736 3038 2791 ad
3093 2751 3157 2790 se
3211 2736 3482 2790 introrsus
3518 2727 3715 2791 rediens,

2172 2830 2308 2884 dum
2339 2827 2549 2883 salubri
2569 2828 2760 2882 dolore
2786 2825 3208 2898 compungitur,
3261 2822 3419 2896 quasi
3462 2820 3526 2875 de
3549 2816 3718 2873 excelso

2173 2919 2232 2972 in
2250 2918 2370 2972 suis
2413 2916 2650 2982 ossibus,
2679 2931 2742 2969 ac
2788 2914 2835 2969 si
2892 2913 3276 2969 medullarum
3324 2904 3718 2982 cogitationibus,

2174 3008 2362 3078 ignem
2392 3005 2608 3060 venisse
2638 3021 2751 3058 non
2771 3003 3083 3069 dubitatur,
3120 3020 3227 3074 pro
3256 3018 3366 3073 quo
3393 2997 3631 3054 divinitus
3652 2997 3719 3046 at-

496 3110 605 3147 me.
623 3094 900 3161 Expandit
932 3097 1043 3145 rete
1072 3092 1297 3159 pedibus
1316 3094 1469 3155 meis,
1493 3091 1757 3143 convertit
1784 3104 1868 3141 me
1890 3092 2151 3158 retror-C
2173 3101 2324 3151 tacta
2352 3095 2679 3165 castigatur,
2713 3098 2770 3148 et
2811 3092 3067 3147 eruditur
3114 3089 3422 3163 disciplinis
3441 3084 3642 3142 divinis.
3669 3080 3721 3135 Et

496 3183 834 3236 sum.Posuit
850 3197 934 3233 me
945 3181 1261 3244 desolatam,
1280 3184 1388 3233 tota
1412 3181 1498 3231 die
1518 3194 1744 3232 maerore
1769 3179 2088 3245 confectam.

498 3270 644 3340 Ergo
664 3268 734 3323 de
758 3268 895 3322 caelo
927 3267 1144 3322 misisse
1170 3267 1357 3337 ignem
1389 3267 1443 3320 in
1493 3266 1711 3321 ossibus
1753 3266 2087 3331 Jerusalem,

495 3374 798 3430 supernam
828 3357 1129 3411 vindictam
1157 3356 1425 3421 insinuat,
1444 3361 1502 3410 et
1516 3356 1608 3410 ille
1630 3355 1771 3409 forte
1784 3355 1930 3424 ignis
1957 3371 2090 3408 con-

496 3452 611 3502 stat
637 3448 861 3508 missus,
896 3446 966 3500 de
995 3463 1106 3516 quo
1160 3446 1218 3500 in
1274 3445 1379 3499 Job
1410 3453 1545 3514 (cap.
1580 3450 1619 3498 Ιῖ
1652 3445 1909 3515 legimus,
1944 3443 2092 3514 quod

496 3542 677 3593 tactas
701 3553 830 3591 oves
859 3535 1006 3607 ignis
1035 3536 1157 3603 Dei,
1193 3534 1287 3606 qui
1341 3534 1410 3589 de
1448 3535 1586 3588 cmlo
1615 3534 1919 3598 descendit,
1954 3550 2092 3604 pue-

497 3642 701 3698 rosque
738 3625 1101 3697 consumpsit,
1135 3624 1407 3679 aethereus
1445 3623 1738 3677 insinuans
1768 3627 2088 3694 potestates,

497 3714 700 3788 quibus
730 3713 1015 3770 cruciandi
1041 3730 1136 3768 eos
1162 3730 1340 3785 usque
1370 3712 1535 3767 hodie
1552 3717 1798 3783 potestas
1819 3712 2003 3765 datur.
2029 3711 2098 3764 Et

495 3804 637 3859 bene
665 3804 725 3858 in
754 3803 973 3858 ossibus
993 3802 1140 3872 ignis
1171 3803 1375 3857 missus
1420 3801 1644 3867 dicitur,
1677 3805 1743 3854 ut
1770 3799 1959 3854 omnia
1995 3800 2095 3853 Ju-

498 3893 745 3949 dmorum
776 3907 1121 3964 quaecunque
1144 3886 1312 3945 fortia
1341 3907 1461 3945 esse
1491 3888 1842 3952 videbantur,
1859 3887 2096 3942 interius

498 3980 854 4051 exteriusque
888 3995 1163 4051 possessa,
1203 3979 1440 4049 ﬂagellis
1468 3978 1847 4043 erudirentur,
1879 3976 1973 4046 qui
2003 3976 2098 4047 pia

499 4070 601 4124 Dei
620 4070 837 4124 monita
862 4068 1018 4139 prius
1046 4068 1352 4123 noluerunt
1401 4068 1596 4122 audire
1626 4067 1815 4137 sicque
1844 4065 2096 4120 addisce-

2175 3186 2306 3256 quia
2325 3184 2497 3239 sentit
2515 3184 2660 3236 retia
2674 3181 3056 3236 doctrinarum
3087 3180 3193 3234 Dei
3213 3195 3402 3234 coram
3419 3174 3629 3248 pedibus
3649 3183 3722 3224 ex-

2174 3291 2367 3346 pansa,
2400 3273 2553 3327 vadit
2598 3276 2909 3326 retrorsum
2951 3268 3289 3323 abstinendo
3320 3283 3378 3321 se
3426 3264 3491 3319 ab
3515 3258 3719 3346 illicitis;

2173 3344 2367 3418 luxum
2393 3363 2745 3432 voluptatum
2764 3359 3086 3431 pristinum,
3119 3363 3177 3412 et
3214 3350 3657 3426 concupiscentiam
3679 3344 3722 3399 in

2173 3454 2451 3524 lacrymas
2479 3450 2770 3513 convertit,
2805 3453 2862 3503 et
2886 3453 3045 3501 tanto
3091 3446 3297 3501 fortius
3347 3435 3722 3508 constringendo

2175 3541 2534 3611 semetipsum
2557 3537 2776 3609 plangit
2796 3552 3035 3591 maerore
3060 3535 3253 3591 luctus
3281 3533 3538 3595 confecta,
3565 3525 3723 3582 nolens

2175 3629 2327 3684 illam
2348 3627 2634 3697 praesentis
2653 3626 2777 3680 vitae
2795 3625 3018 3679 noxiam
3035 3624 3291 3695 recipere
3320 3616 3721 3676 consolationem,

2178 3722 2388 3789 quanto
2414 3716 2704 3771 scelestius
2732 3713 2994 3787 pervaria
3017 3712 3302 3768 desideria
3330 3726 3390 3766 se
3412 3705 3604 3764 diutius
3627 3714 3725 3755 con-

2179 3807 2390 3861 siderat
2409 3804 2721 3860 oberrasse.

2897 3961 3026 4001 NUN.

2262 4076 2350 4141 Vig
2358 4076 2378 4126 i
2381 4075 2494 4128 lavi
2499 4078 2515 4126 t
2517 4076 2721 4141 jugum
2736 4073 3103 4140 iniquitatum
3120 4084 3375 4123 mearum
3387 4069 3446 4119 in
3460 4076 3613 4117 manu
3622 4058 3722 4125 ejus?

501 4165 646 4225 rent,
676 4160 767 4213 cui
798 4159 1025 4213 omnino
1050 4159 1314 4230 deinceps
1346 4157 1546 4231 subjici
1573 4156 1864 4210 deberent.
1914 4154 2095 4217 Unde,
2180 4163 2477 4215 convoluta;
2505 4165 2657 4223 sunt,
2692 4160 2956 4226 intposfla:
2983 4158 3118 4211 collo
3150 4172 3287 4211 meo.
3325 4152 3558 4224 Vigilare
3583 4142 3723 4231 igitur

499 4246 702 4318 inquit,
733 4252 781 4300 et
807 4250 1046 4301 erudivit
1072 4265 1174 4304 me.
1205 4226 1483 4316 Eapandit
1509 4251 1697 4300 autem
1741 4249 1853 4297 rete
1874 4244 2097 4311 pedibus
2175 4248 2748 4320 juguminiquitatum
2760 4262 2991 4301 suarum
3007 4244 3331 4316 deploratin
3346 4256 3507 4296 manu
3523 4226 3720 4320 Domini,

501 4339 653 4401 meis,
684 4336 815 4407 quia
842 4353 937 4391 eos
993 4341 1120 4407 post
1164 4336 1479 4406 voluptates
1531 4340 1589 4388 et
1616 4332 1891 4388 desideria
1916 4330 2099 4386 cordis
2179 4318 2312 4409 quia
2338 4318 2561 4407 tempus
2590 4337 2776 4390 dilatae
2812 4335 3068 4389 vindicta
3097 4335 3327 4389 tandem
3370 4331 3426 4384 in
3461 4340 3572 4381 eam
3596 4318 3723 4375 adve-

501 4441 698 4480 eorum
729 4442 995 4497 prospere
1050 4440 1227 4494 usque
1269 4423 1341 4477 ad
1371 4425 1539 4476 ﬁnem
1569 4423 1651 4475 ire
1680 4438 1792 4475 non
1822 4420 2094 4492 permisit,
2115 4414 2163 4471 Ι)
2182 4428 2285 4481 nit,
2317 4427 2460 4498 Ergo
2485 4426 2643 4496 quasi
2671 4425 2937 4491 dormire,
2984 4425 3188 4494 jugum
3238 4415 3540 4491 iniquitatis
3565 4419 3721 4465 eorum

501 4515 598 4570 sed
628 4516 901 4571 convertit
930 4530 1025 4569 eos
1047 4519 1375 4578 retrorsum,
1408 4516 1473 4565 ut
1517 4511 1738 4565 dolores
1785 4515 1842 4565 et
1869 4508 2097 4564 durissi-

502 4620 625 4658 mas
639 4605 915 4659 sentirent
941 4602 1231 4674 angustias
1246 4599 1645 4663 tribulationis,
1662 4615 1762 4670 pro
1783 4599 1899 4653 suis
1930 4598 2099 4669 pessi-

503 4691 611 4745 mis
631 4691 1135 4748 adinventionibus.
1151 4690 1309 4755 Quod
1332 4695 1520 4744 autem
1538 4688 1722 4761 posita
1742 4688 1989 4759 ponitur,
2003 4687 2095 4739 de-

502 4780 700 4840 solata,
732 4786 851 4835 tota
878 4781 969 4835 die
1001 4797 1239 4835 maerore
1266 4779 1533 4845 confecta,
1566 4778 1685 4849 ipse
1726 4777 1872 4831 visus
1902 4775 2101 4846 probat

504 4868 653 4940 quod
676 4872 798 4922 tota
825 4868 934 4931 die,
967 4869 1177 4926 scilicet
1193 4885 1370 4939 usque
1402 4868 1472 4921 ad
1505 4869 1673 4921 ﬁnem
1717 4865 1923 4931 saeculi,
1958 4881 2101 4918 sem-

503 4974 605 5030 per
627 4956 683 5011 in
698 4956 1226 5011 desolationeJudaei
1248 4962 1432 5016 erunt,
1450 4972 1689 5010 mcerore
1711 4954 2099 5025 angustiarum

502 5046 760 5102 confecti.
794 5045 1113 5099 Secundum
1165 5044 1490 5115 allegoriam
1547 5061 1695 5109 vero,
1730 5061 1795 5098 ex
1840 5042 1977 5114 ipsis
2020 5041 2103 5096 illi

503 5134 986 5208 quicrediderunt,
1006 5133 1292 5187 velnostra
1312 5133 1621 5188 Jerusalem
1636 5150 1761 5204 quae
1791 5132 1957 5186 simul
1990 5148 2103 5186 una

503 5226 651 5280 facta
678 5230 765 5280 est
783 5225 852 5279 de
873 5222 1154 5295 gentibus,
1178 5223 1380 5277 merito
1413 5225 1474 5277 de
1498 5225 1720 5287 excelso,
1753 5222 1956 5293 inquit,
2000 5224 2103 5275 mi-

504 5315 574 5368 sit
608 5316 791 5381 ignem
812 5317 874 5367 in
901 5313 1108 5366 ossibus
1138 5314 1290 5377 meis,
1325 5316 1389 5365 ut
1417 5312 1607 5366 omnia
1635 5311 1902 5365 virtutum
1934 5310 2101 5364 fortia

502 5400 905 5457 roborarentur
938 5401 1277 5456 intrinsecus
1304 5400 1362 5455 in
1402 5400 1663 5466 Ecclesia,
1694 5405 1760 5454 ut
1778 5400 2100 5454 erudiretur

504 5490 876 5557 divinitus,ne
888 5492 1039 5546 ultra
1071 5490 1237 5545 idolis
1256 5489 1831 5552 deserviret,etvariis
1862 5488 2098 5543 oblecta-

502 5585 662 5639 retur
675 5580 863 5638 saeculi
889 5579 1301 5637 blandimentis.
1334 5579 1403 5636 Et
1430 5579 1535 5634 hoc
1566 5582 1649 5634 est
1679 5578 1829 5651 quod
1846 5578 1993 5633 Mem
2012 5577 2101 5633 lit-

2176 4515 2299 4582 fuit,
2325 4515 2385 4569 in
2405 4521 2630 4585 torpore
2651 4514 2915 4586 nequitiae
2936 4528 3130 4568 secure
3162 4511 3496 4582 impuneque
3521 4500 3722 4592 quiesce-

2177 4623 2258 4664 re.
2286 4606 2392 4661 Sed
2423 4584 2677 4673 vigilavit
2706 4584 2767 4659 in
2826 4620 3002 4658 manu
3054 4600 3300 4667 Domini,
3327 4600 3486 4669 juxta
3509 4586 3638 4673 quod

2179 4689 2441 4759 idemque
2461 4663 2737 4759 propheta
2747 4686 2985 4740 Domino
2998 4663 3369 4753 interroganti
3386 4663 3722 4762 responditdi-

2180 4793 2311 4831 cens
2334 4754 2525 4844 {Quid
2550 4754 2609 4829 tu
2630 4777 2794 4840 vides,
2826 4777 3067 4831 Jeremia
3089 4778 3113 4825 ?
3143 4774 3211 4827 At
3249 4772 3380 4824 ille:
3411 4767 3529 4833 Ego,

2180 4868 2331 4920 video
2351 4843 2570 4932 virgam
2585 4865 2930 4932 vigilantem.
2956 4860 3060 4916 Cui
3077 4859 3372 4915 Dominus:
3394 4857 3539 4916 Bene,
3555 4843 3719 4932 inquiti

2185 4956 2376 5010 vidisti
2398 4973 2412 5006 :
2444 4956 2580 5023 quia
2609 4954 2848 5020 vigilabo
2877 4957 2924 5005 et
2953 4967 3045 5018 ego
3068 4964 3231 5017 super
3249 4947 3465 5002 verbum
3484 4929 3720 5023 meumttt‘

2183 5044 2390 5111 faciam
2421 5016 2568 5096 ittud
2612 5016 2827 5103 (Jerem.
2869 5040 2933 5108 ι).
2979 5016 3145 5102 Quia,
3169 5033 3430 5090 nimirum
3455 5027 3574 5082 licet
3595 5016 3722 5075 nobis

2182 5131 2536 5203 torpentibus
2555 5135 2783 5201 peccata
2805 5129 3034 5193 lateant,
3056 5125 3506 5196 vigilantsemper
3521 5116 3572 5168 in
3583 5117 3721 5203 tuan}!

2183 5197 2428 5282 Domini,
2460 5197 2595 5273 dum
2624 5236 2728 5273 nos
2757 5218 2827 5272 ad
2878 5216 3176 5271 vindictam
3202 5214 3365 5285 justas
3391 5197 3721 5285 retributionis

2181 5314 2463 5364 accusant.
2479 5308 2639 5364 Unde
2651 5306 2926 5362 Dominus
2938 5304 3075 5360 Cain
3090 5283 3318 5373 neganti
3333 5318 3345 5352 :
3370 5295 3504 5365 Quid
3531 5283 3681 5358 fecisti
3700 5283 3719 5330 7

2182 5397 2534 5468 Ecce,inquit,
2556 5405 2589 5462 |
2608 5401 2900 5462 3431mm
2914 5396 3210 5462 sanguinis
3220 5389 3412 5460 fratris
3428 5384 3506 5438 tui
3516 5373 3720 5469 Abetcta-

2180 5493 2297 5541 mat
2333 5488 2408 5541 ad
2426 5503 2511 5540 me
2529 5488 2594 5540 de
2615 5491 2764 5541 terra
2791 5485 2943 5554 (Gen.
2974 5488 3067 5547 Iv).
3100 5482 3167 5536 Et
3192 5479 3471 5536 convoluta
3495 5469 3625 5529 sunt,
3651 5473 3716 5554 IIl-‘-

2181 5576 2321 5648 quit,
2346 5579 2669 5647 iniquitates
2689 5546 2893 5631 scilicet
2918 5546 3066 5628 tanti
3070 5571 3327 5642 ponderis
3341 5579 3441 5636 quo
3451 5564 3664 5632 Ρνενηοτν
3677 5546 3716 5599 εί
