3960 6168
282 307 427 369 1089
972 308 1351 366 EXPOSITIO
1392 310 1469 364 IN
1508 308 2118 366 LAMENTATIONES
2157 310 2502 367 JEREMI/E.
2550 342 2617 352 —
2656 313 2791 368 LIB.
2836 314 2881 368 Ι.
3415 317 3559 379 1090

281 438 555 508 imposita
584 438 719 491 collo
746 451 877 489 meo.
900 434 1081 498 Quam
1101 432 1262 499 bene,
1286 435 1537 506 inquam,
1551 451 1653 506 pro
1683 445 1880 507 torque
1893 437 1945 496 Α
1963 435 2032 490 de
2047 438 2184 490 caelo
2207 437 2668 502 misit,convertit
2689 456 2814 495 eam
2834 442 2904 495 ad
2930 444 3316 512 paenitentiam
3346 455 3558 507 retror.

281 543 457 581 aurea
513 527 638 594 (lsa.
702 526 808 590 In),
860 524 1111 578 funiculo
1166 524 1500 595 iniquitatis,
1568 526 1880 579 Jerusalem
1962 525 2301 579 sumzitaex
2320 527 3014 601 jugoiniquitatumquod
3044 534 3560 605 vigilavitinmanu

280 615 424 670 collo
454 631 558 669 suo
581 613 980 678 circumdatur,
995 618 1053 667 et
1076 614 1236 683 quasi
1251 614 1388 683 jugo
1409 613 1704 684 premitur,
1724 622 1787 667 ut
1806 614 1880 667 vi-
1962 613 2204 679 Domini,
2238 615 2367 668 licet
2403 616 2472 669 ab
2502 616 2674 671 oculis
2724 618 2843 687 ejus
2891 620 3081 676 ablata
3118 634 3308 683 essent
3346 631 3560 699 judicia

278 720 388 775 gor
413 703 641 757 virtutis
692 702 915 756 deficiat
947 720 960 756 :
1003 702 1133 773 quia
1162 703 1448 756 cumulum
1498 708 1877 773 peccatorum,
1963 704 2095 772 quia
2114 704 2512 759 thesaurizavit
2529 705 2635 760 sibi
2657 708 2807 760 iram
2832 710 2895 761 in
2919 710 3010 763 die
3030 714 3413 785 ir¢c(Rom.n).
3432 721 3562 777 Nun

279 810 454 865 quem
503 792 774 846 diuturno
818 796 1069 863 tempore
1120 791 1288 845 variis
1344 789 1880 861 transgressionibus
1963 793 2111 864 quod
2158 798 2557 862 sempitern-um
2603 804 2785 861 sonat,
2816 796 3068 870 impegit,
3103 809 3166 857 ut
3216 807 3292 859 sit
3341 825 3559 879 sensus,

280 880 651 946 coacervavit,
685 879 1001 951 opprimere
1032 896 1090 934 se
1121 880 1191 933 ad
1222 880 1607 934 suffocandum
1637 885 1695 933 et
1745 896 1880 933 con-
1963 882 2111 952 quod
2134 883 2289 952 justo
2320 883 2419 937 Dei
2442 884 2675 953 judicio,
2723 885 2818 956 qui
2857 889 3023 942 corde
3050 890 3425 963 irnpcenitenti
3456 900 3564 956 sibi

282 971 568 1041 stringere
596 968 934 1039 ingemiscit.
969 969 1129 1023 Unde
1163 969 1435 1039 scriptum
1479 974 1564 1023 est
1593 988 1605 1023 :
1635 971 1880 1023 Funibus
1963 979 2237 1044 aggregat
2256 973 2763 1046 iram,supplicium
2785 981 3213 1051 sempiternum,
3231 986 3301 1042 de
3322 1006 3564 1059 quama-

273 1065 631 1130 peccatorum
643 1075 875 1113 suorum
889 1060 1269 1126 unusquisque
1280 1060 1876 1127 constringz’tur(Prov.
1964 1078 2042 1115 nu
2062 1077 2173 1115 non
2199 1062 2402 1132 poterit
2422 1080 2671 1132 surgere,
2698 1065 2936 1122 incurrit
2959 1088 2970 1122 :
2994 1086 3107 1125 non
3137 1076 3285 1143 quod
3316 1077 3563 1134 Ecclesia

212 1184 215 1187 -
279 1147 357 1219 v).
385 1149 457 1202 Et
480 1147 626 1209 ideo,
648 1150 942 1215 inﬁrmata
965 1152 1040 1201 est
1066 1150 1245 1200 virtus
1269 1147 1609 1211 Judaaorum,
1632 1148 1884 1216 deditque
1964 1149 2221 1220 praescita
2242 1155 2300 1203 et
2328 1150 2720 1219 praedestinata
2746 1153 2833 1207 his
2850 1155 3127 1211 tradenda
3154 1160 3228 1214 sit
3250 1165 3566 1235 suppliciis,

278 1254 366 1292 eos
388 1239 663 1292 Dominus
682 1239 746 1290 in
768 1252 960 1299 manu,
986 1236 1055 1289 de
1084 1252 1215 1306 qua,
1238 1235 1416 1289 donec
1436 1236 1723 1307 plenitudo
1743 1252 1882 1306 gen-
1965 1238 2060 1291 sed
2083 1238 2217 1307 quia
2234 1254 2580 1310 quaecunque
2599 1241 2657 1295 in
2680 1242 2947 1298 membris
2972 1246 3089 1300 suis
3110 1249 3433 1317 acciderint,
3455 1254 3563 1309 sibi

277 1326 426 1380 tium
458 1326 722 1390 introeat,
758 1341 868 1379 non
901 1330 1161 1393 poterunt
1206 1341 1431 1392 surgere
1473 1326 1638 1393 (Rom.
1679 1324 1773 1394 χι).
1812 1325 1881 1378 Et
1961 1328 2212 1398 deputat.
2247 1329 2458 1383 Idcirco
2487 1330 2605 1384 haec
2629 1336 2745 1384 tam
2774 1331 2898 1385 dira
2920 1332 3029 1387 sibi
3054 1337 3322 1393 accidisse
3348 1341 3566 1412 plangit

276 1413 388 1467 hoc
406 1413 538 1467 Nun
565 1412 755 1466 littera
781 1411 1096 1475 denuntiat,
1120 1411 1267 1482 quod
1296 1415 1691 1479 sempiternum
1714 1413 1883 1466 inter-
1961 1422 2018 1470 et
2045 1417 2657 1489 plorat.Tropologicus
2681 1426 2873 1474 autem
2900 1428 3056 1492 patet
3075 1441 3290 1492 sensus,
3311 1430 3459 1499 quod
3474 1411 3565 1501 ju-

276 1507 559 1573 pretatur.
590 1500 1007 1571 Sempiternum
1036 1500 1184 1554 enim
1228 1502 1429 1570 jugum
1461 1517 1653 1554 eorum
1683 1506 1788 1566 est,
1825 1507 1882 1555 et
1959 1522 2094 1575 gum
2124 1506 2440 1576 iniquitatis
2461 1507 2656 1577 vigilat
2681 1508 2737 1562 in
2764 1526 2935 1564 manu
2952 1512 3175 1567 Domini
3199 1516 3421 1585 animae,
3441 1500 3566 1590 qua:

276 1589 586 1644 inﬁrmitas
604 1588 1076 1660 praevaricationis
1102 1594 1271 1659 atque
1287 1588 1578 1659 captivitas
1599 1593 1879 1660 perpetuae
1962 1610 2022 1647 se
2050 1594 2199 1647 vitiis
2229 1600 2286 1648 et
2339 1595 2645 1650 sceleribus
2688 1597 3024 1665 subdiderit,
3062 1601 3171 1655 nisi
3221 1620 3289 1657 ea
3319 1588 3568 1675 quotidie

277 1677 685 1742 damnationis,
701 1676 797 1748 qui
817 1677 938 1732 sine
957 1679 1067 1732 ﬁne
1102 1677 1148 1731 si
1169 1682 1398 1748 possent
1425 1694 1654 1749 peccare
1684 1678 1880 1732 decre-
1898 1742 1942 1759 ἢ
1961 1683 2284 1753 paenitendo
2313 1700 2503 1738 coram
2532 1686 2648 1739 suis
2682 1686 2855 1742 oculis
2909 1691 3181 1759 posuerit.
3217 1692 3361 1747 Hinc
3389 1695 3570 1750 David

277 1767 687 1822 verunt.Porro
697 1767 859 1837 juxta
879 1766 1143 1837 mysticos
1154 1766 1548 1836 allegoriarum
1567 1784 1762 1821 sensus
1779 1784 1880 1837 ge-
1898 1742 1945 1801 Β
1966 1788 2188 1842 quoque
2212 1790 2223 1824 :
2265 1778 2313 1826 et
2356 1779 2637 1842 peccatum
2668 1792 2852 1829 meum
2898 1793 3086 1832 coram
3128 1796 3213 1834 me
3240 1787 3316 1836 est
3359 1800 3569 1853 semper

279 1857 393 1910 mit
416 1856 682 1919 Ecclesia,
697 1855 917 1926 quoties
936 1855 1341 1910 tentationibus
1359 1856 1528 1910 datur
1546 1855 1878 1923 innumeris,
1970 1863 2132 1932 (PsaI.
2159 1863 2229 1931 ι).
2257 1861 2448 1915 Voluit
2492 1862 2718 1932 quidem
2748 1863 2867 1934 ipse
2897 1881 2927 1918 e
2957 1867 3184 1936 regione
3216 1870 3464 1940 vigilare,
3504 1878 3571 1929 ut

278 1945 433 2016 quod
456 1944 707 2015 vigilavit
719 1946 920 2015 jugum
946 1944 1307 2015 iniquitatum
1338 1946 1460 2015 ejus
1488 1945 1548 1999 in
1578 1962 1750 1999 manu
1777 1946 1884 1999 Do-
1965 1964 2032 2002 ea
2076 1948 2297 2003 ﬂetibus
2343 1950 2615 2017 ablueret,
2662 1951 2868 2006 idcirco
2911 1970 3099 2009 coram
3151 1973 3210 2010 se
3240 1974 3307 2011 ea
3347 1977 3569 2032 semper

276 2032 445 2097 mini,
473 2038 531 2087 et
558 2033 684 2087 ideo
725 2033 979 2088 hostibus
1006 2039 1123 2088 tam
1153 2033 1460 2088 visibilibus
1490 2050 1658 2105 quam
1700 2034 1885 2088 invisi-
1966 2038 3253 2113 statuerat,etnevigilaretjuguminiquitatum
3268 2046 3569 2119 ejus,quod

277 2122 492 2178 bilibus
507 2122 808 2192 aftligenda
823 2122 975 2176 intus
994 2122 1196 2177 forisve
1217 2123 1531 2193 subjicitur,
1551 2124 1883 2195 amissisque
1966 2126 2085 2197 ipse
2100 2126 2207 2180 sibi
2228 2128 2367 2181 collo
2410 2128 2774 2199 imposuerat,
2794 2129 2852 2183 in
2882 2146 3052 2185 manu
3078 2133 3322 2203 Domini,
3340 2137 3480 2191 ﬂens
3507 2153 3574 2194 ac

278 2211 588 2267 monilibus
617 2228 741 2282 quae
779 2210 849 2265 ab
882 2228 1088 2282 sponso
1120 2212 1300 2279 (Cant.
1341 2214 1382 2280 ι)
1440 2219 1732 2283 acceperat
1782 2230 1884 2284 pro
1965 2231 2196 2284 gemens
2209 2215 2424 2270 aiebat:
2446 2216 2639 2272 Averte
2667 2221 2865 2286 faciem
2889 2214 3051 2273 tuam’
3067 2238 3101 2275 a
3115 2227 3355 2292 peccatis
3374 2228 3507 2280 meis
3520 2231 3571 2282 et

288 2300 660 2367 ornamentis,
689 2300 869 2371 gemit
882 2317 1052 2372 super
1071 2300 1397 2372 iniquitates
1421 2318 1568 2356 suas.
1589 2302 1745 2356 Unde
1762 2319 1887 2357 con-
1968 2321 2152 2358 omnes
2168 2308 2491 2373 iniquitates
2508 2322 2655 2360 meas
2669 2308 2782 2361 dele
2805 2309 3095 2376 (lbid.).Ac
3105 2311 3153 2364 si
3169 2311 3407 2368 diceret:
3424 2315 3567 2370 Nolo

281 2392 487 2446 voluta:
501 2394 651 2453 sunt,
673 2388 876 2460 inquit,
896 2395 945 2444 et
969 2392 1236 2459 imposita
1255 2393 1390 2444 collo
1407 2408 1540 2445 nico.
1563 2392 1739 2446 Isaias
1768 2391 1887 2462 qui-
1966 2398 2065 2447 tua
2080 2393 2137 2447 in
2159 2410 2330 2448 manu
2346 2394 2594 2464 vigilent,
2612 2396 2708 2449 sed
2722 2396 2985 2452 oblivioni
3003 2415 3069 2453 ea
3089 2401 3301 2469 tradas,
3317 2403 3569 2476 mihique

282 2479 419 2533 dem
450 2480 571 2549 jam
599 2477 734 2532 olim
762 2478 978 2533 dixerat
1007 2479 1156 2549 quod
1186 2478 1390 2533 dixerit
1417 2479 1688 2534 Dominus
1729 2499 1742 2533 :
1780 2483 1885 2534 Pro
1968 2498 2190 2552 semper
2217 2499 2403 2537 coram
2447 2484 2733 2551 assistant,
2770 2491 2833 2540 ut
2877 2488 3189 2557 puniantur
3236 2492 3479 2559 ﬂetibus,
3512 2499 3571 2551 et

280 2584 342 2623 eo
369 2569 516 2636 quod
543 2570 756 2622 elevatae
781 2573 914 2622 sunt
942 2570 1071 2634 filia:
1095 2566 1248 2633 Sion,
1273 2573 1321 2622 et
1347 2571 1775 2623 ambulaverunt
1800 2586 1885 2623 θα·-
1968 2570 2291 2642 pervigilem
2309 2571 2566 2626 reddant.
2586 2573 2691 2627 Sed
2711 2573 2843 2644 quia
2859 2575 3357 2635 miseramterdum
3379 2582 3570 2638 anima

284 2662 434 2711 tento
461 2659 617 2721 collo,
632 2661 683 2709 et
702 2657 941 2711 nubibus
955 2657 1242 2710 oculorum
1264 2659 1419 2710 ibant
1450 2662 1498 2710 et
1521 2658 1876 2724 plaudebant,
1966 2660 2111 2713 male
2127 2676 2323 2714 secura
2336 2661 2504 2730 jacet,
2526 2662 2728 2731 jugum
2751 2663 2899 2733 quod
2922 2664 3028 2719 sibi
3049 2669 3335 2723 contexuit
3354 2670 3568 2742 iniqui-

279 2747 637 2800 ambutantes
665 2750 715 2799 et
738 2746 968 2813 pedibus
994 2747 1111 2798 suis
1139 2747 1427 2813 composito
1454 2748 1637 2813 gradu
1670 2748 1882 2799 meede-
1962 2752 2165 2808 tatum,
2198 2754 2427 2819 propter
2445 2750 2933 2820 impmnitudinem
2964 2754 3147 2809 cordis
3177 2756 3440 2813 oblivioni
3457 2759 3566 2816 sibi

283 2836 423 2888 bant
455 2836 584 2901 (Isa.
607 2834 712 2899 III),
742 2834 891 2905 quod
921 2833 1226 2888 auferenda
1255 2841 1447 2888 essent
1468 2833 1658 2888 omnia
1687 2851 1880 2889 earum
1963 2836 2230 2890 tradidit:
2265 2836 2458 2907 vigilat
2487 2854 2615 2892 vero
2642 2838 2703 2892 in
2734 2856 2903 2894 manu
2923 2842 3166 2910 Domini,
3187 2845 3320 2917 quia
3346 2848 3567 2903 nullum

282 2926 642 2978 ornamenta.
675 2922 829 2976 Inter
866 2938 989 2993 quae
1018 2922 1287 2976 nimirum
1308 2928 1536 2994 torques
1566 2928 1624 2977 et
1653 2924 1884 2978 monilia
1965 2930 2251 2995 peccatum
2268 2925 2513 2980 inultum
2530 2926 2724 2982 abibit.
2748 2928 2909 2983 Unde
2929 2936 2986 2984 et
3005 2933 3327 2988 convolutas
3346 2936 3405 2989 in
3424 2937 3567 2992 collo

282 3010 555 3066 describit
581 3027 764 3065 sermo
782 3010 1158 3080 propheticus,
1184 3028 1307 3082 quae
1335 3011 1525 3065 omnia
1552 3011 1624 3065 ad
1648 3012 1885 3066 virtutes
1967 3014 2111 3083 ejus,
2140 3030 2266 3068 mox
2290 3015 2477 3085 justus
2491 3015 2662 3084 judex
2691 3015 3020 3087 iniquitates
3045 3022 3326 3090 restituet,
3345 3026 3441 3095 qui
3471 3042 3568 3081 eas

284 3105 425 3155 sunt
456 3099 767 3153 referenda.
788 3099 1039 3169 Torques
1068 3115 1290 3170 quoque
1320 3117 1443 3170 qua:
1472 3100 1543 3154 ad
1573 3107 1767 3171 pectus
1788 3117 1883 3156 us-
1902 3101 1945 3161 Ο
1968 3100 2231 3156 oblivioni
2255 3103 2523 3174 posuerit,
2539 3109 2603 3157 ut
2624 3105 2769 3158 ferat
2788 3106 2907 3176 ipse
2935 3124 3058 3178 quae
3085 3108 3189 3163 sibi
3217 3112 3567 3169 thesauriza-

283 3206 401 3261 que
431 3188 757 3260 pendentes,
796 3188 1222 3258 intelligentiam
1250 3205 1315 3243 ac
1342 3188 1648 3260 principale
1680 3190 1885 3245 mentis
1967 3190 2061 3244 vit.
2097 3191 2310 3245 Deinde
2361 3192 2431 3246 ad
2487 3192 2750 3247 ultimum
2780 3195 3024 3250 traditur
3051 3197 3110 3252 in
3147 3216 3339 3270 manu,
3367 3205 3431 3257 de
3460 3221 3572 3273 qua

278 3279 345 3334 in
377 3278 545 3333 corde
594 3277 1002 3343 demonstrant,
1035 3283 1093 3331 et
1122 3278 1355 3331 monilia
1381 3295 1504 3349 quae
1533 3280 1721 3333 omnia
1770 3296 1884 3333 uno
1967 3280 2207 3351 quisque
2236 3281 2409 3334 semel
2447 3280 2735 3351 ingressus
2783 3284 3015 3340 minime
3072 3290 3280 3357 poterit
3307 3308 3567 3361 surgere:

278 3366 834 3423 sermonevirtutum
852 3366 1171 3436 signiﬁcant
1190 3374 1542 3422 ornamenta.
1569 3368 1781 3432 Quibus
1802 3385 1886 3422 er—
1966 3368 2098 3438 quia
2142 3368 2277 3422 dum
2325 3370 2509 3440 potuit
2558 3371 2903 3441 sempiterna
2968 3380 3216 3443 [345
3269 3380 3566 3451 supplicia,

277 3474 361 3529 go
382 3456 624 3521 amissis,
649 3455 1007 3510 ecclesiastici
1029 3456 1129 3509 viri
1158 3457 1473 3527 spoliantur
1487 3456 1694 3511 talibus
1722 3474 1885 3511 orna-
1967 3473 2090 3526 quae
2135 3473 2380 3527 prmsens
2428 3458 2770 3515 elementum
2829 3461 3143 3530 denuntiat,
3202 3467 3384 3523 noluit
3433 3486 3572 3541 prae-

281 3546 526 3602 mentis:
552 3546 687 3616 quia
706 3544 965 3599 muliebri
986 3545 1187 3599 affectu
1208 3545 1500 3599 ambulant
1524 3552 1734 3599 extento
1750 3550 1884 3600 collo
1964 3545 2172 3600 videre.

283 3640 349 3691 et
368 3635 920 3706 nutibusloquuntur
930 3637 1238 3701 oculorum,
1250 3634 1630 3705 plaudentque
1641 3640 1756 3689 tam
1773 3651 1887 3689 ma-

284 3724 462 3780 nibus
485 3740 656 3794 qua'n
676 3728 735 3777 et
757 3722 1009 3794 pedibus,
1028 3728 1085 3777 et
1105 3726 1390 3792 composito
1410 3726 1884 3791 incedantgradu,

284 3813 487 3869 saeculi
514 3817 792 3867 sectantes
818 3811 1076 3881 gloriam,
1105 3816 1163 3865 et
1191 3813 1303 3866 alia
1328 3812 1744 3884 quamplurima
1766 3830 1889 3884 quae

285 3919 469 3973 supra
490 3901 858 3973 praemiserat.
876 3899 992 3955 Nec
1014 3900 1245 3955 dubium
1262 3901 1397 3972 quin
1406 3903 1606 3972 jugum
1628 3901 1891 3973 iniquita-

286 3996 417 4044 tum
441 4006 639 4044 eorum
660 3990 852 4060 vigilet
869 3990 930 4044 in
949 4006 1118 4044 manu
1140 3991 1382 4056 Domini,
1413 4008 1448 4046 a
1476 4009 1585 4062 quo
1608 3992 1737 4062 jure
1766 4008 1890 4062 pre-

285 4083 529 4133 muntur
556 4085 613 4133 et
626 4079 947 4144 trahuntur,
973 4080 1071 4149 qui
1100 4095 1161 4133 se
1186 4079 1360 4135 tantis
1386 4082 1767 4151 exspoliarunt
1783 4081 1889 4134 vir-

283 4172 483 4223 tutum
502 4167 868 4222 ornamentis.
884 4167 1042 4222 Unde
1063 4168 1709 4240 convolutzeiniquitates
1722 4171 1781 4224 in
1805 4170 1889 4224 fu-

2655 3632 2871 3674 SAMECH
2878 3659 2892 3675 ο

2042 3721 2282 3777 Abstulit
2301 3739 2485 3778 omnes
2506 3727 2824 3792 magniﬁcos
2852 3742 2993 3780 meos
3012 3729 3284 3784 Dominus
3304 3733 3371 3786 de
3392 3737 3571 3792 medio

1970 3814 2097 3865 mei.
2132 3813 2343 3866 Vocavit
2361 3813 2656 3866 adversum
2686 3830 2770 3867 me
2791 3819 3023 3882 tempus,
3050 3821 3115 3869 ut
3138 3823 3433 3875 contereret
3464 3827 3572 3878 ele-

1971 3907 2077 3955 ctos
2108 3918 2265 3955 meos.
2292 3902 2409 3957 Nec
2434 3900 2687 3965 dubium,
2714 3901 2850 3973 quin
2876 3902 2993 3957 hinc
3020 3904 3240 3974 plenius
3267 3906 3327 3961 in
3359 3908 3455 3963 illa
3474 3926 3572 3965 ex-

1967 3995 2151 4045 trema
2178 3990 2498 4061 captivitate
2551 3990 2760 4044 Judzeis
2812 3991 3098 4058 accidisse,
3131 3995 3355 4065 quando
3383 3998 3575 4055 nullus

1968 4081 2370 4151 prophetarum
2414 4080 2564 4133 inter
2600 4096 2694 4135 eos
2738 4080 3076 4136 remansisse
3129 4084 3378 4139 creditur
3410 4105 3421 4140 :
3456 4104 3571 4144 non

1968 4169 2245 4235 sacerdos,
2264 4169 2361 4240 qui
2388 4168 2602 4223 hostias
2631 4169 2859 4225 oti‘erret
2891 4188 2902 4223 :
2937 4186 3051 4225 non
3079 4172 3263 4227 scriba
3292 4175 3487 4231 doctus
3512 4178 3573 4233 in

283 4256 481 4311 niculo
510 4256 901 4322 indissolubili,
936 4257 1280 4327 planguntur
1320 4257 1390 4311 ab
1442 4259 1706 4326 Ecclesia,
1739 4262 1888 4330 quod
1972 4258 2112 4329 lege,
2147 4260 2308 4329 cujus
2336 4258 2593 4313 doctrina
2620 4258 2984 4314 erudirentur
3014 4261 3217 4316 :sicuti
3248 4263 3445 4319 Daniel
3471 4266 3575 4322 de-

284 4344 1885 4417 impositmsintcolloejussuisscilicetmembris,1344
1912 4422 1929 4424 _
1970 4348 2171 4418 plorat,
2205 4347 2393 4401 dicens
2430 4367 2441 4401 :
2482 4350 2728 4415 Domine,
2752 4365 2867 4403 non
2895 4354 2987 4416 est,
3012 4350 3213 4421 inquit,
3247 4355 3309 4407 in
3339 4359 3574 4424 tempore

287 4436 441 4490 forte
471 4434 542 4489 ad
572 4434 979 4500 sutfocandum,
1010 4435 1177 4490 sicuti
1205 4436 1407 4490 Judam
1436 4437 1637 4507 laqueo
1664 4454 1725 4491 se
1764 4456 1889 4494 sus-
1909 4422 2067 4490 Dhoc
2094 4439 2369 4505 princeps,
2405 4453 2500 4491 nec
2526 4438 2804 4506 propheta,
2832 4442 2912 4493 vel
2947 4440 3081 4503 dux,
3105 4457 3275 4509 neque
3323 4422 3576 4500 holocau-

288 4523 560 4597 pendisse
585 4523 828 4594 legimus
844 4525 986 4595 (Act.
1003 4525 1161 4590 1),vel
1177 4524 1247 4579 ad
1271 4525 1544 4596 supplicia
1566 4528 1892 4597 pertrahen-
1972 4531 2318 4594 stum,neque
2337 4528 2698 4593 sacri/icium,
2719 4543 2891 4596 neque
2907 4522 3216 4595 incensum,
3242 4546 3410 4600 neque
3427 4537 3575 4590 locus

290 4614 455 4669 dum.
470 4612 631 4668 Unde
646 4612 892 4683 plorans,
908 4614 1203 4681 Inﬁrmata
1223 4620 1316 4680 est,
1331 4614 1532 4685 inquit,
1552 4619 1731 4669 virtus
1748 4634 1887 4684 mea,
1971 4617 2364 4683 primitiarum
2374 4618 2983 4684 coramte,utpossimus
2999 4618 3251 4672 invenire
3262 4623 3578 4678 misericor-

292 4704 448 4757 dedit
475 4717 561 4755 me
588 4702 860 4755 Dominus
890 4704 952 4756 in
981 4717 1159 4756 manu
1188 4704 1251 4755 de
1285 4719 1395 4772 qua
1424 4719 1537 4757 non
1565 4709 1746 4771 potero
1769 4722 1893 4760 sur-

292 4806 441 4860 gere.
473 4791 782 4861 Propterea
809 4789 958 4862 quod
986 4795 1237 4845 extrema
1257 4791 1397 4845 ultio
1426 4791 1687 4846 omnibus
1711 4792 1897 4865 impiis

292 4886 360 4936 et
376 4878 761 4951 peccatoribus
780 4878 839 4933 in
859 4880 969 4935 ﬁne
995 4879 1331 4934 calamitatis
1355 4879 1429 4934 sit
1444 4880 1653 4948 futura,
1678 4898 1780 4937 nec
1799 4883 1898 4937 ali-

292 4969 524 5041 quando
546 4984 581 5023 a
607 4967 947 5023 cruciatibus
971 4969 1046 5023 sit
1066 4969 1431 5047 cessandum,
1450 4986 1516 5026 eo
1538 4971 1684 5041 quod
1715 4972 1772 5026 in
1802 4989 1897 5026 ex-

291 5058 599 5113 terioribus
617 5056 864 5112 tenebris
884 5057 1186 5130 impiorum
1206 5061 1408 5113 vermis
1439 5076 1551 5114 non
1581 5064 1895 5127 moritur,et

289 5151 447 5217 ignis
468 5163 581 5201 non
605 5150 983 5214 exstinguitur
1005 5150 1129 5219 (Isa.
1155 5149 1325 5218 LXVI).
1347 5147 1454 5202 Ubi
1485 5149 1581 5219 qui
1615 5150 1789 5204 semel
1809 5151 1897 5205 in-

290 5235 573 5306 greditur,
588 5236 707 5303 iam
735 5235 973 5290 ulterius
997 5235 1186 5306 egredi
1207 5251 1319 5290 non
1347 5236 1712 5307 permittitur,
1732 5237 1895 5293 sicuti

292 5324 573 5381 Dominus
605 5324 856 5379 insinuat
880 5343 891 5379 :
921 5325 987 5378 Et
1017 5341 1129 5379 non
1152 5328 1297 5379 exies
1326 5327 1474 5393 inde,
1499 5326 1704 5397 inquit,
1728 5329 1896 5383 donec

294 5416 671 5469 novissimum
687 5415 881 5468 reddas
902 5416 1267 5482 quadrantem
1286 5417 1500 5481 (Matth.
1516 5420 1567 5479 ν)
1582 5460 1594 5480 ,
1609 5416 1664 5469 id
1682 5421 1785 5483 est,
1804 5416 1900 5471 do.

293 5518 405 5560 nec
433 5501 632 5558 anima
656 5518 889 5574 quaeque
910 5502 1191 5574 persolvas
1218 5504 1440 5560 delicta.
1468 5506 1612 5560 Nam
1641 5506 1899 5578 superior

298 5591 593 5650 sententia
618 5590 764 5647 sicut
775 5607 842 5648 ex
862 5592 1027 5661 Mem,
1049 5592 1108 5649 id
1128 5598 1214 5650 est
1232 5610 1302 5650 ex
1321 5593 1463 5663 istis,
1487 5611 1610 5667 quae
1622 5594 1896 5653 Dominus

1977 4703 2133 4756 diam
2162 4703 2322 4769 (Dan.
2351 4705 2460 4767 III).
2490 4702 2599 4757 Sed
2636 4703 2753 4757 haec
2789 4703 3009 4770 melius,
3052 4709 3117 4759 ut
3151 4705 3287 4773 dixi,
3320 4708 3391 4763 ad
3421 4710 3577 4767 illam

1977 4791 2301 4845 referuntur
2317 4795 2621 4845 extremam
2648 4809 2660 4844 :
2686 4792 2818 4862 quia
2836 4791 2894 4846 in
2912 4793 3018 4847 hac
3037 4811 3160 4865 quae
3185 4795 3290 4851 sub
3302 4798 3577 4856 Chaldaeis

1978 4880 2199 4947 accidit,
2218 4880 2505 4934 Danielem
2520 4880 2691 4935 fuisse
2706 4881 2846 4935 nulli
2861 4880 3097 4937 dubium
3121 4885 3272 4940 inter
3288 4902 3402 4954 eos,
3438 4904 3578 4942 nec-

1978 4985 2092 5025 non
2121 4973 2179 5023 et
2202 4968 2452 5023 Ezechiel
2484 4967 2690 5024 ibidem
2715 4970 3053 5041 prophetare
3080 4989 3310 5030 exorsus
3334 4981 3436 5042 est,
3469 4993 3576 5032 ca:-

1979 5059 2198 5130 terique
2225 5058 2510 5129 prophetae
2542 5074 2671 5113 cum
2718 5074 2803 5113 eo.
2836 5059 3047 5115 Idcirco
3094 5062 3154 5117 in
3184 5064 3445 5118 extremis
3472 5063 3578 5119 sub

1979 5149 2105 5204 Tito
2145 5154 2201 5203 et
2227 5149 2571 5220 Vespasiano
2600 5164 2795 5229 omnes
2827 5150 3130 5221 magniﬁci,
3162 5152 3308 5222 quod
3341 5153 3579 5208 Samech

1978 5238 2246 5304 insinuat,
2278 5237 2451 5292 ablati
2480 5242 2615 5292 sunt
2643 5236 2714 5292 de
2732 5239 2762 5292 J
2770 5238 2898 5292 uda.
2931 5239 3163 5294 Samech
3185 5240 3392 5311 quippe
3410 5243 3578 5310 adju-

1979 5330 2186 5381 torium
2206 5331 2387 5381 sonat.
2400 5327 2557 5381 Tunc
2575 5342 2708 5397 ergo
2728 5343 2893 5382 omne
2918 5329 3008 5398 adj
3018 5328 3258 5383 utorium
3277 5328 3346 5383 ab
3375 5330 3456 5384 eis
3484 5349 3579 5386 re-

1980 5416 2161 5480 cessit,
2197 5416 2424 5487 quando
2449 5432 2562 5470 non
2616 5416 2797 5470 solum
2836 5432 3030 5471 omnes
3060 5416 3344 5487 magniﬁci
3375 5422 3579 5492 captivi

1980 5505 2133 5560 ducti
2166 5511 2317 5571 sunt,
2333 5506 2494 5576 juxta
2512 5506 2717 5561 Isaiam
2742 5523 2752 5558 :
2780 5504 3069 5573 Auferam,
3092 5505 3295 5578 inquit,
3317 5511 3386 5563 ab
3412 5511 3578 5564 Jeru-

1976 5599 2145 5651 salem
2168 5594 2419 5650 ralidum
2438 5599 2487 5650 et
2505 5595 2724 5664 fortem,
2756 5607 2914 5647 omne
2942 5594 3115 5647 robur
3134 5597 3322 5666 panis,
3342 5600 3390 5651 et
3418 5613 3579 5657 omne
