3960 6168
492 294 634 350 1091

1266 290 1323 345 S.
1366 285 1747 343 PASCHASII
1787 280 2151 339 RADBERTI
2189 280 2495 337 ABBATIS
2537 279 3030 337 CORBEIENSIS.

3605 276 3720 340 10θῖ

493 420 667 474 robur
678 434 852 487 aqua,
869 420 1181 488 principem
1210 421 1257 470 et
1288 413 1860 483 quinquagenarium,
1881 426 1946 463 ac
1960 424 2097 477 pru-
2112 411 2158 468 Α
2179 405 2237 461 in
2256 407 2349 462 die
2369 406 2645 478 passionis
2667 422 2804 473 suae,
2825 409 2891 460 ut
2918 410 2976 459 et
3002 402 3355 459 credentibus
3382 405 3606 475 praemia,
3628 422 3723 460 non

493 505 708 559 dentem
755 506 978 572 mystico
1010 504 1162 570 loqui
1184 503 1318 566 (Isa.
1350 500 1456 565 ιιι),
1490 502 1547 550 et
1570 513 1664 550 eos
1712 511 1924 557 omnes,
1960 510 2098 564 quos

494 593 728 665 longum
755 607 1085 648 enumerare
1111 586 1373 643 duximus
1402 602 1593 640 verum
1628 590 1755 655 post
1782 583 2096 655 passionem

494 682 703 736 Christi
729 697 924 735 omnes
949 677 1146 749 gratiae
1175 682 1232 730 et
1258 674 1589 729 donationes
1615 672 1846 726 sublata:
1875 676 2007 725 sunt
2026 670 2096 724 ab

492 770 592 826 eis.
626 769 859 834 Quando
890 767 1060 821 etiam
1109 766 1261 836 ipsos
1290 763 1518 833 angelos
1556 762 1829 815 clamasse
1858 761 2096 829 legimus

490 857 552 913 in
589 858 767 929 portis
816 856 1128 911 Jerusalem
1161 871 1173 906 :
1205 854 1581 907 Transeamus
1627 867 1692 903 ex
1738 849 1825 903 his
1872 847 2097 902 sedibus

494 947 763 1016 (Ioseph).
792 946 1070 999 Caeterum
1101 942 1337 1014 mystice
1375 946 1570 995 nostra
1598 939 1927 1003 Jerusalem,
1957 953 2097 1008 quo-

490 1035 820 1105 tiescunque
860 1030 1320 1088 tribulationibus
1369 1028 1645 1100 premitur
1689 1031 1747 1080 et
1797 1025 2094 1095 angustiis,

492 1123 711 1197 quoties
742 1120 1220 1192 persecutionibus
1251 1119 1521 1189 agitatur,
1553 1116 1637 1169 vel
1675 1116 1845 1169 etiam
1872 1114 2098 1168 haereti-

490 1227 680 1266 corum
712 1211 1079 1281 impugnatur
1109 1208 1379 1272 hostibus,
1402 1222 1505 1260 nec
1519 1204 1751 1259 dubium
1775 1203 1911 1273 quin
1945 1203 2099 1273 plan-

489 1299 594 1370 git,
617 1299 807 1353 dicens
842 1317 853 1351 :
887 1300 1127 1353 Abstulit
1156 1298 1428 1351 Dominus
1456 1296 1519 1347 de
1567 1295 1743 1346 medio
1774 1294 1884 1347 mei
1912 1304 2097 1343 omnes

492 1390 813 1456 magniﬁcos
836 1404 1007 1451 meos;
1033 1386 1091 1440 in
1106 1388 1329 1439 tantum
1357 1389 1422 1437 ut
1448 1383 1670 1451 legatur
1697 1378 1845 1450 quod
1872 1393 2017 1447 saepe
2041 1376 2100 1430 in

491 1480 611 1531 toto
647 1475 782 1530 orbe
800 1480 1081 1529 terrarum
1106 1472 1267 1545 pauci
1286 1471 1662 1527 remanserint
1685 1469 2095 1540 episcoporum,

492 1563 778 1633 magnifici
807 1563 891 1616 vel
929 1562 1304 1626 sacerdotum,
1338 1560 1435 1630 qui
1480 1559 1735 1613 doctrina
1764 1573 1903 1612 sana
1952 1561 2101 1610 recte

495 1652 826 1707 catholicam
870 1651 1236 1705 defenderent
1263 1649 1451 1703 ﬁdem.
1487 1647 1642 1711 Quod
1677 1652 1866 1701 autem
1898 1645 2101 1714 gemit,

2178 495 2533 550 credentibus
2562 511 2691 549 vero
2738 499 2795 549 et
2839 492 3303 564 persequentibus
3340 508 3401 546 ac
3440 493 3725 564 cruciﬁgen-

2179 585 2328 639 tibus
2350 584 2489 638 ultio
2521 589 2802 655 perpetuaz
2817 583 3154 653 captivitatis
3175 588 3234 636 et
3253 582 3516 653 supplicia
3538 589 3723 637 aeterna:

2178 673 2555 727 damnationis
2604 679 2916 727 manerent.
2948 672 3191 728 Calcavit
3218 687 3351 742 ergo
3378 671 3478 726 hoc
3501 674 3726 739 torcular,

2181 763 2314 833 quia
2341 768 2543 817 cuncta
2595 762 2948 816 adversantia
2993 761 3052 815 in
3081 778 3185 815 sua
3228 760 3444 831 redegit
3468 765 3727 831 potestate.

2181 851 2290 905 Sed
2328 852 2521 905 videns
2557 851 2831 922 propheta
2877 849 3146 905 duritiam
3201 848 3386 904 cordis
3437 848 3729 914 Iudaeorum,

2180 940 2405 1011 plorans
2433 940 2610 1010 gemit
2648 940 2797 1010 quod
2853 939 3148 994 calcaverit
3191 938 3246 993 ei
3294 938 3538 993 Salvator
3559 939 3737 1005 virgini

2181 1032 2309 1097 ﬁliae
2347 1032 2494 1084 Juda
2530 1033 2780 1083 torcular
2807 1028 3139 1083 adversariae
3168 1026 3537 1098 oppressionis
3561 1042 3661 1081 sua:
3682 1027 3736 1081 ad

2179 1117 2550 1172 liberandum.
2593 1119 2722 1189 Ipsa
2751 1134 2879 1171 vero
2919 1134 2950 1171 e
2991 1116 3277 1171 contrario
3304 1116 3375 1170 de
3403 1114 3630 1169 remedio
3652 1121 3739 1171 tor-

2181 1212 2373 1261 menta
2400 1206 2506 1262 sibi
2534 1212 2652 1261 tam
2683 1212 2946 1262 extremm
2978 1205 3340 1277 captivitatis,
3376 1219 3537 1275 quam
3563 1209 3614 1257 et
3637 1220 3737 1275 per-

2182 1301 2364 1366 petuas
2393 1295 2771 1350 damnationis
2796 1294 3047 1364 ingessit.
3073 1294 3142 1347 Et
3167 1293 3318 1358 ideo,
3345 1290 3541 1363 inquit,
3570 1307 3627 1344 ex
3646 1308 3740 1362 per-

2183 1400 2322 1438 sona
2344 1391 2380 1449 |
2396 1389 2520 1450 34
2531 1390 2581 1448 τ
2598 1383 2773 1454 ipsius
2787 1385 3094 1454 Synagogie
3110 1401 3122 1435 :
3147 1383 3265 1450 Ego
3276 1385 3569 1450 plorans,et
3588 1385 3739 1434 oculus

2183 1489 2334 1527 meus
2351 1474 2618 1527 deducens
2644 1476 2925 1540 lacrgmas
2943 1489 2958 1523 :
2978 1477 3113 1541 quia
3148 1474 3336 1539 factus
3363 1476 3441 1525 est
3458 1486 3491 1524 a
3517 1486 3593 1524 me
3618 1471 3740 1537 (cinge

2183 1563 2506 1621 consolator,
2548 1566 2860 1614 convertens
2888 1564 3147 1614 animam
3180 1576 3385 1614 meam.
3419 1559 3586 1622 Quam
3610 1558 3741 1627 longe

2184 1654 2374 1703 autem
2405 1665 2438 1702 a
2466 1648 2673 1703 Judaeis
2728 1649 2910 1702 factus
2949 1649 3024 1702 sit
3071 1648 3416 1711 consolator,
3465 1651 3742 1702 convertens

494 1742 631 1811 quia
660 1742 934 1795 vocaverit
964 1741 1230 1795 adversus
1254 1755 1378 1793 eam
1408 1743 1651 1807 tempus,
1684 1741 1747 1788 ut
1781 1739 2099 1789 contereret
2118 1721 2164 1779 Β
2183 1739 2432 1792 animam
2463 1754 2679 1800 eorum,
2714 1753 2817 1792 nos
2864 1736 2971 1807 ipsi
3018 1736 3348 1808 probamus,
3382 1736 3477 1807 qui
3520 1734 3741 1789 duritiam

495 1832 701 1887 electos
715 1832 762 1900 ej
772 1848 855 1896 us,
871 1829 1072 1900 quibus
1084 1829 1239 1882 nulla
1253 1833 1374 1881 erat
1389 1825 1518 1879 ﬁdei
1529 1825 1778 1879 defensio
1795 1824 1880 1878 vel
1894 1824 2099 1877 doctri-

494 1936 697 1975 narum
722 1937 732 1972 :
757 1935 870 1973 non
896 1917 1043 1988 quod
1066 1923 1288 1987 tempus
1317 1915 1388 1969 ad
1408 1914 1558 1969 aliud
1583 1914 1968 1972 contrahatur,
2001 1912 2096 1966 sed

493 2008 673 2079 culpis
694 2006 1043 2077 exigentibus
1062 2005 1178 2059 suis
1198 2022 1369 2059 causa
1387 2004 1643 2058 vindictae
1664 2001 1767 2057 Dei
1795 2002 2093 2057 accidisse:

490 2097 714 2168 quoties
744 2095 962 2161 accidit,
990 2096 1188 2165 lugens
1218 2094 1434 2165 plangit
1456 2100 1515 2148 et
1541 2092 1737 2164 gemit.

537 2186 710 2241 .Nam
747 2185 1053 2239 secundum
1083 2184 1475 2254 tropologiam,
1508 2181 1700 2236 anima
1736 2197 1867 2235 suos
1900 2195 2096 2235 omnes

493 2275 821 2344 magniﬁcos
850 2273 1066 2344 plangit
1094 2273 1329 2335 ablatos,
1373 2276 1620 2336 I346
1649 2270 1873 2341 quando
1900 2284 2097 2323 sensus

496 2362 739 2433 optimos
783 2361 1057 2416 virtutum
1087 2362 1141 2414 in
1173 2377 1233 2415 se
1260 2359 1433 2414 sentit
1461 2359 1731 2429 captivos,
1766 2376 1865 2430 pro
1896 2358 2096 2429 quibus

492 2456 688 2507 contra
713 2467 837 2506 eam
863 2450 1135 2505 Dominus
1167 2449 1380 2504 vocavit
1400 2453 1621 2518 tempus
1662 2448 1940 2512 vindictae,
1972 2463 2098 2501 cum

494 2556 660 2597 suum
684 2539 933 2593 divinum
955 2538 1140 2592 aufert
1167 2537 1529 2606 adjutorium.
1554 2537 1669 2590 Hoc
1690 2552 1826 2590 sane
1860 2536 2095 2590 Samech

494 2645 697 2685 sonare
717 2628 978 2683 diximus.
996 2628 1117 2691 Quo
1136 2627 1342 2693 ablato,
1368 2642 1495 2680 mox
1517 2642 1641 2679 eam
1664 2625 1924 2679 inimicus
1947 2624 2093 2678 vitiis

492 2718 789 2789 captivam,
814 2735 848 2772 a
876 2722 1027 2771 statu
1047 2721 1211 2770 rectm
1232 2715 1362 2769 ﬁdei
1393 2721 1451 2769 et
1480 2714 1637 2768 bona;
1662 2713 2097 2768 conversationis

492 2806 551 2863 in
588 2807 971 2862 confusionem
998 2805 1206 2858 erroris
1242 2802 1413 2857 ducit.
1449 2803 1781 2856 Sanctorum
1830 2800 2096 2871 praedica-

492 2900 684 2953 torum
730 2896 1044 2949 doctrinam
1085 2898 1143 2945 et
1190 2891 1464 2961 exempla,
1497 2907 1530 2944 a
1579 2895 1878 2960 conspectu
1916 2888 2097 2943 cordis

495 2986 637 3054 ejus,
672 3000 772 3054 per
819 2981 1154 3036 oblivionem
1202 2979 1482 3044 auferens,
1515 2980 1721 3032 electos
1773 2978 1977 3031 mentis
2004 2993 2097 3030 co-

2182 1827 2366 1882 cordis
2385 1843 2579 1881 eorum
2612 1843 2757 1897 saepe
2787 1826 3147 1897 aggredimur
3179 1844 3190 1878 :
3229 1825 3369 1897 quia
3395 1830 3593 1896 quanto
3612 1838 3742 1892 prope

2183 1923 2256 1970 est
2285 1919 2554 1970 Dominus
2595 1918 2851 1969 omnibus
2880 1918 3270 1970 invocantibus
3308 1931 3435 1969 eum
3464 1917 3525 1968 in
3557 1916 3741 1967 veritate

2178 2008 2348 2069 (Psal.
2372 2008 2573 2071 chIv),
2599 2010 2758 2059 tanto
2778 2004 3138 2075 elongabitur
3162 2003 3236 2058 ab
3265 2004 3357 2058 his
3386 2003 3479 2074 qui
3497 2003 3613 2056 ﬁcte
3628 2015 3743 2071 que-

2179 2098 2316 2149 runt
2354 2111 2502 2159 eum,
2533 2099 2590 2148 et
2634 2093 2836 2148 nolunt
2890 2094 3138 2165 recipere
3178 2093 3477 2147 veritatem
3516 2110 3527 2144 :
3558 2089 3737 2161 Oppido,

2174 2183 2313 2254 'quia
2347 2184 2605 2238 Christus
2653 2183 2858 2236 veritas
2900 2188 2986 2237 est
3017 2184 3197 2253 (Joan.
3230 2186 3368 2240 xw).
3392 2181 3460 2236 Et
3481 2180 3578 2234 hoc
3599 2184 3741 2233 totum

2178 2278 2266 2327 est
2294 2273 2443 2344 quod
2474 2273 2751 2344 propheta
2791 2271 3028 2343 plangit,
3061 2287 3298 2326 servans
3354 2269 3739 2340 metaphoram:

2179 2363 2310 2433 quia
2340 2362 2501 2416 vinea
2547 2378 2717 2432 quam
2753 2378 2819 2415 ex
2864 2362 3104 2433 Egypto
3136 2362 3495 2432 plantaverat
3520 2355 3743 2412 Dominus

2181 2451 2333 2521 (Psal
2343 2491 2353 2503 .
2372 2455 2580 2518 LXXIX);
2600 2451 2723 2522 ipsa
2736 2467 2864 2504 vero
2884 2450 2980 2504 diu
2997 2449 3206 2504 sterilis
3223 2454 3284 2505 et
3300 2449 3633 2504 infructuosa
3644 2460 3743 2516 per-

2184 2555 2417 2593 manens
2435 2540 2662 2607 dicitur,
2675 2539 2823 2610 quod
2839 2543 3165 2607 exspectavit
3187 2545 3253 2593 ut
3276 2541 3478 2607 faceret
3498 2552 3637 2602 uvas,
3648 2536 3743 2602 fecit

2179 2635 2360 2682 autem
2388 2630 2670 2683 labruscas
2683 2630 2873 2698 (Isa.v)
2885 2628 3063 2682 .Unde
3083 2628 3365 2682 Dominus
3376 2626 3613 2682 torcular
3629 2621 3743 2694 quod

2180 2716 2402 2782 indidit,
2432 2717 2686 2781 calcavit,
2719 2721 2778 2771 et
2805 2716 2967 2787 quasi
2988 2717 3256 2787 pessimis
3278 2716 3474 2781 acinis,
3503 2712 3746 2784 captivita-

2180 2810 2292 2859 tem
2317 2805 2571 2876 pessimze
2603 2805 3328 2876 invectionis,praaparavit.
3358 2803 3650 2874 Allegorice
3671 2816 3745 2854 au-

2179 2900 2324 2948 tem:
2364 2896 2628 2949 Torcular
2652 2897 2885 2949 calcavit
2913 2895 3188 2948 Dominus
3219 2896 3440 2961 virgini
3466 2894 3586 2960 ﬁlia:
3608 2889 3743 2952 Iuda,

2179 2983 2404 3054 quando
2417 2983 2672 3038 Ecclesiae
2684 3000 2785 3053 per
2800 2983 3117 3054 passionem
3138 2998 3307 3037 suam
3327 2998 3519 3038 omnes
3529 2980 3577 3034 ei
3598 2977 3745 3033 aerias

493 3076 663 3125 natus
691 3070 951 3134 conterit,
985 3073 1264 3139 quatenus
1291 3084 1415 3122 eam
1445 3067 1742 3138 spoliatam
1773 3065 2089 3131 virtutibus,
2110 3072 2153 3133 ο
2176 3077 2484 3143 potestates
2505 3072 2763 3143 subjecit.
2788 3073 2918 3142 Ipsa
2937 3077 3024 3126 est
3036 3088 3288 3142 namque
3308 3071 3462 3141 virgo
3473 3070 3583 3124 ﬁlia
3599 3067 3741 3131 inde,

494 3157 711 3213 facilius
734 3157 793 3212 in
812 3164 965 3211 terra
986 3158 1170 3211 aliena
1189 3156 1491 3227 possideat,
1524 3172 1594 3209 ne
1624 3173 1725 3227 per
1753 3155 2094 3211 recordatio-

493 3263 624 3301 nem
639 3246 763 3301 sani
783 3246 1081 3316 dogmatis,
1097 3252 1155 3299 et
1176 3244 1620 3299 meliorationem
1635 3244 1778 3313 vita,
1798 3244 1869 3298 ad
1884 3248 2095 3298 statum

492 3334 742 3409 pristina;
762 3333 1198 3390 conversationis
1225 3333 1438 3388 redeat.

1238 3493 1348 3532 AlN.

572 3609 839 3663 Torcular
868 3606 1097 3661 calcavit
1124 3605 1391 3660 Dominus
1421 3604 1636 3671 virgini
1655 3604 1785 3670 ﬁliae
1811 3602 1978 3655 Juda.
2014 3601 2098 3655 ld-

489 3701 638 3755 circo
668 3714 760 3765 ego
784 3700 1012 3765 pteram
1045 3700 1093 3748 et
1140 3695 1332 3748 oculus
1362 3708 1513 3746 meus
1560 3692 1825 3745 deducens
1865 3706 2092 3759 aquam.

491 3786 761 3844 Torcular
780 3785 990 3855 itaque,
1017 3784 1179 3853 juxta
1209 3781 1510 3852 Scriptura:
1537 3786 1743 3835 sancta:
1793 3784 2096 3834 consuetu-

490 3876 683 3935 dinem
729 3873 1012 3928 interdum
1033 3858 1135 3943 pro
1162 3871 1374 3927 ultione
1399 3876 1569 3941 atque
1592 3869 1878 3941 suppliciis
1907 3885 2096 3939 pecca-

490 3971 699 4029 torum,
720 3962 1005 4017 interdum
1025 3961 1084 4015 in
1114 3960 1547 4032 congregatione
1562 3975 1831 4013 novarum
1848 3958 2091 4027 frugum,

490 4070 594 4125 pro
618 4052 796 4124 poenis
823 4051 1055 4123 ponitur
1081 4056 1251 4121 atque
1302 4049 1616 4114 tormentis,
1649 4047 1733 4102 uti
1763 4052 1850 4102 est
1876 4046 2095 4117 imprae-

492 4142 825 4204 sentiarum,
852 4140 1001 4210 quod
1030 4140 1302 4193 Jeremias
1327 4139 1600 4209 plangens
1629 4136 1975 4191 eversionem
2001 4135 2094 4189 Je-

488 4228 876 4291 rusalem,ait:
909 4229 1174 4280 Torcular
1193 4231 1421 4281 calcavit
1440 4228 1708 4280 Dominus
1724 4228 1938 4292 virgini
1966 4226 2094 4292 ﬁlia:

2176 3178 2241 3215 ex
2269 3178 2381 3232 qua
2402 3168 2525 3215 orta
2546 3167 2633 3215 est
2659 3161 2907 3215 Ecclesia
2933 3180 2944 3214 :
2975 3161 3109 3232 quia
3128 3163 3194 3216 de
3236 3163 3377 3217 Sion
3413 3162 3573 3215 exibit
3595 3161 3682 3222 lar,
3706 3158 3743 3208 et

2176 3252 2402 3304 verbum
2433 3253 2661 3305 Domini
2684 3251 2748 3304 de
2773 3252 3084 3305 Jerusalem
3122 3252 3256 3321 (Isa.
3286 3254 3377 3319 Il).
3413 3248 3515 3304 Cui
3553 3246 3742 3301 calcavit

2179 3338 2447 3394 Dominus
2492 3339 2743 3392 torcular
2796 3340 2965 3403 solus,
3001 3337 3264 3409 pessimae
3295 3333 3650 3409 oppressionis
3670 3333 3743 3402 ju-

2176 3444 2331 3497 gum,
2350 3431 2416 3480 ut
2433 3432 2582 3481 esset
2600 3425 2798 3480 libera.
2817 3426 2927 3481 Sed
2959 3426 3092 3498 quia
3111 3427 3339 3483 Christo
3359 3426 3596 3482 calcante
3611 3421 3740 3485 illud,

2178 3515 2343 3570 multi
2389 3515 2494 3570 sub
2543 3533 2608 3570 eo
2637 3516 2877 3571 redeunt
2904 3518 2963 3569 in
2991 3531 3308 3580 amurcam,
3333 3515 3459 3570 ideo
3512 3513 3741 3585 plangens

2180 3603 2483 3674 propheta:
2511 3604 2736 3669 Oculus,
2760 3602 2963 3673 inquit,
2987 3619 3138 3657 meus
3167 3603 3402 3659 deducit
3418 3599 3742 3673 aquam.Pro-

2178 3698 2371 3764 pterea
2398 3697 2458 3746 et
2483 3693 2590 3746 Am
2621 3691 2919 3747 Hebraeum
2965 3693 3335 3763 anteponitur
3363 3692 3509 3764 quod
3543 3692 3654 3759 fons
3676 3683 3743 3739 vel

2176 3785 2366 3834 oculus
2421 3780 2847 3851 interpretatur.
2882 3780 2989 3844 Qui
3043 3780 3319 3836 nimirum
3376 3781 3515 3846 fons,
3554 3774 3740 3849 quando

2177 3868 2392 3940 prelum
2425 3869 2604 3924 crucis
2628 3869 2850 3941 pressit,
2882 3869 2952 3924 de
2973 3869 3185 3925 Christi
3211 3870 3394 3925 latere
3422 3866 3665 3929 manavit,
3689 3876 3739 3915 ex

2179 3974 2307 4029 quo,
2339 3962 2484 4012 teste
2513 3958 2873 4028 evangelista,
2902 3975 3031 4013 mox
3071 3963 3307 4028 sanguis
3346 3966 3396 4013 et
3440 3972 3578 4026 aqua
3601 3953 3737 4009 exivit

2174 4047 2362 4120 (Joan.
2399 4050 2535 4116 χιχ).
2578 4048 2659 4102 De
2687 4064 2796 4118 quo
2822 4064 2958 4102 sane
2986 4047 3160 4113 fonte,
3189 4064 3404 4119 sponsa
3431 4044 3622 4101 Christi
3648 4054 3735 4095 non

2175 4136 2359 4190 solum
2411 4136 2740 4200 renascitur,
2774 4153 2968 4192 verum
2998 4141 3056 4191 et
3091 4135 3330 4192 ditatur.
3365 4137 3488 4207 Ipse
3534 4143 3736 4200 namque

2175 4224 2335 4279 nobis
2373 4231 2459 4279 est
2496 4226 2623 4280 fons
2654 4225 2796 4289 vitae,
2829 4226 2889 4279 in
2918 4230 3099 4280 morte
3129 4225 3343 4280 Christi
3378 4227 3656 4281 reseratas,
3679 4217 3733 4270 de

489 4318 670 4383 Juda;
690 4315 815 4369 ideo
837 4331 941 4384 ego
961 4315 1136 4384 ploro.
1161 4315 1318 4376 Quod
1350 4319 1407 4367 et
1434 4314 1637 4368 Isaiam
1661 4331 1789 4368 cum
1819 4309 2159 4369 DominusD
2178 4331 2287 4385 quo
2338 4316 2523 4369 ﬂuunt
2567 4331 2762 4369 omnes
2816 4314 3068 4369 thesauri
3123 4314 3415 4385 sapientiae
3464 4312 3557 4367 Dei
3599 4315 3735 4378 atque

494 4405 655 4478 quasi
683 4404 850 4459 caelos
880 4402 1186 4457 ascendens
1215 4401 1285 4454 ab
1336 4402 1551 4472 angelis
1602 4402 2047 4473 interrogaretur
2078 4419 2090 4454 :

493 4497 675 4564 Quare
692 4496 931 4548 rubrum
951 4496 1025 4546 est
1039 4491 1431 4545 indumentum
1457 4495 1693 4553 tuum,et
1712 4494 2095 4546 vestimentum

485 4589 658 4639 .tuum
677 4587 819 4638 sicut
835 4583 1176 4639 calcantium
1196 4583 1261 4634 in
1292 4583 1565 4635 torculari
1585 4580 2098 4652 ?respondissefer-

492 4676 621 4727 tur:
664 4674 930 4727 Torcular
969 4672 1180 4727 calcavi
1204 4673 1371 4735 solus,
1402 4676 1450 4725 et
1492 4672 1555 4724 de
1591 4672 1842 4738 gentibus
1876 4686 1987 4725 non
2022 4676 2098 4725 est

490 4764 584 4816 vir
604 4776 816 4814 mecum
840 4761 966 4830 (Isa.
999 4764 1176 4829 LXIII).
1203 4760 1323 4814 Hoc
1348 4775 1593 4829 namque
1614 4763 1879 4825 torcular,
1894 4759 1958 4814 in
1987 4775 2097 4830 quo

493 4854 553 4905 et
569 4848 733 4903 malis
762 4849 1053 4919 supplicia,
1088 4854 1145 4903 et
1164 4848 1324 4903 bonis
1349 4849 1582 4920 praemia
1601 4849 1908 4913 calcantur,
1940 4848 2097 4903 solus

493 4942 605 5009 ipse
629 4939 858 4992 calcavit
872 4938 1161 5003 Dominus,
1186 4937 1281 5007 qui
1301 4938 1520 4991 nullum
1541 4936 1737 4991 habuit
1755 4937 2091 5006 adjutorem.

490 5028 692 5099 Neque
714 5025 866 5081 enim
902 5025 1154 5094 angelus,
1183 5030 1241 5079 et
1268 5026 1656 5096 archangelus.
1683 5025 1876 5079 throni
1897 5025 1983 5080 vel
2003 5025 2098 5079 do-

491 5117 849 5183 minationes,
874 5118 974 5168 aut
1002 5114 1151 5168 ullus
1172 5115 1483 5171 caelestium
1512 5121 1875 5187 potestatum,
1895 5132 2096 5186 corpus

490 5207 804 5263 humanum
861 5202 1183 5273 assumpsit,
1218 5208 1276 5258 et
1311 5221 1412 5275 pro
1460 5205 1619 5259 nobis
1662 5221 1860 5277 passus
1890 5211 1993 5271 est,
2036 5211 2094 5260 et

491 5295 835 5351 conculcavit
882 5291 1232 5347 :‘dversarias
1287 5293 1665 5359 fortitudines,
1707 5301 1765 5349 et
1803 5294 2082 5362 contrivit,

490 5384 600 5438 nisi
652 5384 745 5438 ille
774 5382 869 5454 qui
900 5382 1151 5452 loquitur
1177 5381 1238 5435 in
1293 5383 1505 5452 psalmo
1540 5400 1550 5435 :
1598 5384 1829 5439 Salvum
1862 5400 1947 5438 me
1977 5385 2090 5455 fac,

488 5475 740 5538 Domine,
775 5474 1041 5548 quoniam
1092 5471 1286 5537 defecit
1314 5476 1535 5524 sanctus
1566 5473 1726 5539 (Psal.
1759 5477 1856 5542 x1).
1892 5474 1961 5527 Et
1989 5474 2095 5528 hoc

484 5562 679 5635 itaque
700 5578 713 5618 :
742 5561 1007 5619 Torcular
1026 5561 1262 5617 calcavit
1275 5560 1545 5615 Dominus
1566 5562 1782 5629 virgini
1799 5564 1927 5630 ﬁliae
1944 5564 2093 5620 Iuda

2177 4403 2443 4459 scientiaa.
2492 4403 2567 4458 Et
2595 4404 2728 4474 quia
2747 4403 2855 4458 Ain
2886 4404 3053 4458 etiam
3085 4407 3276 4457 oculus
3303 4397 3644 4473 interpretari
3666 4394 3735 4448 di-

2179 4493 2345 4557 citur,
2379 4508 2482 4546 nec
2529 4491 2812 4546 immerito
2844 4492 2914 4546 de
2959 4492 3123 4553 fonte
3157 4491 3469 4547 inebriatus
3497 4488 3733 4545 deducens

2181 4598 2386 4652 aquam
2406 4581 2787 4653 lacrymarum
2807 4581 3122 4652 plangitur:
3156 4581 3298 4648 Quia
3313 4584 3490 4650 factus
3506 4584 3577 4633 est
3599 4591 3630 4630 α
3649 4587 3727 4636 me,

2178 4671 2381 4741 inquit,
2409 4674 2567 4739 longe
2592 4673 2915 4734 consolator,
2952 4676 3267 4725 convertens
3296 4672 3541 4724 animam
3564 4676 3728 4719 mam-

2179 4760 2411 4824 Quoties
2420 4775 2553 4829 ergo
2568 4758 2814 4815 Ecclesia
2824 4758 3281 4814 tribulationibus
3296 4750 3731 4826 afﬁcitur,quoties

2179 4849 2386 4905 auxilio
2400 4849 2689 4904 desolatur
2700 4848 2990 4915 divino,ad
3001 4849 3280 4920 lacrymas
3293 4847 3451 4919 quasi
3462 4846 3529 4900 ad
3537 4853 3730 4898 consue-

2178 4944 2237 4993 ta
2255 4938 2496 4993 recurrit
2513 4955 2690 4992 arma.
2708 4938 2778 4993 Et
2800 4937 3129 5004 notandum,
3147 4938 3366 5009 quoties
3386 4952 3493 4991 non
3503 4927 3730 4988 converti-

2176 5034 2289 5094 tur,
2307 5028 2534 5082 doctore
2555 5033 2839 5093 monente,
2863 5026 3127 5091 exterius,
3152 5026 3287 5098 quia
3303 5027 3465 5097 longe
3493 5027 3572 5078 est
3589 5018 3650 5074 ab
3675 5028 3728 5068 ea

2178 5117 2502 5173 Paracletus
2524 5117 2786 5187 Spiritus,
2813 5116 2909 5187 qui
2930 5132 3057 5170 eam
3084 5116 3329 5170 instruat
3354 5121 3410 5170 et
3435 5110 3635 5167 erudiat
3654 5105 3725 5158 in-

2176 5206 2484 5270 trinsecus;
2516 5205 2719 5260 idcirco
2741 5210 2799 5260 et
2831 5204 2930 5258 ﬁlii
2960 5204 3084 5274 ejus
3113 5221 3283 5275 quam
3310 5218 3452 5274 saepe
3477 5201 3607 5254 ﬁunt
3627 5206 3726 5265 per-

2172 5294 2295 5349 diti.
2331 5296 2640 5366 Propterea
2677 5293 2932 5364 quisquis
2963 5293 3207 5348 doctoris
3239 5292 3474 5349 otiicium
3515 5285 3620 5342 vult
3653 5295 3724 5335 ex.

2174 5384 2346 5455 plere,
2400 5384 2618 5454 quoties
2664 5382 2969 5437 Ecclesiam
3024 5381 3130 5436 sibi
3183 5380 3523 5437 commissam
3568 5371 3721 5427 minus

2177 5473 2379 5528 viderit
2403 5477 2838 5536 convertentem,
2861 5472 2930 5526 de
2954 5471 3108 5526 fonte
3136 5471 3356 5527 hauriat
3381 5464 3572 5523 amoris
3595 5456 3716 5515 unde

2174 5562 2452 5635 lacrymas
2480 5562 2776 5635 producat,
2811 5559 2989 5616 donec
3033 5561 3409 5617 consolaan
3437 5554 3720 5612 converten-
