3960 6168
212 301 358 361 1093

913 304 1293 361 EXPOSITIO
1334 306 1409 360 IN
1450 302 2060 360 LAMEN'I‘ATIONES
2097 264 2443 359 JEREIJLE.
2487 334 2550 346 —
2592 305 2728 361 LIB.
2771 306 2814 359 Ι.

3348 307 3489 367 1094

208 433 448 499 temque
469 427 703 483 advocet
727 432 765 494 Ι
782 432 899 493 34
911 433 970 493 8
989 429 1342 483 Paracletum
1372 428 1820 500 Spiritum.Alio-
1834 430 1885 488 A
1909 428 2069 498 quasi
2092 429 2159 481 ad
2185 444 2393 498 preces,
2422 428 2570 483 inter
2597 430 2818 485 dolores
2847 436 2906 485 et
2941 447 3255 502 pressurae.
3274 449 3377 490 nec
3402 440 3491 491 est

206 517 345 588 quin
399 517 671 587 quandiu,
724 517 934 571 offenso
984 518 1119 578 Deo,
1176 517 1414 587 erigitur
1456 518 1716 571 inimicus
1760 524 1817 571 et

206 606 502 660 extollitur
537 624 550 673 ;
586 606 688 659 ﬁlii
728 607 824 677 qui
855 606 1093 660 necdum
1140 612 1273 659 sunt
1316 606 1598 671 ablactati,
1632 614 1812 675 neque

200 700 447 765 possunt
471 694 531 748 in
562 694 743 747 virum
778 695 1083 764 perfectum
1116 701 1377 758 transire,
1411 695 1726 764 perduntur
1757 699 1815 748 et

200 783 542 848 alliduntur,
590 800 880 863 ququsque
922 800 956 837 a
1002 783 1103 837 Dei
1136 784 1492 837 refoveantur
1520 789 1576 836 et
1620 799 1813 837 conso-

199 871 397 925 lentur
428 871 661 942 Spiritu.
694 871 1057 943 Tropologice
1104 887 1250 933 vero,
1278 870 1480 925 animas
1512 870 1809 924 virtutibus

198 959 540 1025 infecundae,
574 965 631 1013 et
668 959 831 1014 bonis
859 959 1123 1031 operibus
1153 976 1355 1024 vacuae,
1398 976 1500 1013 nec
1531 960 1661 1013 fidei
1690 960 1809 1014 f'ru-

198 1053 360 1103 ctum
385 1049 665 1121 gignenti,
682 1049 953 1103 Dominus
972 1049 1220 1103 torcular
1240 1049 1664 1119 calcat,quando
1686 1066 1809 1102 eam

198 1154 305 1209 pro
336 1138 638 1193 sterilitate
666 1155 768 1192 sua
797 1144 854 1192 et
892 1138 1176 1192 otiositate
1197 1138 1421 1192 inimica
1452 1155 1645 1209 poenas
1675 1154 1811 1191 con-

198 1226 392 1297 dignae
408 1226 666 1282 vindicta
700 1226 855 1281 luere
883 1226 1052 1297 cogit.
1086 1228 1228 1282 Hinc
1249 1244 1470 1299 quoque
1502 1227 1808 1281 secundum

198 1315 527 1387 superioris
567 1314 1044 1370 interminabilem
1092 1316 1325 1370 lamenti
1349 1317 1582 1383 luctum,
1615 1317 1808 1371 oculus

200 1421 380 1475 quam
408 1404 663 1459 districte
693 1404 920 1459 deducit
940 1388 1165 1475 aquam,
1183 1406 1468 1459 consensit
1496 1423 1575 1472 se,
1599 1405 1807 1460 amisso

200 1490 577 1559 consolatore,
610 1491 777 1545 corde
799 1491 1175 1562 impaenitenti
1207 1492 1275 1545 ad
1305 1509 1371 1546 ea
1402 1509 1565 1546 ruere
1603 1492 1809 1546 indesi-

198 1585 427 1646 nenter,
456 1596 566 1651 quo
595 1581 760 1635 ﬂetus
791 1581 1080 1635 oculorum
1103 1587 1157 1635 et
1180 1581 1651 1636 stridordentium
1675 1599 1805 1652 pro-

198 1670 525 1723 nuntiatur.
578 1671 657 1724 Ex
710 1686 820 1742 quo
877 1671 1042 1724 ﬂetus
1086 1670 1283 1740 ingens
1326 1670 1528 1725 animae
1566 1671 1806 1725 dolentis

1898 517 1948 569 ei
1983 518 2099 570 ulla
2117 534 2219 570 vox
2250 517 2363 571 oris
2391 517 2561 587 digna
2588 535 2713 589 quae
2752 520 2929 590 possit
2952 522 3141 576 hostes
3185 522 3485 593 revincere,

1897 621 2111 675 suaque
2153 606 2451 659 defendere
2497 607 2781 676 dogmata.
2828 611 2982 664 Unde
3026 613 3092 665 fit
3126 627 3295 682 quam
3342 630 3490 685 saepe

1896 694 2053 763 quasi
2084 695 2296 763 polluta
2325 702 2556 765 propter
2585 696 2864 751 foeditates
2889 700 3200 754 carnalium
3232 718 3486 772 operum,

1893 783 2438 854 sanguinolentaque
2464 784 2741 839 illecebris
2760 787 2887 841 vita;
2915 789 3194 844 desideria
3214 792 3364 847 inter
3392 793 3490 847 ho-

1892 877 2024 935 stes,
2055 889 2090 925 a
2110 872 2314 942 quibus
2342 873 2494 927 intus
2514 874 2713 928 forisve
2735 875 3118 947 impugnatur.
3141 880 3210 934 Et
3227 880 3353 935 ideo
3382 883 3490 937 Do-

1895 960 2084 1013 minus
2115 961 2185 1014 de
2216 961 2424 1015 talibus
2451 979 2462 1013 :
2504 964 2577 1015 Vae
2595 968 3010 1031 praegnantibus
3030 974 3078 1021 et
3110 972 3488 1025 nutrientibus

1893 1050 1955 1100 in
1989 1051 2092 1101 illa
2112 1050 2200 1101 die
2221 1051 2409 1115 (Marc.
2426 1056 2559 1114 xm).
2597 1051 2770 1105 Porro
2814 1054 3101 1109 moraliter
3142 1056 3333 1111 anima
3359 1074 3485 1113 cre-

1892 1135 2228 1206 dentis.qua3
2261 1138 2542 1207 quondam
2577 1145 2700 1192 erat
2726 1142 3012 1211 speculum
3029 1144 3127 1198 Dei
3147 1147 3486 1217 etsupplan-

1892 1224 2060 1278 tatrix
2090 1225 2373 1287 vitiorum,
2398 1243 2528 1280 cum
2553 1244 2653 1298 pro
2677 1229 2839 1283 malis
2858 1231 3075 1287 actibus
3104 1233 3221 1287 suis
3240 1235 3488 1290 traditur

1891 1313 2259 1384 spiritualiter
2296 1315 2588 1385 nequitiis,
2622 1317 2830 1371 frustra
2853 1320 3054 1390 quaerit
3072 1323 3484 1379 consolatorem

1890 1402 2127 1457 interius
2157 1421 2168 1456 :
2191 1409 2248 1456 et
2268 1403 2392 1457 ideo
2416 1421 2586 1474 quam
2608 1407 2883 1476 condigne
2906 1410 3193 1465 mandavit
3215 1412 3486 1468 Dominus

1891 1491 2161 1545 adversus
2180 1492 2661 1563 Jacob,quondam
2689 1497 3146 1566 supplantantem
3165 1500 3488 1557 vitia.Nunc

1890 1596 2022 1634 vero
2053 1581 2172 1635 solo
2201 1581 2429 1636 nomine
2458 1583 2725 1637 adversus
2754 1585 3002 1641 animam
3033 1588 3228 1643 eodem
3256 1589 3489 1645 decora-

1889 1674 2005 1723 tam
2053 1670 2322 1724 vocabulo
2357 1690 2370 1724 :
2411 1672 2544 1742 quia
2574 1674 2754 1727 noluit
2800 1674 3031 1730 subesse
3074 1677 3207 1740 Deo,
3248 1679 3485 1750 ejusque

200 1757 569 1825 describitur,
593 1764 658 1812 ut
676 1759 818 1813 sciat
844 1760 995 1830 quod
1033 1764 1160 1829 post
1186 1776 1384 1813 vanam
1414 1760 1668 1814 laetitiam
1696 1761 1803 1814 hu-
1822 1758 1866 1816 Β
1889 1757 2116 1812 obedire
2138 1759 2437 1824 mandatis,
2481 1766 2546 1815 ut
2571 1762 2630 1815 in
2663 1762 2903 1818 circuitu
2935 1766 3077 1834 ejus,
3107 1766 3355 1838 undique
3390 1769 3490 1823 ho-

193 1847 296 1917 jus
328 1847 547 1912 mundi,
582 1848 767 1901 omnis
794 1848 1101 1902 consolatio
1131 1849 1424 1919 praesentis
1454 1849 1577 1903 vitae
1608 1847 1690 1903 illi
1719 1855 1804 1903 est

198 1936 533 2001 auferenda,
558 1936 772 1991 fructus
801 1938 947 1991 uteri
988 1937 1096 2003 sui,
1128 1938 1404 1992 malorum
1434 1938 1647 1992 scilicet
1670 1955 1803 2009 ope-

198 2041 356 2090 rum,
389 2024 774 2096 dissipabitur,
808 2031 865 2080 et
895 2026 1046 2081 solus
1071 2026 1332 2081 inimicus
1354 2027 1503 2081 inter
1522 2032 1806 2083 tormenta

194 2114 363 2169 varia
389 2113 540 2169 illius
564 2114 964 2192 dominabitur.

954 2275 1075 2313 PHE.

274 2381 565 2450 Empandit
587 2381 721 2437 Sion
750 2396 952 2435 manus
977 2398 1124 2447 suas,
1154 2398 1266 2436 non
1285 2386 1471 2450 estqui
1499 2387 1806 2437 consoletur

200 2470 644 2524 eam.1l!andavit
662 2471 934 2524 Dominus
951 2472 1243 2523 adversum
1274 2473 1455 2535 Jacob,
1480 2473 1539 2524 in
1565 2475 1806 2526 circuitu

200 2575 325 2628 ejus
356 2560 527 2614 hostes
552 2563 691 2627 ejus.
741 2560 904 2612 Facta
948 2565 1022 2613 est
1055 2563 1361 2613 Jerusalem
1398 2564 1560 2629 quasi
1592 2566 1809 2630 polluta

200 2651 514 2701 menstruis
543 2651 695 2701 inter
721 2664 823 2701 eos.
846 2647 1006 2711 Quod
1035 2652 1226 2701 autem
1259 2649 1573 2703 extendisse
1605 2667 1806 2706 manus

202 2753 343 2792 suas
358 2736 490 2792 Sion
506 2736 812 2808 plangitur,
836 2736 1055 2791 dolores
1082 2738 1243 2808 quasi
1262 2739 1627 2809 parturientis
1671 2740 1803 2794 insi-

201 2831 369 2882 nuat.
393 2825 555 2881 Unde
568 2831 623 2880 et
643 2825 775 2879 alibi
799 2843 810 2878 :
835 2826 991 2881 Sicut
1009 2829 1267 2896 expandit
1288 2833 1490 2882 natans
1511 2830 1584 2882 ad
1606 2835 1803 2883 natan-

201 2916 347 2970 dum
369 2932 572 2969 manus
582 2918 813 2982 suas,sic
827 2920 873 2969 et
896 2916 1031 2971 Sion
1055 2920 1204 2969 inter
1221 2920 1801 2985 angustiasllsaxxv).

203 3003 276 3059 Et
286 3004 467 3059 Isaias
489 3023 500 3057 :
525 3003 1026 3074 Angustia,inquit,
1041 3007 1269 3073 possedit
1288 3022 1371 3059 me
1386 3009 1527 3059 sicut
1542 3010 1805 3074 angustia

1886 1853 1999 1901 stes
2041 1849 2163 1917 ejus
2211 1864 2334 1902 eam
2375 1848 2650 1916 obsident,
2686 1867 2755 1905 ne
2803 1853 2981 1922 possit
3017 1855 3281 1924 effugere.
3326 1857 3486 1913 Unde

1887 1953 2056 2007 quam
2086 1953 2231 2007 saepe
2251 1937 2443 1991 videns
2468 1955 2528 1992 se
2548 1939 2833 2007 vallatam,
2854 1945 3115 2009 expandit
3134 1960 3335 1998 manus
3354 1962 3485 2001 suas

1885 2025 2033 2079 inter
2061 2026 2349 2095 angustias
2379 2027 2804 2097 cogitationum,
2841 2046 2944 2083 nec
2972 2036 3060 2085 est
3087 2048 3189 2085 vox
3218 2033 3353 2100 oris,
3380 2050 3484 2089 nec

1886 2114 2000 2168 ulla
2032 2115 2313 2168 excusatio
2347 2118 2640 2183 sermonis,
2688 2117 2795 2171 nisi
2840 2118 2976 2189 quia
3016 2118 3162 2174 facta
3208 2127 3295 2175 est
3322 2126 3485 2192 quasi

1880 2206 2097 2272 polluta
2128 2208 2427 2258 menstruis
2446 2208 2595 2259 inter
2619 2206 2827 2271 hostes,
2851 2208 3066 2262 scilicet
3087 2211 3340 2265 cruentis
3355 2228 3485 2283 ope-

1886 2290 2041 2345 ribus
2082 2292 2380 2346 maculata.
2430 2292 2643 2356 Quibus
2671 2296 2915 2365 profecto
2962 2298 3265 2352 menstruis
3294 2299 3484 2356 anima

1891 2380 2168 2451 quomodo
2197 2385 2402 2445 careat,
2451 2382 2763 2452 praesertim
2811 2400 2939 2439 cum
2984 2387 3261 2457 propheta
3309 2388 3482 2455 dicat,

1891 2470 2039 2539 quod
2072 2486 2275 2523 omnes
2315 2471 2548 2539 justitiae
2578 2477 2783 2527 nostrae
2825 2474 2905 2528 sic
2954 2475 3068 2530 sint
3106 2493 3293 2531 coram
3342 2479 3480 2547 Deo,

1891 2561 2052 2627 quasi
2074 2575 2301 2627 pannus
2326 2566 2678 2615 menstruatze
2713 2563 2839 2632 (Isa.
2875 2564 3040 2634 LXIV).
3066 2566 3372 2637 Sequitur:

2597 2717 2755 2757 SADE.

1955 2828 2150 2880 Justus
2184 2831 2258 2879 est
2290 2828 2578 2891 Dominus,
2609 2831 2744 2896 quia
2787 2844 2843 2882 os
2881 2832 3093 2898 ejusad
3120 2832 3482 2889 iracundiam

1887 2917 2191 2983 provocavi.
2225 2915 2441 2979 Audite,
2474 2917 2704 2983 obsecro,
2739 2919 2993 2971 universi
3006 2922 3216 2987 populi,
3237 2925 3286 2973 et
3309 2923 3481 2978 videte

1886 3003 2125 3056 dolorem
2148 3019 2328 3056 meum
2348 3022 2363 3057 :
2386 3006 2627 3071 virgines
2643 3011 2830 3058 meavel
2830 3009 3060 3074 juvenes
3088 3010 3197 3061 mei
3218 3010 3481 3066 abierunt

196 3093 875 3162 parturientis(lsa.xx1).
899 3091 1033 3155 Quae
1056 3092 1320 3146 nimirum
1343 3094 1607 3163 angustia
1623 3093 1806 3148 cordis
1823 3090 1867 3149 C
1888 3093 1951 3144 in
1981 3094 2374 3160 captivitatem.
2398 3093 2463 3147 In
2484 3093 2757 3164 principio
2772 3110 2965 3149 versus
2996 3094 3143 3150 Sade
3171 3096 3363 3152 littera
3381 3114 3478 3153 ex-

201 3185 312 3246 est,
346 3186 403 3234 et
431 3179 489 3234 in
518 3179 776 3234 manibus
798 3181 1127 3235 exclamatio
1158 3182 1289 3235 oris.
1316 3182 1559 3253 Ideoque
1602 3183 1719 3237 Phe
1750 3183 1807 3236 in

199 3269 489 3341 principio
516 3286 710 3324 versus
738 3269 1023 3335 scribitur,
1055 3270 1171 3323 Phe
1208 3287 1452 3342 namque
1481 3275 1595 3326 oris
1627 3272 1811 3326 inter-

197 3364 487 3431 pretatur.
511 3358 655 3422 Quia
684 3359 949 3413 nimirum
980 3359 1113 3413 dum
1145 3360 1278 3413 Sion
1318 3361 1586 3431 expandit
1609 3378 1809 3415 manus

200 3463 340 3503 suas
368 3447 521 3501 inter
548 3448 858 3517 angustias,
892 3447 1118 3517 signum
1150 3453 1234 3501 est
1274 3448 1405 3512 oris,
1457 3465 1570 3503 non
1621 3450 1810 3503 valens

204 3553 341 3591 voce
370 3553 505 3590 suos
530 3536 895 3608 pronuntiare
924 3537 1187 3606 gemitus,
1213 3536 1474 3607 quiasine
1487 3538 1809 3592 consolante

206 3626 390 3680 multo
421 3625 615 3679 dolore
644 3625 1252 3696 premitur.Propterea
1269 3630 1327 3679 et
1344 3626 1617 3696 propheta
1628 3627 1771 3681 alius
1792 3645 1804 3679 :

205 3717 450 3772 Receditr
464 3731 498 3768 a
518 3731 622 3779 me,
646 3715 851 3786 inquit,
873 3731 1064 3769 amare
1086 3717 1238 3785 ﬂebo.
1264 3718 1448 3770 Nolite
1468 3718 1806 3782 incumbere,

207 3809 272 3858 ut
291 3806 657 3857 consolemini
679 3820 762 3857 me
787 3820 951 3872 super
972 3806 1225 3857 vastitate
1244 3808 1324 3859 vel
1344 3807 1673 3858 contritione
1683 3808 1811 3872 ﬁlias

201 3894 406 3961 populi
432 3893 543 3944 mei
573 3892 698 3961 (lsa.
721 3894 850 3959 xxx).
883 3891 1041 3955 Quod
1063 3891 1215 3955 dicit,
1243 3893 1373 3963 quia
1394 3895 1683 3947 mandavit
1706 3896 1812 3948 Do-

208 3984 406 4034 minus
437 3980 730 4033 adversum
753 3982 935 4047 Jacob,
957 3981 1203 4035 ostendit
1230 3982 1377 4052 quod
1402 3982 1518 4053 ipse
1539 3983 1809 4037 Dominus

206 4067 511 4123 adduxerit
540 4084 709 4139 super
735 4085 885 4134 eam,
940 4086 1053 4123 non
1091 4070 1277 4124 minus
1305 4076 1497 4142 postea
1527 4071 1809 4126 Romanos

207 4174 385 4229 quam
438 4160 497 4225 et
538 4157 695 4227 prius
753 4158 1057 4213 Chaldaeos.
1113 4160 1194 4213 Ex
1253 4176 1363 4230 quo
1402 4166 1559 4231 patet
1587 4177 1803 4227 sensus,

206 4246 361 4318 quod
408 4261 699 4317 nunquam
746 4263 858 4301 non
915 4247 1038 4301 dico
1094 4248 1360 4303 adversus
1419 4265 1562 4314 eam,
1611 4266 1808 4303 verum

202 4351 393 4407 neque
425 4341 655 4405 gentem
694 4334 846 4389 illam
896 4336 1163 4391 adversus
1221 4338 1392 4391 aliam
1449 4355 1804 4409 consurgere,

1890 3179 2266 3251 ponitur,quaa
2277 3184 2515 3249 justitiz
2540 3181 2971 3253 interpretatur:
3007 3190 3064 3239 et
3086 3184 3374 3257 ideo,quia
3394 3188 3485 3258 ju-

1890 3269 2048 3323 stitia
2074 3269 2297 3323 Domini
2330 3275 2492 3324 rectae
2517 3271 2842 3325 creduntur.
2864 3272 3013 3327 Bene
3032 3274 3179 3344 quod
3190 3275 3379 3344 justus
3398 3282 3486 3331 est

1890 3358 2163 3411 Dominus
2184 3358 2518 3427 praedicatur
2539 3375 2549 3409 :
2573 3360 2933 3431 quia,inquit,
2951 3378 3007 3415 os
3036 3366 3151 3430 ejus
3167 3365 3242 3416 ad
3259 3367 3486 3419 iracun-

1890 3448 2044 3499 diam
2071 3449 2376 3514 provocavi.
2407 3446 2536 3500 Oris
2558 3448 2785 3517 quidem
2808 3450 3088 3518 judicium
3118 3451 3291 3522 priori
3318 3470 3484 3509 versu

1891 3550 1957 3588 ex
1982 3535 2098 3588 Phe
2121 3534 2309 3588 littera
2331 3536 2484 3604 juste
2504 3537 2729 3605 pertuli,
2747 3542 2806 3590 et
2834 3537 2959 3591 ideo
2993 3538 3137 3593 Sade
3166 3541 3378 3596 scilicet
3394 3544 3486 3612 ju-

1890 3622 2102 3678 stitiam
2125 3624 2246 3693 ejus
2282 3640 2293 3675 :
2327 3623 2657 3694 quiajustus
2677 3632 2763 3680 est
2789 3627 3076 3693 Dominus,
3100 3631 3354 3684 confiteri
3369 3648 3484 3687 non

1891 3712 2101 3778 distuli,
2135 3712 2268 3783 quia
2313 3729 2367 3766 os
2408 3716 2524 3781 ejus
2575 3716 2651 3767 ad
2702 3717 3062 3770 iracundiam
3116 3718 3479 3788 extrinsecus,

1901 3806 2151 3868 [350
2178 3817 2301 3872 qua:
2342 3801 2692 3873 spiritualem
2739 3804 2983 3874 perdidit
3019 3806 3478 3876 consolationem,

1888 3894 2197 3961 provocavi.
2223 3892 2405 3963 Supra
2434 3891 2604 3946 etiam
2634 3909 2748 3958 eos,
2765 3894 2860 3964 qui
2888 3898 3184 3950 transeunt
3203 3912 3305 3967 per
3333 3897 3484 3952 viam

1894 3980 2127 4047 scilicet,
2163 3980 2320 4051 quasi
2350 3982 2670 4052 pauciores;
2698 3998 2846 4037 nunc
2874 3999 3006 4037 vero
3031 3984 3102 4038 ad
3131 3984 3485 4042 consideran-

1891 4068 2025 4123 dum
2045 4070 2356 4124 Jerusalem
2376 4070 2461 4123 vel
2485 4071 2760 4141 propheta
2786 4071 3036 4125 dolorem
3062 4089 3246 4132 suum.
3270 4073 3487 4129 indiffe-

1888 4163 2081 4212 renter
2103 4176 2231 4213 cum
2262 4158 2648 4213 obsecratione
2675 4160 3485 4233 universosinvitat,quatenus

1891 4263 2031 4318 quos
2055 4263 2171 4301 una
2194 4247 2448 4302 condicto
2486 4248 2625 4319 ligat
2668 4254 2904 4311 naturae.
2931 4266 3046 4304 una
3079 4251 3181 4305 flat
3207 4252 3487 4307 vastitatis

1890 4338 2012 4407 ejus
2031 4336 2513 4407 compassio.Nam
2536 4353 2710 4408 supra
2730 4337 2975 4408 virgines
2995 4339 3281 4410 squalidas
3302 4341 3482 4413 luget,

202 4425 317 4479 nisi
373 4424 731 4495 praecipiente
777 4425 892 4479 Deo
934 4426 1090 4496 justo
1136 4443 1379 4498 veroque
1426 4444 1527 4481 suo
1560 4428 1797 4497 judicio.
1824 4429 1948 4503 Det
1974 4426 2235 4495 parvulos
2255 4425 2452 4481 ductos
2475 4443 2597 4481 esse
2645 4427 2931 4498 captivos:
2972 4445 3122 4483 nunc
3146 4446 3277 4484 vero
3312 4429 3484 4486 robu-

201 4514 271 4568 Et
305 4515 457 4582 facta
485 4521 562 4568 est
590 4516 917 4580 Jerusalem,
946 4517 1111 4583 quasi
1130 4519 1349 4586 polluta
1388 4520 1689 4570 menstruis
1719 4520 1805 4571 in-

203 4608 290 4657 ter
307 4603 564 4669 eos.Quia
580 4603 727 4658 sicut
746 4603 1099 4659 exsecrabilis
1112 4609 1200 4659 est
1220 4605 1423 4659 mulier
1455 4622 1520 4660 eo
1550 4611 1803 4677 tempore

202 4708 319 4764 quo
342 4699 636 4749 menstrua
670 4694 903 4764 patitur,
937 4694 1019 4748 ita
1048 4699 1105 4748 et
1134 4694 1214 4748 illi
1244 4694 1608 4750 exsecrabiles
1643 4699 1806 4750 erant

207 4787 249 4848 Ι
266 4785 465 4848 349
482 4782 680 4847 Judaei,
699 4787 756 4837 et
774 4787 909 4837 sunt
930 4800 1108 4855 usque
1131 4784 1298 4838 hodie
1321 4789 1437 4838 tam
1455 4784 1615 4838 nobis
1636 4801 1805 4855 quam

196 4876 256 4926 et
274 4869 537 4926 hostibus
554 4871 983 4927 suis-Caeterum
1007 4877 1201 4927 nostra
1218 4874 1549 4938 Jerusalem,
1583 4875 1805 4946 quoties

189 4960 597 5015 haereticorum
624 4961 865 5015 vallatur
886 4962 1152 5027 exercitu,
1178 4963 1501 5017 noverimus
1534 4964 1666 5034 quia
1694 4964 1807 5018 Do-

190 5050 392 5104 minus
415 5049 713 5104 adversum
742 5050 911 5105 Jacob
948 5051 1254 5115 mandavit,
1288 5052 1501 5106 scilicet
1540 5053 1807 5107 adversus

190 5137 537 5200 Ecclesium,
581 5156 703 5210 quae
732 5138 927 5193 debuit
960 5140 1093 5193 vitia
1121 5141 1483 5211 supplantare
1513 5147 1569 5195 et
1597 5142 1805 5196 doctri-

191 5242 339 5282 nam
368 5227 615 5297 perversi
648 5228 947 5299 dogmatis,
964 5235 1029 5283 ut
1052 5229 1495 5284 circumdaretur
1517 5230 1806 5286 obsidione

190 5315 632 5371 haereticorum:
675 5318 808 5387 quia
853 5319 1258 5372 consolatorem
1312 5319 1501 5373 amisit
1534 5320 1807 5390 Spiritum

193 5412 489 5474 sanctum,
513 5411 569 5460 et
591 5406 873 5460 doctorem
896 5408 1013 5461 sine
1036 5424 1145 5477 quo
1162 5408 1351 5462 nullus
1367 5409 1437 5462 ad
1458 5426 1648 5463 verum
1678 5426 1807 5464 eru-

192 5494 360 5549 ditur
384 5495 577 5561 fidem,
612 5495 798 5549 nullus
833 5496 1117 5550 relevetur
1146 5515 1177 5552 a
1207 5497 1375 5558 vitiis,
1398 5499 1585 5552 nullus
1605 5498 1812 5569 poterit

194 5584 487 5643 consolari
514 5584 666 5640 inter
695 5584 901 5641 hostes.
926 5585 998 5641 Et
1023 5584 1148 5642 ideo
1176 5586 1442 5659 expandit
1463 5604 1664 5643 manus
1679 5604 1811 5644 suas

1889 4514 2089 4568 stiores
2104 4530 2356 4586 quosque
2360 4516 2594 4585 juvenes
2624 4522 2681 4570 et
2698 4517 2939 4586 virgines
2950 4518 3255 4589 captivatas
3275 4519 3478 4590 plorat.

1891 4602 2103 4657 Idcirco
2134 4610 2408 4674 quantum
2440 4605 2678 4659 accrevit
2704 4606 2937 4671 malum,
2967 4611 3190 4662 tantum
3237 4612 3295 4662 et
3323 4608 3482 4663 dolo-

1889 4708 2015 4746 rum
2039 4693 2285 4762 gemitus
2312 4694 2775 4764 multiplicantur.
2807 4696 2968 4750 Unde
3004 4712 3117 4751 non
3143 4696 3487 4767 quibuslibet

1887 4781 2039 4846 dicit,
2074 4780 2160 4835 via
2191 4782 2349 4851 regia
2373 4781 2780 4852 gradientibus,
2820 4798 3016 4838 verum
3054 4801 3250 4841 omnes
3287 4788 3360 4841 ad
3404 4788 3483 4844 la-

1887 4874 2142 4924 mentum
2174 4870 2614 4938 invitat.Audite,
2629 4871 2831 4941 inquit,
2846 4873 3074 4938 obsecro,
3107 4878 3359 4931 universi
3380 4892 3481 4946 po-

1880 4961 2029 5029 puli,
2062 4965 2111 5014 et
2134 4962 2309 5014 videte
2332 4962 2573 5014 dolorem
2597 4977 2800 5025 meum,
2837 4961 3108 5032 quoniam
3131 4980 3244 5019 non
3267 4964 3482 5037 absque

1889 5065 2094 5119 magno
2133 5048 2342 5103 intuitu
2388 5053 2443 5103 et
2491 5048 2939 5105 consideratione
2988 5050 3231 5107 discerni
3275 5058 3477 5123 potest.

1887 5138 2121 5210 Mystice
2149 5143 2336 5192 autem
2373 5138 2617 5193 Ecclesia
2638 5155 2808 5210 supra
2831 5155 2998 5211 quam
3021 5146 3170 5196 recte
3198 5142 3311 5196 oris
3333 5140 3481 5210 judi-

1888 5228 2034 5282 cium
2065 5228 2316 5299 pertulit,
2349 5232 2482 5297 quia
2510 5246 2565 5282 os
2591 5228 2832 5296 Domini,
2861 5230 2921 5283 in
2952 5230 3253 5301 Scripturis
3283 5230 3476 5297 sacris,

1891 5318 1960 5371 ad
1987 5316 2335 5371 iracundiam
2358 5317 2695 5388 provocavit.
2717 5319 2839 5382 Quo
2850 5319 3115 5373 nimirum
3131 5316 3341 5388 judicio
3363 5336 3483 5374 cor-

1890 5412 2065 5471 recta,
2099 5406 2294 5460 didicit
2331 5405 2570 5462 Domino
2599 5408 2854 5463 confiteri
2885 5428 2896 5462 :
2933 5411 3121 5462 Justus
3144 5413 3237 5472 est,
3274 5407 3476 5481 inquit,

1890 5498 2175 5559 Dominus,
2197 5499 2331 5565 quia
2351 5513 2406 5550 os
2427 5501 2543 5566 ejus
2560 5499 2634 5551 ad
2651 5499 3011 5551 iracundiam
3036 5498 3478 5566 provocavimus,

1888 5585 2221 5643 Perducitur
2238 5601 2482 5659 namque
2497 5587 2727 5660 querela
2736 5585 2877 5642 tanti
2894 5585 3484 5659 discriminisadagni-
