3960 6168
587 248 721 310 1095
1349 256 1407 312 S.
1449 254 1822 309 PASCHASII
1863 252 2225 309 RADBERTI
2262 257 2567 318 ABBATIS
2605 264 3099 323 CORBEIENSIS.
3637 276 3736 336 1096

573 376 785 431 tionem
813 378 1106 433 sententiae
1128 378 1269 448 justi
1293 378 1520 449 judicia,
1546 384 1610 433 ut
1638 379 1934 434 addiscant
1959 380 2167 445 cuncti,
2191 384 2233 440 A
2256 382 2314 437 in
2348 388 2736 445 confusionem
2766 391 2847 446 ire
2868 393 3088 449 misera:
3117 394 3449 465 captivitatis,
3483 416 3609 470 spem
3631 406 3743 459 uteri

575 465 794 562 si-nihil
821 465 895 520 sit
943 466 1066 562 sine
1107 483 1277 562 causa
1303 484 1473 538 super
1518 474 1750 562 terram,
1784 469 1933 539 quod
1963 486 2170 562 sponsa
2252 474 2337 527 sui
2362 474 2432 529 ab
2452 478 2704 533 hostibus
2717 480 3341 553 violari.Profecto,quia
3355 465 3546 556 quando
3562 490 3743 562 quisque

578 554 787 611 Christi
813 554 1059 626 pretioso
1088 556 1379 626 redempta
1426 557 1718 626 sanguine,
1748 573 1860 611 non
1893 559 2015 611 sine
2068 558 2142 612 De

2251 569 2453 625 viderit
2475 574 2721 630 sobolem
2753 577 3009 648 deperire
3035 597 3216 646 suam,
3247 589 3417 637 certus
3439 589 3513 637 est
3536 602 3662 656 spem
3682 589 3743 643 fu-

573 644 926 716 providentia
943 644 1117 698 tantis
1138 644 1399 698 tunditur
1416 645 1797 699 tentationum
1825 645 2170 709 ﬂuctibus,et
2250 663 2392 713 tum
2417 664 2801 731 generationis
2823 644 2937 721 έαω
2955 644 3229 723 amisisse;

576 732 939 804 impugnatur
965 731 1035 785 ab
1064 731 1318 786 hostibus
1349 733 1478 805 (Job,
1504 737 1580 800 γ).
1605 735 1824 789 Etenim
1849 736 2166 802 conﬁtetur,

575 821 710 891 quia
736 837 798 874 os
822 819 1049 873 Domini
1065 820 1136 874 ad
1157 820 1504 875 iracundiam
1529 823 1863 892 provocavit,
1885 839 1995 877 non
2019 823 2167 894 quod

572 890 827 962 membra
874 908 1117 962 hominis
1155 908 1336 964 Deum
1375 910 1572 965 doceat
1599 911 1826 976 habere,
1872 912 1969 965 sed
2017 911 2163 965 sicut
2333 890 2519 944 νοσαυί
2544 897 2749 948 amicos
2781 913 2939 963 meo“,
2974 904 3021 951 εί
3042 901 3152 967 itm.
3176 901 3483 968 demerunt
3508 904 3744 959 tne-50w-

572 996 804 1050 aﬂ‘ectus
832 997 1064 1050 humani
1094 999 1305 1068 tropice
1334 998 1692 1053 ascribuntur
1712 999 1783 1066 ei,
1801 1000 1883 1053 ita
1906 1004 1963 1053 et
1992 1016 2136 1054 mem

2244 977 2387 1031 dotes
2434 984 2559 1046 mei,
2611 988 2660 1036 et
2688 1000 2835 1038 senes
2864 989 2995 1050 mei,
3040 990 3104 1041 in
3150 990 3283 1042 urbe
3320 993 3596 1059 consumpti
3617 999 3743 1046 sunt:

569 1083 699 1151 bra;
752 1084 887 1155 quia
932 1085 1069 1139 illud
1112 1085 1657 1157 incircumscriptum
1708 1088 1916 1151 lumen,
1961 1094 2018 1141 et
2062 1089 2165 1142 im,
2244 1071 2378 1137 quia
2401 1074 2737 1137 quaesierunt
2765 1077 2947 1128 cibum
2965 1078 3089 1140 sibi,
3112 1078 3743 1145 utre/ccillarentanimam

568 1189 766 1227 mensa
789 1172 890 1227 Dei
915 1174 1200 1244 majestas,
1230 1175 1574 1229 lineamenta
1605 1176 1853 1246 corporis
1883 1193 1993 1230 non
2011 1176 2132 1230 novi

2244 1174 2425 1212 suam.
2443 1159 2693 1214 Primum
2707 1178 2838 1232 ergo
2854 1163 3008 1234 Coph
3027 1165 3383 1235 quaerendum
3399 1167 3531 1237 quod
3543 1167 3748 1239 interpre-

568 1261 795 1328 habere,
816 1263 914 1316 sed
927 1279 1029 1332 per
1046 1280 1109 1317 os
1126 1262 1357 1318 verbum
1370 1263 1438 1317 de
1460 1281 1556 1317 ore
1577 1265 1762 1318 Patris
1781 1265 2159 1336 progenitum,
2245 1250 2415 1300 tetu“
2441 1247 2595 1319 δορὴ
2619 1250 2847 1319 (Ιῑιίάθηι
2872 1256 3077 1307 vocati"
3102 1254 3324 1308 diCitllP-
3348 1255 3494 1309 Unde
3530 1257 3747 1321 continuo.

566 1367 628 1406 se
658 1351 729 1405 ad
749 1350 1098 1405 iracundiam
1128 1368 1454 1422 provocasse
1478 1354 1795 1407 conﬁtetun
1828 1356 1907 1407 Ac
1936 1354 1984 1407 si
2016 1354 2162 1408 dim-
2245 1336 2404 1406 quasi
2434 1337 2689 1393 alludens
2710 1340 2780 1393 ad
2818 1341 3068 1397 litteram
3102 1361 3114 1396 :
3170 1346 3368 1409 Vocavi,
3391 1345 3571 1416 inquit,
3595 1351 3745 1400 amicos

566 1443 703 1493 tur:
744 1439 881 1493 Meis
920 1440 1104 1509 pravis
1142 1439 1378 1507 actibus,
1415 1442 1633 1510 justum
1691 1442 1981 1511 provocavi
2013 1442 2130 1513 judi

2244 1440 2407 1489 meos,
2430 1432 2478 1479 et
2518 1430 2623 1495 ipsi
2649 1430 2969 1498 deceperunt
2998 1449 3098 1486 me.
3123 1432 3407 1505 Egyptios
3433 1434 3598 1488 volens
3620 1435 3750 1506 signi-

567 1543 709 1593 σθω,
739 1532 909 1596 atque
929 1527 1174 1597 compuli
1204 1532 1409 1581 natura
1436 1527 1790 1593 clementem,
1812 1529 2010 1583 duram
2036 1546 2165 1583 con-
2245 1514 2675 1585 ﬁcare,quorum
2697 1520 3017 1589 semperusi
3037 1522 3347 1576 suntJudazi
3366 1523 3750 1577 amicitiis.Sedin

565 1619 658 1668 tra
687 1631 778 1669 me
827 1615 972 1669 ferre
1002 1615 1362 1670 sententiam.
1417 1615 1628 1670 Idcirco
1679 1619 1887 1683 audite,
1930 1620 2129 1672 obsecro

2189 1674 2220 1683 Α
2243 1607 2496 1673 tempore
2516 1605 2710 1674 prima:
2729 1607 3089 1678 captivitatis.
3112 1616 3213 1664 aut
3228 1611 3434 1666 ultimze
3451 1611 3544 1665 sub
3570 1616 3751 1679 I85!

567 1707 819 1758 universi
842 1707 1052 1773 populi,
1086 1710 1134 1759 et
1154 1707 1325 1759 videte
1352 1706 1594 1759 dolorem
1623 1722 1826 1759 mcum.
1861 1707 2069 1761 Omnes
2091 1708 2162 1761 ad
2181 1674 2223 1733 Β
2245 1690 2530 1747 Romanis-
2554 1693 2660 1763 iPSi
2688 1695 3415 1770 ἀθοθΡθιύηῖίΠοενίίυδΠάο
3431 1708 3658 1755 vocantes
3671 1718 3751 1766 θοδι

565 1791 866 1847 videndum
890 1793 1143 1847 dolorem
1168 1810 1336 1847 suum
1367 1793 1586 1859 invitat,
1613 1794 1745 1864 quia
1783 1795 2162 1849 calamitatem
2244 1784 2300 1838 in
2332 1786 2533 1855 qnibus
2561 1792 2705 1842 teste
2727 1790 3186 1860 IsaialcaP-xxxls
3204 1794 3439 1848 minime
3455 1794 3751 1859 conﬁdebant:

565 1897 727 1936 suam
758 1882 1124 1952 multiplicem
1153 1888 1210 1935 et
1252 1881 1701 1937 inaestimabilem
1737 1890 2056 1955 perpensat,
2098 1891 2164 1940 ut
2243 1873 2459 1928 "unum
2492 1876 2852 1946 Pmbuel‘uut
2878 1880 3168 1935 auxilium.
3202 1883 3319 1936 Hoc
3357 1888 3411 1937 et
3456 1882 3754 1937 Rabsacenin

566 1970 809 2024 aliorum
841 1971 1246 2042 commissione,
1296 1971 1634 2025 anxietatem
1679 1988 1840 2026 suam
1887 1974 2162 2042 quodam-
2244 1964 2438 2017 eodem
2470 1966 2753 2036 prophetae
2785 1967 2924 2022 libro
2952 1970 3225 2025 clamasse
3249 1971 3635 2043 legimus,un
3658 1971 3754 2024 mul-

564 2059 734 2113 modo
765 2060 984 2114 allevet.
1017 2061 1098 2114 De
1124 2077 1233 2131 quo
1263 2077 1397 2115 sane
1422 2077 1592 2115 sensu
1612 2062 1731 2131 jam
1759 2078 1930 2133 supra
1957 2062 2162 2117 dixisse
2244 2056 2359 2104 tam
2390 2051 2447 2104 ίῐι
2479 2053 2559 2105 eis
2588 2054 2845 2109 ﬁdUCiam
2874 2056 3174 2112 habuerint
3206 2061 3538 2126 (Iw-XXXVI“
3557 2061 3644 2115 Sed
3662 2076 3755 2130 ‘1“0‘

562 2148 825 2213 sufﬁciat,
872 2148 979 2202 nisi
1024 2149 1172 2220 quod
1199 2150 1436 2218 juvenes
1473 2166 1539 2203 ac
1580 2149 1821 2220 virgines
1859 2150 2062 2205 abiisse
2102 2151 2163 2205 in
2243 2140 2408 2193 Πλοάο
2438 2157 2533 2195 θοε
2577 2142 2898 2215 deceperint
2948 2148 3142 2212 Vocati,
3198 2149 3372 2203 Isaias
3422 2149 3623 2220 Ρτοάίῒί
3656 2151 3754 2216 Ουία

563 2236 945 2307 captivitatem
974 2238 1079 2291 hoc
1097 2238 1341 2308 amplius
1358 2238 1635 2308 deplorat.
1653 2239 1905 2309 Denique
1923 2241 2127 2309 juvene

2243 2232 2368 2295 erit,
2415 2229 2618 2300 inquit,
2675 2238 2825 2286 terra
2869 2237 3027 2289 Ja'dz
3048 2239 3275 2306 Egi/pta
3306 2241 3368 2292 in
3395 2240 3477 2292 die
3502 2240 3754 2293 vastationis

564 2325 714 2395 quod
741 2325 811 2378 de
837 2325 989 2379 fonte
1012 2325 1365 2396 baptismatis
1395 2327 1641 2381 Ecclesia
1683 2327 1878 2389 edidit,
1912 2334 1969 2382 et
1999 2328 2163 2398 virgi-
2242 2333 2453 2380 eorum:
2474 2322 2535 2373 ῖη
2556 2323 2859 2387 formidine
2883 2329 2933 2376 εί
2952 2340 3155 2393 Pavo”
3182 2345 3199 2379 -'
3215 2330 3395 2381 οῖηηίδ
3414 2330 3506 2396 ρυί
3522 2328 3654 2380 illi"!
3676 2328 3757 2393 Γυε·

563 2429 665 2467 nee
697 2429 837 2484 quas
868 2414 1175 2469 immortali
1191 2431 1396 2486 sponso
1415 2415 1636 2469 Chi-isto
1661 2416 1769 2469 ﬁde
1793 2417 2156 2484 consecravit,
2243 2410 2321 2460 rit
2351 2410 2688 2475 recordatus,
2693 2413 2911 2477 pavebit
2934 2414 3120 2479 afacie
3141 2418 3373 2469 consilii
3392 2418 3598 2470 Domini
3612 2418 3758 2469 exerci-

568 2502 789 2573 quoties
809 2507 910 2556 aut
937 2503 1327 2558 haereticorum
1348 2504 1622 2574 pravitate
1634 2512 2131 2576 corrumpuntur,a

2245 2499 2425 2560 tuum,
2456 2499 2600 2565 quod
2632 2501 2743 2566 ipse
2772 2502 3029 2567 cogitavit
3068 2518 3237 2570 super
3285 2520 3403 2558 eam
3433 2506 3552 2571 (Isa.
3588 2503 3682 2572 xu).
3708 2503 3759 2556 Ex

552 2590 829 2654 vitiorum
860 2591 1054 2647 usibus
1083 2598 1523 2663 constuprantur
1558 2612 1569 2647 :
1614 2598 1847 2659 [35]
1885 2611 1995 2649 non
2020 2596 2155 2661 loco,
2244 2600 2353 2655 quo
2376 2586 2505 2656 jure
2530 2586 2748 2657 ἀθοθρῐί
2774 2588 3054 2655 dicuntur,
3090 2590 3227 2659 (illia
3256 2592 3431 2661 magis
3467 2596 3761 2663 speraverant

562 2680 663 2735 sed
692 2685 880 2735 mente
908 2681 965 2735 in
985 2680 1349 2752 Babylonem,
1369 2682 1425 2735 id
1447 2687 1534 2736 est
1560 2682 1618 2736 in
1640 2683 2021 2738 confusionem
2038 2701 2161 2755 pec-
2242 2673 2301 2727 in
2331 2675 2411 2728 eis
2436 2675 2685 2730 derelicti
2712 2676 2812 2731 Dei
2843 2677 3075 2731 auxilio:
3100 2695 3165 2732 ex
3188 2680 3394 2750 quibus
3414 2698 3519 2734 non
3538 2678 3760 2749 dicoquod

559 2770 671 2825 cati
699 2771 1089 2841 captivantur:
1125 2771 1391 2840 quoniam
1421 2773 1521 2839 qui
1553 2773 1834 2824 meretrici
1862 2775 2156 2839 conjungi-
2241 2763 2320 2817 eis
2367 2764 2636 2818 auxilium
2666 2764 2893 2826 fuerint,
2927 2783 3118 2821 verum
3157 2768 3359 2823 exinde
3406 2769 3572 2839 magis
3604 2768 3761 2822 offenso

562 2865 677 2924 tur,
715 2876 897 2913 unum
941 2875 1135 2927 corpus
1172 2860 1417 2926 efﬁcitur
1446 2860 1495 2929 (Ι
1530 2860 1652 2913 Cor.
1684 2861 1777 2923 Vl).
1811 2859 1881 2912 Et
1907 2859 2038 2913 inde
2070 2865 2157 2914 est
2237 2851 2372 2916 D80,
2403 2852 2570 2906 etiam
2603 2854 2684 2907 eis
2731 2854 2969 2908 formido
3017 2859 3187 2925 atque
3227 2874 3401 2928 pavor
3445 2874 3537 2928 pro
3563 2856 3759 2910 recorda-

561 2947 709 3017 quod
738 2951 934 3000 tantus
958 2947 1141 3000 luctus
1168 2951 1226 3000 et
1243 2947 1402 2999 dolor
1426 2945 1742 3013 adhibetur,
1757 2953 1821 3001 ut
1842 2947 1925 2999 vix
1948 2947 2017 3001 ab
2034 2949 2157 3002 uni-
2236 2940 2388 2995 tione
2431 2958 2626 2996 eorum
2655 2944 2977 3002 accreverit.
3011 2944 3168 3008 Ωιιοά
3201 2952 3395 3001 autem
3431 2947 3705 3001 sacerdotes
3724 2950 3763 2998 ei

564 3035 738 3087 versis
759 3034 930 3087 etiam
967 3034 1144 3087 videri
1175 3035 1261 3087 vel
1287 3034 1529 3103 intelligi
1558 3035 1837 3089 credatur.
1872 3036 2148 3091 Caeterum
2168 3032 2211 3092 C
2232 3047 2394 3085 senes
2420 3029 2477 3083 in
2508 3031 2646 3085 urbe
2672 3033 2987 3104 consumpti
3019 3034 3389 3105 planguntur,
3425 3038 3555 3091 nulli
3582 3036 3761 3089 dubium

561 3121 753 3175 anima
782 3138 905 3191 quae
932 3123 1169 3191 jamjam
1191 3139 1255 3176 ex
1285 3123 1399 3176 oris
1422 3122 1634 3191 judicio
1663 3124 1950 3194 suppliciis
1981 3126 2150 3180 casti-
2236 3119 2371 3188 quin
2400 3119 2503 3172 sub
2535 3120 2854 3192 Babyloniis
2902 3126 2959 3175 et
2986 3122 3089 3176 sub
3118 3123 3390 3179 Romanis
3431 3126 3485 3179 id
3512 3123 3728 3179 accidisse
3752 3137 3761 3172 :

560 3213 748 3280 gatur.
771 3210 902 3279 jure
931 3211 1401 3281 conﬁtetur,quod
1417 3212 1606 3280 justus
1627 3216 1710 3265 est
1730 3211 2152 3267 Dominusiniis
2230 3208 2393 3277 juxta
2444 3224 2735 3278 anagogen
2765 3226 2911 3275 vero,
2947 3211 3192 3265 Ecclesia
3232 3219 3392 3268 vocat
3419 3231 3555 3285 saepe
3581 3213 3759 3275 amicos.

557 3314 679 3368 quae
701 3297 912 3368 patitur
947 3315 957 3351 :
992 3298 1123 3368 quia
1145 3298 1298 3369 prius
1329 3299 1515 3370 pravis
1542 3299 1731 3353 illecta
1753 3300 2065 3367 desideriis,
2090 3318 2151 3356 os
2235 3311 2330 3349 eos
2354 3296 2610 3350 videlicet
2639 3314 2778 3368 quos
2806 3298 2864 3351 in
2894 3299 3003 3354 ﬁde
3033 3300 3219 3354 socios
3248 3302 3452 3357 habere
3489 3308 3647 3373 putat.
3682 3297 3763 3370 Ipsi

554 3387 781 3441 Domini
815 3388 906 3457 (ut
947 3387 1176 3457 dignam
1224 3404 1325 3458 pro
1371 3404 1536 3458 poena
1573 3389 1785 3459 peccati
1813 3390 2153 3444 sententiam
2235 3401 2362 3438 vero
2393 3401 2515 3438 eam
2541 3385 2841 3457 decipiunt,
2873 3389 3121 3460 corrupti
3152 3390 3265 3444 ﬁde
3298 3391 3596 3462 intus,quia
3613 3391 3763 3451 latent,

553 3479 750 3530 contra
768 3492 893 3530 eam
915 3475 1213 3547 proferret)
1232 3477 1302 3530 ad
1323 3475 1671 3531 iracundiam
1684 3478 2154 3548 provocavit.Non
2234 3479 2384 3526 certe
2413 3478 2511 3527 aut
2538 3474 2673 3528 foris
2693 3475 2827 3529 dum
2851 3494 2917 3529 ex
2938 3477 3098 3531 nobis
3125 3479 3402 3546 exierunt,
3419 3498 3448 3534 e
3476 3485 3648 3535 contra
3670 3476 3767 3549 quia

552 3565 706 3621 enim
730 3565 897 3619 aliter
924 3570 1131 3636 potest.
1162 3565 1296 3636 quia
1318 3569 1507 3634 justus
1537 3572 1613 3620 est
1660 3568 1722 3620 in
1761 3568 2017 3620 omnibus
2047 3569 2151 3620 viis
2234 3568 2490 3631 pugnant
2522 3564 2563 3630 (Ι
2598 3566 3089 3633 Joan.n).Necnon
3115 3570 3173 3620 et
3204 3569 3341 3622 mali
3376 3567 3655 3622 Christiani
3681 3563 3766 3634 qui-

552 3656 688 3721 suis,
721 3659 883 3723 atque
913 3656 1166 3723 operibus
1212 3658 1329 3709 suis
1368 3657 1521 3725 (Psal
1575 3659 1776 3714 cxuv).
1834 3655 1958 3718 Qua
2014 3671 2148 3725 ergo
2231 3652 2365 3707 libet
2408 3653 2749 3709 sublimioris
2772 3656 3115 3726 prafecturee
3143 3656 3203 3711 in
3249 3657 3488 3713 fascibus
3511 3654 3762 3719 constituti,

550 3744 835 3798 sententia
857 3742 1200 3798 confusionis
1222 3760 1337 3798 suae
1356 3744 1546 3798 anima
1570 3743 1868 3814 opprobrio
1898 3743 2144 3814 perfusa,
2231 3758 2472 3812 quorum
2501 3760 2646 3814 saepe
2684 3744 2866 3799 utitur
2913 3745 3156 3800 Ecclesia
3208 3747 3491 3816 amicitiis,
3530 3744 3765 3801 interdum

550 3848 665 3886 non
716 3832 888 3886 audet
935 3833 1124 3887 oculos
1170 3838 1302 3887 ante
1323 3834 1540 3903 justum
1572 3832 1842 3903 judicem,
1877 3849 2045 3903 quem
2074 3832 2146 3885 ad
2228 3847 2353 3885 eam
2405 3831 2691 3903 decipiunt
2722 3832 3064 3904 quibuslibet
3089 3836 3389 3906 pravitatis
3416 3853 3526 3891 suae
3554 3831 3761 3906 ingeniis,

548 3921 899 3976 iracundiam
941 3921 1279 3992 provocavit,
1312 3921 1549 3991 erigere,
1596 3920 1694 3974 sed
1743 3920 1813 3974 ad
1855 3919 2145 3974 universos
2226 3920 2312 3973 vel
2344 3919 2679 3977 illecebrosas
2708 3922 2832 3976 vitae
2863 3924 3134 3993 exemplis
3161 3942 3172 3976 :
3203 3941 3318 3980 non
3351 3926 3495 3997 quod
3516 3922 3661 3979 amici
3682 3921 3763 3975 sint

547 4010 635 4064 sui
665 4017 951 4066 consortes
981 4012 1225 4065 clamare
1254 4026 1365 4065 non
1395 4014 1596 4075 cessat,
1630 4015 1695 4065 ut
1733 4010 1857 4079 ejus
1896 4009 2145 4063 dolorem
2228 4008 2304 4074 hi,
2337 4010 2434 4062 sed
2475 4011 2637 4080 juxta
2665 4012 3034 4081 antiphrasin,
3065 4029 3131 4066 eo
3160 4014 3314 4084 quod
3348 4016 3463 4069 sint
3494 4012 3636 4084 quasi
3660 4007 3759 4064 socii

548 4100 800 4166 audiant,
829 4103 1064 4172 ejusque
1093 4103 1306 4155 luctum
1335 4101 1578 4155 videant.
1603 4100 1873 4170 Denique,
1899 4100 2030 4170 quia
2058 4105 2145 4155 ta-
2229 4113 2454 4165 mensae,
2503 4099 2760 4153 scelerati
2788 4101 2917 4167 ﬁde,
2951 4106 3008 4155 et
3045 4102 3311 4172 cperibus
3352 4103 3599 4158 Ecclesiae
3644 4100 3762 4154 dece

544 4187 616 4240 lis
647 4192 734 4241 est
761 4194 977 4242 naturae
1006 4194 1209 4243 nostrae
1238 4189 1593 4255 aﬂ'ectus,vel
1621 4188 1829 4243 doloris
1861 4188 2037 4242 nostri
2059 4189 2145 4243 vel
2228 4193 2443 4257 ptores;
2472 4193 2529 4241 et
2558 4189 2705 4259 quod
2729 4190 2890 4259 pejus
2919 4196 3023 4256 est,
3042 4197 3174 4245 tunc
3206 4193 3351 4247 tales
3380 4199 3655 4247 contraeos
3674 4202 3764 4241 cru-

544 4274 757 4344 gaudii,
789 4275 929 4329 alios
960 4292 1276 4345 qumramus
1319 4293 1487 4347 quam
1519 4293 1663 4348 saepe
1692 4277 2135 4348 comparticipes,
2221 4275 2402 4330 delius
2447 4279 2701 4344 saeviunt,
2759 4295 2885 4332 cum
2943 4281 3263 4336 sacerdotes
3320 4288 3378 4336 et
3436 4298 3587 4336 senes
3635 4278 3761 4349 (quos

547 4368 823 4436 quatenus
848 4380 1044 4418 eorum
1072 4365 1343 4418 solatione
1373 4365 1606 4431 suifulti,
1640 4367 1858 4436 pondus
1898 4351 2203 4421 tristitiieD
2225 4365 2399 4419 Graeci
2430 4368 2662 4437 γέροντας
2690 4371 2906 4431 vocant)
2931 4368 2990 4422 in
3019 4368 3179 4423 nobis
3206 4371 3357 4426 fame
3380 4371 3529 4425 verbi
3555 4367 3643 4424 Dei
3669 4380 3764 4419 con-

544 4453 632 4508 vel
649 4453 844 4524 gaudii
862 4452 1219 4525 splendorem
1240 4452 1414 4506 levius
1420 4453 1839 4523 jucundiusque
1873 4455 2139 4509 feramus.
2224 4454 2432 4525 sumpti
2462 4455 2756 4510 laborant:
2785 4459 3115 4527 praesertim,
3147 4459 3281 4530 quia
3321 4465 3588 4514 sectantes
3614 4467 3763 4510 carna-

545 4543 705 4598 Unde
732 4544 826 4598 ille
850 4545 911 4599 in
931 4542 1230 4615 Evangelio
1251 4545 1402 4613 (Luc.
1426 4541 1651 4613 xv),qui
1678 4558 1835 4596 ovem
1864 4544 2143 4614 perditam
2224 4544 2294 4597 lis
2321 4544 2446 4597 vitae
2472 4545 2644 4610 lucra,
2680 4546 2858 4616 magis
2888 4552 3146 4617 quierunt
3173 4548 3365 4603 cibum
3399 4565 3508 4620 quo
3549 4547 3761 4601 miseram

543 4631 853 4700 requisivit,
910 4634 995 4688 vel
1046 4632 1251 4687 mulier
1305 4648 1428 4704 quae
1465 4630 1789 4686 drachmam
1834 4632 2139 4699 adinvenit,
2225 4632 2535 4687 refocillent
2558 4634 2727 4688 vitam
2752 4634 2852 4702 (uti
2871 4635 2991 4704 jam
3013 4653 3182 4707 supra
3203 4637 3594 4708 exposuimus),
3625 4644 3759 4705 quam

542 4726 851 4775 convocant
885 4722 1097 4778 amicos
1137 4727 1194 4777 et
1229 4721 1440 4776 vicinos
1478 4721 1726 4775 volentes
1759 4720 1964 4775 habere
1993 4738 2143 4775 com-
2222 4721 2416 4792 epulas
2440 4721 2564 4776 illas
2585 4723 2835 4777 caelestes
2855 4723 2924 4777 de
2945 4723 3152 4779 ferculo
3176 4725 3490 4781 Salomonis
3510 4718 3760 4795 (σαηελιι),

545 4806 845 4879 participes
881 4811 1075 4880 gaudii
1109 4812 1218 4877 sui,
1242 4817 1299 4866 et
1326 4815 1615 4866 consortes
1653 4810 1880 4864 laetitiae.
1917 4810 2139 4874 Quanto
2222 4815 2278 4863 et
2302 4826 2367 4863 ex
2397 4810 2632 4880 prandio
2663 4812 2811 4881 quod
2839 4817 3099 4883 paratum
3131 4814 3189 4868 in
3219 4813 3520 4885 Evangelio
3540 4807 3762 4884 pradica-

543 4896 726 4966 magis
749 4896 940 4951 anima
961 4899 1128 4955 debet
1155 4916 1457 4955 convocare
1483 4916 1697 4964 omnes,
1724 4915 1849 4970 qua:
1881 4915 2012 4953 suos
2028 4912 2140 4953 non
2222 4903 2317 4952 tur
2339 4899 2554 4963 (Matth.
2592 4904 2750 4970 xxu),
2803 4901 3202 4974 sapientiaeque
3251 4904 3521 4971 convivio,
3551 4901 3612 4956 ad
3647 4890 3763 4968 quod

545 4985 719 5041 audet
746 4986 934 5041 oculos
979 4988 1216 5058 erigere,
1259 4989 1473 5060 pudore
1514 4988 1861 5043 confusionis
1901 5004 2017 5042 suae
2049 5004 2144 5059 op-
2224 4986 2476 5041 omnium
2507 4989 2721 5043 vocatio
2740 4990 2893 5061 Coph
2932 4990 3124 5045 littera
3165 4992 3510 5063 designatur,
3558 5002 3680 5060 qum,
3717 4984 3766 5033 ιιι

544 5092 739 5148 pressa
768 5075 840 5130 ad
882 5076 1079 5141 Deum,
1124 5094 1291 5148 quem
1328 5078 1493 5133 malis
1531 5079 1648 5133 suis
1688 5078 1760 5132 ad
1791 5077 2141 5132 iracundiam
2224 5075 2484 5144 diximus,
2538 5081 2744 5132 vocalia
2792 5079 3215 5151 interpretatur.
3270 5080 3450 5136 Vocat
3508 5083 3677 5132 autem
3723 5073 3766 5122 et

545 5166 909 5233 conduxerat,
928 5170 994 5220 ut
1022 5166 1171 5236 apud
1183 5166 1513 5222 clementem
1531 5167 1780 5237 judicem
1806 5166 2145 5221 intercesso-
2228 5165 2416 5219 anima
2446 5166 2743 5225 moraliter;
2762 5167 2971 5222 amicos
2995 5186 3146 5235 suos,
3187 5170 3376 5224 dulces
3409 5167 3645 5222 videlicet
3661 5173 3764 5215 sua-

544 5271 656 5321 res,
688 5272 789 5326 per
815 5254 1259 5327 compassionem
1290 5256 1498 5310 doloris
1528 5262 1586 5310 et
1605 5256 1832 5319 amoris,
1867 5256 2145 5311 existant?
2229 5271 2434 5325 vesque
2485 5255 2667 5310 carnis
2692 5273 2811 5311 sua:
2838 5257 3087 5325 affectus,
3130 5258 3225 5314 sed
3253 5259 3363 5330 ipsi
3412 5270 3632 5330 quorum
3660 5250 3763 5305 dum

546 5343 709 5409 Quod
738 5351 929 5400 autem
962 5346 1197 5416 juvenes
1227 5346 1350 5415 ejus
1399 5351 1456 5399 et
1491 5346 1736 5415 virgines
1764 5346 2141 5417 captivantur,
2228 5344 2436 5398 fruitur
2453 5346 2735 5413 amicitiis,
2753 5363 2881 5401 mox
2911 5364 3035 5402 eam
3065 5346 3386 5419 decipiunt:
3416 5353 3473 5401 et
3488 5362 3600 5416 quae
3622 5338 3766 5407 regale

553 5434 799 5488 ostendit
825 5451 885 5489 se
910 5434 1089 5506 magis
1108 5435 1241 5489 inde
1261 5434 1471 5502 dolere,
1486 5434 1622 5488 dum
1642 5434 1841 5489 viderit
1866 5435 2148 5489 robustio-
2229 5437 2595 5489 sacerdotium
2624 5436 2673 5508 (Ι
2693 5440 2837 5494 Petr.
2870 5440 2931 5507 ΙΙ)
2963 5456 3083 5493 esse
3110 5437 3321 5502 debuit,
3356 5431 3701 5507 voluptatibus
3723 5430 3766 5478 et

558 5538 650 5581 res
678 5522 861 5579 cordis
885 5525 1007 5598 ejus
1036 5524 1293 5593 allectus,
1323 5523 1412 5579 vel
1443 5522 1726 5595 virgineas
1755 5523 2143 5595 cogitationes,
2231 5523 2522 5580 desideriis
2561 5525 2765 5595 illecta,
2816 5527 2976 5599 quasi
3012 5544 3113 5601 pro
3158 5528 3276 5583 cibo
3320 5527 3391 5582 ad
3429 5516 3765 5581 refocillandas

2970 798 3128 837 COPH.
