3960 6168
208 218 349 275 1097

885 219 1264 276 EXPOSI'I‘IO
1304 220 1380 275 IN
1418 218 2024 276 LAMENTATIONES
2060 220 2407 279 JEREML‘E.
2448 247 2514 266 -
2554 222 2691 280 LIB.
2738 224 2785 280 Ι.

3337 223 3475 289 1098

199 343 390 396 carnis
418 357 534 396 suae
563 341 1040 412 concupiscentiae
1067 342 1302 398 laborat.
1323 341 1866 406 Quibusconsum-A
1885 342 2038 398 omni
2072 344 2467 413 amaritudine,
2498 346 2652 402 intus
2680 346 2878 403 forisve
2905 348 3318 419 tribulationis;
3342 369 3478 426 qua-

200 437 302 501 pta
343 431 676 500 dignitatem
724 430 1021 485 sacerdotii
1052 438 1109 486 et
1149 432 1529 486 maturitatem
1560 431 1797 496 consilii,

199 536 305 591 per
319 520 689 590 indigentiam
707 520 998 591 sapientiae
1020 527 1078 575 et
1092 520 1338 592 inopiam
1363 521 1652 586 virtutum,
1672 536 1800 591 per-

199 608 594 679 dit.Egyptus
614 624 754 663 vane
776 608 1001 679 quidem
1022 608 1577 681 auxiliabitur(Ezech
1602 608 1798 675 xxxx):

198 697 339 767 quia
366 698 611 753 mundus
629 698 855 756 transit.
887 703 946 752 et
973 697 1158 752 omnis
1186 697 1638 769 concupiscentia
1657 698 1799 767 ejus.

197 783 299 839 Est
328 790 521 840 autem
546 784 777 840 baculus
803 785 1149 840 arundineus
1177 792 1348 857 atque
1390 790 1635 853 .353
1668 801 1802 840 con-

194 874 435 940 fractus,
466 874 673 929 idcirco
693 876 880 946 potius
899 891 1071 946 super
1091 892 1152 930 se
1178 875 1483 930 innitentes
1500 874 1711 930 lacerat
1740 891 1804 929 ac

199 978 411 1018 manus
438 964 708 1034 perforat,
741 979 843 1018 nec
872 979 1121 1035 unquam
1152 964 1270 1018 suis
1295 963 1647 1019 amatoribus
1678 980 1807 1035 per-

203 1052 415 1106 fectam
445 1052 874 1124 prosperitatem
905 1052 1156 1108 conferre
1180 1058 1383 1124 potest.

950 1208 1072 1249 RES.

292 1321 435 1384 Vide,
460 1320 714 1386 Domine,
733 1324 1002 1387 quoniam
1024 1322 1489 1387 tributor,venter
1509 1337 1663 1374 meus
1687 1338 1811 1376 con-

202 1409 469 1462 turbatus
496 1409 915 1471 est,subversum
941 1414 1016 1463 est
1045 1424 1137 1463 cor
1165 1424 1350 1463 meum
1375 1412 1439 1463 in
1470 1414 1805 1480 memetipsa.

202 1497 380 1551 Nunc
405 1497 718 1551 Jerusalem
741 1497 952 1568 pudore
963 1497 1343 1563 confunditur,
1366 1514 1470 1553 nec
1488 1499 1660 1554 audet
1678 1515 1813 1553 ocu-

202 1586 293 1640 los
322 1586 513 1640 levare
541 1586 611 1640 ad
640 1587 839 1652 Deum,
874 1603 1022 1642 nunc
1050 1603 1148 1658 spe
1180 1587 1352 1642 veniae
1381 1587 1721 1652 sublevatur,
1754 1597 1812 1643 et

1882 436 2048 486 tenus
2066 432 2303 489 feriatur
2320 435 2564 489 exterius
2582 435 2773 505 gladio
2791 440 3477 507 persecutorum,interius

1882 535 2013 575 vero
2059 521 2188 577 felle
2243 522 2509 578 amariori
2580 523 2837 578 doctrina
2889 524 3322 598 hereticorum;
3379 534 3479 585 ant

1884 614 2035 663 certe
2062 625 2164 682 pro
2192 610 2557 682 improbitate
2584 627 2828 679 morum,
2876 620 3076 681 morte,
3108 631 3278 688 quam
3307 616 3481 675 simili

1884 697 2102 752 salsura
2133 698 2417 755 vitiorum.
2444 699 2619 754 Porro
2649 701 2941 756 moraliter
2969 704 3159 759 anima
3186 705 3355 760 variis
3382 721 3479 762 ve-

1884 792 2014 841 xata
2034 787 2338 858 doloribus,
2369 794 2621 845 ventrem
2651 789 2811 845 valde
2838 790 3147 860 turbatum,
3168 809 3274 865 pro
3292 801 3483 851 mente

1887 875 2085 945 gemit,
2116 878 2250 948 quia
2280 878 2340 932 in
2366 893 2525 933 sacro
2553 878 2776 950 eloquio
2821 880 2966 936 solet
3000 882 3212 937 ventris
3243 885 3474 940 nomine

1891 963 1976 1018 vel
2006 964 2153 1018 uteri
2179 981 2340 1019 mens
2369 965 2671 1036 designari.
2688 966 2758 1021 Et
2775 967 2905 1022 hinc
2918 974 3006 1024 est
3024 970 3172 1041 quod
3193 987 3296 1043 per
3324 972 3483 1028 Salo-

1893 1068 2119 1107 monem
2144 1052 2381 1108 dicitur:
2416 1055 2665 1109 Lucerna
2710 1057 2958 1124 Domini,
3006 1061 3357 1127 spiraculum
3394 1061 3487 1115 ho-

1894 1143 2212 1212 minis,quae
2221 1144 2515 1211 investigat
2525 1145 2925 1199 omniasecreta
2936 1149 3146 1201 ventris
3175 1150 3350 1213 (Prov.
3368 1152 3483 1219 xx).

1894 1230 2040 1299 Ergo
2069 1231 2164 1285 lux
2194 1230 2297 1287 Dei
2326 1231 2519 1286 omnia
2547 1237 2764 1287 secreta
2793 1235 3005 1289 ventris
3031 1235 3371 1309 investigare
3396 1238 3488 1295 di-

1894 1318 2062 1384 citur,
2096 1319 2231 1392 quia
2266 1320 2485 1375 occulta
2535 1320 2743 1377 mentis
2770 1327 3049 1393 penetrat,
3089 1330 3156 1380 ut
3193 1325 3342 1382 facta
3367 1343 3491 1400 qua

1894 1408 2077 1480 ipsam
2105 1407 2359 1484 latebant
2382 1409 2631 1464 animam
2659 1415 2791 1465 ante
2814 1412 2938 1481 ejus
2965 1412 3153 1467 ﬂenda
3176 1416 3368 1471 oculos
3406 1432 3492 1472 re-

1894 1497 2081 1552 ducat.
2134 1498 2203 1553 Et
2248 1497 2393 1564 ideo,
2449 1504 2511 1553 ut
2557 1498 2690 1566 dixi,
2725 1500 2858 1571 quia
2897 1517 3056 1556 mens
3092 1508 3264 1575 caput
3290 1503 3493 1561 anime

1896 1585 2245 1656 designatur,
2278 1586 2420 1641 bene
2469 1586 2670 1658 capitis
2726 1593 2811 1642 est
2840 1587 2947 1643 iste
2972 1590 3239 1661 gemitus,
3271 1592 3369 1663 qui
3397 1608 3498 1665 per

204 1675 279 1728 de
312 1674 704 1729 misericordia
732 1676 1040 1746 praesumit.
1082 1656 1330 1741 'ldcireo,
1376 1678 1516 1739 vide,
1559 1679 1805 1743 Domine,
1827 1656 1877 1717 Β
1898 1675 2265 1729 Rsslitteram
2288 1656 2607 1730 ostenditur
2656 1675 2733 1729 Ex
2749 1692 2860 1747 quo
2884 1676 2943 1730 in
2971 1656 3032 1732 se
3057 1656 3249 1734 omnia
3275 1656 3499 1737 contur-

198 1763 691 1833 inquit.quoniam
709 1767 1252 1834 tribulor,quatenus
1268 1765 1420 1836 pium
1434 1766 1682 1835 judicem
1695 1783 1818 1820 cru-

203 1852 394 1906 ciatus
417 1853 604 1906 ﬂectat
647 1852 719 1905 ad
768 1853 1146 1919 clementiam,
1181 1860 1238 1908 et
1268 1854 1450 1924 pudor
1472 1854 1543 1908 ad
1574 1855 1813 1909 veniam.

201 1941 359 1995 Nam
381 1948 630 1995 ventrem
656 1941 804 2011 quod
822 1941 992 2007 dolet,
1019 1942 1257 1996 formam
1281 1942 1544 2014 exprimit
1565 1943 1818 1998 mulieris

202 2029 267 2083 in
280 2037 446 2084 utero
468 2029 838 2100 periclitantis
857 2048 868 2082 :
893 2034 1026 2099 quia
1048 2032 1259 2102 repleta
1272 2048 1417 2098 sum,
1437 2032 1639 2104 inquit,
1662 2049 1819 2087 ama-

204 2120 490 2172 ritudine.
523 2118 606 2172 Ex
640 2134 751 2188 quo
781 2135 893 2172 non
926 2136 991 2173 ex
1024 2129 1183 2190 parte
1209 2137 1268 2174 se
1298 2127 1507 2175 tactam
1547 2121 1813 2187 insinuat,

204 2207 313 2261 sed
340 2207 617 2278 repletam
634 2207 790 2261 omni
814 2208 1190 2263 amaritudine
1215 2209 1423 2263 doloris
1451 2216 1508 2264 et
1536 2210 1812 2277 maeroris,

205 2312 309 2350 cor
337 2297 576 2366 ejusque
607 2295 938 2351 subversum
960 2298 1206 2368 pondere
1226 2298 1608 2353 tribulationis
1627 2298 1817 2362 deﬂet,

205 2402 281 2440 eo
311 2386 467 2455 quod
496 2385 632 2438 foris
660 2385 924 2440 desaeviat
962 2387 1186 2456 gladius
1235 2389 1627 2458 persecutoris,
1664 2387 1816 2442 intus

203 2490 346 2527 vero
382 2490 532 2528 mors
562 2474 764 2529 similis
793 2492 894 2545 pro
926 2476 1304 2530 amaritudine
1329 2476 1730 2531 tribulationis.
1751 2477 1821 2531 Et

206 2563 287 2617 ad
334 2578 632 2633 anagogen
677 2563 952 2618 veniatur.
1028 2565 1137 2618 Res
1182 2565 1371 2620 littera
1437 2566 1571 2636 quid
1621 2565 1824 2620 innuat

206 2652 608 2708 videamus.Si
625 2653 851 2723 quidem
866 2653 975 2707 Res
997 2657 1192 2708 cae-itis
1213 2654 1643 2726 interpretatur.
1674 2655 1823 2709 Con-

214 2741 475 2795 turbatio
504 2749 693 2796 autem
725 2743 955 2807 ventris,
979 2743 1064 2796 vel
1086 2742 1586 2801 subversiocordis.
1620 2744 1824 2799 mentis

203 2838 299 2886 est
318 2832 591 2902 gemitus.
622 2832 779 2886 Mens
810 2849 935 2886 vero
965 2834 1267 2903 cujuslibet
1296 2834 1498 2888 animae
1523 2840 1696 2906 caput
1715 2839 1819 2900 est,

210 2936 284 2974 ac
314 2938 421 2991 per
448 2921 551 2974 hoc
571 2921 701 2989 jure
732 2921 1081 2991 perturbatio
1108 2922 1304 2993 capitis
1331 2930 1388 2977 et
1426 2922 1711 2977 subversio
1736 2923 1823 2977 di-

1901 1764 2032 1818 bata
2059 1770 2117 1818 et
2173 1763 2439 1819 subversa
2468 1765 2737 1829 insinuat,
2772 1765 2996 1820 dicens:
3072 1769 3209 1835 Vide,
3242 1772 3493 1826 Domine.

1900 1851 2043 1906 Hinc
2067 1869 2289 1923 quoque
2319 1852 2440 1923 ipse
2466 1852 2741 1907 Jeremias
2791 1852 2957 1923 longe
2985 1869 3186 1925 supra:
3252 1858 3497 1912 Ventrem

1899 1957 2102 2007 meum,
2129 1946 2374 1995 ventrem
2395 1957 2583 1995 meum
2603 1942 2753 1995 doleo
2782 1942 2999 2008 (Jerem.
3031 1950 3126 2003 ιν.)
3151 1943 3221 1997 Et
3233 1948 3296 1997 ut
3313 1951 3499 2001 osten-

1898 2030 2060 2084 deret
2100 2030 2235 2101 quid
2286 2029 2537 2089 dixisset,
2568 2028 2858 2100 adjungit:
2920 2030 3132 2085 Sensus
3174 2032 3358 2088 cordis
3386 2035 3499 2089 mei

1899 2118 2216 2173 conturbati
2229 2125 2382 2173 sunt.
2414 2119 2636 2173 Ventris
2656 2134 2899 2190 namque
2920 2119 3146 2175 nomine
3166 2127 3316 2177 recte
3339 2139 3499 2179 mens

1899 2208 2192 2279 accipitur,
2235 2209 2386 2279 quia,
2436 2206 2583 2262 sicut
2629 2207 2814 2279 proles
2863 2208 2923 2262 in
2951 2214 3132 2271 utero,
3176 2210 3256 2265 sic
3291 2212 3500 2283 cogita-

1902 2297 2084 2351 tiones
2105 2297 2163 2351 in
2189 2302 2379 2351 mente
2406 2302 2781 2367 generantur;
2812 2303 2871 2352 et
2889 2297 3035 2353 sicut
3061 2288 3121 2353 iii
3144 2306 3337 2355 ventre
3364 2301 3496 2369 cibi,

1901 2385 1982 2440 ita
2034 2392 2092 2440 et
2144 2385 2203 2440 in
2233 2391 2422 2440 mente
2461 2386 2841 2442 continentur.
2890 2386 3096 2442 Fidelis
3128 2388 3278 2443 enim
3309 2391 3503 2446 anima
3573 2378 3580 2385 ”

1904 2474 2311 2529 tentationibus
2337 2474 2508 2528 variis
2535 2474 2790 2546 fatigata,
2817 2475 3021 2530 merito
3041 2493 3103 2531 se
3122 2476 3278 2533 intus
3300 2478 3504 2534 forisve

1904 2569 2084 2617 morte
2126 2563 2296 2618 simili
2338 2563 2593 2617 attritam
2640 2564 2912 2635 deplorat,
2964 2564 3099 2635 quia
3145 2566 3280 2620 foris
3320 2583 3507 2639 perse-

1904 2652 2247 2715 cutionibus,
2278 2658 2337 2706 et
2362 2652 2518 2707 intus
2543 2652 2819 2724 angustiis
2840 2652 3075 2707 lacerari
3103 2670 3163 2708 se
3194 2671 3305 2709 non
3335 2655 3505 2726 igno-

1905 2747 2014 2796 rat.
2052 2741 2210 2813 Saape
2241 2741 2390 2796 enim
2422 2741 2560 2795 foris
2590 2741 2826 2811 ﬂagellis
2847 2742 3164 2808 atterimur,
3188 2743 3342 2799 intus
3372 2761 3502 2801 vero

1905 2829 2227 2885 carnalibus
2258 2829 2563 2900 fatigamur
2589 2829 3215 2901 suggestionibus.Hinc
3242 2838 3330 2888 est
3354 2833 3505 2905 quod

1906 2919 1989 2973 ait
2019 2937 2032 2972 :
2068 2919 2220 2973 Foris
2238 2921 2500 2981 interﬁcit
2516 2921 2760 2985 gladius,
2778 2920 2995 2973 etdomi
3011 2922 3378 2975 morssimitis
3406 2926 3500 2976 est.

211 2990 377 3063 citur
404 3010 546 3080 ipsa,
569 3009 703 3063 dum
721 2990 970 3081 repletur
986 2990 1362 3065 amaritudine
1383 3012 1575 3066 multis
1595 3028 1823 3066 suorum
1846 2990 1890 3053 C
1910 3006 2067 3061 Foris
2100 3006 2328 3078 quidem
2385 3005 2609 3076 gladius
2654 3006 2942 3072 interficit,
2970 3024 3100 3062 cum
3130 3024 3233 3063 nos
3261 3008 3506 3066 exterius

217 3098 455 3152 casibus
484 3098 791 3152 vulnerata.
824 3100 941 3153 Nec
956 3098 1185 3154 dubium
1204 3100 1338 3170 quin
1367 3101 1616 3155 dolorem
1643 3100 1824 3156 tribu-

212 3188 611 3258 lationemque
636 3204 794 3242 suam
827 3188 1074 3260 quotidie
1122 3190 1557 3244 clementissimo
1585 3197 1825 3262 exponat

206 3277 400 3347 judici
434 3282 493 3330 et
522 3277 790 3331 insinuet.
838 3278 946 3332 Sed
977 3277 1147 3332 habet
1176 3279 1419 3333 Ecclesia
1446 3286 1721 3346 ventrem,
1753 3281 1823 3334 de

213 3382 333 3438 quo
370 3366 426 3418 in
458 3365 647 3436 sponsi
674 3366 933 3421 laudibus
962 3366 1032 3421 ab
1061 3367 1185 3438 ipsa
1211 3368 1559 3423 declamatur
1586 3369 1643 3423 in
1674 3363 1821 3424 Can-

212 3455 371 3509 ticis.
420 3456 607 3509 Venter
646 3459 785 3523 eius,
819 3455 1020 3526 inquit,
1062 3458 1334 3511 eburneus
1379 3458 1674 3511 distinctus
1702 3473 1822 3526 sap-

208 3545 405 3615 phiris
429 3543 607 3608 (Cant.
641 3543 712 3613 ν).
745 3544 923 3598 Nemo
952 3543 1125 3615 igitur
1154 3551 1404 3599 ventrem
1425 3562 1679 3600 escarum
1704 3562 1822 3600 om-

215 3633 387 3687 nium
412 3632 825 3703 receptaculum
856 3634 1098 3704 ignorat,
1132 3633 1227 3688 ubi
1261 3635 1437 3689 totius
1460 3634 1708 3706 corporis
1734 3634 1816 3689 vi-

217 3728 349 3778 ctus
386 3725 444 3773 et
491 3719 807 3775 substantia
833 3728 1099 3792 congesta
1125 3722 1493 3794 decoquitur;
1526 3740 1626 3794 per
1657 3738 1824 3794 quem

216 3808 304 3862 illi
335 3815 492 3862 recte
518 3808 931 3880 intelliguntur,
957 3810 1072 3881 qui,
1101 3810 1382 3866 licetalios
1419 3828 1531 3866 non
1560 3812 1828 3866 studeant

218 3914 326 3952 suo
358 3914 620 3952 sermone
635 3898 1045 3964 docere,cibum
1065 3906 1257 3955 tamen
1278 3901 1825 3972 animarum,panem

218 3985 491 4063 videlicet
504 3990 606 4055 qui
651 3990 714 4041 de
742 3992 866 4043 casto
894 3991 1165 4043 descendit
1212 3992 1386 4057 (Joan.
1419 3991 1518 4061 v1),
1559 4006 1671 4045 una
1698 4006 1826 4045 cum

221 4073 444 4144 Spiritu
488 4080 681 4128 sancto
727 4075 881 4129 intus
916 4076 1172 4139 condere,
1234 4093 1300 4131 ac
1346 4078 1632 4133 ruminare
1670 4095 1825 4135 more

218 4163 573 4217 mundorum
626 4164 957 4220 animalium
1005 4167 1191 4235 (Levii.
1244 4173 1341 4232 x1),
1396 4184 1507 4222 non
1538 4168 1821 4222 amittant.

218 4251 409 4316 Quem
458 4269 596 4307 sane
651 4253 838 4308 cibum
886 4254 1131 4327 primum
1162 4256 1474 4327 suscipiunt
1508 4273 1609 4327 per
1636 4256 1824 4324 fidem,

219 4340 432 4396 deinde
464 4349 827 4414 concoquunt
856 4343 986 4415 igne
1014 4345 1303 4400 charitatis
1334 4361 1434 4416 per
1464 4346 1664 4399 bonam
1693 4362 1827 4401 con~

219 4430 602 4484 versationem
632 4431 840 4498 vitae,et
865 4433 1307 4488 meditationem.
1329 4434 1581 4499 Quorum
1612 4452 1711 4489 vox
1729 4448 1831 4507 per

220 4517 436 4573 Isaiam
458 4519 793 4591 prophetam
814 4521 1235 4587 clamat,dicens
1255 4541 1268 4576 :
1292 4522 1337 4579 .4
1372 4527 1567 4578 timore
1584 4528 1676 4578 tuo
1704 4540 1829 4579 con-

219 4611 494 4676 cepimus,
517 4609 766 4676 Domine,
795 4617 842 4665 et
856 4614 1170 4680 peperimus
1188 4614 1455 4681 spiritum
1468 4616 1667 4668 salutis
1693 4616 1824 4677 (Isa.

218 4700 395 4764 xxvn).
431 4696 596 4750 Hunc
618 4698 1069 4770 quandoquidem
1102 4707 1352 4755 ventrem
1382 4702 1561 4773 gemit
1588 4702 1831 4758 Ecclesia

219 4784 651 4853 conturbatum,
685 4789 906 4858 quoties
934 4789 1104 4843 variis
1127 4789 1377 4845 alliditur
1401 4790 1826 4848 tentationibus:

217 4874 516 4927 intentum
550 4876 719 4930 etiam
750 4883 813 4931 ut
842 4877 949 4949 ipsi
971 4878 1104 4933 foris
1124 4878 1342 4933 intusve
1369 4881 1667 4935 tormentis
1695 4898 1832 4953 prae-

219 4970 561 5033 graventur.
586 4966 664 5019 Ac
683 4965 885 5021 deinde
915 4983 1009 5021 cor
1038 4985 1241 5031 meum,
1264 4968 1363 5036 ait,
1387 4972 1707 5024 subversum
1733 4976 1827 5037 est,

217 5052 360 5122 quia
400 5058 434 5115 ι
452 5057 641 5119 354
672 5055 903 5111 omnino
928 5056 1067 5112 illud
1083 5057 1231 5128 quod
1256 5074 1493 5128 sponsus
1515 5058 1833 5129 jusseratin

216 5139 481 5195 Canticis
505 5158 617 5197 non
632 5142 900 5215 impletur
923 5164 935 5200 :
968 5149 1109 5202 Pone
1136 5164 1238 5203 me.
1266 5147 1469 5219 inquit,
1501 5150 1834 5217 utsignacu~

217 5232 351 5285 tum
411 5247 581 5301 super
609 5249 702 5286 cor
733 5239 894 5289 tuum
927 5236 1106 5302 (Cant.
1140 5243 1274 5303 vni).
1311 5236 1471 5301 Quod
1500 5236 1546 5291 si
1577 5240 1829 5308 poneret,

1907 3096 2112 3151 feriens
2142 3095 2387 3149 vindicta
2416 3094 2673 3160 coniicit;
2704 3095 2802 3149 sed
2818 3094 2971 3150 domi
2995 3112 3148 3152 mors
3166 3096 3369 3152 similis
3397 3103 3503 3168 est,

1908 3186 2042 3258 quia
2072 3190 2129 3239 et
2159 3183 2382 3255 ﬂagella
2402 3183 2630 3255 quidem
2658 3184 2918 3251 sustinet,
2937 3186 3363 3242 ettamenintus
3380 3202 3508 3241 con-

1906 3274 2142 3329 scientia
2184 3290 2219 3327 a
2261 3272 2636 3327 tentationum
2685 3272 2942 3328 sordibus
2992 3274 3205 3329 munda
3252 3290 3364 3330 non
3397 3281 3503 3331 est.

1904 3364 2063 3419 Unde
2093 3378 2262 3434 quam
2285 3361 2426 3416 bene
2446 3361 2643 3432 capitis
2664 3378 2765 3415 vox
2782 3368 2885 3429 est,
2911 3361 2967 3416 id
3001 3369 3087 3418 est
3108 3368 3315 3424 mentis
3350 3364 3507 3436 plan-

1901 3452 2088 3523 gentis
2107 3468 2170 3505 ac
2184 3450 2614 3517 dolentis.Vide,
2638 3452 2892 3519 Domine,
2915 3453 3277 3521 a/‘ﬂietionem
3299 3468 3499 3520 meam,

1902 3546 2007 3595 etc.
2036 3539 2197 3594 Unde
2211 3538 2495 3610 sequitur:

2657 3694 2741 3738 SlN
2748 3721 2761 3735 .

1981 3807 2299 3861 Audierant
2319 3808 2451 3875 quia
2465 3808 2761 3873 ingemisco
2772 3822 2881 3873 ego,
2904 3809 2955 3860 et
2982 3822 3095 3862 non
3109 3811 3185 3863 est
3203 3810 3304 3878 qui
3318 3823 3501 3866 conso~

1911 3899 2159 3951 leturme.
2178 3895 2374 3949 Omnes
2387 3880 2614 3948 inimici
2627 3897 2737 3949 mei
2744 3896 3051 3950 audierunt
3062 3900 3279 3951 malum
3290 3913 3495 3965 meum,

1910 3987 2082 4039 Lutati
2107 3989 2258 4050 sunt,
2292 3985 2559 4052 quoniam
2582 3989 2643 4036 tu
2663 3984 2860 4051 fecisti.
2889 3982 3045 4038 Nulli
3073 3983 3326 4052 dubium,
3349 3988 3499 4058 quod

1908 4089 2102 4128 omnes
2131 4071 2694 4136 inimiciJudseorum,
2726 4072 2874 4127 Isaia
2901 4078 3065 4139 teste,
3089 4074 3261 4130 laetati
3283 4084 3418 4131 sunt
3439 4076 3500 4132 in

1911 4178 2103 4217 eorum
2145 4166 2391 4228 [8'55
2419 4161 2748 4226 vastatione,
2789 4161 3033 4217 maxime
3060 4163 3209 4234 quod
3240 4164 3501 4221 videbant

1912 4269 2008 4307 eos
2040 4251 2146 4306 Dei
2172 4249 2379 4305 auxilio
2425 4255 2483 4305 et
2509 4250 2891 4306 consolatione
2931 4251 3249 4320 destitutos,
3290 4252 3360 4308 de
3389 4270 3500 4326 quo

1911 4341 2069 4413 prius
2098 4340 2403 4412 plurimum
2433 4338 2841 4410 gloriabantur.
2873 4339 3019 4404 Quia
3048 4340 3297 4410 profecto
3337 4342 3501 4398 Jeru-

1909 4431 2085 4487 salem
2115 4429 2195 4485 sic
2222 4429 2334 4484 sita
2375 4434 2499 4484 erat
2535 4428 2683 4483 inter
2724 4427 2934 4494 hostes,
2981 4429 3141 4499 quasi
3169 4430 3327 4486 navis
3355 4431 3505 4489 inter

1911 4518 2126 4574 medios
2154 4519 2327 4573 maris
2365 4519 2588 4573 ﬂuctus.
2617 4518 2665 4572 A
2686 4515 2888 4589 quibus
2908 4533 3077 4588 quam
3110 4534 3256 4590 sepe
3285 4522 3505 4594 prope]-

1913 4605 2193 4673 lebantur,
2240 4612 2429 4661 tamen
2476 4620 2785 4677 nunquam,
2826 4604 2935 4659 nisi
2962 4621 3088 4659 cum
3119 4605 3300 4663 Deum
3335 4610 3507 4667 oﬂ‘en-

1914 4696 2131 4759 derent,
2149 4694 2275 4749 laedi
2305 4699 2584 4765 poterant.
2618 4693 2778 4757 Quod
2805 4698 2865 4747 et
2889 4692 3011 4764 ipsa
3032 4709 3390 4765 cognoscens,
3423 4699 3505 4754 di-

1911 4783 2056 4839 vinis
2094 4783 2295 4845 edocta
2331 4781 2622 4846 institutis,
2654 4796 2766 4835 non
2794 4780 2913 4835 suis
2953 4782 3215 4838 attribuit
3238 4785 3500 4856 inimicis,

1911 4890 2095 4944 neque
2111 4873 2334 4927 illorum
2352 4871 2587 4942 deputat
2608 4868 2836 4934 viribus,
2860 4870 2957 4924 sed
2974 4870 3075 4925 Dei
3100 4872 3332 4943 judicio,
3356 4878 3507 4948 quod

1915 4966 2283 5035 protestetur:
2319 4961 2464 5015 Unde
2483 4965 2531 5014 et
2552 4961 2725 5015 laetati
2742 4964 2894 5024 sunt,
2920 4960 3124 5031 inquit,
3144 4968 3411 5031 quoniam
3442 4971 3502 5020 tu

1915 5054 2113 5121 fecisti,
2162 5067 2227 5105 ac
2272 5049 2318 5104 si
2376 5048 2559 5103 dicat:
2611 5046 2763 5102 Licet
2810 5047 2891 5102 illi
2928 5047 3192 5105 laetentur
3236 5052 3396 5121 quasi
3436 5068 3503 5107 ex

1916 5146 2139 5202 eventu,
2169 5144 2233 5194 tu
2260 5143 2453 5193 tamen
2497 5136 2789 5192 decrevisti
2812 5138 2967 5208 justo
2988 5138 3200 5210 judicio
3229 5139 3377 5210 quod
3401 5157 3495 5212 pa-

1914 5231 2028 5287 tior
2057 5245 2157 5302 pro
2186 5234 2365 5284 reatu.
2401 5226 2694 5299 Sequitur:
2736 5227 3032 5282 Aditus-isti
3059 5229 3205 5283 diem
3252 5231 3501 5285 comata-

216 5319 417 5374 hostis
448 5337 574 5375 eam
608 5339 716 5376 non
751 5324 935 5379 adiret
961 5332 1022 5379 ut
1049 5325 1413 5381 subverteret.
1449 5326 1517 5381 Et
1533 5326 1681 5389 ideo,
1705 5323 1837 5396 quia
1918 5322 2159 5385 tionis,et
2180 5318 2529 5379 fientsimites
2549 5318 2676 5369 mei.
2698 5315 2849 5371 Vidit
2869 5332 3002 5387 ergo
3021 5315 3331 5371 Jerusalem
3355 5317 3505 5375 diem

217 5408 418 5485 noluit
447 5410 691 5466 retinere
742 5413 1097 5468 dulcedinem
1151 5414 1295 5469 tanti
1336 5414 1562 5481 amoris,
1596 5421 1660 5470 ut
1687 5418 1838 5468 esset
1917 5405 2315 5465 consolationis
2359 5421 2477 5459 suae
2501 5403 2779 5467 futuram;
2806 5404 2919 5459 imo
2947 5404 3222 5476 propheta
3253 5412 3310 5460 et
3338 5422 3507 5477 quam

217 5496 400 5554 fortis
431 5499 598 5572 quasi
627 5516 777 5556 mors
804 5503 928 5575 ejus
951 5503 1194 5572 dilectio,
1219 5504 1470 5577 repletur
1498 5519 1669 5578 quam
1689 5518 1836 5575 saepe
1919 5496 2080 5572 quasi
2107 5494 2451 5568 pmteritam
2483 5492 2841 5566 repromittit,
2874 5496 3171 5549 venturam
3196 5492 3300 5551 sub
3338 5494 3504 5567 Cyro,

479 5600 747 5662 ΡΑΤιιοι..
793 5603 972 5665 CXX.

3194 5592 3272 5657 35
