3960 6168
516 246 657 302 1099
1274 249 1343 305 ,8.
1386 248 1767 306 PASCHASII
1808 252 2163 310 RADBERTI
2204 251 2507 307 ABBATIS
2545 246 3035 304 COltBElENSIS.
3587 246 3684 303 110)

519 386 633 427 non
658 369 951 426 dubitavit.
986 371 1209 431 Interea
1237 376 1295 426 et
1325 372 1473 442 quod
1502 379 1766 429 exoratur
1793 377 1972 446 magis
2003 377 2406 449 spi-A(Ephes.
2438 375 2551 445 vr);
2584 389 2801 429 necnon
2829 377 2886 428 et
2915 370 3158 426 hmretici
3185 376 3239 424 et
3283 369 3394 424 falsi
3425 369 3684 432 Christiani,

518 459 632 515 ritu
664 460 991 530 prOphetiae,
1015 465 1080 513 ut
1127 459 1428 527 deterreat,
1468 461 1787 529 annuntiat,
1822 480 1989 534 quam
2018 466 2112 520 de-
2195 482 2229 521 a
2260 466 2463 536 quibus
2509 464 2663 518 intus
2706 461 2910 517 ferisve
2948 460 3319 531 impugnatur.
3357 460 3536 512 Tamen
3572 458 3691 512 novit

520 549 749 604 structis
770 553 826 603 et
853 548 1146 619 captivatis
1167 548 1384 603 caeteris
1428 550 1676 621 undique
1691 553 1898 623 regnis,
1923 555 2109 608 novis-
2192 571 2396 626 sponsa
2450 552 2678 617 Christi,
2712 552 2842 605 licet
2867 550 2949 604 illi
2974 549 3216 607 saeviant.
3246 548 3381 619 quod
3409 547 3594 601 nonnisi
3616 545 3692 601 Dei

517 637 665 693 sima
683 638 894 694 scilicet
906 638 1056 709 quod
1084 638 1205 708 ipsa
1225 636 1473 708 Babylon
1510 645 1822 710 etregnum
1865 644 1987 713 ejus
2016 644 2106 698 de-
2191 644 2556 699 dominantur
2580 640 2874 713 permisso,
2908 644 2966 693 et
2996 638 3123 692 hinc
3147 642 3232 693 est
3259 636 3393 708 quod
3426 635 3554 702 dicit,
3587 652 3693 704 quo-

516 728 846 783 struendum
868 727 1183 783 esset.Hinc
1207 732 1294 781 est
1307 727 1454 799 quod
1474 729 2107 799 sequitur,ﬁentsimites
2191 736 2348 788 niam
2380 739 2440 787 tu
2470 729 2947 800 fecisti,sicutipse
2967 727 3105 782 dicit
3128 743 3226 798 per
3240 727 3533 798 prophetam
3560 725 3690 779 alibi:

515 820 644 872 mei.
677 817 830 871 More
870 816 1121 886 loquitur
1160 832 1354 871 eorum
1385 816 1481 887 qui
1505 816 1611 871 sibi
1640 834 1862 889 semper
1888 820 2107 876 animos
2192 824 2299 890 Ego
2325 824 2591 876 Dominus
2618 834 2811 875 creans
2843 821 3079 885 malum;
3106 822 3155 870 et
3197 818 3392 885 faciens
3414 831 3573 884 pacem
3593 816 3692 882 (lsa.

512 905 762 968 iudicum
789 905 1073 961 conciliari
1097 910 1382 976 satagunt,
1414 911 1473 961 et
1503 912 1700 962 contra
1736 908 1925 964 hostes
1966 910 2109 965 inﬂi-
2189 914 2337 980 ην),
2388 911 2547 966 Facit
2566 925 2701 980 ergo
2747 924 2941 981 pacem
2991 913 3050 961 et
3095 910 3248 961 creat
3280 906 3489 969 malum,
3524 903 3696 973 quando

512 1010 665 1064 εθτθο
2187 1005 2341 1074 justo
2357 1016 2460 1055 suo
2473 999 2685 1070 judicio
2699 995 3129 1070 permittitillud
3160 996 3300 1050 ﬁeri.
3322 995 3597 1056 Adduaisti,
3623 992 3695 1057 ait,

585 1082 967 1154 Spiritualiter
984 1099 1114 1138 vero
1128 1083 1370 1138 Ecclesia
1389 1084 1616 1155 plorans
1627 1085 2110 1158 malaimpraasen-
2190 1092 2335 1145 diem
2363 1090 2769 1153 consolationis,
2811 1092 2861 1141 et
2888 1089 3019 1154 ﬁent
3046 1088 3252 1139 similes
3279 1086 3399 1137 mei.
3429 1082 3540 1136 Haec
3565 1080 3699 1151 magis

510 1173 740 1239 tiaram,
800 1189 924 1244 quae
970 1172 1075 1227 sibi
1106 1173 1333 1244 suisque
1361 1173 1700 1242 inferuntur,
1740 1176 1917 1245 gemit
1945 1177 2103 1247 quasi
2190 1178 2446 1235 Ecclesiae
2473 1182 2808 1248 congruunt,
2826 1176 2959 1246 quia
2978 1175 3132 1228 nulla
3161 1172 3452 1228 consolatio
3478 1170 3701 1225 restatJn-

511 1276 613 1335 per
649 1263 745 1318 SIN
794 1261 1064 1328 litteram,
1087 1277 1211 1332 quae
1242 1263 1492 1317 dentium
1513 1263 1939 1335 interpretatur.
1964 1265 2107 1320 Den—
2188 1270 2433 1324 deorum
2446 1266 2786 1338 captivitatis
2800 1258 3698 1332 extremae.UndePaulusapostolus:

509 1350 657 1409 tium
701 1356 791 1406 est
813 1350 1006 1421 itaque
1032 1351 1199 1405 ﬂetus
1228 1366 1445 1418 eorum,
1480 1352 1549 1406 de
1573 1352 1775 1424 quibus
1812 1354 2017 1424 legitur
2048 1355 2107 1409 in
2188 1360 2408 1412 Justum
2458 1360 2552 1421 est,
2597 1353 2802 1425 inquit,
2833 1353 2982 1422 apud
3011 1354 3186 1406 Deum
3216 1352 3498 1405 retribuere
3522 1348 3701 1401 tribula-

512 1439 794 1499 Canticis:
842 1441 1036 1495 Dentes
1082 1443 1169 1494 tui
1208 1443 1350 1495 sicut
1377 1457 1562 1509 greges
1601 1444 1960 1497 detonsarum
1988 1460 2107 1512 quae
2192 1450 2393 1501 tionem
2424 1446 2509 1499 his
2536 1446 2636 1514 qui
2659 1445 2936 1497 tribulant
2961 1460 2978 1506 ;
3010 1446 3057 1495 et
3085 1441 3234 1496 vobis
3263 1442 3358 1510 qui
3391 1437 3699 1502 tributamini,

510 1530 875 1585 ascenderunt
909 1530 972 1583 de
1013 1531 1232 1584 lavacro
1263 1529 1439 1598 (Cant.
1479 1540 1574 1602 ιν).
1609 1531 1817 1587 Omnes
1856 1533 2110 1603 gemellis
2196 1536 2434 1604 requiem
2457 1534 2737 1588 nobiscum
2760 1534 2825 1586 in
2851 1534 3179 1585 reuelatione
3193 1530 3532 1585 DominiJesu
3549 1526 3703 1582 Christi

509 1616 736 1685 fetibus,
755 1623 814 1672 et
831 1617 1039 1673 sterilis
1084 1634 1198 1673 non
1228 1624 1314 1673 est
1328 1618 1477 1674 inter
1509 1637 1625 1676 eas.
1666 1622 1817 1686 Quos
1837 1621 2103 1678 nimirum
2190 1627 2253 1679 in
2273 1625 2399 1678 caelo
2408 1639 2534 1677 cum
2551 1624 2762 1690 angelis
2774 1623 3001 1675 virtutis
3020 1623 3230 1689 ejus,in
3243 1622 3461 1689 ﬂamma
3472 1616 3704 1685 ignisdan-

507 1708 705 1763 dentes
735 1723 832 1762 eos
854 1724 978 1762 esse
1006 1707 1225 1778 opinor,
1253 1708 1351 1779 qui
1385 1711 1560 1777 (Hebr.
1590 1712 1643 1779 v)
1684 1727 1798 1765 non
1830 1711 1973 1766 lacte
2000 1713 2101 1767 do-
2126 1697 2171 1757 Β
2192 1717 2260 1768 tis
2290 1715 2597 1767 vindictam
2615 1713 2701 1767 his
2729 1714 2830 1782 qui
2848 1727 2959 1765 non
2989 1715 3261 1765 noverunt
3291 1708 3705 1775 Deum,etquinon

506 1797 701 1853 ctrina
720 1796 991 1868 indigent,
1017 1796 1113 1851 sed
1122 1797 1241 1866 jam
1270 1796 1519 1855 infantis:
1543 1800 1952 1856 transcendunt
1976 1806 2106 1856 θρια-
2186 1804 2443 1857 obediunt
2472 1802 2768 1870 Evangelia
2817 1802 3043 1856 Domini
3082 1802 3262 1854 nostri
3286 1800 3406 1853 Jesu
3458 1796 3629 1851 Christi
3653 1792 3707 1860 (II
3734 1826 3735 1829 η

501 1885 740 1957 tem,qui
761 1902 876 1941 non
902 1886 1087 1940 solum
1101 1885 1346 1941 solidum
1369 1886 1475 1941 sibi
1492 1886 1681 1943 cibum
1700 1895 1916 1960 queunt
1936 1906 2099 1945 man-
2193 1893 2338 1947 Thes.
2360 1891 2422 1960 ι).
2456 1891 2526 1945 Et
2544 1890 2662 1944 haec
2693 1895 2780 1944 est
2806 1888 3209 1943 consolationis
3237 1887 3354 1941 dies
3382 1901 3534 1958 quam
3560 1898 3706 1938 omne

504 1976 857 2043 dere,verum
895 1974 1067 2030 etiam
1094 1980 1152 2029 et
1184 1974 1458 2031 virtutum
1490 1993 1618 2032 ossa
1645 1978 1812 2033 fortia
1838 1978 2099 2050 quaelibet
2186 1980 2347 2035 electi
2360 1980 2457 2034 Dei
2474 1979 2531 2033 in
2552 1995 2650 2051 spe
2674 1978 3010 2048 habent,pro
3027 1993 3139 2048 qua
3164 1983 3279 2031 tam
3294 1976 3551 2048 patienter
3566 1971 3707 2027 omnia

504 2064 775 2120 membris
805 2064 1062 2120 Ecclesiae
1090 2063 1339 2120 dividere
1368 2081 1432 2120 ac
1458 2067 1765 2123 ruminare.
1814 2068 1976 2123 Unde
2005 2069 2103 2123 uni
2184 2068 2692 2141 impraesentiarum
2737 2067 3037 2130 sustinent,
3088 2065 3239 2137 quod
3270 2073 3328 2119 et
3358 2061 3708 2135 oppressoribus

504 2170 699 2210 eorum
725 2154 998 2209 Dominus
1025 2169 1154 2207 cum
1180 2154 1442 2209 universa
1463 2157 1721 2227 repentis.
1743 2157 1812 2211 de
1827 2158 1966 2211 ccelo
1977 2157 2106 2212 sub-
2187 2158 2479 2230 supplicia,
2514 2162 2572 2211 et
2601 2157 2808 2211 sanctis
2836 2156 3068 2228 praemia
3097 2155 3174 2210 sit
3200 2156 3449 2217 datume,
3479 2152 3560 2223 qui
3571 2150 3710 2203 reddet

505 2243 754 2299 mitteret
779 2261 790 2296 :
816 2244 1017 2308 Macta,
1039 2241 1244 2312 inquit,
1281 2248 1332 2297 et
1360 2247 1641 2299 manduca
1662 2244 1800 2314 (Act.
1838 2250 1911 2313 κ).
1942 2247 2104 2302 Tales
2189 2250 2488 2316 unicuique
2496 2250 2659 2315 juxta
2672 2242 3605 2315 operasua(Matth.xv1).Secundum
3623 2244 3710 2293 tm-

504 2331 680 2403 igitur
697 2317 1085 2386 discretissimi
1106 2331 1491 2387 doctrinarum
1507 2334 1766 2388 acumine
1779 2335 1967 2389 sciunt
1987 2352 2105 2390 ma-
2185 2336 2464 2409 pologiam
2488 2352 2619 2390 vero
2648 2336 2833 2406 plorat
2861 2334 3232 2405 anima,quod
3261 2331 3529 2387 audierint
3550 2326 3710 2383 inimici

504 2426 660 2477 ctare
686 2421 838 2488 vitia,
861 2420 1148 2475 etanimas
1167 2421 1517 2476 credentium
1566 2423 1624 2477 in
1656 2422 1867 2478 Christi
1898 2441 2101 2497 corpus
2186 2427 2319 2498 quia
2347 2425 2668 2497 ingemiscit
2695 2424 2905 2480 otfenso
2935 2424 3069 2489 Deo,
3084 2430 3143 2477 et
3163 2426 3460 2493 exaggerat
3482 2419 3608 2474 mala
3622 2432 3711 2489 qua

504 2511 821 2566 mandendo
851 2510 1137 2580 trajicere.
1171 2510 1279 2565 Sed
1314 2510 1450 2582 quia
1475 2512 1730 2567 dentium
1758 2513 2099 2569 incurrimus
2182 2516 2387 2569 tolerat
2411 2534 2423 2580 ;
2447 2513 2754 2585 praesertim
2768 2514 2900 2584 quia
2926 2512 3397 2567 anxiantianimae
3410 2516 3468 2564 et
3486 2505 3711 2563 doloribus

500 2601 865 2667 mentionem,
924 2601 1245 2656 noverimus
1295 2616 1491 2656 eorum
1530 2601 1756 2657 diversa
1784 2619 1906 2658 esse
1934 2620 2096 2658 man-
2181 2605 2403 2659 afﬂictae
2429 2604 2536 2657 hoc
2566 2603 2789 2657 videtur
2823 2618 2968 2673 saepe
2999 2607 3370 2671 augmentum
3388 2599 3470 2655 sui
3494 2594 3712 2657 maeroris,

502 2691 671 2746 dendi
690 2690 904 2758 ofﬁcia;
937 2689 1032 2744 alii
1053 2690 1279 2761 quidem
1295 2689 1570 2753 dividunt,
1588 2691 1685 2745 alii
1705 2692 2098 2747 comminuunt
2187 2698 2233 2762 ι
2246 2698 2429 2760 35"
2447 2692 2595 2764 quod
2624 2692 2737 2758 ille,
2762 2692 2820 2745 in
2831 2707 2998 2762 quem
3023 2707 3185 2762 spem
3206 2691 3491 2754 habuerat,
3507 2704 3603 2742 sua:
3616 2700 3713 2739 con-

502 2786 560 2837 et
586 2781 896 2846 ruminant,
923 2778 1020 2833 alii
1048 2778 1296 2832 formant
1318 2794 1496 2843 voces,
1548 2783 1603 2832 et
1633 2795 1761 2833 cum
1791 2780 1985 2851 lingua
2013 2797 2099 2835 so-
2181 2782 2471 2837 solationis
2502 2780 2690 2836 ditfert
2736 2796 2903 2852 opem
2953 2779 3101 2835 ferre
3150 2785 3211 2834 et
3260 2779 3447 2835 auxilii
3484 2776 3713 2833 solatium.

506 2891 612 2930 nos
639 2874 983 2929 discernunt.
1026 2871 1228 2942 Sicque
1245 2870 1424 2925 sancti
1446 2870 1685 2926 aliisunt
1701 2876 1763 2926 ut
1780 2890 1981 2943 greges
2008 2873 2101 2927 de-
2187 2872 2331 2926 Hinc
2359 2877 2417 2925 et
2466 2870 2774 2925 maximum
2804 2870 2857 2923 ei
2886 2885 3187 2924 maerorem
3218 2868 3434 2926 indidit.
3466 2865 3595 2938 quod
3625 2877 3716 2917 eam

504 2968 817 3027 tonsarum,
847 2960 965 3031 qui,
992 2975 1093 3014 sua
1122 2958 1414 3028 exspoliati
1431 2963 1728 3023 vetustate,
1752 2960 1956 3015 fetibus
1980 2961 2099 3024 suis
2184 2960 2398 3014 inimici
2425 2960 2742 3023 derideant,
2777 2958 2992 3013 scilicet
3021 2963 3079 3013 et
3106 2958 3301 3013 hostes
3328 2954 3621 3017 invisibiles,
3646 2948 3717 3022 qui

502 3052 590 3105 lac
609 3050 1079 3113 doctrinarum,et
1100 3047 1430 3101 indumenta
1442 3048 1709 3102 virtutum
1739 3048 2065 3104 ministrant
2088 3067 2101 3116 ;
2127 3035 2170 3097 Ο
2186 3050 2342 3122 prius
2371 3050 2524 3104 intus
2555 3050 2701 3103 male
2730 3047 3184 3110 blandiebantur,
3212 3054 3271 3102 et
3284 3064 3395 3102 non
3414 3046 3576 3100 solum
3588 3042 3720 3103 hiate-

503 3138 599 3194 alii
625 3144 688 3193 ut
711 3139 781 3193 de
809 3137 967 3192 Judae
987 3135 1249 3190 dentibus
1273 3136 1751 3207 prophetizantur.
1776 3139 1925 3209 quod
1947 3140 2096 3204 (Gen.
2186 3156 2312 3194 rum
2341 3145 2399 3193 et
2417 3139 2644 3211 propria
2665 3136 3003 3192 conscientia
3027 3136 3259 3207 gravius
3280 3133 3572 3191 accusando
3590 3127 3721 3184 insul-

501 3227 801 3298 rux)lacte
814 3225 1871 3296 candidioresessent,pulchritudinem
1884 3228 2101 3283 decoris
2183 3235 2287 3295 tat,
2321 3228 2553 3299 ipsaque
2608 3227 2742 3281 vitia
2793 3242 2917 3298 quae
2971 3225 3186 3280 dudum
3219 3225 3403 3280 dulcia
3428 3221 3716 3279 videbantur.

507 3335 574 3372 ex
593 3317 777 3371 officio
790 3316 861 3371 ad
881 3331 1162 3370 summam
1191 3314 1562 3370 subtilitatem
1578 3315 1730 3370 verbi
1756 3317 2097 3373 ministrant.
2185 3318 2463 3373 atrociora
2477 3334 2537 3372 se
2551 3316 2856 3372 ostendunt
2874 3320 2931 3370 et
2940 3315 3324 3380 ωηερε.ουοά
3354 3315 3400 3369 si
3423 3313 3489 3367 ad
3511 3308 3718 3365 notitiam

515 3411 766 3476 Im
788 3407 869 3461 De
899 3404 1101 3476 quibus
1124 3404 1477 3459 tantumdem
1508 3405 1769 3462 dentibus
1781 3408 1927 3463 dicit
1958 3410 2102 3480 Apo-
2185 3424 2399 3475 eorum,
2451 3407 2622 3463 etiam
2672 3405 2768 3478 qui
2814 3410 3102 3460 consortes
3152 3411 3290 3459 sunt
3317 3404 3455 3459 tanti
3485 3400 3616 3463 mali,
3643 3396 3720 3451 ali-

506 3498 685 3554 stolus
710 3496 781 3551 ad
804 3494 1081 3560 Hebraeos,
1117 3493 1268 3563 quod
1294 3496 1667 3564 pertectorum
1696 3503 1783 3551 est
1814 3497 1972 3552 cibus
2010 3515 2101 3554 so-
2186 3498 2408 3569 quando
2465 3503 2660 3551 nostra
2698 3494 3055 3567 pervenerint
3081 3494 3353 3553 facinora.
3386 3492 3721 3547 discernuntur

504 3587 653 3642 lidus
691 3586 872 3655 (Hebr.
929 3586 1006 3652 v),
1058 3582 1154 3653 qui
1183 3598 1284 3653 pro
1311 3582 1674 3654 possibilitate
1733 3587 2100 3656 sumentium,
2186 3593 2451 3641 utrumne
2477 3584 2691 3639 inimici
2745 3584 2856 3638 sint
2902 3599 2974 3638 an
3002 3583 3190 3649 amici,
3222 3584 3360 3639 dum
3384 3582 3631 3640 derident,
3649 3573 3720 3646 qui

507 3676 839 3731 exercitatos
868 3671 1077 3727 habent
1104 3688 1302 3726 sensus
1327 3672 1395 3726 ad
1427 3671 1857 3730 discernendum
1884 3675 2015 3731 boni
2046 3683 2104 3732 et
2186 3675 2430 3747 compati
2481 3673 2794 3729 debuerant
2847 3679 2905 3728 et
2930 3674 3143 3743 lugere.
3206 3674 3290 3729 De
3335 3672 3527 3745 quibus
3551 3663 3716 3723 David:

507 3766 661 3821 mali.
685 3764 792 3828 Qui
808 3761 1051 3835 profecto
1071 3760 1287 3828 dentes,
1324 3760 1455 3831 quia
1482 3779 1596 3833 prae
1624 3764 1884 3819 omnibus
1910 3782 2104 3820 curam
2188 3767 2296 3834 Qui
2318 3765 2704 3830 custodiebant,
2739 3762 2941 3834 inquit,
2963 3765 3223 3817 animam
3254 3778 3451 3829 meam,
3480 3760 3719 3816 consilium

508 3863 565 3912 et
595 3851 1030 3911 sollicitudinem
1052 3856 1276 3920 gerunt,
1301 3853 1623 3918 audierunt,
1648 3853 1851 3924 inquit,
1870 3858 2003 3923 quia
2019 3858 2104 3910 in-
2187 3855 2435 3921 fecerunt
2463 3855 2527 3906 in
2574 3867 2775 3917 unum,
2807 3852 3042 3906 dicentes
3074 3869 3091 3905 :
3133 3851 3277 3906 Deus
3315 3851 3591 3918 dereliquit
3606 3858 3716 3906 eum.

508 3949 741 4016 gemisco
766 3958 880 4011 ego,
913 3946 963 3995 et
988 3956 1100 3995 non
1130 3945 1206 3994 est
1232 3946 1329 4009 qui
1349 3944 1657 3995 consoletur
1669 3943 2105 3998 me.Audierunt
2180 3943 2586 4010 persequimini
2611 3946 2660 3994 et
2678 3940 3115 4010 comprehendite
3139 3956 3295 4008 eum,
3316 3943 3447 4010 quia
3466 3955 3563 3993 non
3581 3933 3721 4002 estqui

509 4036 720 4092 scilicet
744 4029 979 4095 inimici,
1012 4045 1152 4100 quos
1180 4044 1309 4083 mox
1354 4028 1572 4083 laetatos
1595 4028 1868 4085 insinuat.
1900 4031 2104 4086 Audic-
2184 4031 2386 4098 eripiat
2409 4032 2574 4097 (Psat.
2607 4032 2749 4096 ωτι).
2786 4028 2894 4084 Sed
2925 4029 3183 4101 quamvis
3212 4030 3293 4085 ita
3322 4030 3542 4085 saviant
3565 4026 3719 4081 adver-

512 4127 663 4186 runt,
690 4120 943 4191 inquam,
976 4117 1125 4188 quod
1154 4132 1361 4188 sponsa
1388 4116 1580 4188 lugeat
1607 4116 1677 4171 ab
1707 4134 1911 4189 sponso
1934 4119 2101 4173 desti-
2183 4118 2336 4183 sarii,
2369 4117 2539 4173 habet
2566 4118 2757 4172 anima
2775 4118 2972 4173 dentes
2991 4134 3122 4173 suos
3135 4118 3387 4174 decarne
3398 4117 3587 4175 Christi
3605 4121 3651 4170 et
3669 4112 3720 4167 de

507 4214 652 4274 tuta,
676 4208 808 4261 licet
837 4204 1160 4277 promiserit
1186 4204 1334 4274 quod
1364 4220 1491 4258 cum
1518 4221 1585 4259 ea
1610 4222 1835 4277 semper
1861 4206 1936 4260 sit
1959 4208 2100 4261 alfu-
2184 4204 2400 4260 ossibus
2426 4206 2547 4276 ejus
2572 4206 2631 4260 in
2662 4205 2851 4261 animo
2874 4205 3155 4272 elimatos,
3191 4223 3430 4279 quorum
3459 4221 3553 4259 vox
3577 4198 3719 4258 estad

509 4304 672 4354 turus
717 4309 891 4363 usque
942 4293 1596 4385 (td-consummationem
1653 4299 1840 4350 saeculi
1886 4297 2097 4367 (Matth.
2124 4292 2454 4385 DDeum,ut
2476 4294 2813 4363 ingemiscat
2862 4301 2920 4350 et
2974 4295 3184 4366 lugeat,
3217 4296 3492 4368 cogitatus
3515 4291 3722 4349 videlicet

509 4385 725 4455 xxvln).
755 4382 919 4448 Quia,
950 4379 1054 4434 etsi
1084 4379 1244 4433 adest
1278 4396 1501 4451 semper
1528 4399 1791 4452 praesens,
1833 4384 1929 4456 qui
1966 4401 2102 4441 nus-
2124 4377 2163 4385 ”
2183 4398 2280 4454 spe
2308 4383 2497 4449 fortes,
2531 4383 2628 4454 qui
2655 4384 2841 4440 sciunt
2868 4384 3117 4439 dividere
3140 4386 3296 4440 inter
3320 4399 3573 4457 prospera
3596 4377 3721 4436 etad-

509 4492 678 4551 quam
710 4478 769 4529 et
789 4484 1081 4541 nunquam
1110 4467 1269 4523 abest
1294 4485 1396 4539 per
1418 4471 1791 4540 majestatem,
1814 4489 1981 4545 quam
1996 4477 2102 4531 tre-
2181 4487 2359 4539 versa,
2390 4472 2487 4543 qui
2515 4473 2701 4527 sciunt
2726 4473 3110 4528 consolantem
3157 4475 3423 4546 spiritum
3461 4470 3714 4544 requirere,

508 4570 748 4638 quenter
800 4567 993 4615 tamen
1032 4557 1225 4612 multis
1263 4572 1329 4612 ex
1358 4559 1542 4614 causis
1570 4560 1809 4625 dimittit
1833 4578 2099 4633 sponsam
2182 4576 2285 4615 nec
2308 4560 2378 4616 de
2412 4561 2515 4617 Dei
2556 4562 2938 4619 misericordia
2965 4579 3217 4635 unquam
3246 4566 3552 4637 desperare.
3576 4559 3716 4623 Unde,

503 4651 713 4709 tentari
731 4650 852 4705 sine
871 4647 1270 4712 consolatione,
1303 4653 1369 4703 ut
1388 4647 1628 4717 videtur,
1656 4651 1746 4705 sui
1781 4652 1991 4719 auxilii,
2034 4669 2101 4708 ex
2181 4650 2385 4721 inquit,
2409 4653 2697 4707 adduwisti
2732 4655 2879 4708 diem
2907 4656 3454 4727 consolationis,quia
3478 4651 3572 4709 scit
3594 4646 3719 4705 fortis

506 4761 616 4817 quo
641 4742 722 4797 ait
744 4761 758 4799 :
783 4740 1055 4796 Viderunt
1070 4740 1206 4808 quia
1237 4741 1534 4808 ingemisco
1551 4756 1643 4810 ego
1664 4759 1681 4805 ;
1714 4757 1779 4795 ac
1798 4740 1844 4794 si
1865 4740 2093 4798 diceret:
2181 4739 2372 4795 anima
2399 4746 2457 4796 et
2481 4741 2816 4813 paenitentes
2844 4748 2973 4815 post
2997 4745 3289 4815 angustias
3316 4745 3526 4800 veniam
3544 4753 3720 4814 prome-

503 4834 783 4889 Viderunt
812 4831 961 4903 quod
986 4847 1275 4902 nunquam
1303 4830 1568 4902 suspicati
1593 4836 1743 4898 sunt,
1778 4832 1925 4902 quod
1947 4848 2096 4887 sem-
2180 4828 2309 4895 reri,
2337 4834 2395 4884 et
2420 4829 2843 4895 insultantibus,
2872 4832 3148 4904 supplicia
3173 4831 3609 4899 retributionis,a
3625 4828 3718 4899 jus-

505 4940 608 4998 per
635 4925 971 4996 optaverunt
1019 4926 1076 4974 et
1105 4920 1382 4976 viderunt.
1415 4937 1529 4975 non
1558 4921 1738 4976 solum
1769 4922 1914 4992 quod
1942 4921 2095 4993 inge-
2176 4923 2235 4973 to
2253 4918 2443 4987 judice
2469 4921 2730 4993 irrogari.
2764 4922 3019 4994 Hincque
3047 4922 3340 4995 sequitur:

505 5013 697 5079 misco,
733 5025 926 5065 verum
960 5008 1128 5063 etiam
1156 5008 1306 5062 mala
1332 5009 1586 5080 ingentia
1616 5026 1739 5081 quae
1760 5009 2096 5073 sustineo,et

498 5105 629 5160 inde
656 5101 829 5158 laetati
858 5104 1025 5167 sunt;
1056 5099 1321 5169 quoniam
1350 5099 1652 5155 audierunt
1679 5100 1886 5154 malum
1901 5116 2090 5156 meum
2454 5168 2457 5171 ἢ

467 5188 608 5266 'quo
635 5191 838 5264 patior,
871 5205 981 5261 quo
1004 5189 1188 5259 lugeo,
1240 5206 1349 5261 quo
1372 5190 1493 5244 sine
1514 5190 1881 5255 consolatore,
1915 5189 2082 5245 etiam
2244 5192 2603 5258 Ingrediatur
2632 5208 2793 5247 omne
2824 5197 3042 5249 malum
3071 5210 3264 5251 eorum
3293 5211 3476 5250 coram
3494 5198 3554 5258 te,
3569 5190 3715 5246 etrin-

2894 5084 3064 5127 THAU.

385 5316 395 5320 —
494 5283 555 5337 in
601 5280 871 5336 membris
931 5279 1070 5333 meis
1110 5278 1302 5349 pejora
1330 5279 1640 5334 committo.
1682 5279 1925 5343 Quinam
1970 5280 2085 5334 sint
2166 5280 3077 5351 demiaeossicutvindemiastime,
3105 5277 3713 5354 propteromnesiniqui-

494 5369 749 5426 Ecclesiae
794 5368 1028 5433 inimici,
1062 5367 1421 5421 manifestum
1461 5373 1545 5422 est
1574 5368 1720 5439 quod
1763 5385 1958 5423 omnes
1992 5386 2082 5424 ne-
2166 5372 2298 5423 tates
2319 5384 2486 5423 meas.
2525 5369 2596 5424 Hi
2626 5371 2878 5426 versiculi
2914 5372 3123 5429 habent
3145 5372 3323 5440 Thau,
3357 5380 3414 5430 et
3450 5373 3556 5427 haec
3580 5366 3709 5438 signa

489 5461 677 5528 quitiw
690 5458 1010 5532 spirituales
1032 5460 1096 5512 in
1125 5457 1420 5511 caelestibus
1436 5460 1494 5511 et
1508 5455 1885 5529 aeriispiritus
1899 5461 1956 5512 et
1982 5473 2077 5529 po-
2159 5456 2360 5529 quibus
2389 5458 2633 5530 plurima
2660 5461 2719 5516 in
2748 5461 2954 5519 litteris
2967 5464 3179 5536 passim
3207 5463 3408 5520 divinis
3437 5460 3714 5534 signiﬁcan-

482 5553 714 5605 testates
769 5550 1133 5606 tenebrarum
1190 5547 1393 5602 harum
1452 5562 1575 5617 quis
1627 5545 1678 5601 ei
1706 5547 2075 5603 adversantur
2157 5550 2270 5613 tur,
2293 5563 2416 5619 quae
2453 5565 2566 5605 non
2596 5548 2782 5608 minus
2809 5551 2901 5607 hic
2932 5568 3100 5624 quam
3122 5558 3179 5610 et
3205 5542 3706 5609 alibihabentur.Si-
