3960 6168
150 236 291 338 Mill
835 279 1216 335 EXPOSITIO
1256 279 1333 335 IN
1370 278 1978 338 LAMENTATIONES
2023 282 2370 343 JEREMIE.
2412 318 2476 329 —
2517 290 2653 347 LIB.
2696 292 2740 346 l.
3286 295 3429 353 1102

142 407 379 478 quidem
411 407 569 463 Thau
598 410 760 476 signa
782 406 1205 478 interpretatur,
1240 406 1442 477 plurali
1471 423 1707 463 numero
1732 425 1743 461 :
1765 411 1914 469 Aeas
1942 411 2086 465 sicut
2112 411 2471 469 vindemiasti
2500 430 2605 480 me,
2635 421 2859 487 propter
2888 433 3072 474 omnes
3100 421 3424 490 iniquitates

144 496 418 568 quoniam
439 496 511 550 ob
529 497 633 551 hoc
650 496 869 567 signum
894 495 1027 549 illud
1051 502 1532 567 prmmonstratur,
1556 514 1619 550 ex
1642 512 1752 567 quo
1836 514 1999 551 meas.
2025 499 2306 563 Quantum
2333 503 2400 556 ad
2424 503 2669 559 litteram
2690 512 2923 576 spectat.
2946 507 3026 562 sic
3047 506 3253 562 factum
3268 514 3353 564 est
3372 513 3430 563 et

142 593 354 641 cuncta
388 592 604 640 secreta
644 585 765 644 Dei.
806 602 928 656 qua:
956 585 1176 655 signata
1217 593 1366 648 sunt,
1408 592 1748 640 reserantur.
1837 584 1893 639 in
1923 587 2137 642 caateris
2167 590 2354 661 regnis
2382 591 2703 647 Judieorum
2730 592 2995 651 inimicis.
3016 596 3164 667 Lege
3196 596 3433 667 prOphe-

147 676 229 731 De
259 690 377 746 quo
406 690 543 729 sane
560 674 722 744 signo
752 672 1025 727 Ezechieli
1053 675 1339 745 prOphetie
1363 675 1616 747 angelus,
1641 676 1754 729 imo
1836 680 1941 739 tas,
1977 681 2034 729 et
2062 678 2252 731 omnia
2292 681 2568 751 completa
2596 681 2860 753 reperies.
2911 683 3021 739 Sed
3067 684 3137 738 ad
3180 690 3433 740 nostram

146 766 273 837 ipse
303 765 615 819 Dominus:
653 764 873 822 Transi.
903 762 1108 834 inquit,
1131 779 1233 832 per
1262 766 1500 818 mediam
1529 766 1755 819 Jerusa-
1837 763 2147 820 Jerusalem
2185 766 2301 822 haec
2330 769 2519 823 omnia
2557 770 2757 825 melius
2785 778 3120 843 congruunt,
3154 789 3277 846 quae
3309 780 3435 830 orat

148 860 280 921 lem,
304 860 354 908 et
375 856 538 921 signa
565 854 715 907 Thau
738 854 802 906 in
827 852 1107 919 frontibus
1136 856 1389 907 virorum
1417 856 1755 920 gementium
1848 859 1887 919 1
1907 858 2097 921 359
2115 854 2515 925 indesinenter,
2538 860 2707 914 etiam
2728 860 2797 915 de
2817 860 2919 915 sub
2939 877 3038 916 ara
3057 862 3159 917 Dei
3178 862 3323 919 sicut
3351 864 3433 919 le-
3478 856 3481 863 “

150 949 200 998 et
230 945 546 997 dolentium
574 942 779 1011 (Ezech.
801 942 901 1001 ιχ).
926 941 1034 995 Per
1052 942 1198 1013 quod
1221 941 1486 996 nimirum
1507 943 1751 1012 signum,
1838 941 2022 1013 gitur:
2050 944 2248 1013 Quare,
2278 947 2520 1013 Domine,
2550 964 2659 1003 non
2679 951 2923 1017 defendis
2953 957 3000 1005 et
3028 953 3277 1006 vindicas
3300 969 3434 1007 san-

152 1032 298 1087 nulli
324 1030 580 1096 dubium,
603 1046 737 1085 crux
756 1029 983 1084 Domini
1007 1036 1065 1085 et
1092 1032 1212 1100 ejus
1237 1036 1387 1085 recte
1411 1032 1595 1103 passio
1614 1032 1756 1087 desi-
1838 1035 2064 1099 guinem
2081 1039 2332 1088 nostrum
2347 1042 2369 1088 Ρ
2387 1036 2564 1105 (Apoc.
2579 1039 2654 1106 γι)
2677 1042 2734 1092 et
2745 1042 2942 1093 caetera
2961 1056 3083 1112 qua:
3100 1046 3433 1112 sequuntur.

151 1127 390 1193 gnatur,
412 1120 577 1175 sicuti
612 1125 669 1173 et
693 1135 759 1173 ex
798 1119 976 1190 ipsius
1004 1120 1325 1174 charactere
1353 1121 1706 1191 cognoscitur
1738 1139 1749 1175 :
1838 1121 1925 1174 Ita
1952 1125 2009 1175 et
2045 1120 2137 1175 hic
2166 1121 2370 1177 chorus
2401 1123 2673 1191 fidelium,
2700 1130 2765 1180 ut
2792 1133 3198 1183 rememoretur
3223 1128 3283 1184 in
3312 1145 3439 1184 con-

152 1212 213 1267 in
246 1226 365 1283 qua
392 1225 593 1281 parum
623 1209 816 1263 deesse
845 1209 1044 1276 crucis,
1072 1209 1179 1263 nisi
1219 1210 1367 1281 quod
1391 1225 1564 1281 supra
1587 1210 1760 1264 telum
1846 1216 2039 1280 spectu
2067 1210 2168 1265 Dei
2200 1218 2618 1283 persecutorum
2640 1214 2962 1282 crudelitas,
2988 1222 3044 1270 et
3070 1216 3300 1272 ultionis
3325 1218 3442 1273 vin-

154 1300 529 1373 pmeminet;
571 1298 722 1353 unde
746 1299 863 1367 jam
894 1304 951 1351 et
993 1314 1059 1352 ex
1089 1298 1354 1370 mysterio
1401 1299 1458 1353 in
1488 1298 1764 1353 frontibus
1846 1299 1995 1353 dicta
2009 1300 2227 1369 justum
2245 1300 2343 1354 Dei
2360 1301 2637 1371 judicium
2659 1319 2753 1357 eos
2764 1303 3114 1376 jamjamque
3134 1307 3443 1378 apprehen-

157 1391 413 1444 virorum
442 1387 789 1460 gementium
818 1392 875 1440 et
906 1387 1216 1441 dolentium
1248 1387 1460 1457 signari
1486 1403 1766 1443 commen-
1848 1388 1962 1453 dat,
1980 1388 2239 1443 humiliet
2258 1395 2314 1443 et
2333 1391 2551 1461 perdat,
2578 1391 2671 1463 qui
2697 1392 3069 1463 superbiendo
3094 1394 3306 1450 crudeli
3330 1412 3444 1451 non

155 1477 436 1532 datur.Et
464 1492 535 1530 ne
562 1490 760 1548 parum
789 1474 891 1528 tibi
923 1475 1195 1540 videatur,
1220 1476 1364 1530 scias
1383 1493 1507 1531 eam
1536 1476 1766 1531 novissi-
1846 1476 2159 1531 timuerunt
2173 1480 2559 1549 persecutione
2582 1480 2791 1535 Christi
2814 1481 3115 1537 Ecclesiam
3138 1500 3353 1551 vexare,
3370 1483 3447 1539 af-

157 1582 314 1622 mam
341 1565 706 1621 Hebraeorum
730 1564 977 1618 litteram
1008 1564 1153 1619 sicut
1175 1570 1233 1620 et
1252 1586 1294 1618 ω
1315 1565 1655 1621 Graecorum.
1684 1566 1765 1620 De
1850 1565 2043 1636 ﬂigere
2071 1566 2154 1621 vel
2177 1566 2391 1638 punire.
2414 1569 2573 1624 Unde
2596 1568 2877 1642 inquiunt,
2908 1574 3264 1640 ingrediatur
3291 1589 3449 1628 omne

156 1672 275 1729 qua
292 1654 597 1710 Dominus:
621 1655 885 1722 Egosum,
901 1653 1103 1725 inquit,
1123 1659 1222 1708 aet
1242 1675 1303 1721 ω,
1319 1658 1552 1709 initium
1570 1660 1618 1709 et
1638 1658 1767 1723 ﬁnis
1787 1729 1819 1733 _
1850 1658 2064 1709 malum
2088 1672 2278 1711 eorum
2304 1673 2489 1711 coram
2517 1664 2581 1712 te.
2607 1658 2749 1723 Quia
2776 1660 3040 1731 profecto,
3065 1661 3289 1733 quando
3312 1662 3452 1717 talia

156 1746 348 1816 (Apoc.
372 1750 454 1798 Iet
479 1747 631 1803 χχιι).
657 1742 817 1807 Quod
845 1742 892 1797 si
921 1742 1040 1814 ipse
1070 1743 1325 1797 Christus
1347 1764 1378 1796 α
1400 1744 1621 1810 dicitur,
1642 1743 1768 1798 ﬁnis
1787 1729 1831 1789 Β
1853 1750 1910 1798 et
1929 1749 2089 1798 tanta
2105 1761 2299 1799 eorum
2323 1746 2614 1801 incanduit
2634 1729 2867 1814 malitia,
2884 1750 3043 1821 quasi
3066 1729 3214 1805 Deus
3237 1751 3452 1806 nescire

156 1834 445 1898 videlicet,
465 1832 597 1904 quid
615 1838 779 1903 putas
801 1832 987 1886 minus
1014 1838 1251 1899 '35s
1266 1834 1530 1904 perThau
1546 1851 1769 1888 crucem
1852 1838 1910 1888 et
1939 1849 2049 1887 non
2078 1834 2264 1888 videre
2294 1834 2615 1905 putabatur,
2649 1853 2815 1907 quem
2855 1838 3010 1893 nulla
3046 1839 3225 1893 latent
3259 1842 3446 1911 (Hebr.

157 1922 474 1995 significari
498 1937 675 1992 posse,
712 1937 825 1991 qua
844 1919 1117 1990 jubentur
1145 1922 1396 1976 omnium
1422 1924 1771 1993 gementium
1854 1925 1949 1990 Iv).
1972 1924 2332 1991 lngrediatur
2355 1928 2744 1978 omnematum
2766 1942 2955 1981 eorum
2975 1944 3161 1981 coram
3184 1934 3248 1993 te,
3275 1945 3340 1983 ex
3365 1928 3452 1983 his

160 2029 235 2067 ac
255 2010 569 2065 dolentium
593 2010 807 2063 frontes
827 2009 1144 2079 consignari
1168 2017 1224 2064 et
1242 2012 1573 2076 consecrari,
1595 2029 1663 2067 ne
1683 2013 1774 2067 lae-
1854 2012 1910 2065 in
1945 2012 2209 2082 pondere.
2255 2019 2319 2066 ut
2359 2011 2667 2083 puniantur
2695 2014 2816 2067 sine
2847 2015 2957 2069 ﬁne
2997 2016 3092 2086 qui
3139 2017 3304 2071 finem
3336 2016 3453 2071 suis

155 2101 377 2154 dantur
395 2098 466 2152 ab
481 2098 568 2152 his
589 2097 646 2151 in
664 2114 903 2168 quorum
927 2098 1182 2153 manibus
1207 2116 1336 2154 vasa
1359 2100 1763 2156 interfectionis
1856 2100 2046 2172 pravis
2084 2100 2344 2172 operibus
2374 2101 2676 2155 noluerunt
2705 2102 3009 2174 imponere.
3061 2097 3339 2161 Vindemia
3370 2122 3453 2162 eos

164 2206 274 2261 per
305 2188 554 2243 mediam
569 2186 879 2241 Jerusalem
903 2186 972 2240 ad
1002 2188 1357 2259 perimendas
1385 2190 1602 2244 animas
1630 2190 1777 2244 defe-

168 2279 425 2335 runtur?
464 2279 608 2331 Nam
637 2292 831 2331 omnes
858 2277 1059 2331 litterae
1089 2278 1249 2348 signa
1281 2286 1414 2334 sunt
1442 2280 1734 2335 verborum
1758 2299 1770 2346 ;

1858 2188 1952 2260 qui
1983 2206 2073 2243 me
2120 2190 2619 2245 vindemiaverunt.
2655 2190 3011 2246 Vindemiare
3055 2193 3205 2247 enim
3248 2211 3456 2249 unum-

1859 2294 2138 2350 quemque
2189 2285 2278 2333 est
2322 2295 2557 2350 operum
2606 2296 2836 2335 suorum
2878 2281 3063 2337 fructu
3090 2282 3370 2353 colligere,
3403 2288 3462 2337 et

161 2368 346 2423 verba
374 2382 503 2421 vero
534 2372 591 2420 et
617 2365 910 2428 dictiones,
935 2383 1130 2420 rursus
1154 2367 1314 2438 signa
1341 2374 1473 2422 sunt
1502 2386 1689 2423 rerum
1720 2375 1778 2423 et
1858 2372 2045 2421 servat
2076 2367 2463 2437 metaphoram
2503 2385 2568 2422 ex
2600 2368 2761 2423 vinea
2790 2386 2958 2441 quam
2994 2388 3060 2425 ex
3089 2372 3329 2442 Egypto
3358 2372 3460 2426 ad-

165 2473 409 2530 operum
426 2461 733 2526 gestorum,
751 2470 816 2509 ex
837 2454 1040 2525 quibus
1059 2461 1117 2509 et
1140 2456 1194 2509 in
1216 2456 1419 2527 quibus
1439 2458 1645 2522 omnia,
1666 2474 1778 2512 non

166 2548 297 2602 dico
322 2544 643 2617 praesentia,
662 2560 851 2598 verum
868 2544 1037 2598 etiam
1062 2550 1118 2599 et
1137 2544 1328 2600 futura
1348 2546 1777 2617 prmsignantur.

170 2636 284 2692 Sed
315 2634 454 2705 quia
468 2634 623 2688 Thau
654 2636 815 2701 signa
844 2632 1206 2704 interpretari
1235 2634 1496 2699 diximus,
1518 2652 1640 2705 qua;
1668 2636 1784 2689 sint

173 2727 300 2798 ipsa
333 2724 516 2795 signa,
547 2722 633 2776 vel
677 2722 836 2791 cujus
887 2722 1000 2776 sint
1046 2722 1209 2793 signa
1254 2723 1558 2777 videamus.
1603 2725 1782 2779 Omne

174 2815 335 2870 enim
357 2813 579 2883 signum
600 2810 838 2881 alicujus
851 2817 937 2865 est
954 2811 1204 2881 signum:
1226 2813 1361 2883 quia
1384 2812 1611 2867 omnino
1631 2814 1784 2868 aliud

180 2911 269 2959 est
289 2902 448 2975 quod
467 2901 670 2971 signat,
695 2907 750 2955 et
771 2900 923 2955 aliud
946 2900 1093 2972 quod
1124 2901 1400 2972 signatur.
1428 2902 1637 2958 Idcirco
1663 2919 1786 2974 qum

182 2994 298 3049 sint
330 2992 515 3062 signa,
554 3006 675 3061 quae
720 2990 888 3060 hujus
936 2990 1135 3044 litterae
1179 2991 1550 3063 designantur
1588 2992 1788 3046 chara-

1862 2456 2097 2510 duxerat
2128 2458 2289 2521 (Psal.
2325 2460 2527 2525 mem).
2560 2459 2645 2511 vel
2677 2475 2741 2512 ex
2771 2475 2836 2513 ea
2868 2476 3038 2531 quam
3069 2460 3127 2514 in
3160 2461 3459 2531 Evangelio

1862 2545 1983 2615 ipse
2012 2545 2295 2615 plantarat
2327 2546 2535 2609 (Matth.
2568 2547 2704 2615 XXI).
2746 2548 3067 2603 Vindemiat
3103 2566 3235 2619 ergo
3275 2549 3464 2603 hostes

1864 2650 1995 2688 suos
2026 2633 2316 2696 Dominus,
2351 2634 2446 2705 qui
2485 2642 2707 2690 sanctos
2745 2638 2868 2707 ejus
2898 2637 2957 2691 in
2986 2638 3090 2692 hoc
3118 2639 3319 2692 saeculo
3349 2639 3465 2693 vin-

1866 2722 2205 2787 demiarunt,
2239 2739 2377 2793 quos
2399 2723 2470 2777 ad
2508 2724 2893 2795 probationem
2927 2743 3120 2781 eorum
3148 2728 3466 2799 opprimere

1866 2812 1986 2883 ipse
2006 2811 2358 2883 permiserat,
2377 2813 2601 2883 quando
2621 2814 2681 2867 in
2695 2814 2885 2868 futuro
2900 2814 3113 2885 judicio
3136 2822 3469 2888 perpetuam

1868 2901 2141 2956 ultionem
2197 2902 2582 2972 unusquisque
2634 2903 2883 2974 recipiet,
2924 2909 3091 2975 prout
3125 2906 3316 2976 gessit.
3360 2904 3471 2961 Sed

1871 2990 2035 3044 aliter
2060 2989 2389 3045 vindemiati
2429 2995 2562 3045 sunt
2599 2992 2776 3046 sancti
2805 2993 3044 3063 quodam
3078 2994 3243 3048 modo
3281 2994 3338 3048 in
3367 2995 3472 3049 hoc

184 3090 367 3147 ctere,
399 3080 487 3134 vel
512 3096 579 3134 ea
606 3080 766 3149 cujus
801 3078 915 3132 sint
942 3079 1122 3150 signa,
1157 3097 1266 3134 non
1313 3080 1554 3136 absurde
1585 3050 1848 3152 quael-i-(3
1873 3080 2094 3144 saeculo,
2125 3084 2182 3133 et
2226 3080 2391 3134 aliter
2417 3079 2574 3151 impii
2603 3080 2660 3134 in
2687 3081 2876 3135 futuro
2902 3100 2914 3149 ;
2967 3082 3099 3154 quia
3128 3083 3306 3137 sancti
3332 3089 3474 3138 tem-

186 3178 305 3227 tur.
326 3168 586 3225 Diximus
600 3168 716 3238 jam
742 3184 914 3238 supra
942 3169 1090 3238 quod
1115 3169 1276 3223 Thau
1299 3170 1520 3241 signum
1544 3177 1646 3236 est,
1678 3171 1791 3225 imo

183 3263 356 3332 juxta
384 3256 904 3329 interpretationem
928 3258 1069 3327 ejus,
1093 3257 1255 3327 signa
1274 3266 1407 3313 sunt
1426 3260 1623 3323 crucis,
1649 3266 1706 3314 et
1732 3265 1796 3314 ut

192 3350 387 3405 verius
413 3347 629 3418 loquar,
672 3362 814 3417 pene
842 3346 963 3417 ipsa
992 3351 1077 3400 est
1105 3363 1257 3400 crux.
1290 3348 1449 3402 Unde
1478 3354 1536 3402 et
1561 3349 1793 3417 signari,

194 3437 483 3512 quomodo
526 3434 895 3507 praemissum,
935 3434 993 3489 in
1040 3434 1317 3489 frontibus
1344 3437 1693 3506 gementium
1742 3442 1799 3491 et

194 3525 513 3584 dolentium
538 3525 697 3594 jussa
723 3531 809 3578 est
836 3542 848 3591 ;
898 3524 993 3577 sed
1022 3530 1156 3578 tunc
1193 3524 1417 3595 signum
1450 3532 1572 3579 erat
1598 3525 1798 3581 futurae

195 3616 404 3681 crucis,
435 3629 586 3668 nunc
630 3628 759 3667 vero
800 3614 919 3683 jam
965 3612 1086 3683 ipsa
1114 3629 1266 3679 crux,
1300 3613 1384 3667 vel
1430 3613 1488 3667 in
1520 3630 1586 3667 ea
1615 3615 1800 3684 potius

197 3725 287 3763 res
339 3710 424 3760 est
475 3708 679 3757 nostrae
725 3701 1143 3772 redemptionis.
1176 3702 1285 3756 Sed
1316 3701 1447 3773 quia
1484 3703 1643 3756 Thau
1674 3702 1800 3756 linis

1873 3168 2089 3240 poralia
2124 3168 2436 3223 amiserunt
2485 3175 2542 3223 et
2593 3176 3052 3241 contempserunt
3098 3171 3262 3238 bona,
3316 3171 3477 3244 impii

1874 3274 2003 3311 vero
2037 3263 2094 3311 et
2139 3264 2420 3311 amatores
2475 3258 2682 3324 saeculi,
2730 3260 3089 3331 sempiterna.
3124 3262 3193 3316 Et
3247 3262 3363 3316 haec
3392 3266 3480 3316 est

1878 3363 2037 3417 aequa
2056 3346 2456 3417 compensatio,
2484 3347 2616 3417 quia
2644 3347 2790 3401 sicut
2814 3348 2871 3402 hi
2897 3349 3221 3404 vindemiati
3248 3357 3381 3406 sunt
3408 3349 3480 3405 ab

1879 3435 2139 3491 omnibus
2182 3435 2351 3505 hujus
2381 3436 2507 3489 vitae
2539 3436 2782 3505 gaudiis,
2818 3443 2881 3492 ut
2908 3438 3014 3509 ipsi
3044 3455 3107 3493 ex
3134 3438 3480 3494 confessione

1880 3541 2023 3579 verae
2066 3523 2401 3577 humilitatis
2446 3526 2820 3578 conﬁteantur
2872 3533 3100 3597 propter
3153 3527 3481 3597 iniquitates

1881 3630 2029 3678 suas,
2053 3612 2132 3666 ita
2159 3619 2215 3666 et
2244 3612 2327 3666 illi
2356 3629 2389 3666 a
2418 3612 2621 3666 futuris
2652 3619 2878 3684 pr0pter
2897 3613 3215 3684 impietates
3247 3621 3303 3668 et
3334 3615 3482 3667 mala

1882 3719 1984 3756 sua
2012 3701 2323 3773 privantur.
2347 3700 2579 3766 Deinde,
2604 3701 2748 3755 sicut
2772 3701 2949 3754 sancti
2975 3717 3187 3763 eorum,
3210 3702 3364 3771 justo
3388 3700 3481 3755 Uei

200 3803 283 3853 est
311 3793 684 3851 Hebraeorum
730 3791 1159 3855 elementorum,
1191 3791 1312 3862 ipsa
1356 3808 1485 3845 vero
1526 3792 1804 3846 elementa
1877 3790 2087 3861 judicio
2116 3790 2471 3860 pertulerunt
2507 3804 2817 3860 pressuras,
2852 3788 2931 3843 ita
2960 3795 3017 3844 et
3043 3789 3124 3844 illi
3154 3806 3254 3860 pro
3280 3788 3481 3845 errati-

199 3884 438 3941 totidem
470 3889 600 3936 sunt
630 3885 768 3952 quot
794 3884 852 3933 et
878 3878 1003 3933 libri
1030 3878 1246 3933 Veteris
1276 3878 1643 3943 Testamenti,
1672 3896 1805 3951 quo-
1888 3879 1988 3933 bus
2019 3878 2135 3933 suis
2168 3893 2361 3949 pomas
2390 3877 2762 3947 sempiternas
2837 3878 2991 3932 Unde
3037 3894 3107 3933 ne
3155 3877 3485 3950 contingant

202 3988 328 4028 rum
358 3972 484 4044 ipsa
501 3976 636 4025 sunt
656 3970 815 4041 signa
856 3968 1015 4023 Unde
1042 3984 1152 4022 non
1178 3968 1637 4023 inconvenienter
1656 3985 1801 4034 reor,
1889 3967 2041 4030 talia,
2068 3968 2294 4039 plorans
2323 3983 2387 4021 ac
2413 3982 2644 4037 gemens
2670 3966 2807 4021 dicit
2830 3967 3108 4023 Ecclesia:
3138 3970 3304 4022 Multi
3331 3970 3484 4023 enim

204 4062 354 4134 quod
383 4061 530 4116 sicut
553 4059 802 4115 omnium
834 4058 1239 4112 elementorum
1273 4057 1400 4112 ﬁnis
1427 4063 1530 4124 est,
1564 4058 1644 4112 ita
1671 4057 1805 4112 toti-
1887 4060 2122 4125 gemitus
2152 4059 2278 4122 mei,
2313 4060 2362 4109 et
2390 4072 2482 4110 cor
2512 4072 2695 4109 meum
2727 4071 2973 4110 maerens.
3011 4056 3319 4127 Siquidem,
3354 4056 3488 4128 quia

205 4152 331 4206 dem
381 4150 653 4204 librorum
690 4146 901 4202 Veteris
928 4146 1291 4211 Testamenti,
1337 4146 1463 4200 ﬁnis
1511 4151 1596 4201 est
1650 4162 1808 4213 crux,
1891 4144 2051 4199 multi
2080 4161 2352 4208 excessus,
2392 4143 2555 4197 multi
2604 4148 2661 4198 et
2693 4144 2975 4214 gemitus;
3027 4150 3085 4199 et
3115 4145 3246 4215 quia
3277 4144 3488 4200 multus

208 4239 396 4312 passio
419 4238 677 4291 videlicet
698 4236 829 4290 Jesu
853 4234 1080 4297 Christi,
1105 4235 1200 4306 qui
1227 4237 1351 4289 linis
1374 4241 1459 4289 est
1480 4235 1651 4289 totius
1672 4235 1810 4306 legis
1893 4234 2069 4297 dolor,
2097 4234 2309 4287 multus
2333 4237 2389 4286 et
2411 4232 2592 4286 cordis
2614 4248 2839 4287 maeror.
2865 4234 2923 4287 Si
2946 4250 3055 4304 quo
3077 4234 3239 4288 modo
3262 4232 3491 4288 tandem

207 4330 274 4383 ad
297 4327 608 4399 justitiam.
639 4326 940 4396 Pmpterea
969 4324 1158 4377 omnia
1188 4324 1285 4377 illa
1315 4323 1582 4378 librorum
1615 4324 1814 4379 divinisI
1897 4322 2537 4395 queatdiccre,Domino
2552 4322 2854 4376 miserante
2875 4320 3217 4377 :Secundum
3236 4325 3493 4377 multitu-

211 4416 567 4472 anctoritatis
610 4414 793 4485 signa,
840 4413 1135 4467 dominica:
1179 4412 1584 4467 incarnationis
1624 4418 1681 4467 et
1725 4430 1812 4468 re-
1834 4408 2079 4466 Ddinem
2113 4412 2367 4465 dolorum
2392 4426 2639 4465 meorum
2672 4414 2734 4465 in
2764 4412 2921 4466 corde
2946 4428 3079 4478 meo,
3103 4413 3493 4465 consolationes

214 4504 555 4579 demptionis
597 4508 800 4558 nostrae
847 4510 979 4557 sunt
1024 4510 1394 4557 sacramenta.
1441 4502 1508 4556 Et
1538 4502 1663 4556 ideo
1688 4503 1815 4573 jure
1899 4506 2003 4554 tua
2035 4501 2448 4567 latiﬂcaverunt
2478 4502 2731 4553 animam
2765 4516 2943 4554 meam
2962 4500 3131 4572 (Psal.
3167 4503 3345 4570 XCIII).
3383 4499 3495 4555 Sed

214 4598 370 4652 Thau
397 4598 564 4663 signa
590 4593 1013 4664 interpretatur.
1048 4596 1109 4645 ut
1151 4609 1251 4663 per
1278 4592 1474 4647 eadem
1501 4592 1606 4645 hoc
1638 4607 1815 4645 unum
1898 4588 1989 4643 hic
2009 4588 2309 4643 multitudo
2333 4588 2607 4655 dolorum,
2626 4589 2818 4643 licetin
2834 4589 3034 4660 spiritu
3050 4606 3146 4661 spe
3163 4589 3497 4643 intusintero

219 4684 609 4741 annuntietur.
632 4698 695 4736 ex
721 4698 849 4753 quo,
869 4686 934 4736 ut
956 4680 1086 4747 dixi,
1110 4681 1301 4735 omnia
1319 4685 1641 4735 reserantur
1659 4681 1819 4752 signa
1901 4678 2035 4732 dum
2061 4677 2397 4742 consoletur,
2435 4676 2567 4731 alibi
2599 4693 2727 4731 vero
2756 4678 3150 4733 consolationis
3180 4678 3288 4733 erit
3314 4694 3499 4733 remu-

220 4780 273 4830 et
297 4774 585 4847 pateﬁunt
610 4772 889 4827 universa.
922 4772 1149 4826 Necnon
1178 4776 1235 4825 et
1268 4770 1689 4825 lamentationis
1717 4784 1820 4824 no-
1902 4767 2139 4823 neratio.
2174 4766 2242 4820 Et
2270 4765 2394 4819 ideo
2425 4763 2601 4819 donec
2637 4766 2865 4820 venient
2910 4783 3032 4837 qua:
3073 4773 3308 4822 ventura
3344 4772 3496 4835 sunt,

223 4868 347 4920 stne
369 4862 723 4936 aprincipio,
743 4861 802 4916 in
820 4860 1022 4933 quibus
1043 4860 1221 4916 multa
1258 4865 1626 4916 cucurrerunt
1662 4859 1821 4930 signa
1905 4856 2125 4930 plenius
2166 4862 2202 4923 ι
2222 4858 2413 4921 που
2440 4853 2637 4908 edocta
2682 4853 2751 4909 de
2798 4855 3057 4931 omnibus
3094 4855 3230 4911 dicit
3259 4856 3504 4912 Ecclesia

214 4953 555 5022 judiciorum
580 4950 702 5010 Dei.
737 4950 943 5021 dignus
972 4956 1060 5005 est
1087 4949 1215 5005 ﬁnis
1240 4960 1251 4995 ε
1281 4953 1347 5003 ut
1374 4954 1431 5003 et
1457 4947 1513 5002 in
1543 4947 1824 5020 gementi-
1906 4962 2005 5001 seu
2030 4945 2221 5000 anima
2251 4949 2444 4999 sancta
2470 4961 2482 4995 :
2520 4944 2686 4998 Multi
2711 4947 2945 5012 gemitus
2982 4947 3091 4999 mei
3118 4951 3167 4999 et
3195 4962 3287 5000 cor
3316 4960 3501 4999 meum

222 5039 322 5095 bus
347 5037 862 5112 impraesentiarum
894 5044 952 5092 et
979 5037 1312 5097 dolentibus,
1335 5052 1572 5108 quorum
1598 5036 1655 5090 in
1678 5035 1826 5089 fron-

222 5129 371 5185 tibus
400 5145 539 5184 crux
561 5127 783 5199 signata
817 5127 1107 5199 promicat.
1143 5142 1356 5181 merces
1383 5125 1639 5180 laborum
1667 5140 1828 5179 com-

225 5225 496 5290 pensetur
525 5233 559 5271 a
584 5216 851 5283 Domino;
884 5224 940 5270 et
972 5215 1058 5269 his
1088 5216 1185 5287 qui
1215 5231 1309 5270 eos
1337 5215 1697 5275 tribularunt,
1726 5229 1829 5267 nec

226 5309 385 5381 signa
406 5306 559 5362 tanti
588 5305 772 5379 operis
800 5305 1096 5361 voluerunt
1122 5320 1449 5375 agnoscere,
1472 5303 1643 5373 digna
1670 5299 1830 5356 retri-

228 5396 474 5454 butionis
497 5401 878 5467 consequatur
897 5394 1055 5449 ultio.
1080 5394 1148 5448 Et
1175 5393 1304 5448 hinc
1333 5399 1417 5447 est
1445 5392 1592 5464 quod
1622 5390 1830 5445 dicitur

230 5501 338 5542 non
355 5485 609 5560 optantis
628 5485 849 5552 affectu,
868 5483 966 5540 sed
986 5482 1371 5555 prophetantis
1386 5481 1585 5554 spiritu
1605 5498 1617 5533 :
1645 5481 1831 5548 Ingre-

230 5575 421 5630 diatur
451 5591 615 5631 omne
661 5578 881 5630 malum
920 5588 1111 5629 eorum
1140 5587 1324 5628 coram
1364 5576 1431 5638 te,
1466 5573 1514 5625 et
1548 5570 1831 5624 vindemia

1907 5051 2155 5091 merens.
2190 5035 2324 5099 Quae
2354 5031 2622 5087 nimirum
2659 5033 2851 5087 anima
2879 5032 3047 5087 etiam
3086 5033 3373 5088 moraliter
3417 5048 3504 5087 ex-

1908 5140 2083 5196 pensa
2111 5139 2299 5178 coram
2346 5120 2584 5176 Domino
2626 5128 2805 5193 rogat,
2847 5121 3035 5177 dicens
3078 5142 3090 5177 :
3146 5123 3506 5190 Ingrediatur

1909 5230 2066 5268 omne
2104 5216 2319 5266 malum
2348 5227 2539 5265 eorum
2584 5227 2770 5265 coram
2805 5217 2869 5266 te.
2913 5211 3071 5276 Quod
3114 5211 3321 5265 malum
3357 5210 3507 5281 (quia

1911 5300 2048 5355 mihi
2087 5300 2412 5372 frequenter
2458 5299 2742 5371 ingerunt,
2786 5306 2845 5355 et
2891 5302 3191 5356 ostendunt
3226 5300 3379 5356 intus
3429 5300 3509 5356 fo-

1909 5390 2055 5443 risve
2082 5389 2404 5459 frequenter
2433 5394 2491 5443 et
2517 5388 2796 5460 inﬂigunt)
2830 5389 3184 5460 ingrediatur
3210 5404 3399 5444 coram
3429 5396 3508 5459 te,

1909 5484 1975 5535 ut
2003 5477 2252 5532 revincas
2284 5481 2340 5529 ct
2386 5492 2655 5545 enerves;
2706 5477 2839 5548 quia
2889 5478 3025 5532 meis
3055 5493 3270 5547 nequeo
3301 5478 3509 5533 viribus

1913 5566 2165 5623 evadere.
2205 5566 2349 5621 Nam
2379 5564 2699 5637 ubicunque
2726 5582 2817 5621 me
2858 5571 3031 5634 verto,
3063 5581 3176 5622 non
3214 5566 3323 5623 nisi
3363 5565 3513 5624 mala
