3960 6168
542 221 682 278 1103

1303 219 1359 274 S.
1405 217 1779 275 PASCHASII
1821 219 2181 274 RADBERTI
2219 219 2524 275 ABBATIS
2564 219 3050 275 CORBEIENSIS.

3641 224 3746 280 1104

534 362 730 402 eorum
763 345 938 414 video,
969 349 1025 401 et
1051 344 1198 419 quod
1220 345 1448 416 gravius
1476 351 1579 411 est,
1610 344 1780 400 etiam
1806 345 1863 399 in
1891 353 2186 409 memet-A
2208 347 2483 398 dextrum.
2524 347 2719 400 Eccita
2749 347 3020 412 furorem,
3059 349 3104 399 et
3135 345 3350 412 aliunde
3393 348 3544 398 iram.
3584 347 3756 402 Extolte

533 436 656 508 ipsa
685 435 957 490 fabricata
989 453 1162 506 supra
1185 436 1410 488 dorsum
1440 432 1659 504 reperio
1686 435 1845 502 (Psat.
1883 441 2127 501 cxxvnl).

532 524 747 580 Idcirco
769 525 900 596 quia
923 527 1249 595 ﬁgmentum
1267 521 1539 592 agnoscis,
1561 522 1919 589 ingrediatur
1943 537 2129 574 coram

535 619 582 668 te
609 619 823 669 malum
857 630 1066 676 eorum,
1103 619 1166 665 ut
1195 627 1386 676 exuar,
1419 616 1476 664 et
1503 616 1565 664 tu
1595 614 1781 664 vincas
1810 627 1936 663 cum
1967 611 2128 678 judi-

531 706 679 756 caris
715 705 884 775 (Psal.
921 707 995 769 ι),
1038 701 1173 754 talia
1210 716 1319 754 non
1361 716 1580 754 curare.
1622 700 1901 753 Vindemia
1941 715 2024 752 eos
2061 699 2130 753 ab

530 790 788 845 omnibus
819 788 1108 843 fraudibus
1133 789 1264 853 suis,
1291 805 1361 842 ne
1393 788 1635 842 fructum
1659 788 1728 841 de
1758 805 1848 841 me
1875 788 2124 859 capiant;

527 881 669 931 sicut
697 884 743 930 et
793 894 876 930 me
920 879 1294 943 rindemiasti,
1325 877 1550 947 quando
1580 883 1630 930 et
1668 883 1765 930 tua
1807 876 1943 930 mihi
1982 877 2129 930 dona

526 966 716 1020 furore
772 972 1083 1020 commotus
1131 965 1475 1030 subtraxisti,
1519 972 1576 1020 et
1620 965 2127 1036 impraesentiarum

521 1055 790 1123 gaudium
833 1055 1089 1126 perfectae
1129 1056 1256 1108 vita:
1303 1061 1529 1123 propter
1574 1071 1758 1108 omnes
1806 1058 2130 1123 iniquitates

525 1160 672 1197 meas
699 1142 978 1198 abstulisti
1005 1163 1016 1210 ;
1050 1154 1113 1198 ut
1142 1150 1200 1197 et
1232 1143 1368 1196 mihi
1399 1143 1468 1197 de
1500 1160 1738 1197 moarore
1771 1159 1962 1197 rursus
1988 1161 2128 1214 gau-

522 1231 636 1298 dia,
665 1238 720 1286 et
752 1233 863 1285 illis
893 1233 963 1286 dc
993 1249 1096 1286 sua
1124 1233 1474 1286 irrevocabili
1503 1232 1833 1286 crudelitate
1856 1233 2127 1304 supplicia

521 1327 860 1373 excrescant.
903 1321 971 1374 Et
1000 1321 1119 1374 hazc
1152 1327 1283 1374 sunt
1320 1321 1482 1390 signa
1525 1326 1753 1391 propter
1781 1337 1903 1393 quae
1937 1320 2126 1373 omnia

522 1409 812 1478 signorum
843 1409 990 1462 facta
1023 1414 1157 1463 sunt
1185 1409 1473 1463 miracula.
1500 1409 1658 1463 Unde
1687 1410 1856 1464 David
1890 1410 1943 1463 in
1975 1409 2123 1480 psal-

519 1513 638 1550 mo:
663 1499 869 1551 Dedisti
888 1500 1254 1556 metuentibus
1277 1504 1323 1552 te
1341 1501 1789 1566 signiﬁcationes,
1817 1504 1877 1552 ut
1897 1501 2121 1566 fugiant

517 1601 552 1638 a
577 1588 718 1654 facie
755 1602 921 1640 arcus
951 1589 1113 1654 (Psat.
1140 1588 1266 1654 Lix).
1299 1587 1450 1652 Quas
1476 1587 1570 1658 qui
1600 1587 1883 1642 noluerint
1912 1604 2124 1658 praeca-

2213 435 2620 499 adversarimn,
2642 440 2689 487 et
2718 436 2904 503 (if/liga
2926 435 3247 486 inimicum.
3271 433 3481 486 Festina
3509 439 3703 503 tempus,
3719 444 3756 490 et

2215 528 2480 576 memento
2507 525 2638 589 finis
2683 523 2870 588 (Eccti.
2922 532 3128 584 xxxvi}.
3163 521 3310 591 Ergo
3349 527 3502 590 rogat
3541 523 3759 578 innovare

2214 611 2377 680 signa
2406 628 2528 682 qua:
2570 612 2819 682 quotidie
2845 612 3008 677 ﬁunt,
3041 617 3105 665 ut
3131 617 3484 664 convertatur
3503 613 3693 680 justitia
3714 614 3760 668 in

2205 699 2504 770 judicium,
2538 717 2606 754 ne
2650 716 2873 771 semper
2905 699 3234 769 aflligantur
3264 699 3457 762 sancti,
3488 701 3575 754 sed
3615 717 3758 755 unus-

2213 789 2447 859 quisque
2485 789 2721 860 recipiat
2779 795 2944 858 prout
2988 788 3199 858 gessit;
3239 805 3306 841 ac
3352 789 3398 842 si
3434 789 3609 842 dicat:
3645 791 3759 852 Quia

2211 893 2386 948 usque
2434 877 2502 930 ad
2553 895 2797 949 praesens
2847 879 2992 931 facta
3039 883 3172 930 sunt
3209 881 3276 930 ut
3305 878 3614 946 elfugerent,
3642 895 3760 933 nunc

2213 967 2452 1020 immuta
2482 966 2779 1030 mirabilia,
2819 967 2980 1036 juxta
3009 966 3155 1036 quod
3208 965 3528 1035 signiﬁcatam
3559 973 3686 1029 sunt,
3711 975 3760 1021 ut

2214 1055 2558 1126 perveniant.
2585 1055 2654 1109 Et
2682 1055 2806 1109 ideo
2833 1054 2890 1107 in
2917 1056 3028 1108 ﬁne
3056 1055 3226 1124 hujus
3257 1054 3506 1118 lamenti,
3529 1071 3617 1125 per
3635 1055 3757 1110 Thsu

2212 1143 2458 1198 litteram
2487 1144 2649 1214 signa
2678 1143 3032 1214 praemonuit,
3063 1148 3120 1196 et
3156 1141 3409 1196 versibus
3440 1142 3758 1212 lacrymabili-

2210 1239 2314 1298 ter,
2338 1251 2460 1304 quae
2491 1236 2681 1288 futura
2711 1241 2842 1287 sunt
2869 1231 3258 1302 prophetando
3279 1238 3477 1285 cuncta
3493 1231 3754 1301 complevit.

2209 1323 2514 1393 Propterea
2541 1329 2598 1376 et
2627 1339 2728 1375 nos
2758 1321 2918 1374 ﬁnito
2948 1319 3249 1390 alphabeto
3283 1320 3481 1391 primo,
3521 1324 3666 1390 prout
3688 1337 3757 1390 po-

2207 1410 2439 1474 tuimus,
2473 1409 2598 1463 libri
2630 1411 2798 1462 ﬁnem
2842 1408 3060 1462 demus.
3103 1407 3171 1460 Et
3201 1423 3302 1460 oro
3333 1407 3638 1478 suppliciter
3663 1423 3755 1460 om-

2206 1499 2360 1552 nium
2392 1499 2551 1564 votis,
2575 1505 3016 1567 cunctorumque
3042 1496 3326 1560 lamentis,
3351 1495 3539 1550 abluat
3555 1496 3606 1549 in
3624 1496 3754 1549 visce-

2205 1586 2358 1642 ribus
2386 1589 2518 1642 Jesu
2541 1587 2777 1653 Christi;
2813 1586 2946 1656 quia
2974 1584 3235 1638 mihimet
3266 1601 3378 1638 non
3415 1584 3632 1647 sufﬁcio,
3654 1600 3754 1654 qua-

516 1690 665 1741 vere,
711 1675 1009 1729 deveniunt
1039 1675 1108 1728 ad
1139 1692 1207 1729 ea
1238 1692 1360 1747 quae
1410 1683 1784 1730 consonanter
1823 1674 2184 1747 ScripturazB
2203 1683 2368 1731 tenus
2395 1677 2486 1747 qui
2516 1693 2641 1730 cum
2669 1674 2950 1738 omnibus,
2975 1682 3026 1727 et
3062 1690 3178 1744 prae
3201 1673 3462 1727 omnibus
3485 1673 3751 1726 immaniter

516 1768 723 1818 sanctae
752 1770 1203 1835 praemonstrant.
1239 1765 1379 1818 Hinc
1409 1782 1630 1837 quoque
1660 1771 1718 1820 et
1749 1765 2024 1838 sapientia
2048 1765 2120 1819 ad

512 1857 824 1906 extremum
859 1853 1083 1907 oculum
1110 1853 1407 1908 intendens
1432 1873 1443 1907 :
1485 1857 1694 1909 lnnova
1712 1857 1894 1922 signa,
1913 1854 2114 1925 inquit,

511 1943 752 1995 immuta
801 1945 1114 2000 mirabilia.
1156 1943 1416 2011 Gtoriﬁca
1455 1959 1690 1998 manum
1729 1949 1777 1998 et
1829 1945 2115 1998 brachium

2202 1768 2431 1838 deliqui,
2463 1767 2633 1821 etiam
2665 1766 2724 1820 in
2753 1765 3014 1820 omnibus
3041 1766 3356 1819 clementer
3385 1771 3441 1818 et
3467 1781 3583 1818 cum
3608 1764 3748 1818 omni-

2202 1856 2306 1912 bus
2335 1857 2405 1911 ad
2438 1856 2654 1911 veniam
2681 1872 2901 1910 merear
2929 1854 3198 1909 exaudiri.

1565 2254 1973 2319 PROLOGUS
2016 2258 2222 2319 LIBRI
2269 2258 2631 2321 SECUNDI.

585 2493 819 2555 I30]
862 2490 1017 2545 Inter
1044 2508 1145 2545 nos
1183 2509 1248 2546 ex
1282 2498 1458 2564 parte,
1492 2501 1556 2549 ut
1583 2493 1792 2549 dictum
1823 2503 1928 2560 est,
1965 2496 2105 2551 viro-

498 2593 625 2632 rum
643 2578 992 2646 charissime,
1008 2580 1065 2634 in
1079 2581 1279 2636 dandis
1293 2583 1740 2655 accipiendisque
1758 2585 2102 2651 muneribus,

499 2667 776 2738 praecipue
807 2685 873 2722 ea
901 2669 1234 2724 aestimanda
1255 2679 1388 2726 sunt
1415 2673 1615 2736 ofﬁcia,
1650 2673 1697 2727 si
1728 2674 1940 2744 liquido
1982 2692 2109 2730 con-

499 2754 728 2822 stiterit,
758 2756 897 2810 nihil
928 2774 1017 2811 me
1045 2759 1196 2812 aliud
1219 2760 1366 2830 quod
1397 2760 1498 2814 tibi
1527 2762 1930 2831 congruentius
1949 2765 2109 2817 atl‘er-

2191 2515 2414 2570 semper
2441 2508 2663 2557 constat
2690 2504 2861 2559 fuisse
2903 2507 3170 2572 ofﬁcium,
3206 2511 3547 2565 orationibus
3571 2511 3740 2563 incum-

2192 2585 2343 2652 bere,
2371 2588 2627 2644 insistere
2664 2593 2942 2658 lamentis,
2973 2601 3031 2649 et
3059 2597 3140 2650 vel
3168 2605 3366 2652 nostra
3395 2601 3476 2653 vel
3503 2599 3658 2652 aliena
3679 2597 3739 2648 fa-

2191 2676 2384 2732 cinora
2411 2679 2636 2734 deflere.
2673 2682 2815 2735 Hinc
2854 2690 2940 2737 est
2978 2686 3123 2755 quod
3155 2688 3437 2757 explicito,
3469 2687 3522 2740 in
3549 2687 3737 2739 Lamen-

2192 2766 2519 2833 tationibus,
2535 2769 2715 2839 primo
2732 2770 3048 2825 litterarum
3061 2773 3393 2844 alphabeto,
3406 2774 3472 2828 ad
3488 2772 3738 2827 secundum

499 2860 648 2934 rem,
661 2845 822 2934 juxta
847 2847 994 2934 quod
1023 2847 1198 2916 potui,
1224 2849 1571 2918 explicitum;
1606 2866 1705 2903 nec
1726 2866 1760 2902 a
1783 2856 1837 2904 te
1859 2867 2106 2922 unquam
2127 2862 2170 2922 ο
2193 2870 2418 2908 manum
2440 2857 2801 2928 porrigimus,
2823 2868 2883 2915 ut
2906 2861 3110 2916 habeas
3130 2864 3378 2934 amplius
3399 2863 3536 2933 quod
3556 2861 3735 2914 deﬂeas.

504 2931 652 3001 quod
669 2933 892 2987 charius
908 2933 1295 2990 benevolentia
1309 2939 1774 3008 complecteretur
1792 2948 2103 3011 acceptum.

2191 2943 2465 2998 charitate
2503 2955 2889 3018 compunctus,
2921 2951 2970 3004 si
3003 2967 3114 3004 non
3141 2957 3232 3006 est
3274 2952 3331 3005 in
3361 2968 3448 3004 me
3477 2949 3608 3021 quod
3631 2962 3738 3016 gau-

505 3019 762 3074 Profecto
784 3022 918 3091 quia
937 3025 1462 3080 consenescentibus
1476 3026 1654 3093 nobis,
1671 3028 1775 3082 hoc
1796 3030 2106 3101 longaevum
2190 3032 2324 3086 deas
2354 3035 2514 3088 malis
2541 3036 2898 3093 amaricatus.

499 3171 2279 3203 Μ

1656 3290 1935 3362 LIBER
1987 3287 2496 3368 SECUNDUS.

573 3545 810 3601 Reddidi
840 3560 973 3616 ergo
1001 3543 1060 3598 in
1090 3545 1370 3616 prioribus
1399 3544 1634 3617 singulis
1662 3548 1912 3620 sapphici
1945 3552 2110 3606 metri

500 3634 768 3690 clausulis
815 3639 1106 3689 ternorum
1136 3650 1420 3700 versuum,
1456 3635 1706 3705 singulas
1750 3653 1877 3691 cum
1933 3639 2110 3693 inter-

501 3723 911 3795 pretationibus
958 3724 1074 3777 suis
1105 3723 1322 3777 litteras
1355 3741 1365 3775 :
1402 3723 1545 3778 forte
1576 3741 1686 3779 non
1717 3732 1778 3780 ut
1809 3727 1957 3781 idem
1988 3745 2111 3800 pro-

503 3813 675 3883 pheta
705 3812 1006 3885 perfectius
1029 3812 1321 3870 intellexit,
1349 3813 1438 3866 cui
1459 3808 1660 3868 sic'eas
1686 3815 1970 3870 indiderit.
2000 3817 2108 3872 Sed

497 3903 660 3972 juxta
688 3901 956 3972 ingenioli
987 3900 1094 3954 mei
1128 3917 1377 3963 sensum,
1401 3902 1598 3956 saltem
1625 3903 1799 3958 lector
1822 3921 1886 3957 ex
1916 3905 2021 3960 hoc
2047 3912 2111 3960 ut

501 3997 848 4061 agnosceret.
879 3989 1028 4060 quod
1057 3990 1195 4044 nihil
1217 3990 1274 4044 in
1298 3990 1511 4044 eisdem
1536 3991 1737 4046 litteris
1762 3999 1918 4047 vacat
1938 4010 1972 4047 a
1995 4011 2111 4066 my-

503 4079 694 4133 sterio.
723 4079 790 4131 Et
813 4079 859 4132 si
883 4079 1089 4132 vellent
1108 4079 1426 4149 capaciores
1447 4080 1654 4154 quique
1675 4089 1788 4137 tam
1814 4083 2111 4154 diligenter

505 4166 693 4220 divina
728 4166 1066 4236 perscrutari
1089 4168 1328 4238 eloquia,
1359 4185 1460 4222 nec
1489 4170 1720 4224 dubium
1745 4172 1881 4243 quin
1911 4173 2112 4228 altiora

2197 3552 2475 3622 quomodo
2502 3557 2559 3606 et
2586 3552 2702 3623 ipse
2732 3569 2833 3608 suo
2859 3553 3086 3623 ingenio
3114 3553 3373 3626 singulas
3399 3546 3734 3621 intelligendas

2193 3641 2311 3695 suis
2341 3641 2538 3696 reddat
2564 3642 2839 3697 sensibus.
2874 3643 2972 3697 Est
3001 3642 3149 3697 enim
3185 3662 3198 3697 :

2266 3728 2454 3782 Prima
2476 3729 2744 3784 connexio
2766 3735 3008 3799 quatuor
3028 3729 3372 3792 litterarum.
3389 3732 3579 3787 Atspa,
3601 3725 3729 3784 Βετυν

2191 3817 2390 3881 GIMEL,
2423 3818 2670 3886 DALETH,
2693 3823 2757 3872 ut
2783 3819 2856 3872 sit
2884 3835 3100 3884 sensus,
3133 3821 3411 3884 doctrina,
3436 3819 3622 3878 domus.
3645 3813 3730 3880 Ple‘

2195 3909 2409 3972 nitudo,
2447 3909 2790 3961 tabularum.
2828 3907 2987 3971 Quod
3018 3907 3064 3962 si
3109 3924 3309 3962 earum
3339 3908 3459 3962 duae
3479 3905 3729 3975 junguntur

2193 4001 2472 4060 extremae,
2515 3995 2623 4050 erit
2668 3995 2924 4050 doctrina
2959 3995 3307 4060 tabularum,
3357 3997 3414 4050 in
3460 3993 3632 4064 quibus
3667 3987 3728 4038 lex

2192 4083 2367 4154 digito
2396 4085 2496 4139 Dei
2525 4085 2733 4156 scripta
2773 4091 2878 4140 est.
2924 4086 3225 4141 Plenitudo
3267 4087 3479 4146 domus,
3511 4085 3726 4152 quatenus

2193 4190 2258 4227 ex
2287 4174 2540 4228 doctrina
2568 4173 2838 4228 librorum
2869 4180 2968 4228 aut
2996 4175 3340 4239 tabularum,
3373 4168 3626 4246 plenitudo
3653 4163 3724 4216 d0-

507 4260 565 4308 et
591 4252 956 4325 profundiora
1001 4253 1364 4309 invenissent.
1410 4257 1486 4309 Ea
1525 4258 1693 4312 etiam
1732 4259 1791 4313 in
1829 4257 2320 4329 sermone,Dmus
2349 4263 2449 4316 Dei
2481 4263 2783 4334 repleatur.
2818 4264 2917 4318 Sin
2953 4269 3142 4318 autem
3175 4263 3458 4336 plenitudo
3485 4270 3647 4313 rursus
3667 4256 3724 4302 t8-

507 4359 677 4416 quam
719 4342 890 4396 ullius
919 4341 1203 4396 saecularis
1234 4343 1538 4414 disciplinae
1570 4346 1966 4417 eloquentiam,
1997 4367 2110 4405 non
2197 4350 2454 4405 bularum
2477 4352 2748 4421 junxeris,
2783 4352 2890 4406 erit
2917 4368 3133 4417 sensus,
3167 4353 3318 4424 quod
3347 4352 3414 4405 de
3440 4339 3721 4421 plenitudine

506 4433 656 4505 quod
693 4431 871 4486 sancti
902 4431 1006 4486 viri
1055 4447 1178 4486 eam
1228 4431 1550 4486 studuerint
1576 4436 1794 4502 sectari,
1841 4439 1938 4493 sed
1991 4439 2114 4510 ipsa
2196 4439 2611 4510 Scripturarum
2655 4441 2910 4516 doctrina
2955 4442 3244 4511 repleatur
3289 4442 3495 4496 domus.
3529 4434 3589 4488 Et
3623 4425 3720 4499 quia

507 4521 667 4592 quasi
710 4520 974 4574 ancillula
1016 4519 1236 4574 videtur
1283 4521 1570 4592 sapientiae
1619 4523 1918 4580 deservire.
1953 4527 2111 4581 Unde
2195 4528 2376 4583 omnis
2396 4529 2595 4583 domus
2619 4529 2936 4584 Salomonis
2956 4529 3296 4585 intrinsecus
3319 4526 3549 4584 tabulata
3565 4517 3720 4588 legit“r

502 4609 791 4679 prophetae
837 4609 988 4680 (quia
1007 4609 1204 4680 viginti
1231 4609 1342 4663 duo
1379 4610 1658 4666 elementa
1686 4620 1836 4680 sunt,
1869 4631 1970 4686 per
1990 4633 2112 4688 quae
2195 4617 2299 4690 (III
2317 4620 2438 4686 Reg.
2469 4621 2543 4686 v1)
2577 4637 2588 4673 :
2631 4617 2679 4672 si
2707 4617 3028 4672 tabularum
3071 4636 3244 4690 super
3285 4635 3378 4672 eos
3425 4608 3629 4668 volueris
3659 4603 3718 4656 in-

505 4696 769 4751 scribitur
798 4697 1068 4752 Hebraice
1099 4715 1264 4754 omne
1300 4699 1449 4770 quod
1481 4701 1805 4771 loquuntur,
1831 4711 1883 4756 et
1913 4720 2106 4759 eorum

503 4784 724 4839 indiciis
755 4801 861 4839 vox
890 4786 1140 4841 humana
1176 4789 1685 4860 comprehenditur)
1728 4791 1940 4862 placuit
1976 4793 2109 4847 toti-

503 4873 633 4928 dem
666 4873 939 4944 principia
961 4891 1219 4931 versuum
1245 4877 1454 4932 eisdem
1485 4879 1685 4932 exoriri
1720 4880 1941 4944 litteris,
1969 4888 2034 4936 ut
2052 4889 2109 4937 et

501 4961 754 5016 versibus
803 4961 1020 5032 poetica
1072 4963 1377 5019 deserviret
1416 4966 1728 5038 disciplina,
1761 4973 1818 5021 et
1845 4968 2005 5023 nobis
2042 4987 2106 5024 ex

501 5051 638 5123 ipsis
684 5051 872 5105 divina
909 5051 1265 5121 aperirentur
1305 5059 1547 5122 .362
1584 5065 1954 5111 sacramenta.
1999 5060 2106 5114 Sed

503 5143 634 5212 quia
675 5142 905 5211 longum
958 5147 1043 5194 est
1089 5157 1191 5212 per
1225 5143 1474 5213 singulas
1522 5145 1752 5199 secundi
1787 5147 1953 5217 hujus
1981 5148 2107 5202 libri

501 5227 798 5291 clausulas,
834 5229 1084 5299 singulas
1130 5229 1622 5301 interpretationes
1661 5236 1987 5290 earumdem
2019 5237 2108 5290 in-

498 5321 776 5371 terserere
830 5319 1168 5386 litterarum,
1219 5336 1528 5392 sensusque
1567 5341 1630 5378 ex
1685 5326 1764 5378 eis
1803 5342 2101 5397 exponere,

497 5405 844 5461 decrevimus
871 5424 1065 5462 earum
1098 5409 1487 5474 connexiones,
1522 5428 1676 5467 more
1701 5414 2014 5482 doctorum,
2043 5417 2102 5471 in

2192 4706 2510 4776 terpretari,
2539 4723 2777 4778 quorum
2797 4707 3077 4777 juncturis
3097 4714 3154 4762 et
3177 4705 3466 4762 latitudine
3489 4690 3716 4754 charitatis

2192 4793 2342 4848 inter
2378 4793 2639 4865 quaelibet
2685 4800 2803 4848 tota
2843 4795 3044 4848 domus
3073 4793 3436 4849 eminentiora
3463 4784 3656 4841 vestitur
3675 4779 3716 4828 et

2191 4884 2619 4954 compaginatur
2643 4923 2657 4948 ,
2727 4891 2948 4954 oportet
3023 4884 3261 4954 intelligi
3323 4878 3462 4952 quod
3517 4867 3714 4928 doctrina

2189 4987 2383 5024 eorum
2425 4971 2712 5041 plenitudo
2739 4971 2813 5025 sit
2837 4971 3012 5026 totius
3053 4973 3274 5026 domus.
3307 4970 3536 5033 Quarum
3567 4961 3712 5049 im‘l‘le

2189 5060 2574 5114 doctrinarum
2613 5061 2986 5131 intelligentia
3013 5061 3082 5116 de
3113 5061 3264 5116 fonte
3292 5057 3519 5114 nascitur
3542 5048 3709 5102 timoris

2191 5147 2312 5214 Dei,
2358 5154 2422 5202 ut
2479 5149 2835 5220 perveniatur
2885 5149 2957 5202 ad
3009 5149 3230 5204 culmen
3285 5140 3560 5218 sapientiai,
3601 5131 3709 5185 δίωί

2189 5237 2464 5308 Propheta
2520 5256 2530 5290 :
2600 5239 2642 5294 A
2709 5241 2902 5292 timere
2970 5243 3092 5305 tuo,
3152 5237 3348 5309 inquit,
3410 5226 3700 5309 concepimuf,

2187 5307 2434 5393 Domine,
2468 5334 2514 5382 et
2554 5333 2865 5397 peperimus
2895 5331 3161 5398 spiritum
3192 5307 3380 5382 salutis
3418 5323 3531 5382 (Isa.
3565 5307 3696 5372 nn)-

2257 5416 2514 5471 Secunda
2543 5417 2811 5472 connexio
2843 5429 2947 5485 est,
2986 5419 3092 5481 Hs,
3121 5419 3251 5480 Vav,
3273 5416 3413 5475 ΖΜΝ,
3440 5409 3588 5467 Hem,
3607 5409 3698 5468 (1³³³

494 5494 769 5570 principio
816 5502 1108 5563 annotare,
1154 5497 1536 5570 relinquentes
1573 5500 1796 5556 lectoris
1841 5503 2096 5571 arbitrio,
2182 5504 2606 5578 interpretatur,
2640 5510 2766 5573 ista,
2797 5513 2866 5575 et,
2898 5509 3025 5576 haec,
3055 5510 3186 5563 vita.
3218 5504 3317 5562 Ubi
3344 5501 3386 5557 si
3413 5499 3586 5553 harum
3604 5487 3695 5557 lm'
