3960 6168
233 376 380 433 1105

925 374 1305 432 EXPOSITIO
1345 376 1423 432 IN
1462 375 2070 434 LAMENTATIONES
2108 374 2454 429 JEREMIIE.
2499 403 2562 416 -
2603 374 2739 429 LIB.
2783 376 2853 429 II.

3371 377 3511 436 1106

226 516 333 570 gas
367 500 772 567 extremitates,
810 500 1062 570 duasque
1116 506 1416 556 connectas
1465 503 1697 568 medias,
1733 502 1903 562 eritA
1923 517 2045 571 quae
2069 499 2342 570 permissa
2366 504 2515 564 sunt,
2541 504 2596 553 et
2623 498 2966 555 lamentandi
2988 501 3172 572 operis
3197 501 3356 572 signa
3385 507 3517 557 sunt

227 588 629 659 intelligentia.
665 590 797 660 quid
833 594 889 642 et
917 589 1032 643 haec
1063 606 1184 659 qua
1215 591 1607 662 przemisimus,
1639 593 1695 647 in
1725 593 1834 646 ista
1917 589 2167 644 omnium
2185 605 2377 642 vocum
2413 593 2732 642 sanctarum
2757 589 3193 660 Scripturarum,
3213 597 3270 644 et
3296 591 3510 645 vocatio

223 677 346 732 sint
369 677 476 732 vita
507 678 822 732 necessaria
864 698 874 731 :

222 767 303 820 sit
332 768 447 821 vita
461 784 562 838 per
582 784 747 838 quam
775 767 1032 822 Christus
1054 768 1396 837 agnoscitur,
1417 775 1473 823 et
1491 771 1832 841 sempiterna

219 856 590 910 credentibus
606 858 1042 928 praeparaturjn
1056 857 1217 926 cujus
1228 857 1492 912 nimirum
1509 859 1828 914 tabularum

218 945 406 1009 libris,
431 961 541 1000 non
572 945 683 998 alia
714 945 983 999 Ezechieli
1020 961 1184 1015 quam
1216 962 1443 1000 carmen
1471 953 1528 1001 et
1552 949 1829 1001 lamenta-

216 1035 431 1098 tiones,
454 1041 510 1088 et
529 1052 607 1090 vae
627 1051 798 1106 supra
815 1039 1220 1100 monstrantur.
1242 1035 1309 1088 Et
1328 1035 1473 1099 ideo,
1500 1040 1561 1090 ut
1588 1037 1823 1103 aestimo,

218 1123 367 1178 talia
416 1124 848 1194 praesignantur,
881 1123 1067 1194 qualia
1115 1123 1316 1177 sectari
1372 1131 1612 1195 oportet,
1644 1143 1713 1180 ne
1750 1143 1830 1182 vae

217 1213 367 1267 illud
397 1213 660 1268 ultimum
693 1213 895 1284 aliquis
915 1211 1184 1276 incurrat,
1204 1217 1260 1265 et
1280 1212 1387 1267 ista
1417 1213 1491 1267 sit
1511 1214 1831 1286 impraesen-

214 1302 437 1356 tiarum
492 1302 602 1356 vita
630 1319 844 1366 eorum,
879 1302 973 1372 qui
1004 1303 1073 1355 de
1104 1301 1340 1356 infantia
1369 1301 1424 1356 in
1463 1303 1644 1357 virum
1680 1302 1832 1358 abla-

216 1396 456 1444 ctantur
474 1390 804 1462 perfectum.

289 1495 485 1550 Tertia
525 1495 793 1550 connexio
824 1501 931 1561 est,
956 1496 1136 1562 Tum,
1172 1497 1292 1559 Ion,
1328 1496 1475 1567 quod
1518 1502 1704 1562 sonat,
1739 1499 1825 1552 bo-

217 1601 387 1649 num,
440 1588 809 1654 principium.
847 1585 915 1639 Et
955 1585 1058 1639 hoc
1088 1601 1214 1638 vere
1245 1584 1451 1639 bonum
1486 1585 1824 1658 principium

207 1675 347 1743 jure
377 1673 645 1736 creditur,
678 1673 736 1727 in
768 1689 876 1744 quo
929 1689 1056 1727 cum
1111 1673 1366 1727 doctrina
1413 1691 1447 1728 a
1492 1675 1694 1728 timore
1722 1675 1824 1730 Dei

210 1761 598 1833 concepimus,
623 1761 1090 1816 lamentationum
1123 1762 1382 1815 instituta
1410 1763 1586 1817 donec
1613 1763 1683 1817 ad
1709 1765 1825 1834 spi-

932 683 988 732 et
1016 678 1248 732 scientia
1278 680 1691 750 Scripturarum
1725 681 1834 735 ista
1915 678 2118 732 summi
2140 677 2336 748 capitis
2359 677 2540 731 nostri
2565 679 2696 732 Jesu
2724 679 2949 734 Christi.
2968 697 3067 750 per
3096 697 3261 751 quem
3294 680 3516 734 venitur

1914 767 1985 824 ad
2016 767 2260 828 Patrem,
2282 773 2338 820 et
2358 767 2427 820 ad
2450 783 2683 836 regnum
2715 768 3120 838 sempiternum
3147 770 3334 837 (Joan.
3359 772 3501 838 x1v).

1914 857 2028 910 Nec
2050 855 2280 909 dubium
2303 856 2436 926 quin
2460 856 2633 908 sancti
2651 856 2864 919 Patres,
2881 857 2992 910 imo
3007 857 3247 928 Spiritus
3265 863 3512 923 sanctus,

1912 945 1968 998 in
1999 944 2314 1015 septenario
2341 944 2446 998 isto
2476 961 2727 1008 numero,
2764 945 3024 1015 mysticos
3053 945 3304 998 indidere
3330 947 3500 1000 intel-

1912 1034 2106 1098 lectus,
2128 1033 2275 1087 unde
2295 1038 2352 1087 et
2379 1033 2596 1086 medius
2625 1049 2816 1086 eorum
2841 1033 2910 1087 ad
2933 1039 3199 1104 utrosque
3228 1035 3508 1089 ternarios

1912 1123 2229 1177 litterarum
2254 1121 2477 1175 ordines
2498 1121 2814 1192 respondet.
2849 1123 2964 1177 Etsi
2990 1123 3230 1178 volueris
3259 1124 3510 1179 animad-

1912 1218 2128 1266 vertere
2140 1211 2542 1265 elementorum
2553 1211 2574 1281 j
2584 1219 2830 1268 unctura
2845 1212 3118 1275 sensibus,
3141 1221 3173 1277 ι
3195 1219 3242 1277 3
3253 1218 3508 1278 Msua-

1912 1318 2036 1355 rum
2065 1307 2306 1354 econtra
2329 1301 2732 1356 connexionum
2759 1309 3046 1357 consonat.
3075 1303 3200 1357 Jam
3221 1301 3354 1374 quid
3384 1301 3505 1374 ipse

1905 1396 2092 1444 textus
2121 1390 2538 1445 lamentationis
2567 1392 2763 1446 afferat
2801 1392 3136 1465 videamus.‘

2605 1551 2798 1589 ALEPH.

1980 1660 2253 1727 Quomodo
2283 1660 2484 1714 obtexit
2523 1662 2760 1727 caligine
2795 1663 2854 1714 in
2883 1661 3076 1727 furore
3103 1673 3200 1712 suo
3231 1658 3503 1711 Dominus

1909 1751 2089 1815 ﬁliam
2134 1747 2268 1802 Sion
2303 1767 2318 1800 :
2347 1751 2572 1816 projecil
2602 1750 2665 1801 de
2702 1753 2845 1814 calo,
2868 1751 2930 1802 in
2972 1753 3182 1800 terram
3233 1749 3503 1814 inclytam

210 1826 410 1905 ritum-
422 1826 622 1905 salutis
651 1851 971 1922 plenissime
997 1851 1252 1904 veniatur
1276 1869 1286 1902 :
1322 1852 1455 1921 quia
1481 1851 1621 1906 sicut
1654 1826 1886 1924 supraB
1909 1837 2181 1892 Israel-1“
2207 1835 2294 1890 his
2309 1836 2489 1890 tribus
2510 1837 2762 1907 sapphiCi
2781 1837 2945 1890 metri
2972 1835 3304 1906 alphabetisa
3325 1849 3502 1890 unum

217 1946 518 1994 ostensum
550 1945 652 2006 est,
689 1939 746 1994 in
775 1940 880 1993 hac
919 1940 1058 1994 valle
1089 1939 1462 2010 lacrymarum
1490 1947 1824 2012 congruunt,

211 2034 274 2082 et
291 2029 401 2083 hoc
423 2029 630 2084 bonum
653 2029 990 2100 principium
1015 2034 1100 2082 est
1131 2029 1360 2083 threnos
1389 2035 1446 2083 et
1471 2029 1822 2084 lamentatio-

210 2134 319 2173 nes
339 2117 562 2179 sectari.
578 2134 644 2172 eo
661 2118 808 2188 quod
827 2117 1125 2188 Evangelio
1141 2123 1314 2174 teste:
1335 2119 1482 2171 Beati
1500 2121 1598 2187 qui
1611 2122 1818 2186 lugent,

226 2211 478 2271 [363
533 2209 801 2275 quoniam
852 2209 959 2274 ipsi
1005 2208 1438 2260 consolabuntur
1482 2207 1701 2277 (Matth.
1743 2205 1817 2276 v),

210 2295 447 2348 demum
498 2294 567 2348 ad
599 2295 696 2348 illa
724 2294 964 2348 ccelestis
1002 2295 1124 2348 vitae
1168 2294 1384 2348 cantica
1432 2295 1812 2364 pertingatur.

209 2382 485 2453 Alioquin
512 2383 618 2436 nisi
640 2383 742 2436 hoc
771 2382 975 2436 bonum
1006 2382 1343 2453 principium
1380 2382 1468 2436 hic
1489 2383 1817 2454 accipiatur,

208 2472 284 2525 ad
308 2488 380 2525 ea
410 2471 639 2525 minime
663 2471 1002 2542 pervenitur.
1031 2471 1248 2525 Etenim
1271 2471 1402 2541 quia
1430 2488 1498 2525 ex
1531 2477 1690 2542 parte
1727 2488 1823 2526 co-

206 2561 559 2631 gnoscimus,
594 2571 649 2613 et
679 2576 742 2613 ex
772 2565 930 2630 parte
963 2560 1383 2630 prophetamus.
1407 2560 1568 2614 Nunc
1595 2560 1822 2631 quidem

211 2666 319 2719 per
350 2649 641 2720 speculum
672 2648 922 2702 videmus
941 2648 998 2702 in
1022 2648 1339 2718 aenigmate,
1369 2653 1502 2702 tunc
1526 2665 1652 2702 vero
1682 2648 1823 2702 facie

208 2739 281 2791 ad
322 2737 526 2791 faciem
554 2739 603 2807 (Ι
627 2739 748 2793 Cor.
780 2739 927 2802 xm),
962 2737 1184 2808 quando
1219 2737 1368 2791 Deus
1392 2736 1680 2807 absterget
1704 2753 1820 2791 om-

209 2842 346 2881 nem
373 2827 676 2898 lacrymam
699 2827 768 2880 ab
793 2826 968 2880 oculis
998 2827 1322 2894 electorum,
1348 2832 1404 2881 et
1432 2825 1616 2880 luctus
1645 2843 1822 2880 cessa-

211 2915 295 2970 bit
315 2916 510 2987 (Apoc.
535 2917 666 2982 xxi).
701 2916 874 2969 Porro
900 2933 910 2968 :

277 3022 500 3085 Quarta
526 3022 796 3077 connexio
820 3039 943 3093 quae
973 3028 1029 3076 et
1063 3022 1247 3076 media
1272 3023 1342 3076 de
1381 3029 1597 3094 septem
1628 3021 1815 3087 habet,

209 3112 392 3175 Cum,
407 3112 653 3176 Lancea,
687 3111 833 3182 quod
855 3116 959 3176 est,
977 3127 1175 3165 manus
1197 3112 1375 3165 cordis
1394 3115 1474 3164 vel
1489 3113 1815 3180 disciplina.
1835 3138 1878 3200 ο

209 3201 421 3255 Manus
461 3200 686 3270 quidem
734 3200 802 3254 ad
844 3201 966 3260 hoc,
1021 3205 1081 3253 ut
1116 3199 1489 3254 extendantur
1531 3199 1602 3254 ad
1649 3217 1820 3271 opera

211 3288 480 3360 perfectae
523 3288 838 3354 charitatis;
896 3288 1078 3341 cordis
1130 3305 1256 3341 vero
1300 3289 1481 3342 luctus
1514 3289 1598 3342 vel
1647 3289 1820 3342 medi-

212 3377 361 3431 tatio
391 3383 449 3431 et
489 3377 796 3448 disciplinae
837 3376 1266 3447 intelligentiam
1307 3377 1377 3430 ad
1407 3393 1491 3441 ea,
1527 3382 1592 3430 ut
1629 3377 1820 3431 omnia

208 3465 429 3521 munda
467 3466 579 3520 sint
607 3464 767 3520 nobis
793 3481 980 3520 coram
1012 3465 1269 3531 Domino,
1301 3464 1642 3519 referuntur.
1669 3465 1815 3529 Quid

210 3556 358 3610 satis
382 3573 393 3607 :

275 3663 494 3728 Quinta
535 3661 694 3716 nobis
741 3662 1006 3730 explanat
1059 3661 1374 3715 litterarum
1407 3661 1689 3732 periocha,
1720 3660 1815 3715 ubi

210 3751 440 3822 legitur,
477 3751 628 3811 Men,
653 3751 798 3815 NUN,
833 3750 1075 3816 Sun-ma,
1109 3751 1254 3821 quod
1277 3756 1381 3811 est,
1406 3767 1469 3804 ex
1497 3754 1648 3818 ipsis,
1681 3767 1816 3805 sem-

205 3845 520 3909 piternum,
550 3841 920 3907 adjutorium.
956 3841 1023 3893 Et
1053 3847 1186 3910 puto
1213 3839 1361 3910 quod
1381 3839 1495 3893 tria
1514 3840 1631 3894 haec
1659 3840 1816 3894 nulla

208 3929 603 4000 explanatione
618 3927 924 3996 indigeant,
945 3928 1208 3982 nimirum
1229 3928 1361 3998 quia
1381 3935 1497 3982 tam
1510 3945 1576 3982 ex
1596 3928 1814 3983 duabus

212 4018 412 4072 mediis
442 4018 732 4089 superiora
765 4018 1116 4089 supplentur,
1156 4033 1324 4087 quam
1365 4017 1536 4071 etiam
1582 4023 1640 4072 et
1666 4017 1812 4074 infe-

213 4107 368 4161 riora
393 4106 504 4160 tria
535 4123 599 4160 ex
620 4107 758 4177 ipsis
779 4113 1233 4160 remunerantur.
1268 4106 1428 4160 Unde
1460 4125 1472 4160 :

1909 1925 2250 1996 principium
2283 1930 2368 1979 est
2395 1925 2672 1990 dictionis,
2703 1941 2926 1995 unaque
2957 1924 3305 1982 exclamatio.
3340 1924 3506 1993 plena

1909 2013 2213 2077 doloribus,
2230 2014 2395 2085 plena
2411 2015 2562 2068 omni
2575 2013 2946 2068 admiratione
2958 2019 3014 2066 et
3029 2011 3496 2082 stupore.ldcirco

1903 2101 2067 2156 velim
2099 2117 2210 2156 non
2239 2102 2580 2167 transitorie,
2609 2103 2801 2163 lector,
2841 2102 2978 2156 talia
3030 2099 3362 2172 perpendas,
3397 2097 3491 2152 sed

1905 2189 2165 2244 affectum
2198 2190 2340 2244 tanti
2355 2191 2536 2245 luctus
2557 2190 2896 2261 diligentiori
2924 2191 3134 2245 intuitu
3151 2188 3489 2252 consideres,

1905 2285 1959 2333 et
1990 2278 2270 2350 intelligas
2302 2287 2510 2350 quanta
2539 2280 2828 2346 charitate,
2868 2285 3078 2351 quanto
3108 2294 3299 2332 amore
3325 2275 3501 2330 sancti

1905 2367 2312 2432 efﬁciebantur,
2347 2373 2668 2439 quantaque
2726 2367 3040 2422 dilectionis
3086 2367 3314 2420 ﬂamma
3350 2363 3504 2418 intus

1907 2456 2274 2510 movebantur
2301 2456 2370 2510 ad
2395 2457 2619 2510 omnia:
2653 2457 2732 2512 ita
2758 2463 2822 2511 ut
2852 2457 3106 2511 omnium
3136 2471 3334 2509 causas
3372 2469 3504 2507 suas

1908 2562 2029 2599 esse
2076 2545 2342 2611 facerent,
2374 2551 2432 2599 et
2462 2562 2587 2600 cum
2619 2545 2833 2616 ingenti
2863 2545 3237 2600 sollicitudine
3283 2543 3506 2614 singula

1908 2641 2294 2705 procurarent.
2351 2635 2704 2706 Quapropter
2750 2635 3040 2700 Jeremias,
3089 2633 3222 2705 quia
3277 2634 3506 2686 Jerusa-

1905 2724 2014 2778 lem
2084 2741 2206 2794 quae
2273 2724 2579 2778 acciderint
2649 2724 3003 2778 considerare
3080 2738 3194 2776 non
3269 2720 3494 2786 sufﬁcit,

1905 2829 2016 2868 non
2070 2814 2250 2868 solum
2309 2815 2480 2867 semel
2538 2819 2596 2867 et
2646 2813 2910 2878 secundo,
2965 2827 3162 2865 verum
3221 2814 3279 2864 et
3332 2810 3498 2864 tertio

1902 2902 2149 2973 idipsum
2196 2901 2613 2956 exclamationis
2659 2900 2889 2955 verbum
2947 2917 3046 2972 per
3084 2897 3358 2970 principia
3413 2913 3498 2952 re-

1902 2991 2044 3062 petit
2095 2991 2562 3045 lamentationum
2602 3009 2613 3043 :
2659 2991 2932 3058 Quomodo
2993 2989 3148 3052 sedet,
3211 2987 3296 3040 vel
3359 2989 3494 3054 Quo-

1904 3082 2060 3135 modo
2084 3082 2285 3134 obtcxit
2317 3081 2602 3145 Dominus,
2631 3079 2715 3134 vel
2748 3079 3018 3146 Quomodo
3045 3079 3397 3130 obscuratum
3429 3081 3504 3128 est

1899 3186 2110 3224 aurum
2141 3173 2436 3238 optimum,
2468 3175 2586 3223 tam
2623 3168 2922 3240 improvise
2970 3171 3139 3237 atque
3191 3164 3495 3235 insperate,

1902 3277 2070 3331 quam
2097 3276 2160 3313 ex
2183 3257 2442 3312 omnibus
2461 3257 2722 3328 gentibus
2749 3256 2852 3311 sibi
2884 3256 3150 3327 elegerat,
3183 3260 3248 3309 ut
3277 3259 3427 3308 esset
3445 3255 3503 3308 in

1902 3349 2099 3412 Deum,
2135 3353 2193 3401 et
2249 3347 2371 3418 ipsa
2401 3347 2478 3400 illi
2522 3347 2578 3400 in
2632 3347 2899 3418 p0pulum
2929 3345 3110 3416 (Deut.
3161 3345 3334 3410 xxvr).
3370 3345 3506 3410 Quo—
3551 3359 3554 3362 '

1904 3438 2079 3501 modo,
2113 3435 2314 3506 inquit,
2350 3437 2548 3488 obterit
2606 3436 2875 3488 Dominus
2919 3435 3156 3499 caligine
3205 3434 3267 3484 in
3311 3433 3505 3498 furore

1899 3541 1996 3578 suo
2025 3526 2202 3590 ﬁliam
2242 3523 2396 3578 Sion.
2432 3522 2512 3576 De
2541 3539 2652 3593 qua
2705 3521 2950 3593 profecto
2990 3519 3236 3589 caligine
3267 3519 3501 3590 quiestio

1901 3617 2064 3677 esset,
2099 3611 2206 3664 nisi
2237 3610 2563 3675 addidisset,
2598 3614 2661 3665 in
2689 3611 2886 3678 futuro
2923 3626 3020 3663 suo
3053 3629 3068 3662 :
3101 3607 3230 3679 quia
3268 3608 3499 3662 omnino

1899 3702 2010 3755 alia
2032 3705 2117 3754 est
2153 3700 2332 3771 caligo
2359 3701 2428 3753 ad
2460 3716 2625 3771 quam
2672 3699 2912 3753 accessit
2940 3699 3160 3769 Moyses
3190 3697 3248 3750 in
3280 3700 3488 3761 monte,

1898 3787 1953 3841 in
1978 3805 2086 3858 qua
2109 3794 2232 3842 erat
2254 3789 2400 3843 Deus
2441 3789 2633 3855 (Exod.
2665 3792 2798 3855 xIx),
2837 3792 2892 3840 et
2919 3786 3029 3840 alia
3059 3802 3180 3856 quae
3210 3783 3315 3838 sub
3348 3784 3501 3855 pedi-

1896 3877 2000 3932 bus
2048 3877 2184 3932 inibi
2227 3877 2344 3931 visa
2369 3883 2455 3931 est
2487 3879 2564 3946 (II
2609 3876 2738 3944 Reg.
2781 3880 2938 3945 xxn),
2971 3881 3027 3929 et
3056 3875 3111 3928 in
3147 3874 3360 3945 psalmo
3388 3871 3492 3926 sub

1895 3966 2130 4037 pedibus
2177 3965 2512 4038 praedicatur
2543 3967 2708 4033 (Psal.
2741 3968 2899 4032 xvn);
2942 3963 3052 4017 alia
3099 3978 3227 4016 vero
3279 3977 3401 4032 qua
3433 3961 3491 4014 in

1893 4056 2082 4110 furore
2104 4055 2204 4110 Dei
2223 4055 2532 4110 Jerusalem
2554 4053 2856 4119 obtexitur;
2887 4051 3018 4123 quia
3047 4051 3316 4105 nimirum
3343 4051 3490 4105 hanc

1892 4144 2222 4199 tenebrosus
2251 4143 2417 4198 turbo
2456 4143 2721 4214 possidet,
2749 4141 2845 4212 qui
2875 4146 2932 4194 et
2962 4157 3034 4211 qu
3046 4157 3134 4193 am
3161 4157 3306 4211 saape
3335 4139 3494 4194 furor

279 4214 454 4268 Sexta
481 4212 748 4302 90⁸³³⁸⁸ίο
775 4213 878 4266 hoc
906 4211 1092 4275 hab‘m
1143 4213 1268 4277 ΑῙΝν
1318 4212 1451 4274 Ρθετ
1488 4213 1655 4302 δλβεν
1687 4216 1811 4280 [om
1893 4233 1992 4288 Dei
2011 4238 2160 4287 recte
2181 4211 2792 4302 interpretatur.lnilla
2811 4245 2942 4284 vero
2963 4229 3110 4283 Deus
3131 4245 3251 4282 esse
3267 4229 3486 4293 dicitur,

209 4302 424 4355 δείίίοθί
473 4301 588 4391 Si"?
634 4304 845 4391 οίῖυίυδο
889 4307 946 4355 εί
976 4305 1088 4391 ori?
1127 4304 1392 4391 ἆυιῗίίίίέεὶ
1435 4301 1699 4391 quoniam
1745 4319 1810 4356 ex
1893 4322 2054 4376 sicuti
2077 4328 2134 4376 et
2166 4301 2380 4391 ei,quee
2398 4319 2502 4374 sub
2524 4318 2757 4390 pedibus
2777 4323 2881 4383 est,
2906 4318 3000 4372 illa
3023 4334 3261 4389 praeesse
3294 4317 3490 4388 praedi-

211 4391 393 4444 cordis
413 4389 651 4460 gemitu.
671 4390 794 4444 fons
816 4395 1007 4443 manet
1029 4389 1272 4460 pietatis,
1299 4395 1356 4443 et
1385 4391 1578 4444 oculus
1608 4390 1760 4444 intus
1775 4407 1808 4444 a

1892 4418 2074 4467 catur.
2114 4410 2273 4466 Unde
2330 4408 2689 4464 considerans
2738 4407 2926 4462 omnia
2975 4423 3097 4477 qua:
3147 4406 3296 4459 Deus
3356 4405 3487 4459 huic

414 4453 447 4460 '
1029 4453 1044 4460 '
1892 4453 2038 4466 υιιιυιι
2065 4457 2074 4467 .
2122 4453 2273 4466 υιινιν
2331 4453 2688 4464 ννι-ν-υ-ν-ν-..ν
2741 4453 2926 4462 ν.--..-..
2978 4453 3096 4477 1....
3150 4453 3185 4459 _
3203 4453 3293 4458 -..η
3356 4453 3482 4459 _...__-

212 4477 322 4572 Deo
346 4478 720 4572 illuminatur,
741 4495 851 4549 quo
874 4480 1051 4532 Deum
1077 4478 1133 4531 in
1161 4478 1473 4572 novissimis
1501 4479 1687 4572 videre
1717 4497 1806 4572 va-
1824 4453 1870 4510 υ
1890 4501 2092 4572 Populo
2114 4500 2340 4564 fecerat,
2357 4515 2524 4570 quam
2546 4514 2769 4568 magna,
2785 4513 2954 4568 quam
2981 4495 3300 4557 innumerm
3315 4509 3482 4564 quam

210 4565 515 4621 leamus'Si
545 4568 768 4638 (luidem
800 4573 856 4622 et
883 4585 949 4621 ex
971 4584 1139 4620 manu
1169 4568 1390 4638 orisque
1413 4567 1654 4638 θιοίιιιίοθ
1689 4568 1803 4621 κθιο
1888 4565 2175 4643 horribilia
2205 4588 2289 4641 vel
2316 4565 2722 4649 inscrutabilia,
2758 4565 2820 4639 et
2843 4599 3076 4638 cernens
3109 4599 3230 4652 quae
3264 4581 3480 4635 accide-

205 4655 436 4723 justitiaa
466 4656 862 4721 reconduntur,
920 4657 1003 4709 uti
1057 4656 1198 4710 bene
1237 4656 1463 4726 quidam
1512 4657 1582 4710 de
1615 4656 1802 4726 aliquo

1903 4685 2030 4741 'ant,
2076 4694 2201 4731 cum
2243 4676 2456 4745 ingenti
2492 4675 2708 4746 gemitu
2747 4673 3058 4727 exclamare
3097 4687 3209 4724 non
3251 4671 3477 4736 sufficit,

212 4744 557 4816 epitaphium
574 4745 850 4798 condens:
868 4745 967 4798 Hic
985 4745 1292 4815 vir,inquit,
1311 4745 1626 4814 despiciens
1645 4761 1802 4798 mun-

1886 4767 2034 4838 quod
2065 4767 2133 4820 de
2159 4771 2318 4819 tanta
2347 4764 2665 4835 adoptione,
2699 4769 2764 4816 ut
2791 4761 2906 4814 ﬁlia
2934 4765 3231 4814 vocaretur
3260 4758 3380 4824 Dei,
3413 4759 3483 4813 de

211 4831 342 4887 dum
379 4840 439 4887 et
468 4840 692 4887 terrena
719 4833 1094 4924 ινίυηιριξβηεε
1118 4834 1340 4924 dimi“?
1369 4834 1510 4924 ⁸³³³1οί
1531 4833 1798 4924 θοηάίάην
1883 4831 2496 4924 tamimmensagloria,
2519 4853 2587 4906 de
2600 4868 2821 4906 summo
2836 4849 3269 4915 coelivertice,et
3282 4865 3487 4919 magna

211 4936 320 4987 ore,
354 4939 546 4978 manu.
570 4923 722 4986 Quas
751 4929 903 4977 recte
933 4923 1160 4976 divitias
1189 4923 1446 4993 perfecta;
1468 4923 1609 4986 vitae,
1644 4923 1802 4993 justi-

1884 4944 2167 5009 felicitate,
2188 4944 2257 4997 ad
2284 4949 2400 4996 tam
2426 4941 2721 4995 maximam
2751 4939 3054 5004 miseriam,
3074 4938 3131 4992 in
3152 4937 3242 4992 die
3273 4937 3480 4992 furoris

211 5009 314 5064 tias
334 5011 599 5080 congruit
626 5011 958 5081 intelligere,
997 5011 1209 5082 Spiritu
1249 5017 1441 5064 sancto
1473 5017 1796 5073 attestante,

1903 5034 2106 5088 )omini
2121 5040 2176 5088 et
2189 5031 2842 5098 vindictae,devenerit.ln
2857 5029 2946 5083 die
2958 5029 3232 5100 siquidem
3251 5027 3473 5090 furoris,

212 5099 302 5168 qui
331 5100 413 5154 ait
445 5117 460 5193 τί
501 5101 784 5193 Dispersi"
840 5101 994 5193 dum,
1014 5102 1644 5193 -ΡίξυρένίὺωιΑἷυδίξίία
1683 5104 1800 5169 ej!”
1882 5128 1939 5176 et
1961 5140 2070 5177 non
2090 5123 2145 5176 in
2168 5123 2259 5176 die
2283 5121 2536 5176 Domini:
2563 5119 2972 5193 quialicetipse
2993 5099 3149 5173 furor
3163 5115 3484 5172 Dominies-

210 5195 391 5242 mancl
438 5192 500 5242 in
533 5192 793 5241 szculmn
836 5191 1023 5242 szr-culi
1057 5191 1197 5255 (Psal
1252 5193 1357 5255 m).
1392 5188 1660 5259 Sequitur
1697 5205 1798 5243 au-

211 5281 362 5330 tem:

277 5383 541 5436 Extrema
563 5383 830 5436 connexio
861 5386 984 5453 qua;
1013 5388 1098 5436 est
1123 5383 1381 5453 septima,
1417 5383 1471 5435 in
1505 5400 1616 5453 qua
1647 5388 1798 5448 sunt,

213 5472 373 5537 Corn,
426 5472 557 5538 Res,
591 5472 705 5538 SIN,
742 5472 878 5536 Tm,
915 5477 971 5526 et
997 5473 1444 5542 interpretantur
1469 5476 1674 5526 vocalia
1706 5491 1802 5529 ca-

1885 5216 2194 5266 set.tamen
2215 5211 2331 5264 haec
2351 5210 2469 5264 dies
2489 5209 2757 5274 vindictze,
2776 5208 2895 5262 dies
2911 5207 3114 5261 furoris
3133 5205 3253 5259 fuit.
3275 5203 3484 5258 Habuit

1885 5299 2109 5371 quidem
2139 5299 2254 5353 ﬁlia
2277 5300 2410 5353 Sion
2432 5299 2580 5352 diem
2603 5297 2824 5353 Domini
2853 5299 2930 5366 (et
2949 5297 3078 5366 quia
3103 5295 3156 5346 in
3179 5293 3268 5346 die
3284 5293 3481 5348 salutis

1898 5394 1931 5451 ι
1950 5393 2140 5453 865
2172 5405 2304 5452 sum,
2336 5387 2517 5441 noluit
2541 5387 2833 5442 observare
2864 5385 3011 5439 diem
3037 5380 3284 5450 Domini)
3312 5398 3480 5452 quam

1884 5475 2168 5530 Abraham
2197 5482 2359 5548 pater
2404 5478 2526 5547 ejus
2586 5477 2814 5532 viderat.
2847 5485 2904 5528 et
2929 5471 3155 5543 gavisus
3185 5475 3270 5524 est
3301 5472 3475 5541 (Joan.

213 5564 354 5627 pitis,
395 5563 671 5625 dentium,
712 5565 896 5630 signa,
929 5565 994 5615 ut
1024 5561 1339 5632 perdentes.
1374 5561 1673 5616 articulate
1699 5578 1802 5618 vox
1883 5568 2013 5631 vin).
2050 5565 2261 5619 Idcirco
2292 5565 2523 5637 impegit
2552 5565 2609 5618 in
2640 5565 2728 5618 die
2757 5562 2962 5617 furoris
2992 5559 3112 5613 Dei.
3145 5560 3312 5613 Juxta
3342 5574 3477 5611 ana-

215 5648 580 5724 intelligatur,
609 5667 676 5708 eo
706 5651 855 5725 quod
902 5651 1019 5709 hac
1071 5650 1479 5708 elementorum
1509 5652 1796 5723 vocabula,

1881 5670 2065 5727 gogen
2111 5671 2242 5712 vero
2302 5671 2415 5712 non
2472 5654 2658 5712 minus
2707 5648 3205 5723 ingemiscendum,
3262 5646 3479 5719 quoties
