3960 6168
440 335 585 397 1107
1221 336 1278 391 8.
1320 331 1702 391 PASCHASII
1741 328 2058 388 MDBER’]

2142 327 2449 426 ⁸ἔΒΒΑΤΙδ
2484 324 2978 384 CORBEIENSIS.
3599 320 3742 382 1108

443 464 599 532 Sion,
632 467 815 518 mater
840 467 1052 528 nostra,
1076 460 1312 531 caligine
1351 458 1632 514 obtexitur
1659 460 2038 529 peccatorum,
2060 456 2104 513 Α
2127 453 2503 508 conculcatur.
2531 451 2813 523 diripitur,
2849 456 2906 508 et
2924 452 3261 521 dilaniatur;
3292 469 3399 508 nec
3429 456 3518 507 est
3537 451 3741 506 Domi-

445 553 653 609 erroris
686 559 786 607 aut
815 552 1166 623 ignorantie,
1200 566 1323 620 que
1351 547 1525 603 tantis
1550 544 1876 601 muneribus
1906 543 2045 598 adeo
2129 560 2235 597 nus
2265 540 2590 597 recordatus
2619 541 2756 611 ejus,
2788 540 2920 613 quia
2942 542 3126 596 noluit
3153 548 3303 597 stare
3333 542 3393 596 in
3422 540 3549 595 luce
3567 539 3741 593 virtu-

446 643 627 698 ditata
663 642 929 707 creditur,
971 644 1027 694 et
1062 638 1321 693 laudibus
1358 636 1713 709 praedicatur.
1749 635 1858 690 Sed
1897 632 2047 704 quod
2129 637 2272 685 tum.
2292 631 2528 702 Propter
2549 630 2697 701 quod
2719 635 2775 683 et
2793 630 3028 684 tradidit
3049 647 3173 685 eam
3198 631 3257 685 in
3277 630 3369 685 die
3392 629 3603 685 furoris
3622 628 3736 683 sui.

447 735 610 806 pejus
650 738 753 797 est,
787 729 1031 784 habebat
1066 729 1159 783 illa
1198 733 1332 782 tunc
1371 725 1624 797 quamvis
1658 725 1867 779 offenso
1907 724 2042 788 Deo,
2129 720 2210 776 De
2233 737 2343 792 qua
2361 737 2496 775 sane
2526 720 2615 773 die
2635 736 2880 791 presens
2902 721 3179 792 prOpheta
3199 720 3485 792 loquitur:
3513 720 3746 774 Maledi-

452 823 548 897 qui
576 838 698 876 eam
744 818 1037 874 indefessis
1072 816 1374 887 gemitibus
1413 817 1808 870 lamentarent.
1843 814 2049 868 Nostra
2131 815 2236 878 cta,
2260 810 2462 882 inquit,
2493 811 2605 864 dies
2639 812 2699 863 in
2728 826 2839 879 qua
2863 815 3029 863 natus
3049 826 3195 874 sum,
3219 811 3332 864 dies
3358 812 3423 863 in
3451 824 3565 877 qua
3591 824 3745 877 pepe-

426 928 579 979 ,vero
612 908 794 964 nescio
824 907 869 962 si
902 907 984 961 vel
1012 922 1169 961 raros
1208 905 1431 972 habeat,
1484 905 1579 977 qui
1610 920 1679 958 ea
1707 901 2044 972 intelligant,
2133 902 2211 953 rit
2243 916 2327 953 me
2357 904 2537 953 mater
2565 915 2703 965 mea,
2736 903 2783 952 et
2814 915 2925 953 non
2955 902 3047 963 sit,
3082 898 3283 969 inquit,
3303 899 3586 953 benedicta
3604 898 3741 951 (λετ.

450 1004 552 1053 aut
579 996 907 1066 recogitent,
948 993 1150 1066 quibus
1180 994 1429 1066 patimur
1466 998 1523 1047 et
1551 992 1829 1047 afﬁcimur
1866 989 2049 1044 malis.
2134 989 2390 1055 xx).Que
2419 987 2686 1043 nimirum
2714 987 2854 1054 dies,
2888 994 2953 1042 ut
2980 1004 3151 1059 supra
3184 989 3303 1057 jam
3335 986 3473 1041 dixi.
3499 986 3618 1039 dies
3650 986 3743 1039 fu—

450 1086 765 1156 Projectam
795 1100 1040 1154 namque
1067 1083 1138 1137 de
1166 1083 1304 1137 coelo
1328 1082 1596 1154 inclytam
1626 1080 1803 1135 Israel
1832 1078 2052 1150 conspi-
2136 1077 2279 1132 roris
2310 1077 2533 1132 Domini
2555 1078 2684 1147 jure
2706 1077 3040 1148 appellatur.
3073 1077 3144 1131 ad
3168 1093 3336 1149 quam
3370 1076 3587 1137 anima,
3618 1092 3743 1147 que

454 1174 656 1238 cimus,
699 1173 923 1246 quando
959 1179 1189 1227 terrena
1214 1171 1417 1226 sectari
1447 1187 1570 1225 eam
1600 1175 1657 1225 et
1702 1168 1950 1223 carnalia
1974 1167 2056 1221 vi-

454 1263 651 1318 demus
683 1279 694 1315 :
727 1262 1042 1334 presertim
1096 1259 1424 1323 (secundum
1481 1258 1829 1331 Apostolum)
1863 1260 2057 1310 nostra

456 1352 803 1409 conversatio
832 1368 960 1406 cum
1009 1350 1069 1404 in
1096 1350 1250 1404 celis
1283 1351 1503 1418 (Philip.
1543 1349 1621 1417 ιιι)
1656 1364 1778 1402 esse
1806 1345 2054 1411 deberet,

456 1460 561 1499 nos
590 1459 621 1497 e
663 1441 965 1505 contrario,
1009 1455 1159 1493 nunc
1212 1437 1480 1509 temporis
1536 1454 1649 1491 non
1686 1435 1795 1491 nisi
1838 1434 2059 1490 caducis

461 1536 516 1587 et
542 1530 842 1585 mundanis
871 1527 1248 1583 incumbimus
1271 1526 1531 1598 negotiis,
1564 1531 1622 1580 et
1647 1525 1838 1596 turpia
1875 1525 2060 1579 medi-

460 1624 670 1676 tamur.
695 1618 840 1682 Quid
871 1616 1116 1687 amplius
1143 1620 1327 1687 putas,
1361 1614 1471 1668 nisi
1492 1613 1625 1685 quia
1661 1613 1935 1668 Dominus
1967 1612 2061 1666 ab-

456 1707 595 1779 jecit
620 1705 830 1760 nostris
865 1703 1368 1759 intervenientibus
1400 1701 1582 1762 malis,
1611 1706 1668 1755 et
1696 1701 1932 1772 projecit
1958 1717 2060 1755 nos

2136 1166 2423 1231 deciderit,
2457 1166 2660 1220 tollens
2699 1182 2759 1219 se
2798 1166 2866 1220 de
2896 1164 3166 1221 membris
3196 1166 3408 1221 Christi
3436 1164 3743 1236 peccando,

2137 1256 2455 1326 faciensque
2485 1272 2544 1309 se
2594 1253 2910 1309 membrum
2963 1255 3293 1317 meretricis,
3328 1254 3384 1308 id
3417 1260 3506 1308 est
3536 1252 3747 1307 diaboli

2139 1362 2265 1400 cum
2296 1361 2406 1416 quo
2454 1345 2866 1410 meretricatur,
2902 1360 3013 1399 non
3042 1345 3371 1399 recordatur
3396 1344 3458 1398 in
3502 1343 3595 1398 die
3623 1344 3743 1404 ire,

2141 1434 2271 1504 quia
2300 1449 2413 1487 non
2438 1432 2595 1488 stetit
2622 1432 2680 1486 in
2717 1432 2807 1486 die
2838 1449 3007 1503 quam
3034 1431 3165 1486 fecit
3194 1432 3496 1487 Dominus.
3529 1431 3745 1486 Idcirco

2142 1527 2332 1593 spreta
2363 1526 2420 1575 et
2457 1522 2724 1575 derelicta
2751 1538 2784 1575 a
2814 1521 2948 1581 Deo,
2979 1521 3305 1575 conculcata
3350 1520 3422 1574 ab
3460 1519 3742 1585 hostibus,

2143 1628 2254 1665 non
2285 1612 2472 1665 minus
2500 1627 2533 1664 a
2554 1611 2826 1683 propheta
2850 1626 3021 1681 quam
3052 1616 3110 1664 et
3128 1609 3198 1663 ab
3237 1609 3501 1664 omnibus
3533 1607 3745 1663 Christi

2144 1699 2432 1766 membris,
2466 1700 2633 1770 digne
2661 1698 2965 1771 plangitur,
2999 1716 3121 1770 que
3149 1716 3209 1753 se
3236 1700 3306 1754 de
3334 1699 3483 1753 tanti
3511 1699 3747 1751 honoris

463 1771 523 1850 in
550 1794 921 1849 terram7Nec
935 1798 1008 1848 est
1032 1794 1348 1847 recordatus
1367 1793 1588 1845 δυαὺείιί
1605 1771 1804 1859 pedum
1827 1806 2059 1844 suorum
2079 1771 2121 1829 Β
2143 1789 2405 1855 culmine,
2442 1789 2513 1843 ad
2544 1795 2757 1842 tantam
2805 1788 3108 1842 devolverit
3141 1789 3461 1843 irrisionem
3508 1794 3569 1842 et
3598 1787 3748 1841 inse.

463 1888 526 1940 in
556 1885 644 1938 die
661 1884 875 1951 furoris
897 1884 989 1935 sui
1008 1884 1160 1947 (Joel,
1183 1884 1290 1941 In).
1322 1879 1482 1945 Quia,
1508 1878 1612 1932 etsi
1643 1878 1738 1932 illa
1760 1878 1891 1934 Sion
1933 1879 2059 1950 pul-

463 1970 746 2026 cherrima
769 1969 869 2025 Dei
898 1968 1106 2040 legitur
1124 1966 1416 2026 habitatio.
1450 1966 1701 2038 angelico
1725 1966 2055 2032 ministerio,

465 2064 524 2115 et
551 2060 776 2123 ducatu,
802 2076 866 2113 ac
886 2058 988 2113 Dei
1008 2057 1354 2130 protectione
1378 2056 1623 2120 suffulta,
1655 2061 1713 2111 et
1748 2056 1807 2110 in
1838 2056 2058 2110 deserto

464 2149 662 2204 multis
703 2147 1009 2213 miraculis,
1039 2163 1105 2201 ac
1129 2146 1330 2201 divinis
1378 2145 1594 2200 solatiis
1617 2144 1930 2199 diutissime
1960 2161 2060 2215 per

465 2240 695 2312 Moysen
726 2243 784 2293 et
805 2238 1014 2299 Aaron,
1046 2235 1372 2307 ceterisque
1396 2234 1604 2289 sanctis
1640 2233 1891 2305 patribus
1922 2233 2061 2288 edu-

466 2332 610 2393 cata,
642 2332 708 2382 ut
734 2325 998 2380 vocabulo
1028 2324 1253 2380 scabelli
1293 2325 1499 2397 pedum
1556 2323 1800 2389 Domini,
1832 2328 2063 2395 propter

466 2420 674 2472 statum
696 2415 869 2469 divini
898 2414 1080 2470 cultus
1101 2414 1301 2468 merito
1320 2412 1595 2484 potiretur
1621 2430 1632 2467 :
1655 2417 1851 2467 tamen
1871 2417 2064 2468 nostra

469 2504 604 2561 Sion
632 2503 947 2574 gloriosior,
978 2502 1047 2556 ab
1077 2508 1319 2573 utroque
1344 2506 1685 2556 testamento
1707 2501 2058 2572 predicatur,

465 2593 547 2648 ita
575 2599 640 2649 ut
686 2592 899 2648 videret
937 2597 993 2646 et
1048 2591 1379 2663 previderet
1419 2607 1544 2645 eam
1583 2591 1803 2662 Moyses
1839 2590 2061 2662 quando

464 2683 716 2739 ascendit
734 2683 792 2736 in
817 2688 1083 2743 montem,
1113 2683 1303 2736 Aaron
1332 2680 1564 2741 scilicet,
1589 2678 1786 2734 Nadab
1816 2685 1872 2733 et
1894 2679 2058 2745 Abiu,

464 2788 581 2828 una
610 2789 736 2828 cum
800 2770 1168 2843 Septuaginta
1210 2770 1279 2824 de
1335 2758 1669 2831 senioribus,
1711 2773 1768 2822 et
1802 2767 2065 2821 viderunt

462 2862 642 2918 Deum
671 2860 863 2924 Israel,
898 2859 1102 2930 inquit,
1126 2864 1181 2912 et
1209 2858 1312 2913 sub
1338 2857 1571 2929 pedibus
1593 2857 1714 2926 ejus
1744 2855 1903 2927 quasi
1924 2872 2063 2926 opus

462 2950 667 3023 lapidis
720 2949 1052 3020 sapphirini,
1088 2952 1144 3001 et
1181 2946 1342 3017 quasi
1388 2946 1587 3000 celum
1635 2961 1761 2999 cum
1800 2960 2062 2998 serenum

464 3045 553 3095 est
601 3039 789 3103 (Ea-od.
835 3045 1001 3101 xxxv).
1034 3036 1097 3090 In
1147 3034 1350 3106 quibus
1403 3034 1651 3105 profecto
1690 3032 1870 3087 verbis
1909 3038 2063 3104 patet

2142 1877 2315 1944 niam,
2349 1883 2405 1933 et
2442 1878 2513 1933 ad
2543 1884 2758 1933 tantam
2785 1894 2843 1932 se
2894 1894 3117 1932 ruinam
3146 1877 3432 1950 dejecerit.
3466 1876 3632 1932 Unde
3664 1893 3749 1930 se-

2142 1968 2334 2040 quitur
2368 1987 2383 2021 :

2845 2070 3014 2112 ΒΕἸἮ.

2211 2147 2582 2215 Ρνιτσίρίεαυίε
2609 2146 2877 2199 Dominus
2909 2162 3005 2200 nec
3021 2146 3259 2215 pepercit
3288 2146 3483 2199 omnia
3503 2145 3743 2213 speciosa

2142 2237 2327 2299 Jacob,
2368 2236 2649 2289 destruxit
2682 2237 2743 2289 in
2779 2236 2971 2303 furore
3000 2251 3098 2289 suo
3127 2236 3468 2288 munitiones
3502 2235 3745 2302 virginis

2142 2325 2503 2393 Juda,dejccit
2516 2327 2577 2377 in
2599 2329 2767 2389 terra,
2780 2327 2981 2395 polluit
2994 2340 3230 2393 regnum
3242 2329 3291 2378 et
3308 2325 3591 2393 principes
3602 2327 3741 2393 ejus.

2145 2412 2275 2466 Hec
2304 2412 2494 2467 omnia
2529 2412 2737 2468 Judeis
2775 2413 3041 2468 accidisse
3081 2411 3445 2467 manifestum
3482 2418 3595 2468 est.
3636 2410 3747 2466 Sed

2145 2502 2279 2571 quia
2315 2501 2371 2555 id
2419 2500 2717 2555 Dominum
2764 2500 2957 2556 fecisse
2999 2500 3301 2573 plangitur.
3333 2516 3447 2553 non
3485 2501 3569 2553 sic
3606 2498 3747 2554 acci-

2146 2589 2413 2661 piendum
2446 2590 2603 2661 quasi
2627 2605 2692 2643 eo
2722 2590 3042 2661 impellente
3069 2589 3379 2645 Jerusalem
3410 2587 3744 2659 peccaverit,

2146 2679 2242 2733 sed
2274 2678 2402 2749 quia
2425 2679 2579 2749 justo
2608 2695 2849 2750 veroque
2874 2679 3089 2749 judicio
3117 2678 3363 2749 primum
3395 2693 3626 2749 peccare
3656 2676 3746 2731 hic

2146 2773 2246 2821 aut
2266 2767 2397 2821 alibi
2427 2784 2528 2838 per
2554 2767 2853 2821 innumera
2876 2774 3121 2839 peccata,
3145 2766 3349 2821 deinde
3378 2772 3610 2839 propter
3634 2783 3748 2837 pa:-

2145 2873 2276 2910 nam
2305 2857 2514 2929 peccati
2538 2856 2904 2928 praecipitare,
2928 2857 3010 2911 vel
3044 2863 3248 2911 cetera
3273 2873 3397 2927 que
3426 2864 3745 2927 sequuntur

2144 2946 2417 3017 permisit.
2453 2947 2689 3017 Propter
2709 2952 2935 3017 peccata
2959 2946 3106 3000 enim
3127 2936 3450 3001 Judeornm
3479 2945 3553 2999 ad
3592 2945 3744 3000 simi-

2145 3034 2437 3089 litudinem
2463 3035 2718 3104 gentium
2748 3040 3075 3089 ceterarum
3106 3052 3229 3107 quae
3258 3035 3406 3089 circa
3434 3051 3532 3089 eos
3560 3039 3743 3101 erant,

464 3143 684 3186 sensus.
727 3125 874 3195 quod
922 3122 1228 3178 Ecclesiam
1266 3122 1321 3176 in
1355 3122 1553 3193 spiritu
1586 3121 1903 3193 previderit
1959 3120 2395 3189 DeiCirritatus
2416 3124 2711 3185 Dominus,
2733 3124 2964 3179 tradidit
2979 3125 3251 3196 populum
3275 3141 3440 3179 suum
3462 3125 3520 3178 in
3543 3140 3743 3179 manus

461 3215 565 3270 sub
587 3213 823 3286 pedibus
842 3213 1167 3268 affuturam.
1192 3218 1488 3283 propterea
1516 3213 1675 3283 quasi
1704 3212 1906 3266 celum
1931 3227 2060 3265 cum

460 3319 724 3359 serenum
754 3308 856 3368 est,
902 3301 1014 3355 ait:
1048 3301 1193 3366 Quia
1231 3304 1349 3355 celi
1379 3305 1654 3355 enarrant
1696 3303 1935 3368 gloriam
1963 3301 2061 3354 Dei

462 3395 607 3462 (Psal
636 3399 810 3459 xvm).
862 3390 1043 3455 Quam
1083 3389 1327 3445 retinere
1355 3390 1546 3444 volens
1598 3388 1894 3454 Dominus,
1926 3387 2060 3461 bap-

456 3480 611 3537 tismi
639 3479 1027 3542 sacramentis,
1062 3478 1119 3532 in
1167 3477 1350 3550 specie
1392 3476 1644 3549 sapphiri
1698 3477 1904 3548 lapidis
1932 3494 2057 3531 eam

457 3569 564 3628 sibi
586 3569 690 3625 sub
711 3568 947 3642 pedibus
983 3569 1041 3624 in
1063 3567 1361 3638 enigmate
1394 3565 1818 3621 demonstravit.
1841 3566 1910 3620 Et
1934 3565 2059 3620 ideo

456 3659 731 3733 propheta
770 3656 829 3711 in
884 3655 1109 3728 spiritu,
1140 3671 1286 3719 reor,
1322 3654 1469 3726 quod
1519 3669 1635 3709 non
1682 3653 1869 3707 minus
1908 3652 2059 3707 illius

456 3748 650 3821 papuli
681 3746 925 3807 ruinam,
959 3761 1129 3816 quam
1179 3752 1237 3799 et
1286 3750 1491 3798 nostre
1543 3742 1677 3797 Sion
1708 3742 2054 3808 discrimina,

457 3836 726 3892 divinitus
756 3834 1084 3906 previdens,
1119 3831 1289 3887 ﬂebat
1326 3831 1635 3895 nobiscum,
1677 3830 1816 3885 adeo
1842 3830 2060 3901 dejecta

456 3925 746 3982 multoties
773 3923 831 3979 in
882 3923 973 3977 die
1028 3921 1235 3977 furoris
1266 3920 1388 3983 Dei,
1412 3926 1478 3975 ut
1521 3936 1633 3975 non
1664 3920 2060 3974 recordaretur

457 4015 609 4071 Deus
662 4012 888 4068 scabelli
917 4011 1124 4083 pedum
1163 4026 1413 4065 suorum.
1447 4009 1608 4074 Quod
1649 4025 1794 4081 sepe
1821 4007 2057 4074 contigit

457 4107 690 4175 proliter
718 4106 946 4173 peccata
966 4100 1176 4172 populi,
1206 4104 1263 4153 et
1283 4115 1431 4154 nunc
1460 4097 1726 4153 accidisse
1751 4099 1881 4169 jure
1901 4098 2057 4169 plan-

459 4192 640 4262 gitur:
659 4190 748 4244 cui
765 4204 1001 4259 preesse
1022 4188 1292 4242 debuerat
1315 4187 1572 4242 Christus
1594 4192 1651 4241 et
1670 4185 2052 4252 deambulare,

462 4278 609 4351 quod
654 4277 706 4331 ei
735 4293 883 4330 nunc
910 4276 1180 4346 temporis
1219 4276 1474 4346 pessime
1517 4275 1843 4330 dominatur
1872 4275 2059 4329 inimi-

457 4383 574 4422 cus.
610 4366 727 4420 Nec
754 4364 1079 4419 recordatus
1106 4364 1231 4417 solii
1260 4364 1347 4418 sui
1408 4373 1441 4429 |
1458 4369 1651 4431 ξω
1678 4370 1782 4419 aut
1832 4364 2061 4420 scabelli

2141 3213 2413 3283 gentium,
2450 3218 2507 3267 et
2536 3213 2810 3267 dominati
2839 3220 2973 3268 sunt
2999 3230 3193 3268 eorum
3226 3214 3321 3285 qui
3348 3213 3591 3268 oderunt
3624 3230 3741 3268 eos.

2142 3301 2251 3354 Nec
2276 3304 2515 3370 pepercit
2552 3307 2587 3366 Ι
2606 3306 2791 3367 34η
2827 3304 3017 3355 omnia
3042 3305 3278 3371 speciosa
3293 3304 3474 3368 Jacob,
3497 3318 3624 3373 que
3652 3302 3746 3357 ha-

2142 3388 2310 3443 bebat
2350 3390 2410 3444 in
2441 3391 2792 3445 ornamentis
2836 3391 3195 3445 famosissimi
3227 3391 3445 3461 templi,
3488 3396 3550 3445 et
3590 3392 3743 3445 cultu

2139 3478 2596 3533 ceremoniarum
2621 3495 2731 3550 quo
2759 3496 2819 3534 se
2842 3480 3203 3551 gloriosiores
3234 3480 3453 3534 ceteris
3479 3480 3743 3551 gentibus

2142 3567 2465 3622 credebant.
2500 3568 2634 3633 Que
2675 3568 2943 3624 nimirum
2990 3571 3265 3624 Dominus
3292 3572 3663 3638 pra-cipitavit
3693 3576 3739 3624 et

2141 3657 2416 3709 destruxit
2465 3660 2529 3711 in
2579 3658 2773 3724 furore
2801 3674 2917 3723 suo,
2952 3664 3017 3713 ut
3046 3658 3390 3728 intelligeres
3437 3658 3742 3713 Dominum

2141 3758 2252 3797 non
2274 3759 2358 3807 ea,
2384 3744 2483 3797 sed
2500 3744 2649 3815 ipsos
2675 3745 2975 3815 requisisse
2998 3744 3114 3799 sibi
3128 3746 3403 3800 incultum
3426 3752 3484 3800 et
3499 3747 3739 3817 gloriam

2141 3836 2199 3885 et
2240 3832 2464 3886 laudem
2514 3833 2757 3888 nominis
2803 3834 2927 3903 sui;
2962 3835 3043 3888 illi
3071 3849 3205 3889 vero
3247 3853 3276 3889 e
3305 3836 3610 3899 contrario,
3645 3836 3741 3890 illa

2141 3921 2500 3993 praeferentes
2520 3922 2577 3976 in
2609 3922 2810 3993 quibus
2836 3923 3244 3994 gloriabantur.
3275 3941 3336 3979 se
3366 3925 3736 3996 impudicitiis

2138 4015 2195 4064 et
2217 4010 2519 4065 sceleribus
2543 4011 2917 4069 tradiderunt.
2933 4013 3041 4068 Sed
3062 4013 3282 4085 plenius
3302 4014 3361 4068 in
3391 4014 3497 4068 hac
3517 4014 3735 4077 ultima,

2139 4116 2261 4171 que
2291 4100 2395 4154 sub
2427 4100 2694 4155 Romanis
2736 4101 2955 4167 accidit,
2989 4102 3107 4157 hec
3136 4102 3329 4158 omnia
3357 4103 3734 4174 complentur,

2141 4188 2299 4259 quasi
2325 4188 2372 4243 si
2399 4188 2457 4243 in
2483 4189 2675 4243 testeis
2704 4190 2853 4244 vasis
2881 4189 3143 4245 universa
3160 4190 3259 4245 illa
3278 4208 3404 4261 que
3433 4192 3494 4245 in
3524 4192 3647 4262 lege
3666 4192 3739 4246 le-

2137 4284 2370 4347 guntur,
2412 4277 2755 4332 adumbrata
2784 4279 3067 4333 ferrentur
3094 4280 3154 4334 in
3192 4296 3387 4350 regno,
3420 4281 3479 4334 in
3507 4280 3732 4352 populo,

2141 4365 2199 4419 in
2228 4365 2461 4421 ducibus
2491 4372 2549 4420 et
2578 4366 2875 4431 ministris,
2900 4368 2959 4421 in
2984 4369 3194 4439 templo
3209 4375 3268 4423 et
3284 4369 3434 4423 vasis
3452 4368 3730 4435 omnibus,

454 4457 663 4529 pedum
684 4470 913 4510 suorum
936 4451 995 4506 in
1018 4453 1107 4507 die
1129 4452 1333 4507 furoris
1353 4452 1460 4517 sui,
1483 4453 1707 4522 quando
1734 4454 1833 4509 Dei
1861 4454 2048 4525 impu-
2074 4444 2198 4510 Din
2227 4455 2484 4510 Sabbatis
2517 4460 2575 4509 et
2592 4456 3061 4519 solemnitatibus,
3084 4458 3143 4511 in
3170 4457 3417 4513 vestibus
3448 4464 3507 4512 et
3532 4459 3737 4513 sacriﬁ-

458 4550 708 4617 gnantur
729 4545 863 4616 jura
890 4542 949 4596 in
974 4540 1158 4611 nobis,
1188 4545 1246 4595 et
1276 4540 1641 4596 dominantur
1670 4544 1836 4597 mala.
1871 4544 2048 4598 Cete-

459 4651 589 4690 rum
618 4634 805 4689 anima
833 4630 1111 4704 peccatrix
1159 4631 1465 4695 moraliter,
1501 4647 1622 4702 quae
1652 4631 1932 4703 quondam
1964 4633 2052 4688 lu-

463 4740 593 4778 men
624 4712 887 4779 scientie
916 4729 972 4778 et
1000 4721 1287 4794 speculum
1335 4721 1536 4776 divine
1566 4721 2055 4794 contemplationis

463 4811 679 4878 habuit,
712 4814 874 4882 cujus
902 4818 960 4867 et
986 4829 1192 4867 nomen
1221 4813 1280 4868 in
1310 4813 1449 4866 coelo
1480 4812 1752 4885 scriptum
1782 4813 1907 4879 fuit,
1943 4830 2055 4869 non

461 4902 650 4956 minus
675 4900 919 4971 lugenda
945 4901 1209 4965 creditur,
1234 4903 1458 4973 quando
1488 4902 1547 4956 in
1581 4909 1737 4957 terra
1764 4902 2057 4974 prostitui-

461 4994 558 5045 tur
580 4994 638 5044 et
654 4987 1002 5060 profanatur,
1030 4988 1251 5060 quando
1271 4989 1419 5044 vitiis
1442 4989 1713 5059 polluitur
1728 4994 1785 5043 et
1804 4988 2061 5060 inquina-

463 5083 577 5146 tur,
606 5076 829 5151 quando
855 5076 1022 5148 pedes
1048 5076 1290 5143 Domini,
1309 5077 1544 5149 vestigia
1569 5077 1826 5133 videlicet
1850 5094 2057 5149 prece-

464 5175 691 5242 ptorum
722 5167 861 5238 ejus,
886 5166 955 5219 de
977 5165 1141 5218 corde
1180 5166 1418 5237 explosis
1445 5166 1731 5238 gressibus
1762 5166 2060 5222 abolentur

464 5258 587 5313 Dei.
639 5258 780 5312 Cum
809 5259 958 5310 esset
983 5254 1257 5325 templum
1301 5255 1451 5310 Deus
1497 5255 1758 5311 habitans
1800 5256 1858 5311 in
1887 5272 1952 5310 ea
2002 5260 2059 5310 et

466 5345 850 5412 deambulans,
892 5361 923 5398 e
966 5342 1248 5397 contrario
1288 5359 1436 5398 nunc
1476 5350 1706 5416 propter
1750 5345 2057 5400 caecitatem

466 5433 649 5489 cordis
667 5440 723 5488 et
747 5432 1056 5506 nequitiam
1083 5447 1264 5503 prave
1295 5431 1547 5497 actionis,
1584 5433 1651 5487 de
1681 5433 1922 5488 culmine
1946 5432 2057 5486 vir-

464 5528 673 5589 tutum,
705 5523 864 5594 quasi
889 5522 958 5577 de
986 5536 1207 5578 summo
1238 5520 1362 5575 coeli
1400 5521 1623 5589 vertice,
1665 5521 1723 5577 in
1751 5522 2058 5577 foeditatem

465 5612 729 5670 vitiorum
749 5612 1030 5686 prolapsa,
1049 5610 1108 5667 in
1126 5609 1217 5666 die
1245 5609 1455 5667 furoris
1474 5610 1699 5667 Domini
1713 5611 1784 5667 ab
1805 5610 2059 5667 hostibus

2133 4544 2254 4613 ciis,
2286 4544 2345 4598 in
2371 4544 2525 4599 cultu
2550 4544 2859 4614 religionis,
2893 4551 2951 4601 et
2992 4545 3051 4601 in
3081 4546 3341 4601 omnibus
3372 4564 3496 4618 que
3544 4547 3616 4603 de
3652 4547 3735 4601 his

2136 4632 2471 4688 adumbrata
2501 4633 2895 4704 praedicantur.
2928 4634 3165 4706 Nempe,
3218 4634 3354 4704 quia
3392 4635 3537 4690 nihil
3586 4636 3734 4691 aliud

2135 4721 2368 4776 fuerunt
2386 4722 2497 4775 ista
2523 4720 2729 4787 omnia,
2764 4722 2871 4776 nisi
2901 4723 3061 4793 quasi
3092 4723 3323 4795 quidam
3354 4741 3599 4796 magnus
3618 4741 3736 4797 pro-

2137 4810 2306 4881 pheta
2358 4810 2443 4863 vel
2479 4810 2791 4881 prophetia.
2833 4812 3107 4866 Veniente
3150 4828 3281 4866 vero
3319 4811 3572 4875 Christo,
3612 4830 3736 4869 cum

2140 4899 2416 4971 completa
2443 4907 2631 4954 essent
2659 4900 2882 4971 singula
2900 4901 2971 4956 de
3001 4917 3087 4967 eo,
3116 4917 3240 4972 que
3269 4901 3330 4955 in
3358 4902 3575 4957 eisdem
3597 4903 3736 4958 vasis

2139 4988 2493 5059 tegebantur,
2507 4989 2669 5060 preci
2676 4989 2854 5059 pitata
2871 4996 3005 5045 sunt
3026 4990 3218 5045 omnia
3236 4990 3336 5045 illa
3352 4996 3414 5045 et
3430 4993 3735 5057 confracta,

2139 5076 2426 5132 destructa
2455 5082 2510 5131 et
2537 5077 2771 5148 dejecta,
2803 5079 3016 5149 polluta
3032 5085 3091 5133 et
3115 5080 3432 5150 profanata,
3455 5088 3522 5135 ut
3540 5088 3740 5137 cuncta

2138 5165 2197 5219 in
2226 5164 2360 5219 orbe
2386 5170 2668 5220 terrarum
2696 5165 2951 5220 viderent
2976 5168 3214 5238 mystica
3238 5173 3296 5222 et
3325 5168 3636 5223 inell‘abilia
3658 5187 3742 5224 sa-

2140 5260 2445 5319 cramenta,
2474 5271 2595 5325 que
2620 5254 2973 5324 tegebantur,
2997 5256 3119 5310 luce
3148 5256 3357 5311 clarius
3386 5264 3662 5314 reserata.
3678 5260 3744 5314 Et

2143 5344 2286 5405 ideo,
2328 5344 2529 5414 inquit,
2581 5344 2783 5415 polluit
2845 5361 3082 5416 regnum
3136 5351 3195 5399 et
3258 5345 3544 5418 principes
3600 5350 3740 5419 ejus,

2142 5433 2364 5504 quando
2385 5438 2584 5487 cuncta
2612 5432 2861 5504 speciosa
2886 5450 3078 5489 eorum
3108 5433 3380 5505 despexit,
3405 5452 3512 5490 nec
3541 5453 3741 5509 paper-

2142 5521 2217 5576 cit
2238 5527 2527 5593 perempto
2551 5521 2791 5590 Christo,
2816 5528 2873 5577 et
2895 5522 3019 5578 sine
3055 5523 3197 5596 ipso,
3218 5523 3289 5579 de
3316 5540 3429 5595 quo
3464 5532 3591 5581 erat
3618 5542 3738 5581 om-

2142 5610 2229 5666 nis
2255 5611 2366 5666 ista
2384 5610 2699 5684 prophetia,
2732 5611 2923 5668 omnia
2949 5612 3251 5685 prostituta
3280 5617 3336 5668 et
3374 5613 3739 5688 coinquinata
