3960 6168
246 311 390 371 1109

929 303 1317 367 ΕΧΡΘΒΙΤῙΟ
1354 305 1434 364 ΙΝ
1470 303 1828 363 LAMENTA’.

1913 306 2078 365 )NES
2113 308 2464 368 IEREM'IE.
2502 338 2573 357 -
2609 313 2749 372 LIB.
2788 319 2863 374 II.

3379 326 3525 389 1410

234 436 533 511 judicavit,
565 434 626 491 in
650 436 877 491 tantum
905 435 971 488 ut
995 431 1065 487 de
1091 429 1350 487 omnibus
1384 445 1489 486 nec
1521 431 1907 493 remaneretA
1923 432 2224 503 cujuslibet
2258 433 2461 491 animm
2505 451 2608 492 nec
2652 441 2852 511 parcit,
2885 447 3110 516 quando
3155 466 3217 506 se
3244 452 3417 509 mens;
3433 470 3522 511 oo-

239 533 414 593 testa,
443 527 503 582 in
530 542 640 598 qua
669 528 926 596 portetur
954 520 1100 591 ignis
1128 520 1199 575 de
1224 519 1496 575 incendio.
1520 519 1589 574 Et
1614 519 1732 574 haec
1759 524 1845 575 est

238 615 576 674 lamentatio
599 613 885 686 prophetae
914 616 1033 665 tam
1074 609 1339 664 immanis
1369 615 1427 663 et
1451 608 1838 663 intolerabilis.

312 706 550 779 Mystice
562 710 754 759 autem
774 702 846 757 ad
857 700 1178 765 Ecclesiam,
1203 703 1465 771 peccante
1482 698 1707 777 papulo,
1724 698 1842 753 haec

227 774 743 868 jure'referuntur;
767 791 918 863 quia,
940 789 1245 845 secundum
1276 788 1628 859 Apostolum,
1656 774 1708 841 lsi
1737 801 1840 841 na-

230 886 517 942 turalibus
536 885 686 939 Deus
705 898 819 937 non
836 880 1084 953 pepercit
1102 878 1295 944 ramis,
1319 882 1529 948 quanto
1544 876 1724 946 magis
1744 871 1839 931 no-

235 975 349 1037 bis,
374 975 471 1047 qui
489 990 617 1029 cum
648 987 897 1028 essemus
927 968 1170 1031 oleastri,
1205 966 1401 1023 inserti
1430 983 1625 1022 sumus
1647 966 1705 1020 in
1736 966 1835 1021 bo-

232 1079 376 1121 nam
402 1064 604 1119 olivam
624 1065 781 1132 (Rom
827 1059 942 1129 x1)?
968 1060 1038 1114 Et
1060 1059 1108 1113 si
1128 1074 1322 1113 eorum
1350 1056 1602 1128 despexit
1629 1056 1831 1123 ofﬁcia,

229 1160 449 1228 quanto
472 1153 654 1225 magis
673 1157 729 1207 et
742 1158 938 1207 nostra
964 1150 1312 1222 polluuntur,
1334 1163 1461 1202 cum
1488 1146 1703 1218 polluta
1720 1146 1835 1202 fue-

230 1244 313 1299 rit
335 1249 394 1299 et
421 1259 583 1299 mens
607 1247 667 1297 et.
692 1239 1073 1296 conscientia?
1104 1239 1248 1309 Ergo
1278 1253 1446 1308 quam
1484 1236 1734 1308 speciosa
1762 1237 1838 1292 sit

233 1332 486 1388 Ecclesia
524 1337 583 1386 et
619 1331 872 1403 pulchra,
915 1345 1062 1400 saepe
1091 1328 1147 1382 in
1188 1326 1433 1382 Canticis
1462 1326 1831 1389 collaudatur,

227 1422 335 1477 sed
363 1427 422 1475 et
446 1421 507 1476 in
534 1419 805 1475 Psalmis:
840 1418 1050 1481 Astitz’t,
1074 1416 1278 1488 inquit,
1310 1419 1506 1485 regina
1535 1419 1599 1469 in
1636 1418 1833 1470 vestitu

228 1513 522 1576 deaurato,
553 1511 901 1565 circumdata
939 1510 1204 1561 varietate
1249 1507 1414 1574 (Psal.
1460 1502 1627 1574 XLIV).
1673 1504 1832 1559 Unde

225 1604 457 1655 constat
485 1598 634 1670 quod
663 1597 914 1669 speciosa
948 1596 1109 1650 valde
1157 1600 1242 1650 est
1270 1599 1328 1649 et
1361 1594 1567 1652 suavis.
1594 1593 1831 1662 pulchra

224 1688 459 1761 quidem
488 1694 552 1742 ut
590 1691 750 1751 luna,
782 1690 947 1741 electa
975 1690 1037 1740 ut
1063 1689 1141 1739 sol
1173 1684 1352 1751 (Cant.
1388 1684 1482 1745 vx).
1526 1682 1633 1737 Sed
1663 1698 1832 1754 quam

1923 522 2212 593 cupaverit
2253 523 2440 595 pravis
2470 524 2780 595 desideriis,
2813 533 3008 589 relicto
3050 536 3387 597 intrinsecus
3422 559 3517 598 ca-

1921 614 2011 665 sto
2040 611 2139 666 Dei
2167 628 2379 679 amore,
2427 613 2516 667 cui
2550 614 2762 671 dictum
2800 618 3026 677 fuerat:
3068 624 3239 692 Audi,
3285 631 3425 696 filia,
3467 636 3518 685 et

1923 701 2060 763 vide,
2096 705 2145 754 et
2169 704 2386 755 inclina
2406 718 2602 758 aurem
2629 708 2783 760 tuam
2808 710 2970 770 (Psal.
2997 718 3166 780 xmv),
3193 720 3322 783 etc.,
3344 719 3519 775 donec

1920 788 2277 860 concupiscat
2305 806 2399 844 rex
2445 791 2704 848 decorem
2731 800 2915 862 tuum,
2948 805 3005 854 et
3053 802 3295 860 destruit
3324 823 3518 864 omnes

1918 876 2262 932 munitiones
2278 879 2397 947 ejus
2425 878 2636 951 inger
2661 880 2720 936 in
2745 883 2831 938 ira
2858 884 3064 942 furoris
3092 890 3182 944 sui
3201 893 3389 951 (Eccle.
3415 894 3514 964 1x).

1921 964 2156 1029 Quando
2202 967 2312 1021 ﬁde
2340 967 2683 1036 inﬁrmatur,
2715 988 2818 1027 nec
2847 975 2994 1029 valet
3034 979 3377 1035 tentationes
3422 983 3521 1037 ho-

1916 1054 2088 1109 stium
2120 1055 2395 1110 sustinere
2426 1073 2548 1127 qua
2567 1058 3069 1135 inferuntur:quia
3096 1067 3248 1123 intus
3270 1070 3518 1140 primum

1916 1144 2162 1215 perdidit
2214 1145 2457 1216 speciem
2503 1151 2561 1200 et
2596 1148 3071 1218 pulchritudinem
3099 1157 3239 1211 casti
3288 1161 3515 1215 amoris.

1917 1232 2187 1305 Alioquin
2208 1233 2317 1287 nisi
2337 1234 2494 1306 prius
2508 1235 2662 1291 intus
2678 1239 2869 1294 anima
2889 1249 3155 1315 corrupta
3174 1252 3339 1315 esset,
3359 1249 3523 1304 etfre-

1919 1319 2052 1375 data
2088 1326 2336 1387 .369
2369 1323 2538 1389 vitiis,
2561 1341 2919 1398 nequaquam
2949 1330 3051 1385 Dei
3082 1333 3526 1392 destituerentur

1917 1409 2141 1475 auxilio,
2167 1410 2248 1464 ita
2262 1416 2326 1465 ut
2345 1412 2492 1467 muri
2511 1413 2939 1472 destruerentur
2959 1421 3202 1477 exterius
3221 1423 3511 1494 virtutum,

1916 1499 2119 1570 quibus
2146 1500 2303 1571 prius
2327 1500 2397 1555 ab
2412 1501 2683 1571 hostibus,
2704 1521 2776 1559 ne
2797 1506 3196 1579 irrumperent,
3218 1514 3514 1569 munieba-

1912 1594 2026 1643 tur.
2040 1588 2108 1642 Et
2115 1591 2346 1658 profecit
2364 1607 2505 1658 eam,
2522 1592 2622 1659 ait,
2642 1596 2705 1647 in
2728 1600 2964 1664 terram;
2988 1598 3121 1669 quia
3133 1600 3364 1655 omnino
3384 1607 3519 1658 tunc

1914 1678 1983 1733 de
2006 1678 2209 1735 throno
2233 1680 2393 1751 regni
2412 1681 2625 1736 corruit
2644 1681 2702 1737 in
2725 1687 2957 1753 terram,
2980 1689 3207 1756 quando
3220 1689 3374 1746 intus
3392 1708 3520 1748 con-

222 1745 376 1851 sepe
412 1745 858 1833 excrescentibus
887 1774 1084 1845 culpis,
1131 1745 1232 1828 aut
1275 1790 1375 1845 per
1405 1777 1613 1844 partes,
1646 1745 1748 1827 aut
1771 1772 1830 1826 in
1849 1745 1893 1804 Β
1913 1766 2148 1823 nubium
2179 1745 2330 1824 casti
2345 1770 2556 1825 amoris
2576 1771 2822 1832 violavit.
2863 1779 2920 1827 et
2944 1745 3219 1831 'sdrdibus
3253 1745 3515 1835 vitiorum

224 1873 369 1934 toto,
401 1867 592 1938 dejicit
616 1865 887 1920 Dominus
914 1863 1166 1935 speciosa
1194 1862 1314 1932 ejus
1332 1862 1403 1916 ad
1432 1861 1829 1916 contumeliam

224 1961 289 2011 et
316 1955 690 2027 ignominiam
730 1954 789 2008 in
817 1952 1077 2008 manibus
1110 1950 1373 2006 hostium.
1418 1950 1679 2022 Speciosa
1705 1948 1830 2020 qui-

222 2045 375 2109 dem,
407 2045 540 2117 quia
551 2044 755 2099 candet
779 2045 922 2097 sicut
944 2043 1135 2097 tit-ium
1167 2042 1315 2094 inter
1331 2042 1522 2109 spinas
1545 2038 1723 2105 (Cant.
1740 2041 1826 2107 II),

225 2134 453 2205 quando
500 2130 977 2205 pulchritudinem
1015 2130 1137 2199 ejus
1186 2127 1353 2183 simul
1406 2132 1614 2183 exortae
1655 2127 1829 2199 spinas

223 2223 502 2279 suﬁ‘ocant
524 2223 671 2280 (Luc.
696 2224 834 2290 νιιι).
853 2219 1100 2289 Dejicere
1128 2223 1316 2273 autem
1334 2217 1433 2272 Dei
1449 2217 1708 2291 est,justo
1727 2234 1828 2273 suo

231 2318 271 2380 Ι
290 2316 482 2379 ωδ
503 2310 714 2382 judicio
743 2309 1067 2383 permittere
1098 2322 1557 2378 unumquemque
1586 2305 1669 2360 ire
1702 2312 1829 2377 post

218 2400 725 2473 concupiscentiae,
755 2405 813 2453 et
834 2399 1143 2463 destruere,
1187 2396 1457 2451 auxilium
1488 2395 1687 2466 gratiae
1713 2412 1826 2451 suae

218 2508 290 2548 ac
321 2489 718 2546 misericordia
745 2505 856 2543 non
883 2492 1167 2559 praestare.
1209 2487 1317 2540 Pro
1364 2484 1566 2556 quibus
1594 2484 1640 2539 si
1666 2483 1826 2539 nobis

218 2586 417 2637 essent
444 2582 724 2651 lacrymte,
760 2578 972 2649 jugiter
999 2577 1467 2648 conspiceremus,
1509 2574 1660 2629 unde
1690 2574 1825 2629 ﬂere

217 2669 590 2736 deberemus;
637 2669 736 2723 sed
775 2667 923 2740 quod
958 2666 1184 2738 gravius
1215 2671 1318 2730 est,
1345 2666 1463 2736 jam
1496 2663 1637 2717 talia
1663 2680 1825 2718 rarus

219 2761 325 2834 qui
352 2760 640 2831 recogitet.
672 2760 1056 2814 Destruuntur
1086 2756 1276 2827 itaque
1306 2753 1648 2809 munitiones
1677 2753 1821 2823 ejus,

218 2850 450 2922 quando
498 2849 812 2921 pervigiles,
866 2853 922 2903 et
968 2846 1224 2901 custodes
1285 2843 1680 2909 Ecclesiarum,
1728 2841 1823 2912 qui

216 2955 350 2995 eam
384 2939 608 2994 munire
634 2944 692 2993 et
712 2936 1059 2992 circumdare
1091 2951 1193 2989 suo
1221 2933 1427 2988 au'xilio
1453 2937 1511 2987 et
1546 2932 1820 2999 doctrina,

214 3045 351 3085 cum
380 3029 536 3084 omni
560 3044 698 3083 cura
735 3032 793 3081 et
820 3024 1195 3080 sollicitudine
1237 3021 1525 3086 deberent,
1578 3021 1824 3077 oblecta-

1911 1872 1970 1911 se
1984 1856 2299 1912 admiscuit.
2316 1858 2476 1912 Unde
2499 1859 2659 1913 valde
2673 1860 2858 1915 omnis
2878 1877 3006 1916 cum
3024 1865 3299 1935 propheta
3322 1867 3517 1938 lugen-

1911 1945 2066 2012 dum,
2082 1946 2176 2016 qui
2193 1946 2263 2001 de
2280 1946 2408 2001 caeli
2428 1946 2673 2002 culmine
2703 1949 3105 2019 projicimurin
3131 1958 3516 2027 terram,quo-

1910 2033 2017 2088 ties
2037 2039 2262 2089 terrena
2275 2040 2559 2090 sectamur
2578 2041 2637 2091 et
2652 2036 3011 2108 implicamur
3026 2040 3197 2108 vitiis,
3215 2043 3512 2113 nequando

1910 2122 2131 2176 dicatur
2153 2123 2316 2178 nobis
2347 2142 2362 2178 :
2388 2123 2563 2178 Terra
2590 2141 2660 2191 es,
2691 2131 2739 2179 et
2769 2128 2833 2180 in
2858 2132 3068 2182 terram
3097 2131 3203 2184 ibis
3224 2130 3374 2200 (Gen.
3400 2136 3509 2200 Ill).

1911 2210 2056 2275 Quia
2079 2210 2186 2265 nisi
2208 2212 2364 2283 prius
2378 2212 2567 2268 anima
2587 2213 2838 2285 speciosa
2858 2215 3132 2272 virtutum
3152 2219 3506 2289 perdidisset,

1908 2315 2267 2371 nequaquam
2296 2301 2637 2358 munitiones
2666 2305 2788 2374 ejus
2836 2305 3081 2362 exterius
3119 2307 3393 2365 Dominus
3419 2311 3514 2365 de»

1908 2389 2052 2444 strui
2081 2391 2471 2460 permitteret;
2505 2397 2564 2447 et
2596 2391 2705 2447 nisi
2742 2392 2801 2447 in
2846 2410 2988 2465 gyro
3016 2395 3303 2454 destructa
3342 2404 3509 2467 esset,

1908 2494 2200 2550 nunquam
2215 2480 2285 2536 de
2305 2481 2443 2536 caelo
2464 2480 2524 2535 in
2543 2485 2754 2535 terram
2776 2481 3086 2548 cecidisset,
3111 2490 3178 2541 ut
3199 2492 3383 2543 totum
3402 2493 3514 2544 ter-

1907 2584 2046 2623 rena
2068 2575 2311 2640 saperet.
2341 2570 2450 2625 Sed
2471 2570 2605 2641 quia
2628 2570 2783 2626 intus
2800 2572 3276 2642 pulchritudinem
3301 2578 3507 2645 amisit,

1906 2659 2145 2715 thronus
2174 2659 2277 2714 Dei
2306 2675 2429 2714 esse
2461 2658 2648 2714 desiit.
2687 2659 2832 2713 Hinc
2857 2665 2945 2715 est
2986 2663 3136 2732 quod
3166 2668 3224 2718 et
3260 2664 3320 2719 in
3357 2669 3512 2721 terra

1907 2748 2186 2819 dejicitur,
2216 2753 2275 2804 et
2302 2747 2576 2803 Dominus
2606 2764 2730 2802 eam
2777 2748 2996 2819 polluit.
3038 2752 3267 2817 Polluit,
3300 2752 3505 2825 inquit,

1880 2854 2142 2906 .regnum
2162 2842 2213 2891 et
2229 2840 2508 2906 principes
2532 2840 2674 2906 ejus.
2706 2838 2963 2909 Regnum
2978 2855 3112 2908 ergo
3139 2840 3390 2911 polluere
3401 2847 3508 2909 est,

1910 2943 2035 2982 eam
2063 2927 2337 2998 pollutam
2361 2926 2635 2997 judicare,
2680 2927 2741 2981 in
2779 2944 2893 2998 qua
2920 2928 3071 2983 Deus
3097 2930 3374 3001 templum
3400 2930 3508 2987 sibi

1907 3020 2201 3081 statuerat,
2221 3016 2318 3071 sed
2348 3016 2471 3087 ipsa
2489 3032 2523 3069 a
2552 3014 2794 3082 diabolo,
2827 3015 2976 3070 vitiis
2992 3018 3313 3087 prostituta,
3328 3020 3510 3091 profa-

215 3116 430 3173 mentis
478 3118 649 3188 hujus
704 3115 825 3171 vitae
875 3119 933 3170 et
986 3111 1366 3184 voluptatibus
1421 3111 1820 3182 depravantur.
1841 3104 1883 3164 C
1905 3110 2092 3171 natur,
2122 3110 2181 3160 et
2208 3104 2479 3176 polluitur
2501 3121 2614 3159 una
2654 3120 2783 3159 cum
2812 3104 3027 3160 eisdem
3060 3106 3179 3161 suis
3225 3108 3505 3178 sensibus,

213 3207 393 3273 Quos,
433 3207 567 3279 quia
594 3223 706 3262 non
743 3222 806 3261 se
833 3204 1155 3274 intelligunt
1190 3203 1521 3268 destructos,
1555 3206 1613 3256 et
1653 3200 1820 3255 dissi-

212 3304 383 3369 patos
412 3296 528 3352 suis
556 3296 741 3368 pravis
784 3294 1020 3356 actibus,
1062 3292 1243 3364 gemit
1289 3296 1347 3345 et
1381 3291 1565 3362 plorat
1617 3290 1821 3345 chorus

211 3392 547 3442 sanctorum
578 3402 594 3438 :
626 3385 759 3457 quia
794 3384 851 3439 in
876 3383 988 3438 illis
1018 3387 1075 3438 et
1102 3380 1457 3453 pulchritudo
1487 3379 1722 3451 deperit,
1765 3383 1823 3434 et

210 3474 491 3530 fortitudo
517 3474 705 3546 gregis
752 3473 1091 3528 inﬁrmatur.
1142 3471 1240 3525 Est
1284 3485 1529 3539 namque
1578 3466 1822 3522 Ecclesia

211 3564 428 3620 Christi
456 3563 620 3635 quasi
645 3565 970 3627 Jerusalem,
1005 3577 1124 3630 qua;
1178 3561 1483 3626 adi/temur
1524 3562 1586 3611 ut
1629 3559 1821 3611 civitas

211 3653 381 3723 (Psal.
427 3655 587 3722 om),
633 3657 691 3707 et
724 3655 866 3706 sicut
905 3652 1083 3705 turris
1119 3650 1296 3704 David
1339 3664 1465 3702 cum
1506 3662 1822 3716 propugna-

211 3746 357 3798 culis
394 3745 533 3796 suis.
566 3743 717 3796 Mille
748 3742 922 3809 clypei
944 3740 1179 3809 pendent
1210 3754 1273 3791 ea
1309 3753 1392 3801 ea,
1423 3738 1604 3791 omnis
1631 3750 1820 3790 arma-

1904 3194 2000 3267 qui
2020 3195 2074 3249 ei
2103 3195 2250 3248 male
2276 3194 2579 3249 carnaliter
2592 3193 3001 3265 principantur,
3034 3211 3204 3266 quam
3233 3196 3508 3255 Dominus

1903 3300 2032 3338 mox
2051 3283 2324 3354 exspoliat
2352 3284 2563 3337 honore
2587 3282 2747 3352 regni
2778 3287 2835 3337 et
2852 3282 3171 3355 principatu
3190 3286 3312 3355 ejus
3336 3303 3506 3357 quem

1902 3372 2100 3427 habuit
2135 3388 2202 3426 ex
2231 3372 2590 3442 perceptione
2608 3370 2966 3442 baptismatis
2993 3377 3053 3427 et
3074 3374 3336 3431 unctione
3362 3378 3507 3434 sacri

1902 3459 2243 3516 chrismatis.
2266 3460 2411 3515 Hinc
2440 3475 2663 3531 quoque
2680 3460 2936 3530 sequitur
2961 3480 2977 3515 :
3410 3476 3415 3479 ‘

2601 3614 2788 3655 CIMEL.

1973 3747 2259 3813 Con/regit
2278 3746 2342 3798 in
2356 3745 2446 3797 ira
2468 3744 2683 3812 furoris
2703 3758 2862 3798 omne
2883 3758 3056 3798 cornu
3087 3747 3278 3812 Israel,
3300 3749 3501 3802 avertit

213 3836 348 3886 tura
375 3833 617 3899 fortium
635 3832 813 3899 (Cant.
837 3832 929 3899 iv).
949 3827 1056 3883 Sed
1080 3843 1207 3882 cum
1234 3826 1383 3881 muri
1404 3821 1525 3896 ejus
1544 3829 1814 3896 pastores,

1913 3840 2209 3889 retrorsum
2228 3835 2510 3888 dexteram
2536 3847 2700 3886 suam
2722 3848 2758 3887 a
2785 3834 2927 3901 facie
2941 3835 3182 3899 inimici,
3207 3840 3258 3889 et
3284 3851 3501 3890 succen-

208 3926 472 3993 pastores
520 3920 774 3974 videlicet
808 3935 874 3973 ac
900 3917 1160 3973 custodes
1194 3915 1534 3980 animarum,
1567 3916 1686 3968 suis
1726 3913 1819 3968 de-
1897 3926 1981 3979 dit
2000 3926 2063 3978 in
2083 3924 2244 3979 Jacob
2266 3924 2427 3992 quasi
2450 3925 2635 3990 ignem
2653 3923 2900 3990 ﬂamma
2917 3923 3231 3977 devorantis
3248 3927 3313 3977 in
3336 3940 3494 3994 gyro.

207 4015 515 4065 struuntur
564 4007 796 4068 actibus,
848 4007 1026 4061 facilis
1064 4005 1239 4060 hostis
1291 4004 1484 4059 omnia
1536 4003 1816 4058 introrsus
1897 4015 2022 4068 Non
2061 4013 2243 4068 solum
2278 4011 2430 4067 enim
2458 4026 2696 4081 regnum
2740 4010 3063 4066 Judmomm
3094 4012 3365 4067 Dominus
3394 4013 3495 4067 de-

208 4099 469 4171 speciosa
498 4097 737 4153 civitatis
765 4096 953 4167 dejicit
1006 4101 1064 4149 et
1091 4094 1303 4165 diripit.
1337 4094 1512 4165 ﬁtque
1543 4092 1705 4164 (1038i
1734 4091 1814 4146 οἱ·
1897 4102 2119 4164 struxit,
2154 4102 2302 4173 quod
2330 4106 2417 4156 est
2437 4116 2603 4155 omne
2621 4115 2796 4155 cornu
2820 4099 3191 4172 confringere,
3215 4106 3273 4156 et
3301 4102 3494 4157 defen-

206 4188 353 4243 Vitas
382 4205 511 4259 quae
539 4193 806 4242 vastatur-
840 4185 1001 4241 Unde
1029 4184 1302 4255 sequitur.
1348 4186 1547 4252 Deiecit
1598 4199 1720 4236 eam
1753 4185 1815 4236 ίη
1896 4193 2111 4246 sionem
2132 4192 2373 4246 dexteras
2392 4205 2506 4244 sum
2525 4188 2595 4244 ab
2620 4187 2700 4243 eis
2720 4188 2940 4249 avertit,
2960 4194 3284 4262 terramque
3299 4202 3495 4246 eorum

209 4284 447 4333 terram.
482 4278 628 4348 Ergo
669 4276 912 4332 Ecclesia
949 4274 1212 4345 dejicitur
1239 4273 1296 4327 in
1325 4278 1555 4337 terram.
1588 4272 1814 4343 quando
1895 4280 1955 4334 in
1987 4296 2187 4335 manus
2218 4279 2466 4334 hostium
2497 4277 2566 4332 ad
2592 4277 2997 4333 devastandum
3026 4279 3290 4347 tradidit;
3319 4280 3419 4335 sed
3437 4285 3497 4337 et

207 4366 455 4423 terrenis
505 4365 722 4422 actibus
773 4372 830 4420 et
876 4363 1025 4418 vitiis
1070 4367 1391 4434 occupatur,
1433 4377 1537 4416 nec
1578 4366 1665 4415 est
1716 4360 3498 4440 qninJerusalemnostiam,quaesponsajureaDominoappel-

208 4461 494 4512 sustentet
521 4454 1059 4520 eam,doctrinarum
1090 4451 1408 4513 virtutibus,
1436 4450 1520 4504 vel
1538 4449 1811 4504 bonorum
1829 4449 1877 4473 ”
1895 4458 2063 4523 latur,
2094 4458 2319 4529 quando
2346 4456 2641 4512 recesserit
2664 4455 2734 4511 ab
2763 4473 2848 4522 eo,
2881 4462 2939 4511 et
2964 4456 3034 4511 iis
3060 4457 3157 4527 qui
3198 4473 3311 4511 non
3358 4464 3492 4513 sunt

207 4562 448 4618 operum
476 4544 764 4615 exemplis.
811 4542 1119 4613 Propterea
1148 4557 1276 4595 cum
1312 4540 1447 4594 talia
1474 4540 1531 4593 in
1562 4538 1813 4610 qualibet
1894 4546 1990 4612 dii,
2022 4547 2255 4601 diversis
2299 4545 2605 4602 sceleribus
2633 4545 2906 4610 servierit,
2958 4545 3159 4616 polluit
3193 4545 3485 4611 Dominus,

209 4633 461 4689 EOClesia
488 4631 844 4702 contigerint,
873 4647 997 4685 mox
1044 4630 1230 4684 ἀίνίηει
1277 4629 1424 4684 Ultio
1448 4628 1602 4699 juste
1629 4627 1814 4698 sequi-
1894 4641 1949 4690 et
1978 4653 2144 4691 omne
2168 4652 2342 4691 cornu
2386 4636 2506 4705 ejus
2547 4635 2840 4705 confregit,
2873 4635 3020 4706 quod
3071 4635 3122 4688 ei
3151 4640 3407 4690 erexerat
3431 4634 3492 4690 in

203 4726 304 4777 tur
333 4740 346 4775 :
380 4723 610 4788 Polluit,
636 4720 839 4792 inquit,
863 4735 1098 4787 regnum
1126 4724 1173 4773 et
1198 4720 1478 4787 principes
1499 4720 1632 4786 ejus.
1657 4717 1812 4772 Tunc
1892 4724 2057 4780 domo
2087 4725 2259 4780 David
2284 4724 2443 4795 pueri
2474 4722 2561 4778 sui
2578 4725 2728 4791 (Luc.
2754 4727 2840 4784 ιι),
2863 4727 3141 4794 quatenus
3160 4723 3318 4778 nulla
3346 4723 3422 4779 sit
3438 4724 3491 4779 ei

204 4810 401 4883 itaque
448 4827 546 4865 eos
600 4810 819 4882 polluit,
864 4808 1087 4880 quando
1137 4807 1258 4878 ejus
1289 4806 1523 4876 aequitas
1568 4807 1811 4878 pollutos
1894 4814 1972 4869 vis
1995 4815 2066 4869 ad
2095 4812 2471 4868 resistendum
2492 4810 2975 4867 inimicis.Verum
2998 4817 3056 4865 et
3070 4827 3302 4867 manum
3326 4828 3490 4868 suam

203 4901 476 4967 ostendit,
503 4900 600 4972 qui
623 4899 935 4955 debuerant
975 4898 1188 4968 seipsos
1218 4903 1276 4951 et
1303 4897 1443 4951 alios
1468 4913 1655 4952 coram
1693 4897 1809 4951 Deo
1891 4909 2202 4959 retrorsum
2230 4901 2505 4957 convertit
2532 4918 2567 4956 a
2593 4900 2980 4966 facieinimici,
3005 4917 3175 4972 quam
3205 4905 3490 4956 extentam

202 4997 377 5063 atque
407 4990 798 5044 immaculatos
825 4988 1127 5044 custodire.
1160 4989 1229 5041 Et
1258 4986 1389 5041 facti
1414 5003 1593 5057 genus
1623 4986 1809 5056 regale
1891 4992 2119 5048 tenebat
2136 4993 2207 5047 ad
2227 4991 2494 5047 ultionem
2516 5006 2712 5045 eorum
2734 4989 2830 5061 qui
2849 5005 2973 5044 eam
2994 4989 3360 5055 insectantur,
3379 4989 3488 5043 nisi

199 5078 583 5136 sacerdotium
614 5084 871 5134 sanctum
909 5079 959 5145 (Ι
997 5080 1143 5132 Ρϐιν.
1176 5076 1255 5147 ιι).
1284 5076 1418 5131 Jure
1447 5081 1579 5131 tunc
1610 5075 1809 5147 polluti
1889 5082 2013 5153 ipsa
2040 5081 2198 5153 prius
2217 5097 2251 5134 a
2280 5081 2396 5135 Deo
2415 5083 2725 5134 retrorsum
2748 5077 3026 5133 rediisset.
3051 5077 3158 5134 Sed
3182 5078 3313 5148 quia
3332 5076 3487 5147 prior

201 5169 664 5241 pronuntiantur,
719 5168 943 5240 quando
988 5167 1059 5221 de
1104 5167 1248 5221 tanti
1300 5166 1561 5221 culminis
1605 5167 1807 5221 throno
1891 5177 2198 5225 retrorsum
2225 5168 2382 5236 abiit,
2408 5170 2560 5239 juste
2590 5168 2738 5222 Deus
2766 5167 2818 5221 ei
2848 5168 3184 5239 quandoque
3214 5163 3485 5218 auxilium

201 5258 425 5330 dejecti,
476 5258 621 5312 servi
662 5257 927 5312 vitiorum
983 5256 1364 5311 inveniuntur.
1420 5256 1581 5310 Unde
1630 5255 1808 5327 magis
1890 5260 2129 5314 dexterae
2149 5275 2263 5313 suae
2285 5256 2580 5312 subtraxit.
2604 5256 2714 5311 Per
2730 5256 3017 5311 dexteram
3045 5268 3288 5324 namque
3308 5251 3487 5308 virtus

202 5363 330 5403 cum
359 5346 636 5419 propheta
657 5346 982 5417 lugendum,
999 5363 1166 5418 quam
1198 5345 1407 5417 aliquid
1426 5345 1484 5399 in
1512 5345 1599 5399 his
1627 5345 1807 5400 verbis
1889 5348 2091 5414 Patris,
2123 5348 2179 5402 id
2223 5352 2325 5413 est,
2358 5347 2533 5402 Filius
2579 5345 2932 5417 intelligitur,
2982 5344 3078 5415 qui
3121 5341 3191 5395 ab
3242 5341 3488 5397 Ecclesia

202 5435 598 5511 exponendum
626 5451 844 5502 censeo,
871 5435 1004 5508 quia
1029 5436 1175 5490 sicut
1198 5434 1329 5489 alibi
1358 5433 1563 5505 legitur
1593 5450 1604 5461 ·
1632 5433 1808 5505 Culpa
1891 5453 2014 5491 mox
2031 5436 2505 5507 auxiliumgratise
2518 5434 2941 5499 suaesubtrahit,
2967 5438 3004 5496 |
3020 5435 3349 5497 310mm
3363 5430 3488 5502 ipsa

204 5526 582 5590 sacerdotum,
640 5525 807 5582 ruina
856 5524 1048 5597 populi
1089 5529 1193 5591 est,
1248 5524 1330 5578 uti
1386 5529 1443 5578 et
1485 5523 1805 5579 Iudaeorum
1889 5543 1947 5581 se
1970 5525 2316 5581 amatoribus
2349 5524 2621 5580 adulteris
2667 5520 3002 5596 exposueiit.
3032 5519 3151 5575 Nec
3177 5519 3484 5581 immerito.

206 5615 329 5673 fuit.
369 5614 741 5691 Tropologice
798 5630 927 5671 vero
981 5613 1174 5685 dejicit
1230 5613 1501 5670 Dominus
1556 5612 1807 5687 speciosa
1888 5632 2014 5673 cum
2043 5632 2329 5688 sponsum,
2364 5615 2572 5674 vadens
2599 5618 2726 5686 post
2754 5616 3035 5670 amatores
3054 5624 3185 5666 suos
3217 5608 3348 5681 (Jer.
3383 5604 3485 5678 ni),
