3960 6168
508 328 644 389 1111

1260 330 1318 387 S.
1360 329 1739 390 PASCHASII
1775 330 2139 390 RADBERTI
2174 327 2481 388 ABBATIS
2520 329 3019 388 CORBEIENSIS.

3588 336 3690 397 tit?

510 456 853 532 spreverit,si
881 455 952 511 ab
967 471 1035 512 ea
1057 472 1297 528 sponsus
1315 456 1599 510 dexteram
1618 453 1958 509 defensionis
1975 453 2103 509 sub-
2119 456 2170 515 Α
2186 452 2295 507 lem
2316 467 2510 506 eorum
2528 451 2930 522 captivitatem,
2956 451 3116 524 quasi
3131 452 3333 508 offenso
3343 454 3446 510 Deo
3465 457 3690 530 loquitur:

507 545 867 600 trahit.Unde
887 563 1013 601 mox
1040 563 1170 600 cum
1189 547 1381 600 taliter
1393 545 1596 600 auxilio
1615 545 1918 609 desolatur,
1937 560 2102 598 omne

509 651 683 689 cornu
706 636 828 704 ejus
849 636 1146 690 Dominum
1170 635 1507 705 confregisse
1528 652 1559 688 a
1582 635 1857 706 propheta
1883 634 2102 706 plangi-

505 728 620 778 tur.
651 723 834 778 Habet
856 741 1099 795 namque
1135 725 1378 778 Ecclesia
1409 741 1511 778 sua
1539 740 1770 789 cornua,
1799 723 2007 778 habent
2028 729 2086 778 et

508 810 755 866 haeretici
768 817 826 867 et
834 813 958 867 falsi
974 814 1257 884 prophetae
1271 829 1388 868 sua.
1400 813 1507 868 Sed
1521 819 1655 867 tunc
1663 814 1683 883 j
1693 829 1792 866 ure
1804 829 1970 867 omne
1985 829 2102 867 cor-

505 915 583 955 nu
605 901 651 970 ej
660 917 723 954 us
739 901 1129 972 confringitur,
1153 918 1278 973 qua;
1295 902 1550 972 neglecto
1567 902 1754 972 sponsi
1780 918 1992 966 amore,
2007 901 2102 973 qui

508 990 614 1043 sibi
629 1005 801 1044 cornu
823 990 1019 1045 salutis
1031 990 1228 1056 erexit,
1246 996 1370 1061 post
1385 1007 1615 1045 suarum
1633 991 2102 1061 concupiscentia-

507 1095 633 1133 rum
649 1078 968 1134 illecebram
983 1079 1064 1134 ire
1079 1095 1188 1134 non
1205 1079 1580 1134 metuit.Hinc
1595 1079 1693 1133 Dei
1707 1080 1976 1134 destituta
1988 1097 2102 1133 ma-

508 1181 584 1222 nu
606 1167 858 1238 privatur
878 1168 1056 1233 bonis,
1073 1173 1337 1240 corrupta
1355 1169 1486 1223 luxu
1510 1168 1776 1223 libidinis.
1798 1170 2103 1240 Propterea

504 1255 703 1326 lugens
747 1257 1020 1328 propheta
1047 1256 1241 1311 subdit
1274 1275 1285 1308 :
1319 1258 1610 1312 Succendit
1641 1261 1703 1311 in
1743 1260 1906 1312 Jacob
1943 1261 2105 1326 quasi

505 1347 690 1414 ignem
714 1349 953 1416 flamma
973 1348 1286 1400 devorantis
1305 1349 1368 1400 in
1387 1362 1552 1413 gyro;
1572 1347 1704 1418 quia
1727 1364 1852 1400 cum
1883 1343 1985 1400 Dei
2013 1347 2104 1400 de-

506 1431 722 1488 solatur
743 1434 948 1503 gratia,
971 1439 1028 1488 et
1054 1434 1170 1488 suis
1189 1441 1488 1488 enervatur
1511 1435 1742 1498 viribus,
1760 1435 2104 1504 immergunt

507 1536 568 1576 se
614 1523 779 1577 variae
807 1525 1381 1595 concupiscentiarum
1410 1525 1691 1590 libidines,
1741 1526 1943 1597 quibus
1975 1543 2102 1580 suc-

505 1627 674 1665 censa
695 1613 938 1666 ﬂammis
976 1615 1033 1667 in
1061 1631 1222 1685 gyro,
1251 1630 1321 1668 ne
1352 1614 1528 1685 possit
1556 1615 1809 1678 evadere,
1845 1615 2002 1685 quasi
2032 1614 2102 1668 ab

2187 543 2248 596 (1t
2274 542 2411 610 quid
2439 544 2640 594 avertis
2670 557 2902 595 manum
2935 547 3109 606 tuam,
3140 547 3188 594 et
3222 544 3476 598 dexteram.
3504 556 3628 601 tuam
3649 553 3696 605 de

2185 633 2361 684 medio
2375 633 2505 684 sinu
2529 636 2621 684 tuo
2641 633 2704 684 in
2730 633 2894 697 ﬁnem
2916 637 2939 683 ?
2960 648 3025 684 ac
3042 631 3089 683 si
3111 636 3358 701 patenter
3375 634 3530 688 dicat:
3551 637 3697 700 Quan-

2183 719 2280 773 diu
2326 725 2389 773 tu
2429 719 2634 772 avertis
2663 735 2890 772 manum
2921 725 3100 778 tuam,
3145 737 3246 773 nec
3287 722 3504 777 remittis
3537 743 3633 779 eam
3655 729 3697 782 iu

2183 809 2330 871 sinu,
2361 809 2467 878 ipsi
2495 808 2710 862 extensi
2734 809 2882 862 inter
2918 816 3115 878 gentes
3150 809 3414 865 immundi
3455 821 3506 866 et
3543 816 3698 885 leprosi

2185 889 2369 952 erunt.
2395 898 2523 952 Haec
2550 896 2752 951 idcirco
2781 897 3037 962 dixerim,
3069 899 3259 953 anima
3281 917 3396 971 quae
3420 903 3481 956 de
3500 905 3605 958 sinu
3626 906 3701 959 Dei

2185 1004 2245 1042 se
2275 987 2574 1058 projecerit
2617 987 2687 1039 ad
2725 987 3012 1040 saecularia
3055 987 3346 1052 desideria,
3394 993 3702 1047 contaminata

2186 1077 2308 1130 erit.
2346 1077 2538 1146 Neque
2568 1076 2719 1129 enim
2751 1076 3018 1130 Dominus
3060 1077 3200 1130 alios
3231 1078 3372 1132 fovet
3407 1087 3459 1132 et
3493 1081 3700 1147 defendit,

2186 1165 2290 1219 nisi
2314 1182 2452 1236 quos
2479 1164 2583 1219 sub
2613 1165 2715 1218 alis
2746 1172 2843 1218 aut
2871 1165 2928 1218 in
2959 1165 3086 1224 sinu
3114 1171 3302 1235 gestat
3327 1173 3381 1221 et
3401 1170 3574 1223 nutrit.
3599 1171 3705 1225 Reli-

2187 1271 2326 1325 quos
2355 1271 2481 1308 vero
2511 1255 2605 1324 qui
2635 1270 2694 1307 se
2725 1253 2854 1307 inde
2882 1255 3237 1324 projecerint.
3262 1256 3389 1309 audi
3416 1257 3533 1326 quid
3563 1260 3705 1329 sequi-

2185 1348 2310 1397 tur:
2337 1344 2402 1397 Et
2426 1344 2701 1396 succendit
2728 1346 2790 1396 in
2811 1344 2972 1396 Jacob
2993 1347 3154 1412 quasi
3175 1348 3356 1411 ignem
3369 1349 3579 1414 ﬂamma
3594 1349 3706 1399 devo-

2187 1435 2370 1486 rantis
2394 1434 2457 1484 in
2472 1448 2628 1500 gyro.
2648 1431 2789 1495 Quia
2801 1432 3047 1502 profecto
3064 1433 3325 1486 miseram
3341 1434 3563 1487 animam
3578 1436 3706 1489 semel

2187 1521 2255 1575 de
2271 1521 2397 1574 sinu
2410 1521 2529 1583 Dei,
2546 1520 2990 1574 excrescentibus
3007 1521 3204 1591 culpis,
3223 1539 3490 1592 egressam
3506 1523 3555 1575 in
3567 1523 3706 1576 furore

2185 1626 2286 1664 suo
2309 1609 2576 1663 Dominus
2607 1626 2730 1662 eam
2762 1608 2936 1663 libere
2967 1610 3250 1679 possidere
3281 1611 3560 1664 immundis
3583 1612 3706 1681 spiri-

505 1699 636 1770 igne
659 1700 812 1756 intus
826 1703 1028 1758 forisve
1058 1703 1375 1758 devoratur.
1393 1703 1600 1773 Typice
1617 1708 1803 1758 autem
1821 1704 1892 1757 ad
1918 1719 2101 1757 mores
2183 1699 2334 1753 tibus
2364 1698 2639 1769 permittit
2669 1698 2797 1764 (nisi
2827 1698 2968 1752 forte
2996 1699 3330 1754 misereatur
3352 1701 3464 1769 ejus
3488 1718 3646 1754 rursus
3666 1708 3709 1754 ut

505 1788 648 1844 bene
684 1789 944 1856 refertur,
978 1791 1430 1863 quandoquidem
1461 1799 1520 1846 et
1547 1791 1738 1846 anima
1764 1808 1974 1846 cornua
2001 1809 2100 1846 sua
2125 1794 2545 1871 Bconvertatur
2580 1787 2651 1840 ad
2704 1787 2929 1851 sinum),
2975 1792 3069 1858 qui
3103 1805 3228 1842 eam
3269 1790 3582 1842 succendant
3617 1790 3709 1860 igne

509 1877 716 1933 habere
735 1879 1082 1950 perhibetur.
1107 1881 1187 1935 De
1202 1880 1404 1952 quibus
1426 1897 1562 1935 sane
1579 1881 1837 1935 cornibus
1861 1901 1876 1936 :
1902 1882 2103 1936 Omnia
2189 1876 2786 1948 concupiscentiarum,
2830 1876 2888 1930 in
2920 1877 3148 1930 modum
3181 1878 3414 1932 flammae
3436 1879 3707 1932 devorantis.

506 1982 720 2022 cornua
739 1974 1091 2038 peccatorum
1108 1972 1485 2039 confringam,
1513 1977 1561 2026 et
1581 1973 1979 2026 excitabuntur
1997 1987 2110 2025 σον·-
2192 1969 2260 2022 Et
2297 1966 2596 2021 videndum
2644 1966 2691 2020 si
2734 1983 2845 2020 non
2886 1967 3207 2038 septuplum
3247 1984 3311 2021 ac
3351 1967 3397 2022 si
3441 1968 3607 2021 tornax
3642 1968 3709 2022 illa

508 2073 626 2112 nua
644 2061 790 2127 justi
821 2061 986 2126 (Psat.
1018 2063 1233 2126 xcxvu).
1266 2061 1486 2115 Cornua
1511 2077 1753 2131 namque
1783 2060 2101 2114 animarum
2186 2049 2482 2127 Babylonis
2515 2056 2768 2124 (Dan.m)
2785 2057 3160 2110 succendatur
3189 2063 3246 2110 et
3271 2063 3710 2127 concremat,quos-

507 2151 642 2202 sunt
668 2147 836 2202 fortia
883 2146 1149 2219 quaelibet
1184 2149 1478 2214 virtutum,
1509 2149 1712 2219 quibus
1741 2150 1896 2203 novit
1925 2149 2104 2203 ﬁdelis

507 2237 699 2290 anima
724 2237 913 2291 omnia
941 2237 1047 2291 sibi
1077 2238 1431 2292 adversantia
1454 2245 1827 2310 repercutere,
1861 2244 1919 2292 et
1947 2237 2105 2309 quasi

507 2325 699 2379 fenum
729 2331 828 2380 aut
855 2326 1138 2397 pulverem
1161 2327 1217 2381 in
1257 2343 1445 2382 aerem
1475 2328 1744 2382 ventilare
1774 2328 1858 2382 vel
1886 2328 2102 2398 disper-

505 2429 658 2484 gere.
691 2414 869 2468 Nemo
899 2414 1074 2484 igitur
1103 2415 1196 2486 qui
1230 2416 1450 2486 ignoret
1477 2417 1623 2487 quod
1655 2433 1862 2471 cornua
1886 2433 1996 2470 non
2026 2417 2102 2471 si-

506 2502 624 2557 mul
652 2519 777 2557 cum
808 2503 1055 2559 altilibus
1083 2512 1408 2568 nascuntur,
1443 2506 1590 2560 inest
1609 2512 1800 2560 tamen
1835 2507 1915 2560 eis
1935 2523 2103 2561 causa

506 2593 792 2648 nascendi.
834 2593 1038 2648 Anima
1067 2611 1198 2649 vero
1227 2611 1339 2650 non
1367 2612 1432 2649 ex
1463 2601 1679 2650 natura;
1699 2595 1966 2650 instinctu
2000 2596 2104 2649 vir-

504 2681 721 2737 tutibus
744 2689 1016 2749 armatur,
1032 2684 1131 2738 sed
1155 2683 1254 2737 Dei
1277 2701 1509 2738 munere
1534 2706 1544 2737 :
1572 2685 1703 2739 licet
1731 2692 1788 2739 et
1807 2685 1928 2756 ipsa
1951 2685 2103 2755 prius

504 2771 768 2827 habuerit
794 2789 828 2826 a
851 2778 1066 2828 natura;
1085 2771 1232 2827 bono
1258 2773 1607 2844 concipiendi
1635 2774 1897 2844 gratia'n,
1921 2780 1979 2827 et
2008 2790 2106 2828 nu-

503 2861 710 2916 triendi
741 2878 864 2932 quae
920 2868 1251 2934 conceperat
1289 2863 1617 2918 efﬁcaciam.
1653 2864 1760 2918 Sed
1801 2864 1933 2934 quia
1960 2870 2016 2917 et
2044 2881 2104 2917 se

504 2950 768 3020 perdidit,
782 2956 839 3004 et
851 2950 1166 3005 libertatem
1190 2957 1425 3014 naturae,
1441 2952 1554 3005 alia
1572 2956 1704 3005 sunt
1726 2968 1848 3022 quae
1867 2951 2105 3005 confrin-

502 3043 717 3107 guntur
744 3038 815 3091 de
849 3039 1061 3108 peccati
1091 3038 1308 3108 origine
1337 3040 1644 3095 nascentia.
1671 3040 1796 3093 Alia
1827 3056 1953 3093 vero
1983 3057 2105 3110 qua

507 3126 828 3180 exaltantur
855 3131 912 3180 et
930 3133 1188 3182 crescunt
1215 3128 1284 3181 de
1313 3127 1501 3198 vigore
1520 3128 1718 3183 divinae
1736 3129 1952 3199 gratiae.
1978 3131 2106 3184 Haec

509 3214 644 3285 quia
672 3212 777 3267 sibi
804 3213 1039 3269 invicem
1069 3216 1457 3275 adversantur.
1497 3217 1768 3272 Dominus
1796 3219 2108 3289 confringet

511 3318 678 3356 omne
702 3318 876 3357 cornu
889 3319 952 3357 ex
975 3305 1146 3359 Israel
1161 3306 1390 3364 carnali.
1405 3323 1474 3360 ne
1487 3306 1700 3360 diutius
1717 3323 1775 3360 se
1792 3307 1926 3361 vitia
1937 3308 2106 3362 extol-

507 3391 645 3446 lant.
677 3391 837 3447 Unde
856 3393 1131 3464 propheta
1146 3395 1340 3465 gemit,
1357 3412 1467 3449 non
1488 3396 1619 3466 quia
1639 3395 1994 3466 franguntur,
2011 3397 2107 3451 sed

513 3479 647 3551 quia
663 3479 723 3534 in
750 3480 938 3535 furore
967 3481 1069 3536 Dei
1099 3499 1212 3538 una
1239 3500 1367 3538 cum
1393 3484 1582 3540 anima
1607 3492 1994 3540 conteruntur.
2027 3487 2107 3540 De

512 3585 622 3640 quo
644 3570 831 3624 furore
855 3575 1102 3626 tremens
1129 3571 1304 3626 David
1334 3573 1554 3628 aiebat:
1589 3575 1834 3639 Domine,
1851 3591 1916 3628 ne
1938 3579 2000 3628 in
2019 3577 2108 3641 fu-

510 3673 636 3712 rore
667 3663 759 3712 tuo
787 3674 994 3727 arguas
1026 3675 1133 3728 me,
1161 3677 1329 3730 neque
1358 3666 1421 3716 in
1468 3665 1560 3715 ira
1590 3667 1687 3716 tua
1715 3666 1985 3731 corripias
2023 3680 2106 3716 me

514 3747 677 3815 (Psal.
701 3751 794 3811 γι).
825 3747 1121 3804 Contrahit
1149 3756 1337 3804 autem
1367 3756 1424 3804 et
1452 3751 1656 3806 avertit
1685 3767 1912 3805 manum
1945 3769 2106 3806 suam

511 3834 786 3891 Dominus
815 3853 848 3892 a
872 3837 1014 3893 facie
1033 3838 1264 3904 inimici,
1293 3839 1540 3894 animam
1570 3841 1951 3911 insequentis:
1975 3841 2108 3911 quia

511 3923 635 3996 ipsa
661 3942 722 3980 se
774 3926 928 3997 prius
979 3927 1234 3982 hostibus
1283 3929 1558 4000 exposuit.
1604 3934 1662 3983 et
1706 3929 1916 4000 recepit
1954 3929 2105 3985 intus

513 4014 851 4069 adulterum.
885 4016 1098 4071 Idcirco
1143 4017 1277 4088 quia
1323 4018 1392 4072 de
1431 4018 1559 4072 sinu
1587 4018 1684 4072 Dei
1717 4034 1944 4088 egressa
1973 4019 2107 4073 foris

512 4103 722 4161 anima.
749 4120 863 4158 una
881 4121 1007 4160 cum
1034 4105 1196 4165 Dina,
1229 4111 1294 4160 ut
1319 4105 1533 4160 videret
1561 4106 1705 4161 filias
1731 4107 1977 4177 regionis
2009 4108 2108 4162 hu-

505 4188 600 4258 jus
629 4191 816 4245 saeculi
842 4193 996 4263 (Gen.
1028 4198 1224 4260 xxxw).
1259 4195 1550 4249 vulnerata
1579 4201 1666 4250 est
1689 4212 1723 4249 a
1762 4195 2002 4258 diabolo,
2050 4202 2108 4251 et

515 4276 576 4330 in
606 4277 873 4333 membris
899 4281 1023 4349 ejus
1050 4287 1365 4352 compacta:
1391 4284 1509 4353 jam
1539 4283 1596 4338 in
1627 4284 1815 4338 furore
1833 4301 1935 4339 suo
1955 4301 2108 4338 aver-

2185 2161 2406 2216 cunque
2437 2144 2711 2214 repererit
2737 2144 2805 2198 de
2825 2144 3118 2200 Chaldaeis.

2861 2303 3092 2341 DALETH.

2263 2430 2503 2482 Tetendit
2516 2445 2713 2482 arcum
2733 2445 2898 2482 suum
2913 2431 3074 2498 quasi
3090 2432 3376 2496 inimicus,
3392 2434 3606 2498 ﬁrmavit
3625 2434 3713 2484 dm:-

2187 2523 2358 2570 teram
2392 2533 2551 2571 suam
2581 2521 2742 2586 quasi
2769 2519 2952 2578 hostis,
2986 2524 3034 2571 et
3069 2521 3270 2572 occidit
3301 2537 3454 2573 omne
3480 2522 3601 2589 quod
3622 2522 3712 2586 pul-

2185 2608 2382 2660 chrum
2412 2612 2528 2660 erat
2558 2610 2699 2661 visu.
2746 2609 2810 2659 In
2842 2609 3199 2660 tabernaculo
3239 2610 3366 2673 ﬁlia:
3408 2608 3530 2662 Sion
3574 2607 3714 2673 emittit

2187 2697 2348 2764 quasi
2376 2697 2815 2762 indignationem
2835 2711 3014 2748 suam.
3047 2696 3207 2750 Tunc
3231 2697 3344 2750 hac
3364 2697 3535 2750 omnia
3553 2700 3714 2749 constat

2187 2784 2382 2837 fecisse
2403 2783 2722 2845 Dominum,
2761 2784 2982 2854 quando
3011 2783 3348 2839 dimicantes
3375 2787 3546 2839 hostes
3570 2791 3714 2838 contra

2185 2872 2517 2933 Jerusalem,
2544 2872 2834 2926 Chaldaeos
2863 2872 3072 2925 scilicet
3108 2873 3225 2926 sive
3257 2874 3523 2927 Romanos
3549 2873 3713 2941 explere

2187 2976 2289 3014 sua
2317 2960 2575 3030 permisit
2595 2961 2936 3031 judicia.nec
2974 2961 3318 3033 refellit.lpsi
3347 2978 3567 3033 namque
3598 2958 3714 3031 quasi

2188 3065 2351 3102 arcus
2388 3049 2445 3103 in
2479 3065 2645 3103 manu
2692 3049 2790 3104 Dei
2822 3050 3001 3120 parati
3032 3050 3200 3120 longe
3231 3053 3449 3105 fuerant
3473 3057 3525 3104 et
3555 3047 3714 3104 extensi

2188 3138 2256 3190 ad
2288 3138 2558 3193 ultionem
2587 3156 2599 3202 ;
2632 3138 2728 3191 sed
2760 3138 2892 3208 quia
2940 3139 3070 3192 Sion
3109 3139 3292 3194 noluit
3321 3140 3493 3194 redire
3519 3139 3579 3192 ad
3603 3153 3711 3197 eum,

2186 3242 2369 3298 neque
2397 3243 2524 3280 eum
2555 3227 2854 3298 suscipere,
2891 3228 2946 3280 in
2969 3229 3130 3296 cujus
3161 3246 3331 3283 manu
3360 3229 3715 3283 distensiserva—

2190 3313 2599 3386 bantur,usque
2615 3317 2682 3369 ad
2709 3316 3114 3386 plenitudinem
3141 3325 3172 3382 Ι
3195 3323 3380 3383 31‘;
3402 3317 3657 3388 temporis:
3674 3318 3718 3367 ut

2189 3402 2259 3456 de
2272 3403 2620 3474 plenitudine
2645 3411 2704 3458 et
2725 3405 3006 3476 completa
3023 3408 3619 3468 mensuradelictorum,
3632 3404 3711 3475 ple-

2190 3491 2386 3545 nitudo
2415 3493 2671 3547 vindictas
2712 3494 3055 3564 procederet.
3079 3496 3147 3549 Et
3175 3497 3311 3567 quia
3341 3498 3610 3550 noluerunt
3632 3508 3717 3546 esse

2188 3581 2350 3635 amici
2373 3582 2501 3650 jure
2523 3581 2702 3637 factus
2730 3589 2816 3636 est
2845 3583 2924 3637 eis
2947 3584 3230 3648 inimicus,
3258 3587 3388 3656 quia
3407 3589 3552 3656 juxta
3577 3597 3715 3636 vocem

2188 3669 2756 3725 Psalmi:0umsancto
2768 3678 2990 3726 sanctus
3005 3677 3188 3738 eris,et
3211 3692 3335 3728 cum
3349 3679 3461 3728 viro
3476 3675 3713 3727 innocente.

2190 3762 2449 3812 innocens
2470 3761 2629 3820 (Psat.
2659 3764 2789 3812 xvul
2819 3777 2830 3812 :
2861 3777 3075 3816 necnon
3112 3770 3169 3816 et
3200 3781 3325 3818 cum
3364 3779 3608 3835 perverso,
3633 3774 3718 3830 per-

2189 3847 2441 3900 vertitur.
2457 3848 2548 3902 Sic
2568 3855 2768 3902 etcum
2787 3850 3027 3904 inimicis
3042 3853 3170 3921 jure
3186 3853 3472 3924 plangitur
3488 3850 3713 3909 inimicus;

2188 3938 2435 4002 ﬁrmavit
2449 3942 2633 3990 autem
2649 3954 2882 3991 manum
2904 3956 3066 3993 suam
3081 3946 3247 4009 quasi
3266 3942 3567 4012 hostis,quia
3584 3945 3628 3992 et
3642 3935 3715 4006 ipsi

2188 4024 2492 4078 adversarii
2521 4027 2851 4080 exstiterant
2879 4028 3078 4082 divina;
3119 4029 3279 4100 legis,
3317 4038 3377 4086 ut
3400 4031 3476 4083 vel
3505 4030 3572 4082 sic
3601 4023 3716 4079 addi-

2188 4120 2407 4168 scerent
2425 4116 2570 4186 quod
2603 4133 2712 4169 non
2746 4116 2800 4170 in
2831 4134 2931 4171 suo
2951 4119 3139 4188 gladio
3169 4123 3520 4191 possederant
3539 4126 3713 4175 terram,

2189 4209 2245 4257 et
2270 4203 2557 4258 brachium
2575 4221 2769 4259 eorum
2804 4223 2912 4259 non
2937 4208 3252 4264 salvaverat
3280 4228 3372 4265 eos
3399 4212 3552 4279 (Psat.
3585 4213 3714 4263 xum»

2189 4287 2285 4341 sed
2319 4289 2548 4342 dextera
2594 4290 2694 4343 Dei
2751 4295 2808 4344 et
2850 4290 3139 4347 brachium
3183 4297 3308 4365 ejus
3345 4303 3398 4349 et
3445 4287 3716 4348 illuminatio

2127 3092 2169 3150 C

513 4364 586 4419 tit
603 4363 878 4419 Dominus
897 4382 1124 4421 manum
1147 4384 1181 4421 a
1202 4369 1340 4423 facie
1370 4377 1404 4435 |
1422 4376 1540 4436 at:
1559 4376 1602 4438 ι
1623 4371 1852 4433 inimici,
1879 4388 1947 4426 ne
1973 4389 2110 4443 prae-
2193 4377 2396 4431 vultus
2417 4377 2567 4431 illius
2603 4379 2782 4438 (Exod.
2834 4385 2938 4445 xv).
2974 4381 3132 4445 Quod
3166 4363 3298 4455 quia
3343 4385 3612 4438 noluerunt
3633 4374 3716 4429 ani-

512 4453 643 4510 beat
669 4454 936 4509 auxilium
961 4461 1155 4510 contra
1183 4473 1334 4523 eum,
1361 4458 1452 4512 cui
1477 4460 1624 4513 male
1645 4460 1799 4529 prius
1827 4477 1887 4515 se
1917 4461 2108 4516 subdi-
2126 4457 2175 4516 D
2197 4467 2562 4530 madvertere,
2586 4469 2779 4521 occidit
2800 4485 2957 4523 omne
2970 4453 3273 4538 pulchrum.
3303 4477 3416 4528 risu
3438 4476 3492 4525 in
3522 4472 3715 4523 taberna-

512 4545 696 4602 demt.
737 4545 816 4599 De
838 4562 950 4618 qua
979 4561 1148 4601 causa
1166 4547 1336 4602 etiam
1365 4549 1537 4603 Israel
1563 4549 1864 4612 carnalem,
1885 4549 2113 4606 Judaeos
2193 4559 2314 4608 cuto
2336 4556 2466 4622 ﬁlim
2491 4555 2642 4616 Sion,
2673 4557 2895 4626 quando
2926 4559 3186 4614 universa
3198 4560 3537 4615 exterminari
3562 4552 3713 4627 permi-

513 4634 770 4688 videlicet
783 4635 938 4690 abire
957 4636 1214 4708 permisit
1237 4636 1292 4691 in
1317 4638 1744 4695 exterminium:
1768 4641 2034 4712 quoniam
2056 4647 2114 4696 et
2194 4643 2268 4697 sit
2295 4648 2352 4696 et
2379 4643 2634 4697 demoliri
2661 4662 2674 4709 ;
2707 4661 2808 4698 nec
2829 4645 3100 4702 distillare
3113 4649 3244 4703 fecit
3283 4650 3376 4703 sed
3398 4647 3572 4702 effudit
3596 4637 3714 4713 quasi

509 4720 616 4792 ipsi
646 4722 800 4792 prius
817 4725 1022 4796 leprosi
1047 4732 1227 4793 erant,
1257 4743 1368 4782 non
1400 4728 1774 4799 qualicunque
1803 4729 1977 4801 lepra,
2011 4731 2108 4785 sed
2193 4732 2376 4801 ignem
2399 4731 2838 4802 indignationem
2858 4751 3036 4789 suam.
3067 4737 3224 4801 Quod
3251 4738 3441 4792 melius
3457 4737 3518 4790 de
3535 4728 3713 4802 captivi-

511 4817 784 4881 perpetua
808 4831 820 4878 ;
845 4814 993 4883 quod
1017 4831 1185 4870 manu
1201 4816 1377 4887 Moysi
1400 4816 1746 4887 signabatur,
1771 4835 1896 4872 cum
1922 4824 2109 4873 exten-

512 4898 688 4964 deret,
721 4899 941 4970 leprosa
985 4903 1185 4964 fiebat;
1217 4921 1346 4959 cum
1393 4922 1523 4960 vero
1553 4907 1848 4960 revocabat
1891 4924 2018 4960 eum
2049 4908 2106 4961 in

515 4989 699 5044 sinum
725 4990 938 5043 munda
966 4997 1085 5044 erat
1119 4993 1303 5060 (Exod.
1344 4993 1442 5052 Ivl.
1483 4995 1624 5050 Hinc
1662 5012 1883 5067 quoque
1932 4997 2105 5051 David

511 5079 582 5135 ad
599 5079 806 5134 Deum:
833 5080 893 5132 (1t
911 5081 1048 5148 quid
1056 5081 1482 5154 avertis,inquit,
1492 5101 1724 5138 manum
1741 5089 1973 5148 tuam,et
1984 5087 2108 5139 dex-

520 5173 696 5223 teram
713 5174 889 5234 tuam,
906 5169 1155 5222 demedio
1169 5173 1300 5223 sinu
1318 5176 1409 5224 tuo
1421 5174 1483 5225 in
1499 5175 1694 5239 ﬁnem?
1711 5175 1876 5238 (Psat.
1895 5172 2109 5243 Lxxm.)

513 5256 656 5321 Quia
715 5273 916 5312 manus
973 5257 1150 5327 Moysi
1208 5263 1438 5313 extensa
1491 5261 1822 5332 designabat
1883 5263 2103 5318 Judaios

507 5345 708 5400 exiisse
733 5363 766 5400 a
799 5348 934 5409 Deo,
963 5352 1022 5400 et
1049 5351 1304 5401 extensos
1334 5364 1454 5401 esse
1489 5349 1558 5402 ad
1599 5367 1769 5420 prava
1797 5369 1984 5422 opera,
2019 5353 2105 5406 id-

2190 4825 2306 4873 tate
2336 4837 2458 4891 qum
2487 4821 2589 4874 sub
2621 4823 2887 4877 Romanis
2927 4825 3128 4879 accidit
3158 4827 3496 4896 intelligitur.
3541 4817 3713 4893 quando

2189 4914 2310 4962 tota
2338 4911 2510 4963 effusa
2540 4910 2854 4980 indignatio
2887 4913 2987 4966 Dei
3011 4915 3275 4969 cernitur.
3299 4917 3579 4984 Allegorice
3599 4920 3710 4965 vero,

2188 5003 2382 5052 contra
2413 4999 2709 5053 Ecclesium
2743 5017 2910 5070 quam
2941 5019 3084 5073 saepe
3117 5005 3381 5058 Dominus
3424 5000 3616 5055 tetendit
3638 5007 3712 5045 ar-

2189 5103 2315 5140 cum
2343 5091 2685 5156 sumnquasi
2703 5091 2988 5152 inimicus,
3008 5108 3132 5145 cum
3163 5093 3282 5163 ipsa
3303 5092 3403 5145 sibi
3430 5087 3710 5144 inimicatura

2189 5191 2290 5228 nec
2319 5175 2436 5229 vult
2463 5176 2651 5246 sponsi
2682 5177 2896 5232 monita
2925 5179 3212 5245 obaudire,
3239 5188 3301 5234 ut
3329 5181 3392 5233 ad
3423 5194 3536 5232 eum
3565 5171 3710 5227 redeat

2186 5279 2286 5335 per
2315 5264 2583 5318 humilem
2603 5265 3061 5327 satisfactionem.
3079 5271 3286 5324 Idcirco
3317 5285 3489 5323 arcum
3517 5257 3712 5317 extendit

2187 5353 2345 5423 quasi
2367 5354 2645 5416 inimicus,
2663 5356 2830 5426 digne
2853 5359 3161 5430 plangitur.
3195 5362 3300 5414 Per
3316 5374 3490 5412 arcum
3514 5361 3706 5418 namque

508 5433 656 5488 circo
687 5440 743 5488 et
771 5451 971 5490 manus
1007 5434 1185 5506 Moysi
1215 5435 1436 5506 leprosa
1463 5437 1656 5495 fiebat.
1690 5440 1948 5495 Revocati
1972 5459 2102 5496 vero
2181 5443 2454 5511 judicium
2473 5444 2827 5513 intelligitur,
2847 5463 2958 5515 quo
2979 5450 3354 5521 unusquisque
3379 5435 3708 5516 impraesentia-

509 5523 816 5579 clementer
832 5526 991 5596 quasi
1019 5525 1077 5580 in
1109 5525 1318 5589 sinum,
1336 5525 1418 5578 uti
1444 5542 1644 5580 manus
1673 5529 1871 5600 Moysi,
1907 5531 2101 5585 mundi
2184 5549 2308 5586 rum
2323 5534 3264 5609 autpercutiturutcorrigatur,aut
3277 5538 3398 5610 quia
3410 5535 3495 5589 diu
3511 5527 3708 5585 tenditur

508 5613 734 5671 ﬁebant.
760 5615 827 5672 Et
856 5614 987 5671 hinc
1011 5620 1097 5672 est
1125 5615 1272 5687 quod
1313 5614 1490 5671 David
1516 5633 1748 5673 cernens
1772 5618 2101 5675 irrevocabi-
2183 5619 2241 5674 in
2253 5621 2768 5693 extremis,peccata
2782 5639 2909 5679 cum
2926 5634 3307 5684 consummata
3321 5623 3511 5682 fuerint
3526 5612 3704 5688 gravius
