3960 6168
292 358 434 418 1113

971 365 1354 424 EXPOSITIO
1394 369 1473 425 IN
1508 371 2114 431 LAMENTATIONES
2152 375 2503 436 JEREMUE.
2550 413 2615 424 —
2654 384 2795 446 LIB.
2836 388 2910 443 II.

3423 387 3563 447 4114

285 484 361 539 ad
392 486 764 557 puniendum,
788 489 1088 553 relaxetur,
1110 491 1167 546 in
1186 506 1298 547 uno
1320 496 1630 566 eodemque
1652 516 1784 553 arcu
1808 500 1885 553 di-
1906 503 2161 560 Acontra
2189 502 2605 575 delinquentem
2661 511 2934 568 Dominus
2971 529 3165 569 arcum
3203 530 3367 569 suum
3397 511 3559 584 quasi

281 590 455 629 versae
469 577 808 645 judiciorum
832 579 928 632 Dei
945 581 1163 649 sagittae
1179 583 1245 635 ad
1260 584 1446 652 jacula
1474 594 1859 658 praeparentur

279 663 572 734 Siquidem
601 666 723 721 aliae
754 678 885 721 sunt
912 669 1281 738 fulgurantes.
1316 674 1475 742 quasi
1506 676 1723 745 sagittae
1758 677 1880 730 mit-

154 816 171 826 _
275 754 683 808 tunturelectze
712 755 781 809 de
811 757 1074 827 pharetra
1104 759 1322 813 Domini
1345 762 1415 814 ad
1440 768 1682 817 veterem
1706 765 1882 818 homi-

274 856 412 895 nem
447 843 854 913 perimendum,
884 851 941 899 et
977 846 1110 900 vitia
1138 848 1403 903 ferienda.
1430 851 1566 904 Alite
1597 861 1729 906 sunt
1760 870 1881 924 quae

277 929 590 984 mittuntur
605 931 674 985 ad
705 933 1036 1002 afﬂigendos
1055 952 1323 1007 quosque,
1349 945 1500 992 certe
1521 947 1620 995 aut
1646 942 1714 995 ad
1731 959 1883 996 coro-

275 1034 433 1081 nam,
466 1025 566 1073 aut
584 1021 654 1074 ad
674 1022 1101 1092 correptionem,
1130 1032 1229 1079 aut
1256 1027 1326 1079 ad
1356 1043 1576 1097 poenam
1601 1030 1875 1099 supplicii.

271 1106 389 1162 Sed
410 1106 481 1162 de
509 1108 620 1163 illis
643 1111 821 1179 gemit
839 1111 1083 1166 Ecclesia
1112 1119 1167 1166 et
1193 1114 1426 1186 plangit,
1444 1134 1585 1186 quas
1606 1118 1879 1174 Dominus

274 1196 443 1266 quasi
478 1197 738 1253 inimicus
752 1205 852 1254 aut
879 1218 978 1272 per
1006 1202 1311 1267 hereticos,
1330 1210 1430 1259 aut
1448 1222 1547 1276 per
1564 1206 1746 1277 ipsum
1765 1208 1880 1263 dia-

273 1284 470 1339 bolum
494 1293 593 1341 aut
613 1304 712 1358 per
732 1289 979 1343 membra
997 1293 1046 1361 ej
1057 1309 1138 1355 us,
1156 1294 1225 1345 ad
1243 1294 1617 1350 vulnerandos
1632 1313 1882 1368 quosque

273 1373 337 1427 in
359 1375 601 1429 Ecclesia
633 1376 893 1444 intendit,
925 1379 995 1433 de
1017 1380 1219 1451 quibus
1243 1382 1301 1435 in
1324 1383 1545 1437 Psalmo
1578 1402 1589 1437 :
1613 1386 1741 1439 Ecce
1766 1402 1882 1454 pec-

271 1468 485 1517 catores
514 1467 873 1520 intenderunt
903 1484 1121 1535 arcum,
1168 1477 1516 1538 paraverunt
1551 1476 1780 1541 sagittas
1816 1477 1878 1529 in

257 1552 561 1620 pharetra,
579 1559 640 1607 ut
662 1558 922 1621 sagittent
941 1559 1003 1610 in
1021 1559 1243 1611 obscuro
1258 1566 1426 1614 rectos
1441 1563 1598 1615 corde
1618 1564 1781 1633 (Psal.
1800 1564 1848 1633 χ)
1860 1605 1872 1617 .

267 1640 423 1694 Nam
454 1641 776 1710 hujusmodi
804 1644 1022 1713 sagitta:
1043 1646 1112 1699 de
1141 1662 1273 1701 arcu
1304 1648 1421 1711 Dei,
1449 1650 1660 1703 scilicet
1688 1650 1876 1705 divino

266 1745 377 1783 suo
402 1729 615 1799 judicio
666 1731 939 1786 veniunt:
989 1751 1054 1787 ex
1096 1735 1297 1804 quibus
1335 1754 1478 1792 unus
1522 1740 1824 1793 electorum
1860 1760 1871 1794 :

270 1816 503 1884 Sagitta
532 1819 774 1882 Domini,
802 1819 1005 1891 inquit,
1030 1825 1093 1875 in
1124 1840 1207 1877 me
1233 1831 1366 1879 sunt
1383 1826 1521 1896 (Job.
1553 1837 1647 1893 v1.)
1670 1826 1746 1883 Et
1767 1829 1877 1883 Da-
1902 1817 1943 1873 Β

267 1904 402 1959 vid:
441 1908 713 1974 Quoniam
742 1915 953 1976 sagittae
983 1916 1104 1975 tua,
1140 1912 1341 1984 inquit,
1375 1918 1558 1981 inﬂue
1576 1922 1707 1970 sunt
1734 1918 1878 1970 mihi

269 1997 428 2062 (Psal
441 2034 451 2044 .
483 2001 702 2064 xxxv").
721 1997 827 2051 Pro
849 1998 1053 2069 quibus
1078 2001 1269 2071 itaque
1290 2003 1526 2073 sagittis,
1564 2021 1727 2059 arcus
1747 2005 1876 2076 quia

271 2083 531 2137 tenditur
548 2101 580 2138 a
603 2085 859 2151 Domino,
875 2093 937 2140 ut
952 2087 1150 2143 durius
1164 2090 1440 2145 feriantur
1460 2092 1872 2163 delinquentes,

268 2187 470 2226 amare
487 2173 773 2243 plangitur
796 2192 806 2227 :
843 2175 955 2229 imo
981 2192 1094 2231 non
1117 2179 1249 2247 quia
1270 2180 1634 2249 percutimur,
1667 2189 1727 2235 ut
1750 2197 1874 2235 cor-

268 2260 548 2330 rigamur,
570 2269 602 2325 Ι
620 2267 738 2327 33
749 2268 808 2328 3
821 2264 915 2317 sed
935 2265 1067 2335 quia
1079 2282 1242 2320 arcus
1256 2267 1312 2320 in
1334 2267 1521 2321 furore
1533 2269 1870 2337 extenditur,

266 2356 341 2402 ut
359 2350 600 2420 amplius
617 2351 852 2422 quisque
872 2370 1105 2424 peccans
1124 2356 1291 2409 corde
1312 2356 1403 2409 ind
1414 2366 1628 2424 uratur,
1647 2354 1874 2413 demum

267 2453 388 2508 quo
406 2439 633 2507 gravius
663 2440 734 2493 ab
762 2441 1112 2497 immanitate
1143 2445 1416 2499 scelerum
1445 2445 1699 2501 feriatur.
1736 2448 1876 2503 Hinc

267 2541 499 2597 quoque
529 2533 586 2581 et
616 2528 672 2582 in
709 2528 943 2585 Psalmis
974 2552 987 2585 :
1020 2533 1229 2586 Dedisti
1247 2537 1633 2599 metuentibus,
1667 2536 1873 2607 inquit,

268 2620 325 2668 te
343 2618 824 2683 signiﬁcationem,
842 2625 903 2672 ut
916 2623 1142 2688 fugiant
1159 2638 1195 2675 a
1213 2623 1354 2689 facie
1369 2640 1533 2677 arcus
1552 2627 1697 2684 (Psal
1713 2671 1723 2681 .
1739 2630 1871 2687 ux).

267 2704 422 2768 Quia
444 2706 677 2760 omnino
698 2714 907 2778 quanto
938 2710 1118 2780 magis
1150 2726 1216 2764 ex
1254 2711 1351 2765 Dei
1382 2713 1654 2782 patientia
1677 2714 1874 2784 judicii

265 2797 498 2865 tempus
507 2796 1010 2862 extenditur,tanto
1025 2799 1410 2854 retributionis
1427 2802 1672 2855 vindicta
1682 2803 1876 2856 durior

263 2884 682 2939 accumulatur.
730 2886 943 2940 Firmat
988 2904 1121 2958 ergo
1165 2889 1451 2943 dexteram
1508 2909 1669 2946 suam
1719 2893 1877 2963 quasi

1964 590 2221 647 inimicus
2252 597 2501 650 extendit
2555 616 2682 654 cum
2740 620 2867 657 eum
2914 610 3236 675 peccantem
3267 601 3556 673 conspicit,

1962 696 2065 732 nec
2093 683 2307 737 emollit
2334 685 2403 738 ad
2436 689 2841 757 paenitentiam,
2874 694 2971 747 sed
3004 698 3205 748 manus
3230 694 3350 763 ejus
3377 690 3562 745 adhuc

1962 774 2204 832 extenta,
2231 780 2353 843 post
2374 779 2760 832 numerosiora
2781 779 2862 834 ire
2888 782 3165 852 permittit
3188 780 3563 844 crimina,nec

1963 860 2166 913 avertit
2190 860 2489 928 intentum,
2525 872 2588 919 ut
2615 868 2888 939 quidquid
2919 870 3040 924 visu
3070 869 3365 940 pulchrum
3395 867 3456 921 in
3494 882 3563 920 ea

1963 949 2299 1003 naturaliter
2327 952 2480 1007 intus
2508 954 2564 1008 in
2598 956 2866 1017 moribus,
2901 958 3060 1028 quasi
3108 958 3167 1011 in
3198 953 3560 1012 tabernaculo

1963 1036 2273 1098 videbatur.
2315 1042 2586 1097 Dominus
2616 1046 2893 1115 perimere
2922 1046 3160 1113 dicatur,
3194 1044 3417 1116 quando
3463 1043 3562 1097 fm-

1960 1124 2193 1181 ditatem
2223 1129 2481 1185 vitiorum
2501 1149 2625 1186 eam
2646 1140 3009 1206 constuprare
3037 1133 3331 1206 permittit,
3355 1137 3413 1186 et
3435 1148 3560 1185 om-

1960 1216 2054 1269 nia
2076 1233 2164 1271 mo
2172 1235 2292 1271 rum
2306 1219 2540 1275 honesta
2554 1228 2589 1286 Ι
2610 1228 2667 1287 ξι
2677 1229 2723 1286 τ
2734 1229 2790 1287 4
2806 1224 3043 1279 interius
3063 1222 3277 1277 violari.
3291 1223 3449 1276 Tunc
3465 1219 3561 1275 de-

1964 1322 2117 1359 mum
2138 1307 2295 1377 quasi
2308 1309 2426 1377 jam
2442 1327 2541 1379 pro
2564 1327 2728 1381 paena
2752 1314 2984 1383 peccati,
3010 1313 3172 1366 malis
3192 1312 3311 1381 ejus
3328 1325 3556 1364 exacer-

1964 1393 2148 1463 batus,
2181 1398 2491 1451 secundum
2539 1400 2870 1469 Apostolum
2905 1404 3070 1468 (Rom.
3105 1404 3167 1467 1),
3223 1398 3559 1470 quandoque

1961 1484 2134 1538 tradit
2162 1502 2285 1539 eam
2311 1486 2367 1540 in
2391 1488 2676 1557 passiones
2697 1489 3038 1559 ignominiaa,
3063 1493 3121 1542 et
3140 1486 3377 1542 eﬂundit
3402 1486 3559 1538 ﬂam-

1959 1589 2109 1627 mam
2138 1573 2404 1639 libidinis,
2440 1582 2504 1630 ut
2530 1583 2621 1630 eat
2648 1578 2794 1632 mira
2810 1579 2933 1648 jam
2963 1576 3181 1648 captiva
3210 1580 3338 1646 post
3365 1574 3558 1628 incen-

1959 1664 2049 1717 dia
2080 1665 2341 1720 desiderii
2364 1667 2450 1721 sui
2478 1667 2686 1722 faciens
2716 1686 2838 1740 qum
2860 1685 2971 1725 non
3000 1665 3357 1729 conveniunt,
3385 1663 3556 1717 etiam

1958 1753 2071 1819 illa,
2106 1772 2228 1826 quae
2258 1763 2391 1811 sunt
2417 1764 2611 1811 contra
2649 1763 2930 1812 naturam.
2967 1756 3221 1828 Hincque
3249 1752 3506 1825 sequitur
3539 1768 3550 1806 :

2704 1898 2794 1936 HE.

2030 1983 2222 2036 Factus
2249 1988 2323 2037 est
2359 1984 2626 2037 Dominus
2655 1987 2817 2053 quasi
2847 1985 3115 2036 inimicus
3147 1997 3163 2032 :
3193 1979 3559 2049 praecipitavit

1964 2073 2152 2136 Israel,
2191 2075 2553 2140 pracipitavit
2595 2076 2785 2127 omnia
2831 2074 3033 2126 mamia
3083 2074 3219 2139 ejus,
3266 2067 3558 2135 dissipavit

1958 2175 2144 2213 omnes
2157 2162 2491 2214 munitiones
2511 2164 2646 2228 ejus,
2663 2165 2713 2214 et
2732 2162 2958 2228 replevit
2983 2161 3045 2212 in
3064 2160 3185 2225 filia
3204 2157 3352 2211 Juda
3374 2154 3559 2207 humi-

1959 2251 2163 2302 liatum
2185 2254 2233 2303 et
2253 2250 2633 2303 humiliatam.
2658 2250 2783 2303 Haec
2802 2247 2992 2303 omnia
3011 2247 3081 2301 ad
3094 2246 3338 2300 litteram
3361 2243 3430 2297 de
3455 2243 3556 2297 Ju-

1956 2338 2091 2391 daais
2120 2338 2418 2392 manifesta
2446 2345 2533 2392 est
2562 2338 2777 2402 relatio,
2811 2343 2876 2393 ut
2917 2337 3129 2391 fontem
3176 2335 3556 2404 lacrymarum

1957 2434 2344 2481 commoveant
2369 2428 2557 2492 verba,
2585 2434 2643 2481 et
2662 2428 2729 2481 ad
2762 2428 3009 2481 lamenta
3035 2440 3232 2480 sensus
3260 2421 3551 2487 inclinent,

1959 2516 2106 2585 quod
2138 2516 2408 2570 Dominus
2429 2517 2526 2587 qui
2551 2533 2631 2570 eis
2658 2516 2857 2570 ductor
2879 2516 3013 2569 olim
3040 2515 3227 2568 fuerat
3259 2516 3317 2566 et
3348 2514 3555 2573 custos,

1959 2606 2054 2677 qui
2083 2622 2206 2659 cum
2238 2607 2318 2659 eis
2341 2605 2723 2676 gradiebatur,
2750 2611 2807 2659 et
2835 2604 3171 2675 loquebatur
3197 2602 3267 2656 de
3295 2599 3554 2670 singulis,

1957 2695 2117 2767 quasi
2163 2694 2377 2749 amicus
2426 2695 2497 2748 ad
2553 2695 2818 2758 amicum,
2867 2694 3112 2748 clemens
3142 2697 3198 2746 et
3244 2690 3372 2762 pius
3396 2688 3556 2761 (Gen.

1957 2799 2106 2838 xxvn
2138 2802 2151 2850 ;
2184 2785 2349 2838 Exod.
2388 2801 2492 2849 xiv,
2524 2783 2613 2848 15,
2649 2782 2742 2850 33)
2775 2802 2786 2836 :
2821 2799 2969 2837 nunc
3016 2797 3047 2836 e
3093 2778 3394 2844 contrario,
3426 2791 3556 2831 cum

1958 2874 2259 2928 vindictam
2282 2873 2636 2945 rependit,ﬁt
2654 2873 2736 2927 eis
2759 2872 2917 2943 quasi
2931 2870 3208 2933 inimicus,
3235 2884 3335 2923 suo
3355 2873 3559 2938 agente

262 2971 452 3025 hostis
478 2980 677 3027 contra
706 2974 1005 3028 Ecclesium
1036 2976 1473 3047 delinquentem,
1501 2995 1629 3033 cum
1651 2997 1774 3034 eam
1798 2981 1877 3034 in-

1963 2964 2184 3033 iudicio.
2217 2963 2502 3027 Quantum
2535 2963 2606 3016 ad
2632 2962 2879 3016 litteram
2924 2964 3210 3031 exspectat
3239 2958 3357 3028 jam
3386 2970 3561 3056 supra

265 3068 562 3115 cessanter
576 3062 833 3118 vindictis
862 3066 1185 3134 prosternit,
1206 3073 1263 3121 et
1288 3068 1444 3122 duris
1465 3070 1747 3123 excruciat
1765 3086 1877 3141 pce-

1963 3053 2155 3107 eadem
2213 3053 2527 3123 planxerat,
2580 3051 2678 3105 ubi
2716 3051 2797 3104 ait
2837 3068 2850 3102 :
2908 3049 3020 3104 Nec
3070 3049 3309 3117 pepercit
3369 3049 3562 3147 omnia

263 3150 378 3213 nis,
403 3151 584 3205 donec
612 3157 713 3206 aut
742 3153 863 3224 ipsa
886 3160 1136 3209 correcta
1163 3156 1359 3210 redeat
1373 3158 1443 3210 ad
1461 3174 1594 3211 eum
1614 3165 1741 3230 post
1759 3176 1877 3212 ver-

1963 3145 2194 3212 speciosa
2237 3143 2418 3201 Jacob,
2451 3142 2725 3194 destruxit
2756 3142 2818 3192 in
2850 3140 3042 3206 furore
3092 3152 3190 3190 suo
3221 3136 3560 3189 munitiones

265 3238 409 3292 bera
437 3246 540 3294 aut
558 3240 823 3295 indurata
851 3242 908 3295 in
938 3242 1024 3296 his
1063 3260 1185 3313 qua;
1214 3253 1475 3314 pereunt,
1510 3247 1768 3301 tradatur
1811 3248 1881 3302 ad

265 3328 551 3399 supplicia
604 3337 732 3400 post
772 3331 984 3401 culpas.
1028 3332 1202 3386 Porro
1253 3333 1537 3389 interdum
1592 3353 1882 3407 quousque

266 3416 456 3471 iratus
484 3434 714 3472 manum
737 3419 1018 3482 obﬁrmat.
1037 3422 1196 3491 quasi
1222 3422 1400 3477 hostis
1412 3424 1613 3478 occidit
1626 3425 1683 3478 in
1698 3425 1879 3479 taber-

265 3507 475 3561 naculo
523 3508 648 3578 ejus
693 3524 857 3562 omne
901 3510 1049 3580 quod
1094 3511 1213 3565 visu
1261 3513 1554 3582 pulchrum
1586 3519 1671 3568 est
1705 3532 1716 3566 :
1750 3515 1884 3585 quia

265 3596 464 3651 omnia
491 3597 740 3667 pretiosa
775 3599 898 3668 ejus
947 3599 1200 3654 membra
1242 3601 1487 3672 diripere
1518 3603 1795 3673 permittit
1825 3611 1883 3658 et

265 3685 578 3751 trucidare,
626 3687 773 3757 quod
831 3687 1049 3741 utinam
1102 3690 1213 3743 tale
1258 3690 1378 3743 fieri
1434 3708 1503 3744 ne
1542 3692 1873 3747 videremus.

266 3775 436 3831 Unde
460 3774 637 3845 magis
668 3775 827 3829 nobis
859 3776 993 3830 ﬂere
1018 3793 1141 3831 cum
1170 3780 1441 3849 propheta
1453 3781 1728 3850 congruit,
1746 3798 1880 3852 quo-

266 3863 430 3919 niam
456 3864 634 3917 etfusa
658 3870 745 3918 est
772 3865 932 3935 quasi
946 3865 1093 3936 ignis
1114 3867 1183 3919 ad
1215 3868 1594 3922 devorandum
1624 3869 1880 3940 indigna-

265 3952 348 4007 tio
379 3951 606 4005 Domini
628 3952 763 4023 quia
790 3954 1157 4023 peccavimus.
1184 3953 1256 4008 Et
1285 3956 1416 4026 quia
1445 3956 1555 4010 ista
1587 3975 1652 4011 ex
1682 3975 1873 4028 pecca-

169 4094 177 4103 ,
265 4041 346 4097 tis
371 4040 733 4111 impegimus,
762 4042 1040 4096 atrociora
1070 4050 1203 4097 sunt
1223 4050 1279 4097 et
1306 4044 1743 4101 irremediabilia
1755 4049 1874 4118 jam

266 4147 337 4185 ex
366 4145 541 4184 causa
580 4130 811 4201 peccati,
846 4132 1305 4202 quam'quotidie
1354 4134 1725 4199 admittimus,
1773 4152 1875 4190 nec

264 4226 466 4274 tamen
520 4217 599 4272 sic
660 4224 761 4273 aut
818 4218 1110 4281 sentimus,
1170 4228 1269 4275 aut
1339 4222 1409 4275 ad
1466 4224 1873 4294 percutientem

266 4324 375 4362 nos
402 4308 583 4362 Deum
615 4307 797 4361 redire
826 4324 1121 4364 conamur.
1153 4309 1259 4363 Sed
1280 4310 1457 4364 eﬂ‘usa
1476 4313 1759 4367 contentio
1789 4330 1878 4367 su-

267 4413 374 4468 per
390 4395 692 4468 principes,
717 4413 820 4450 nos
849 4413 1043 4451 omnes
1073 4414 1262 4451 errare
1285 4398 1414 4452 fecit
1435 4400 1490 4453 in
1514 4401 1661 4454 invio
1688 4407 1742 4455 et
1765 4419 1877 4457 non

1963 3233 2203 3299 virginis
2242 3232 2409 3293 Juda,
2442 3230 2549 3283 nisi
2580 3228 2726 3299 quod
2769 3226 2857 3283 hic
2883 3226 3104 3282 addidit
3128 3230 3192 3279 in
3220 3225 3415 3293 furore
3440 3236 3559 3275 suo.

1964 3320 2073 3375 Sed
2095 3320 2444 3373 tantumdem
2467 3324 2571 3375 est.
2588 3335 2713 3372 cum
2734 3318 2832 3379 ait,
2856 3316 2989 3388 quia
3008 3318 3187 3384 factus
3203 3317 3278 3367 est
3301 3314 3352 3366 ei
3369 3312 3566 3366 inimi-

1964 3426 2075 3472 cus,
2106 3421 2163 3462 et
2191 3408 2398 3461 muenia
2427 3414 2659 3478 propter
2685 3407 2938 3478 speciosa
2968 3403 3233 3469 civitatis,
3266 3405 3446 3456 metro
3479 3399 3563 3453 al-

1962 3498 2098 3552 lusit
2123 3514 2134 3548 :
2167 3513 2277 3550 non
2307 3502 2373 3551 ut
2399 3497 2511 3550 alia
2535 3502 2723 3551 essent
2743 3512 2865 3567 quae
2885 3495 3073 3556 deﬂet,
3097 3492 3195 3547 sed
3220 3496 3285 3546 ut
3309 3494 3563 3545 retexen-

1963 3588 2034 3642 do
2063 3587 2305 3657 amplius
2333 3603 2393 3640 se
2422 3587 2493 3641 ad
2522 3587 2801 3659 lacrymas
2830 3588 3175 3657 provocaret.

2027 3676 2148 3740 Qua
2174 3676 2243 3728 de
2268 3691 2437 3729 causa
2457 3675 2515 3729 in
2530 3675 2635 3729 hoc
2655 3674 2848 3729 eodem
2871 3688 3058 3744 opere,
3083 3669 3319 3742 quisque
3336 3666 3561 3721 intrasti

1961 3764 2029 3818 ad
2061 3782 2129 3819 ea
2157 3781 2280 3836 quae
2321 3765 2682 3835 planguntur,
2716 3762 2895 3832 magis
2941 3760 3253 3830 magisque,
3285 3754 3563 3810 charitate

1961 3854 2213 3909 devotus.
2247 3854 2521 3924 lacrymas
2549 3851 2718 3905 debes
2745 3850 3050 3921 requirere,
3083 3853 3141 3902 et
3186 3846 3257 3900 ad
3315 3845 3558 3915 singula,

1962 3943 2096 4014 quid
2129 3942 2356 4003 deﬂeas,
2408 3958 2521 3995 una
2558 3956 2685 3994 cum
2745 3939 3018 4010 propheta
3075 3941 3344 3998 retexere,
3389 3948 3562 4003 quam

1960 4032 2107 4104 quod
2155 4031 2406 4086 fastidias
2458 4029 2751 4084 invenire:
2786 4044 2857 4081 ne
2884 4027 3048 4091 forte,
3101 4022 3235 4094 quia
3286 4019 3561 4075 Dominus

1959 4123 2109 4177 Deus
2142 4121 2482 4177 exercituum
2508 4136 2608 4173 nos
2624 4123 2787 4172 vocat
2814 4132 2917 4188 per
2936 4113 3141 4170 lsaiam
3166 4111 3226 4166 in
3253 4109 3344 4165 die
3361 4107 3563 4163 discri-

1959 4210 2128 4264 minis
2156 4211 2223 4265 ad
2266 4211 2479 4271 ﬂetum,
2516 4208 2586 4261 ad
2639 4207 2946 4279 planctum.
2981 4207 3040 4257 et
3068 4199 3377 4257 calvitium.
3406 4201 3464 4251 et
3490 4194 3562 4251 ad

1959 4299 2246 4370 cingulum
2296 4297 2441 4353 sacci
2473 4299 2600 4365 (Isa.
2634 4310 2764 4354 xxm
2798 4312 2829 4350 e
2859 4292 3141 4349 contrario
3172 4305 3274 4344 nos
3320 4286 3392 4342 ad
3418 4300 3565 4356 gau-

1960 4396 2114 4450 dium
2147 4402 2203 4450 et
2246 4395 2500 4450 laetitiam
2560 4409 2762 4447 vanam
2802 4392 3107 4461 erigamur,
3141 4385 3433 4441 comedere
3462 4399 3564 4439 seu

269 4485 330 4539 in
350 4485 462 4538 via.
484 4487 571 4539 An
589 4501 700 4540 non
726 4487 938 4556 putatis
962 4486 1109 4557 quod
1131 4487 1247 4541 haec
1282 4488 1341 4541 in
1361 4489 1558 4559 spiritu
1588 4491 1873 4561 propheta.1
1891 4482 1938 4540 D
1957 4485 2146 4539 bibere
2176 4485 2337 4556 quasi
2367 4502 2490 4539 cras
2521 4482 2779 4537 morituri
2806 4496 2818 4531 :
2851 4487 2916 4535 ut
2945 4479 3207 4547 deinceps
3239 4473 3379 4528 nihil
3403 4489 3564 4544 θΧΡθ·

269 4580 590 4639 cernerent,
617 4574 710 4645 qui
733 4580 933 4628 cuncta
960 4575 1021 4628 in
1043 4592 1108 4629 eo
1126 4575 1388 4630 videbant
1416 4594 1538 4648 quae
1567 4579 1873 4650 loqueban-

269 4668 386 4729 tur,
419 4663 479 4716 in
507 4680 618 4734 quo
663 4669 797 4717 sunt
836 4679 898 4717 ea
941 4680 1064 4734 quae
1107 4665 1346 4719 necdum
1394 4673 1542 4729 sunt,
1582 4673 1645 4721 ut
1688 4669 1875 4724 tutura

270 4758 411 4806 sunt
435 4768 558 4823 quae
584 4752 791 4806 nostris
814 4752 1080 4806 accidisse
1110 4754 1454 4824 temporibus
1483 4756 1878 4827 deploramus?

270 4841 644 4912 Nequaquam
667 4841 842 4912 igitur
855 4841 1088 4896 dixerim
1119 4860 1131 4894 :
1162 4842 1427 4897 Videntes
1456 4861 1550 4899 eos
1571 4847 1901 4920 appellatos_

273 4930 524 4993 aliunde,
558 4930 667 4984 nisi
697 4931 831 5001 quia
859 4931 1102 5002 plurima
1131 4931 1296 5001 longe
1334 4938 1460 5004 post
1506 4935 1882 5004 praevidebant

270 5018 332 5073 in
376 5019 601 5090 spiritu.
644 5020 803 5074 Unde
838 5019 1105 5073 continuo
1135 5020 1296 5090 quasi
1334 5022 1405 5074 de
1434 5022 1594 5077 nobis
1623 5024 1832 5079 diceret
1864 5043 1875 5079 :

271 5108 340 5163 Et
369 5110 583 5175 effudit,
606 5108 812 5180 inquit.
835 5112 997 5177 quasi
1036 5112 1218 5176 ignem
1240 5112 1685 5179 indignationem
1717 5131 1878 5168 suam

274 5196 326 5264 (1
346 5197 472 5265 Reg.
496 5199 602 5261 1x).
644 5197 851 5251 Effudit
882 5212 1019 5266 ergo
1047 5197 1205 5267 quasi
1226 5197 1411 5267 ignem
1434 5200 1877 5272 indignationem

273 5300 458 5342 suam.
487 5284 586 5345 ita,
612 5290 675 5337 ut
695 5284 882 5337 videas
913 5283 1102 5336 omnia
1126 5285 1457 5356 conﬂagrari
1472 5287 1877 5344 discordiarum

271 5372 570 5436 incendiis,
592 5380 649 5427 et
667 5371 1248 5443 concupiscentiarum
1268 5375 1509 5429 ﬂammis
1536 5379 1776 5432 cremari
1823 5384 1880 5433 et

268 5476 634 5534 nequaquam
686 5479 826 5533 opus
862 5462 941 5516 sic
969 5461 1175 5515 deﬂere
1207 5479 1274 5516 ea
1312 5464 1443 5518 olim
1475 5482 1597 5536 quae
1626 5468 1878 5539 contige-

275 5556 424 5612 rant,
458 5566 589 5605 cum
618 5557 676 5605 et
704 5551 811 5623 ipsi
840 5567 987 5606 nunc
1018 5550 1342 5606 scelestiora
1385 5556 1789 5611 committimus
1818 5558 1878 5612 in

276 5640 541 5707 ecclesiis,
576 5646 636 5697 et
652 5640 909 5713 graviora
935 5655 1252 5712 peccamus.
1277 5641 1566 5716 Siquidem
1587 5647 1880 5703 moraliter

1956 4575 2097 4629 riam
2107 4591 2173 4629 ur
2187 4574 2316 4629 boni
2331 4573 2651 4639 malive,sed
2666 4570 3043 4642 quasilanugo
3056 4561 3564 4636 impraesentiarum

1958 4681 2152 4719 sumus
2174 4660 2864 4732 auferenditSap.v).Unde
2881 4664 2938 4712 et
2958 4657 3221 4711 Salomon
3241 4671 3252 4705 :
3272 4654 3469 4707 Metius
3489 4655 3564 4705 est

1962 4756 2063 4814 ire,
2092 4752 2294 4824 inquit,
2328 4754 2401 4806 ad
2421 4754 2649 4805 domum
2670 4754 2869 4813 luctus,
2902 4762 3070 4816 quam
3098 4746 3172 4798 ad
3189 4745 3415 4797 domum
3435 4756 3565 4796 con-

1960 4846 2131 4905 viviii
2140 4845 2304 4896 Eccte.
2328 4842 2443 4909 vn).
2468 4841 2775 4910 PrOpterea
2791 4843 2848 4892 et
2865 4853 2967 4890 nos
2989 4834 3119 4906 quia
3138 4832 3473 4888 intravimus
3494 4830 3566 4885 ad

1964 4934 2130 5004 hujus
2145 4932 2329 5003 operis
2340 4924 2600 4983 instituta
2612 4927 2869 4982 Ecclesia;
2882 4923 3394 4988 ﬂentes,videamus
3406 4920 3567 4993 spiri-

1962 5023 2194 5079 tualiter
2214 5021 2347 5093 quid
2371 5018 2638 5074 acciderit
2658 5018 2836 5085 (Cant.
2861 5019 2947 5084 11).
2970 5016 3114 5081 Quia
3129 5015 3349 5087 quoties
3360 5025 3566 5082 sponsa

1963 5110 2023 5168 et
2040 5111 2218 5167 amica
2240 5127 2362 5181 quae
2382 5113 2735 5172 vocatur,seu
2749 5106 3001 5177 speciosa
3021 5099 3566 5176 atqueimmaculata

1961 5219 2021 5257 se
2045 5200 2310 5256 averterit
2333 5199 2403 5253 ab
2427 5196 2774 5269 amplexibus
2798 5197 2938 5252 casti
2961 5195 3186 5258 amoris,
3218 5190 3559 5256 inimicitias,

1960 5296 2157 5345 contra
2177 5291 2301 5360 ejus
2330 5288 2547 5359 agendo“
2584 5291 2880 5358 praecepta,
2911 5285 3017 5341 sibi
3056 5280 3357 5347 contrahit,
3389 5280 3565 5352 ﬁtque

1961 5396 2198 5452 sponsus
2228 5380 2349 5449 ejus
2392 5377 2551 5448 quasi
2583 5376 2864 5431 inimicus.
2914 5376 2983 5429 Et
3015 5373 3161 5426 mira
3201 5376 3444 5438 I315
3479 5369 3566 5425 di-

1961 5467 2321 5541 epensatione
2351 5472 2630 5537 temperat
2681 5464 3018 5522 sententiam
3070 5460 3403 5525 severitatis,
3433 5460 3567 5516 dum

1960 5556 2126 5629 quasi
2156 5562 2213 5610 et
2238 5573 2348 5611 non
2377 5572 2444 5609 ex
2472 5562 2591 5610 toto
2622 5554 2883 5611 inimicus
2911 5552 3118 5607 dicitur
3150 5566 3163 5601 :
3198 5551 3329 5624 quia
3361 5549 3465 5605 etsi
3493 5548 3568 5603 vi-

1961 5648 2164 5703 deatur
2183 5661 2309 5702 eam
2326 5646 2585 5703 deserere
2609 5646 2669 5702 in
2691 5642 2949 5702 manibus
2962 5641 3230 5710 hostium,
3247 5645 3305 5697 et
3317 5638 3569 5711 afﬂigere
