3960 6168
467 332 606 390 1115

1258 321 1316 376 S.
1359 316 1740 376 PASCHASII
1779 315 2143 376 RADBERTI
2180 315 2484 376 ABBATIS
2522 310 3019 374 CORBEIENSIS.

3547 317 3661 373 1116

460 458 779 532 aliquoties.
797 459 1112 515 intentum.
1129 454 1194 508 ut
1219 447 1442 521 penitus
1461 443 1732 499 destituta
1748 443 2010 500 credatur
2040 447 2116 508 :A
2141 445 2365 501 nefandi
2388 458 2607 506 sensus,
2625 444 2691 497 ut
2719 455 2784 495 ex
2804 443 3046 532 utroque
3067 437 3216 494 intus
3237 437 3666 498 forisveoontume-

458 527 574 605 non
620 549 689 604 de
735 547 1068 604 crudelitate
1098 537 1520 596 inimicitiarum
1550 535 1691 590 forte
1719 536 1889 601 venit,
1923 535 1969 590 si
2001 553 2059 590 se
2141 535 2231 590 liis
2263 539 2554 606 augeatur,
2572 532 2748 586 donec
2767 527 3090 584 confusione
3109 527 3300 582 induta
3324 528 3453 583 forte
3470 547 3670 585 reverea-

462 639 692 695 demuin
753 635 1108 695 converterit,
1157 629 1253 684 sed
1309 626 1378 680 de
1422 625 1771 696 providentia
1816 625 2057 696 pietatis,
2143 631 2237 681 tur
2263 630 2320 680 et
2347 627 2706 680 convertatur
2732 620 2804 674 ad
2841 619 3248 691 paenitentiam.
3280 619 3558 689 Sequitur:

464 730 665 785 saltem
697 728 857 782 malis
887 737 1168 798 perpessa,
1191 722 1256 774 ut
1277 716 1348 771 ad
1376 732 1502 770 eum
1535 715 1818 785 ﬂagellata
1845 714 2057 770 redeat.

462 818 573 875 Sed
587 811 1066 885 notandum,quod
1081 809 1322 882 primum
1339 805 1650 878 praecipitat
1659 805 1830 860 Israel
1844 805 2067 876 quando

464 907 801 962 munditiam
845 903 1027 959 cordis
1058 899 1260 964 aufert,
1293 913 1364 951 ne
1393 895 1582 950 divina
1611 895 1789 967 possit
1828 894 2015 948 videre
2050 915 2061 948 :

464 1001 587 1052 tum
618 995 818 1050 deinde
863 987 1246 1065 praecipitavit,
1281 986 1485 1058 inquit,
1535 990 1592 1039 et
1629 984 1817 1038 omnia
1858 984 2064 1038 moenia

465 1086 604 1154 ejus.
638 1083 821 1138 Habet
862 1082 1036 1152 igitur
1086 1077 1399 1134 Jerusalem
1445 1079 1637 1129 nostra
1683 1091 1785 1128 sua
1838 1073 2061 1139 moenia,

466 1189 589 1245 quae
645 1173 714 1227 ad
749 1170 1222 1244 pulchritudinem
1251 1171 1309 1222 et
1359 1165 1614 1219 decorem
1663 1163 1946 1234 pertinent
1971 1179 2068 1218 no-

465 1266 596 1316 strae
640 1261 947 1332 religionis.
996 1258 1180 1314 Habet
1217 1261 1274 1310 et
1320 1254 1660 1309 munitiones
1706 1253 1908 1324 quibus
1949 1269 2068 1306 mu-

465 1349 658 1406 niatur
683 1349 877 1405 civitas
932 1365 1003 1404 ne
1055 1349 1407 1417 irrumpatur
1452 1343 1522 1398 ab
1574 1342 1844 1397 hostibus.
1886 1340 2070 1398 Habet

469 1438 696 1510 quidem
757 1439 1020 1505 honesta,
1071 1435 1242 1491 habet
1313 1439 1371 1488 et
1421 1433 1755 1499 inhonesta;
1797 1433 1889 1486 sed
1951 1448 2070 1500 quae

470 1529 759 1583 inhonesta
814 1533 966 1592 sunt,
1025 1525 1211 1597 inquit
1269 1523 1589 1595 Apostolus,
1651 1526 1841 1575 nostra
1895 1522 2071 1575 abun-

469 1618 724 1672 dantiori
764 1617 1178 1672 circumdamus
1222 1615 1494 1667 honestate
1523 1614 1577 1674 (Ι
1623 1613 1744 1667 Cor.
1777 1617 1894 1666 xm.
1928 1609 2073 1674 Quia

471 1709 607 1762 sunt
630 1705 688 1760 in
711 1703 954 1760 Ecclesia
967 1703 1334 1774 simpliciores
1363 1706 1420 1755 et
1442 1705 1636 1754 sancta
1655 1698 2072 1754 conversatione

2875 773 3005 814 VAU.

2219 912 2284 966 Et
2311 911 2598 980 dissipavit
2612 908 2772 977 quasi
2785 905 3009 959 hortum
3031 905 3332 958 tentorium
3357 919 3525 969 suum,
3543 906 3679 960 demo-

2149 1003 2282 1054 litus
2302 1005 2374 1053 est
2406 995 2833 1052 tabernaculum
2860 1009 3047 1046 suum.
3083 993 3356 1048 Oblivioni
3383 994 3589 1046 tradidit
3607 995 3682 1047 Do-

2150 1091 2338 1143 minus
2361 1091 2423 1140 in
2449 1085 2584 1140 Sion
2603 1086 2954 1153 festivitatem
2973 1086 3022 1135 et
3052 1081 3372 1146 Sabbatum,
3391 1086 3434 1134 et
3449 1083 3682 1150 opprobrio

2149 1181 2214 1233 in
2262 1177 2649 1244 indignatione
2696 1172 2911 1240 furoris
2939 1172 3048 1232 sui,
3080 1185 3263 1236 regem
3306 1175 3355 1223 et
3389 1170 3681 1223 sacerdotem.

2150 1265 2257 1320 Ubi
2276 1265 2518 1337 primum
2537 1260 2784 1318 notanda
2798 1265 2883 1314 est
2900 1262 3184 1312 structura
3204 1257 3506 1324 verborum,
3519 1263 3685 1328 quanto

2149 1355 2446 1428 splendore
2461 1354 2518 1408 in
2548 1351 2784 1407 Hebraeo
2814 1346 3074 1414 reniteat,
3105 1364 3230 1418 quae
3258 1347 3520 1402 translata
3540 1347 3590 1400 in
3609 1362 3688 1400 no-

2151 1450 2268 1500 stra
2287 1461 2387 1516 per
2414 1441 2689 1515 principia
2705 1451 2988 1502 versuum,
3003 1441 3119 1491 tam
3138 1436 3396 1490 diﬁ‘usam
3419 1450 3688 1491 sermonum

2153 1532 2491 1605 elegantiam
2520 1529 2707 1584 habet.
2741 1529 2885 1584 Nam
2925 1533 3225 1600 postquam
3255 1525 3398 1578 luxit
3432 1543 3442 1577 :
3475 1526 3690 1592 Quomodo

2153 1625 2353 1678 obtexit
2385 1623 2654 1677 Dominus
2691 1621 2929 1687 caligine
2958 1618 3143 1688 ﬁliam
3171 1615 3311 1672 Sion
3343 1631 3354 1667 :
3388 1614 3465 1668 sic
3486 1611 3692 1683 deinceps
3762 1642 3770 1651 -

2157 1730 2256 1786 per
2295 1711 2514 1782 singula
2543 1708 2894 1764 concinentia
2920 1706 3204 1778 gradatim
3225 1702 3393 1758 verba
3420 1703 3628 1760 deﬂevit.
3649 1706 3694 1754 ut

470 1794 594 1858 viri,
627 1799 758 1848 sunt
789 1799 846 1848 et
874 1765 1314 1847 rustica-vilitate
1339 1790 1598 1853 contecti,
1631 1793 1821 1842 tamen
1849 1789 2074 1858 utrique
2091 1765 2138 1826 Β
2157 1765 2433 1874 Ξδξείξεᾟ
2477 1798 2666 1854 omnia
2693 1765 2979 1867 quomoda
3011 1812 3136 1867 qua
3164 1810 3282 1849 ηοη
3309 1792 3488 1848 minus
3512 1791 3696 1846 intem.

472 1882 635 1936 valde
666 1881 984 1946 necessarii,
1019 1881 1114 1952 qui
1145 1895 1341 1934 omnes
1361 1878 1467 1932 etsi
1493 1877 1788 1931 videantur
1811 1876 1867 1932 in
1899 1876 2076 1931 muris

472 1970 732 2024 Ecclesiae
762 1969 1070 2025 honestiori
1100 1969 1214 2023 vita
1238 1965 1590 2026 coaediﬁcari,
1622 1983 1726 2021 nec
1750 1967 1938 2021 valent
1966 1967 2075 2020 fide

472 2059 559 2114 vel
575 2058 832 2113 doctrina
851 2075 973 2114 eam
993 2058 1234 2113 munire.
1257 2055 1416 2112 Unde
1436 2055 1760 2127 frequenter
1782 2055 2068 2120 Dominus,

477 2148 926 2204 excrescentibus
950 2148 1132 2213 malis,
1165 2145 1512 2219 praecipitare
1531 2145 1748 2216 aliquos
1777 2145 2071 2216 permittit,

477 2237 574 2309 qui
603 2237 940 2295 videbantur
979 2241 1373 2292 ornamentum
1422 2251 1542 2290 esse
1585 2235 1860 2298 Ecclesia,
1892 2240 1992 2290 aut
2017 2234 2076 2289 in

473 2325 732 2384 heresim
763 2332 863 2381 aut
889 2326 946 2381 in
974 2325 1164 2397 aliqua
1188 2325 1312 2379 vitae
1346 2323 1576 2395 flagitia.
1607 2323 1717 2378 Sed
1740 2329 1799 2378 et
1816 2323 2082 2380 munitio-

475 2430 578 2472 nes
593 2415 716 2486 ejus
737 2432 905 2486 quam
927 2432 1074 2487 saepe
1101 2414 1356 2485 dissipat,
1379 2430 1506 2469 cum
1528 2429 1625 2468 eos
1645 2413 1741 2484 qui
1756 2411 2080 2468 defensores

477 2518 600 2557 esse
637 2503 925 2568 deberent,
977 2519 1168 2559 errare
1195 2502 1348 2567 sinit,
1381 2507 1438 2556 et
1484 2501 1670 2572 pravis
1717 2500 1833 2555 suis
1863 2499 2080 2555 actibus

477 2590 756 2662 dissipari.
785 2591 998 2646 Deinde
1020 2592 1196 2662 replet
1219 2607 1285 2645 ex
1310 2596 1549 2662 utroque
1569 2607 1724 2655 sexu,
1746 2589 1802 2643 id
1833 2594 1919 2643 est
1943 2589 2081 2642 mul-

475 2680 694 2751 tiplicat
716 2680 1075 2736 humiliatum
1106 2687 1159 2735 et
1190 2680 1546 2734 humiliatam
1579 2697 1590 2732 :
1627 2679 1850 2751 quando
1882 2677 2077 2732 fraude

478 2768 796 2826 daemonum
825 2771 883 2825 in
914 2769 1156 2825 Ecclesia
1187 2769 1458 2840 plurimos
1486 2767 2079 2840 constupraridelicto-

477 2874 604 2913 rum
635 2859 896 2930 operibus
918 2858 1212 2930 permittit.
1248 2859 1422 2912 Porro
1451 2858 1741 2912 moraliter
1769 2857 1960 2911 anima
1986 2857 2082 2910 ha-

479 2945 576 3002 bet
602 2965 705 3004 sua
727 2949 994 3002 virtutum
1019 2947 1225 3002 muenia
1243 2967 1255 3013 ;
1275 2947 1406 3017 quia
1433 2947 1581 3001 sicut
1599 2952 1731 3000 sunt
1752 2946 1809 2999 in
1828 2945 2076 3011 urbibus,

479 3053 582 3108 pro
620 3042 951 3091 ornamento
990 3036 1226 3100 decoris,
1260 3037 1532 3090 nonnulla
1578 3052 1700 3106 quae
1749 3036 1954 3090 moenia
1993 3053 2083 3090 vo-

2154 1891 2341 1963 gantis
2366 1895 2451 1945 est
2472 1887 2766 1960 particula,
2788 1902 2958 1958 quam
2993 1891 3050 1940 et
3076 1883 3326 1938 dolentis
3349 1887 3405 1936 et
3423 1879 3696 1936 admirantis

2156 1979 2494 2052 coaptari,ut
2512 1978 2732 2032 dicatur
2751 1994 2762 2030 :
2784 1977 3054 2044 Quomodo
3074 1975 3308 2042 projecit
3320 2016 3332 2034 ,
3349 1971 3589 2040 quomodo
3599 1983 3699 2037 pra-

2157 2070 2425 2137 cipitavit,
2449 2069 2747 2134 destruxit,
2787 2065 2994 2133 dejecit.
3048 2064 3278 2132 polluit,
3326 2065 3386 2114 et
3408 2068 3587 2115 cetera
3610 2071 3699 2128 qua

2157 2156 2439 2212 dicuntur.
2459 2153 2549 2209 Sic
2564 2153 2754 2224 itaque
2779 2149 2995 2222 plangit
3017 2148 3188 2203 simul
3209 2153 3270 2202 et
3294 2147 3445 2202 dolet
3465 2144 3640 2206 omnia,
3656 2148 3702 2198 ut

2158 2261 2448 2316 nunquam
2477 2243 2734 2298 videatur
2761 2247 2956 2311 stupor
2985 2244 3043 2294 et
3067 2237 3374 2293 admiratio
3402 2235 3483 2291 vel
3507 2233 3700 2305 gemitus

2161 2333 2469 2395 immutari,
2491 2332 2626 2386 dum
2654 2330 2723 2386 ad
2754 2328 2979 2399 singula
2997 2344 3059 2382 se
3077 2325 3373 2382 distendit.
3397 2323 3531 2379 Hinc
3546 2320 3702 2393 quippe

2163 2423 2321 2496 quasi
2341 2423 2562 2477 dicatur
2584 2439 2596 2474 :
2621 2420 2892 2488 Quomodo
2915 2419 3186 2485 dissipavi
3190 2421 3209 2470 t
3227 2415 3393 2484 quasi
3407 2413 3606 2468 hortum
3624 2415 3704 2462 ten-

2165 2516 2371 2567 torium
2396 2527 2586 2574 suum,
2617 2510 2699 2563 vel
2722 2508 2992 2576 Quomodo
3017 2506 3318 2559 demolitus
3345 2508 3419 2557 est
3442 2501 3705 2555 tabernacu-

2163 2606 2282 2657 lum
2308 2617 2494 2662 suum,
2521 2600 2608 2653 vel
2651 2603 2852 2653 caetera
2880 2593 3208 2665 hujusmodi
3248 2609 3372 2664 quae
3402 2591 3705 2662 planguntur.

2159 2689 2293 2753 Quae
2332 2687 2598 2742 nimirum
2636 2686 2827 2740 omnia
2875 2689 3106 2755 propter
3151 2686 3386 2754 peccata
3411 2678 3709 2747 contigerunt

2161 2777 2568 2839 Israelitarum,
2603 2774 2750 2846 quod
2794 2772 3066 2828 Dominus
3117 2769 3417 2842 dissipavit
3458 2764 3710 2823 tentorium

2162 2884 2328 2922 suum
2351 2865 2510 2938 quasi
2539 2866 2764 2919 hortum
2797 2867 2856 2917 et
2877 2861 3314 2916 tabernaculum
3335 2856 3610 2914 demolitus
3631 2859 3706 2914 est

2163 2956 2297 3027 quia
2345 2953 2596 3008 hostibus
2637 2949 2896 3006 demoliri
2939 2949 3219 3020 permisit.
3268 2947 3378 3002 Sed
3403 2943 3612 3000 tentorii
3634 2956 3710 2996 no-

2163 3044 2314 3099 mine
2338 3047 2395 3098 et
2411 3041 2778 3104 tabernaculi,
2803 3038 3057 3110 quamvis
3085 3053 3268 3093 unum
3289 3036 3534 3092 videatur
3551 3029 3713 3086 sentire

477 3129 698 3189 cantur,
750 3130 806 3178 et
855 3124 1198 3179 munitiones
1236 3125 1293 3178 in
1335 3125 1676 3187 defensione,
1710 3124 1911 3195 quibus
1950 3125 2142 3185 civi-C
2167 3133 2302 3206 quia
2342 3129 2707 3187 tabernacula
2733 3129 2864 3183 inde
2890 3127 3153 3182 videntur
3180 3125 3335 3180 dicta
3364 3122 3506 3195 quod
3532 3117 3712 3175 cortina

479 3216 569 3268 tas
588 3217 817 3267 tueatur
853 3230 864 3264 :
896 3213 977 3266 ita
1003 3221 1136 3268 sunt
1163 3214 1311 3268 dona
1356 3213 1468 3268 alia
1515 3229 1637 3284 quae
1667 3231 1768 3268 nos
1799 3213 2077 3282 muniunt,

481 3301 591 3358 alia
612 3317 737 3372 quae
757 3308 961 3357 ornant
981 3303 1228 3358 animam
1256 3303 1422 3358 simul
1445 3308 1502 3356 et
1532 3303 1926 3368 Ecclesiam,ut
1947 3309 2083 3374 puta

482 3390 788 3462 prophetiae
805 3391 972 3459 dona,
983 3409 1193 3463 genera
1207 3392 1946 3464 linguarum,interpretatio
1969 3409 2083 3447 ser-

482 3495 735 3546 monum,
787 3481 1140 3536 curationum
1185 3498 1414 3553 genera.
1455 3482 1588 3546 Quae
1619 3481 1889 3537 nimirum
1923 3482 2083 3553 quasi

484 3568 740 3639 quaedam
775 3570 978 3625 maenia
1005 3571 1210 3626 mentis
1235 3576 1386 3635 sunt,
1419 3571 1526 3625 etsi
1576 3571 1813 3642 quisque
1843 3587 1954 3626 non
1983 3572 2084 3626 ha-

481 3655 632 3725 beat,
677 3664 827 3714 stare
854 3675 957 3730 per
984 3659 1149 3713 ﬁdem
1181 3664 1238 3714 et
1261 3659 1537 3729 justitiam
1568 3664 1752 3731 potest
1785 3678 1796 3713 :
1831 3660 2084 3731 quamvis

481 3753 718 3804 ornatus
745 3749 1045 3805 altitudine
1071 3749 1349 3804 donorum
1387 3754 1443 3803 et
1471 3748 1792 3814 virtutibus,
1818 3749 1940 3804 sine
1969 3749 2088 3821 qui-

483 3836 588 3894 bus
617 3838 819 3893 salvari
848 3839 1013 3905 valet,
1047 3839 1282 3894 minime
1307 3855 1431 3894 esse
1455 3838 1728 3894 videatur.
1756 3840 1901 3894 Nam
1924 3839 2080 3903 ﬁdes,

483 3945 610 4000 spes
653 3935 823 4000 atque
851 3929 1095 3985 charitas
1123 3947 1236 3986 non
1280 3936 1476 3985 nostra
1505 3929 1730 3996 moenia,
1762 3929 1860 3983 sed
1901 3929 2082 3984 muni-

483 4017 666 4075 tiones
683 4025 833 4084 sunt,
868 4036 991 4090 quae
1020 4019 1067 4074 si
1099 4018 1304 4075 habere
1334 4020 1692 4091 negligimus.
1719 4019 1966 4074 hostium
1995 4019 2084 4074 in-

481 4106 640 4162 sidiis
670 4124 950 4178 paremus.
968 4109 1050 4163 De
1077 4109 1269 4165 Judzea
1287 4124 1439 4175 vero,
1464 4109 1596 4180 quia
1624 4108 1977 4181 prophetiam
2003 4115 2086 4163 at-

486 4211 596 4266 que
633 4196 945 4252 doctrinam
973 4198 1060 4251 vel
1090 4198 1486 4254 miraculorum
1519 4199 1680 4269 signa
1709 4197 1944 4253 abstulit
1971 4198 2085 4252 Do-

485 4283 696 4348 minus,
730 4285 936 4340 mmnia
988 4286 1109 4354 ejus
1163 4287 1575 4358 praecipitavit:
1625 4288 1757 4359 quia
1810 4287 1999 4352 fidem,
2032 4293 2088 4341 et

487 4388 663 4443 spem,
691 4377 861 4445 atque
880 4374 1234 4440 charitatem,
1269 4382 1306 4440 |
1322 4380 1513 4442 ago
1532 4383 1760 4447 propter
1788 4377 1908 4446 ejus
1930 4374 2086 4429 duri-

2176 3229 2213 3288 |
2229 3227 2348 3288 θα
2363 3227 2409 3286 τ
2433 3219 2658 3274 funibus
2673 3218 2950 3282 distentae,
2975 3215 3187 3271 tabulis
3219 3210 3626 3268 interstantibus
3647 3223 3717 3276 ap-

2165 3310 2562 3382 penderentur,
2598 3324 2720 3378 quae
2750 3304 2994 3360 tentoria
3041 3304 3396 3359 sustinerent
3427 3319 3438 3354 :
3477 3306 3642 3354 tamen
3676 3294 3718 3347 in

2165 3398 2408 3454 tentorio
2450 3396 2893 3460 tabernaculum,
2927 3393 3072 3465 quod
3111 3394 3342 3464 Moyses
3370 3389 3537 3445 erexit
3572 3386 3622 3440 in
3643 3383 3717 3436 de—

2163 3494 2334 3553 serto,
2368 3502 2667 3558 possumus
2712 3485 2984 3556 accipere,
3017 3489 3075 3537 et
3119 3482 3178 3535 in
3211 3477 3568 3536 tabernaculo
3604 3479 3716 3527 tem-

2164 3578 2344 3650 plum,
2370 3576 2514 3647 quod
2546 3575 2809 3630 Salomon
2846 3573 3074 3627 demum
3103 3569 3423 3627 aediﬁcavit.
3455 3567 3577 3632 Quae

2167 3649 2277 3738 que
2303 3671 2532 3737 propter
2560 3664 2771 3719 scelera
2789 3661 3109 3717 Judaeorum
3135 3661 3416 3715 Dominus
3433 3658 3490 3712 in
3510 3649 3717 3708 manibus

2167 3755 2523 3811 inimicorum
2553 3753 2874 3824 dissipanda
2901 3757 2959 3806 et
2984 3750 3349 3806 demolienda
3375 3745 3610 3802 tradidit.
3631 3738 3719 3794 Pri-

2169 3861 2324 3900 mum
2352 3844 2580 3915 quidem
2609 3842 2817 3913 repulit
2840 3839 3272 3896 tabernaculum
3289 3839 3425 3904 Silo,
3445 3834 3718 3891 tabernacu-

2169 3935 2285 3990 lum
2309 3950 2472 3989 suum
2490 3933 2586 3987 ubi
2602 3931 2876 3986 habitavit
2891 3930 3040 3985 inter
3061 3928 3324 3984 homines
3343 3928 3504 3994 (Psal.
3529 3917 3710 3985 cum).

2166 4023 2379 4079 Deinde
2407 4022 2552 4076 sicut
2570 4021 2690 4092 ipse
2717 4036 2816 4092 per
2836 4019 3166 4090 prophetam
3188 4017 3274 4071 ait
3299 4034 3310 4068 :
3335 4017 3544 4070 Faciam
3565 4006 3718 4064 domui

2165 4114 2296 4166 huic
2327 4113 2522 4178 tempto
2550 4112 2752 4164 scilicet
2781 4107 3113 4170 Salomonis,
3137 4109 3202 4160 in
3228 4122 3337 4175 quo
3358 4105 3643 4158 inrocatum
3661 4100 3716 4149 est

2169 4216 2371 4256 nomen
2401 4215 2604 4263 meum,
2638 4203 2685 4252 et
2716 4201 2778 4251 in
2807 4213 2920 4265 qua
2957 4212 3045 4250 vos
3074 4195 3284 4248 habetis
3315 4193 3585 4261 ﬁduciam.
3611 4184 3719 4238 sicut

2168 4293 2273 4359 feci
2293 4290 2410 4345 Silo
2434 4307 2446 4342 :
2472 4292 2521 4341 et
2541 4289 2834 4356 proﬁciam
2853 4301 2942 4339 vos
2961 4286 3102 4339 sicut
3121 4285 3332 4352 projeci
3349 4283 3614 4335 universos
3629 4274 3719 4339 fra-

2171 4382 2276 4432 tres
2296 4381 2493 4431 cestros
2513 4391 2693 4429 semen
2723 4376 2989 4443 Ephraim
3013 4375 3150 4439 (Jer.
3176 4375 3291 4436 vn).
3308 4370 3570 4424 Caeterum
3588 4361 3720 4431 juxta

488 4460 624 4518 tiam
648 4463 859 4520 auferri
877 4463 1151 4536 permisit.
1177 4463 1518 4519 Munitiones
1535 4445 1656 4534 ejus
1683 4445 1955 4536 dissipare
1975 4474 2088 4519 stu-
2103 4455 2153 4513 D
2170 4481 2465 4536 anagogen
2485 4464 2646 4518 valde
2676 4460 3077 4534 plangendum,
3102 4458 3252 4531 quod
3272 4457 3478 4512 multos
3501 4453 3552 4507 in
3573 4445 3720 4505 Eccle-

486 4551 628 4608 duit.
660 4553 767 4609 Ubi
786 4553 1057 4610 nimirum
1087 4558 1272 4608 rectus
1303 4553 1439 4608 ordo
1468 4557 1724 4607 servatur
1754 4553 1929 4624 :jquia
1963 4570 2090 4608 cum

485 4644 765 4715 peccatrix
791 4643 984 4699 anima
1030 4643 1385 4716 relinquitur,
1421 4642 1576 4714 prius
1605 4642 1675 4696 ab
1707 4659 1774 4698 ea
1821 4643 2090 4698 virtutum

489 4731 657 4797 dona,
697 4749 820 4803 qua
848 4734 918 4788 ad
949 4733 1461 4789 manifestationem
1499 4731 1730 4803 spiritus
1756 4733 1888 4787 data
1933 4739 2086 4797 sunt,

491 4820 848 4892 postmodum
893 4823 1043 4889 fidei,
1077 4829 1133 4877 et
1170 4823 1308 4894 spei,
1341 4829 1512 4893 atque
1559 4821 1848 4876 charitatis
1894 4823 2092 4878 funda-

492 4912 684 4964 menta
706 4908 1090 4966 destruantur.
1124 4912 1258 4976 Quae
1285 4917 1485 4967 cuncta
1507 4911 1778 4967 Dominus
1807 4929 1841 4965 a
1861 4911 2089 4984 perfidis

451 5074 463 5080 ί
489 4995 678 5052 ablata
696 4997 921 5063 Judaeis,
943 4999 1246 5068 gentilitati
1267 5000 1492 5055 tribuit:
1512 5009 1569 5056 et
1583 5019 1646 5056 ex
1668 5000 1737 5055 iis
1758 5017 1881 5072 quae
1894 5000 2091 5056 infide-

489 5085 637 5142 libus
658 5085 910 5152 abstulit,
936 5093 1153 5143 montes
1180 5089 1426 5145 tidelium
1459 5092 1697 5146 ornavit.
1722 5090 1936 5156 Quibus
1961 5107 2089 5145 cum

489 5192 687 5232 rursus
706 5176 897 5231 anima
913 5176 1272 5248 exspoliatur,
1287 5179 1353 5232 ﬁt
1367 5178 1416 5232 ei
1428 5179 1696 5235 Dominus
1715 5196 1827 5235 una
1840 5196 1966 5235 cum
1988 5179 2089 5233 eis-

490 5265 619 5321 dem
641 5266 849 5322 Judaais
872 5265 1154 5334 inimicus,
1177 5267 1340 5338 etqui
1361 5268 1516 5339 prius
1544 5268 1765 5324 dicebat
1787 5287 1799 5324 :
1821 5271 2090 5323 Inimicus

489 5370 580 5408 ero
620 5356 869 5409 inimicis
911 5358 1039 5421 tuis,
1081 5361 1131 5410 et
1158 5359 1464 5426 a/[ligentes
1495 5363 1542 5410 te
1589 5359 1848 5428 afﬂigam
1900 5358 2088 5426 (Exod.

491 5446 675 5512 χχιιι),
700 5442 819 5516 ipse
837 5444 1064 5500 demum
1086 5444 1266 5500 eidem
1285 5443 1610 5502 inimicatur
1638 5446 1840 5502 animae
1870 5451 1928 5502 et
1953 5445 2092 5501 afﬂi-

487 5549 626 5609 gere
653 5532 948 5608 permittit.
965 5535 1128 5592 Unde
1149 5541 1208 5592 et
1222 5534 1472 5608 repletur
1488 5535 1550 5592 in
1575 5551 1662 5601 ea,
1685 5536 2013 5592 humiliatus
2032 5541 2092 5592 et

493 5622 811 5703 humiliata,
851 5624 1220 5701 cogitationes
1271 5624 1528 5685 videlicet
1578 5625 1884 5685 immunda
1921 5631 2092 5699 atque

2170 4555 2256 4609 sia
2283 4554 2362 4609 sic
2389 4552 2651 4624 dissipari
2680 4550 3075 4622 conspicimus,
3100 4555 3159 4604 et
3186 4545 3445 4602 demoliri
3466 4539 3609 4614 quasi
3626 4537 3720 4590 hor-

2170 4649 2312 4698 tum.
2349 4642 2458 4698 Sed
2485 4643 2555 4696 de
2586 4658 2696 4713 quo
2733 4641 2952 4695 dicatur
2979 4640 3141 4694 horto
3171 4637 3478 4696 videamus,
3509 4629 3573 4684 ad
3595 4624 3719 4694 cuius

2170 4731 2599 4788 similitudinem
2621 4730 2891 4786 Dominus
2911 4727 3216 4784 tentorium
3239 4739 3428 4787 suum,
3443 4718 3630 4776 scilicet
3644 4713 3719 4780 Sy-

2170 4838 2450 4893 nagogam
2471 4820 2795 4875 Judaeorum
2825 4816 3142 4889 reprobam,
3169 4815 3256 4870 vel
3290 4809 3573 4868 Ecclesiam
3595 4801 3719 4896 abero

2171 4917 2389 4966 rantem
2410 4927 2445 4965 a
2473 4909 2718 4972 Christo.
2743 4925 2866 4980 quae
2894 4923 2994 4980 per
3021 4903 3446 4961 tabernaculum
3468 4900 3586 4970 jure
3607 4904 3717 4946 a001-

2171 5002 2341 5073 pitur,
2361 5000 2635 5070 dissipare
2662 4998 2747 5052 vel
2777 4995 3036 5052 demoliri
3063 4994 3302 5049 dicatur.
3327 4992 3423 5046 Est
3444 4995 3658 5053 namque
3673 4980 3715 5031 et

2172 5091 2294 5162 ipsa
2319 5089 2518 5144 hortus
2545 5088 2615 5142 de
2643 5103 2756 5159 qua
2784 5085 2990 5140 dicitur
3017 5083 3074 5138 in
3104 5080 3380 5138 Canticis:
3409 5080 3593 5134 Hortus
3616 5082 3715 5162 oon-

2172 5161 2353 5235 clusus
2393 5193 2550 5232 soror
2591 5193 2731 5241 mea,
2781 5176 2972 5230 hortus
3002 5175 3306 5235 conclusus,
3351 5169 3470 5236 fons
3503 5161 3713 5231 signal!“

2177 5269 2356 5340 (Cant.
2387 5272 2481 5334 ιν).
2516 5266 2580 5321 In
2609 5281 2720 5337 quo
2757 5263 3025 5320 nimirum
3055 5261 3216 5316 horto
3258 5262 3454 5330 puteus
3479 5257 3714 5340 aquarum

2171 5335 2477 5412 viventium
2506 5335 2756 5424 emanat,
2771 5359 2829 5408 et
2845 5353 2971 5407 fons
2993 5351 3282 5406 hortorum
3306 5345 3400 5401 ubi
3411 5335 3711 5432 εερὶιὴξξ-ιι·

2173 5451 2307 5510 ster,
2357 5449 2676 5501 removetur
2713 5442 2922 5515 aquilo,
2965 5441 3255 5510 ﬂuuntque
3299 5439 3541 5492 aromata
3570 5424 3708 5483 illius,

2170 5535 2318 5594 inter
2337 5551 2460 5607 quae
2489 5549 2727 5606 sponsus
2749 5532 2993 5588 fructum
3022 5542 3313 5602 pomorum
3333 5529 3392 5580 et
3415 5520 3586 5576 favum
3605 5521 3708 5607 cum

2173 5599 2918 5696 melle-comeditNumquid
2939 5620 3011 5678 ad
3023 5599 3200 5694 hujus
3213 5608 3616 5680 similitudinem
3628 5599 3708 5668 Si"

3853 1416 3855 1520 ι
