3960 6168
278 311 422 370 1117

958 304 1342 364 EXPOSITIO
1380 305 1459 364 IN
1496 301 2110 364 LAMENTATIONES
2149 300 2496 360 JEREMIIE.
2537 333 2609 346 —
2645 305 2790 364 LIB.
2825 305 2900 362 II.

3420 295 3558 357 1118

269 453 497 509 nagoga
550 437 636 492 vel
681 435 926 492 Ecclesia
953 433 1193 505 reproba
1220 433 1568 508 dissipantur
1595 433 1864 497 membra,
1892 434 1930 489 Α
1958 434 2016 484 et
2045 427 2250 483 misera
2271 429 2463 484 anima
2488 431 2796 486 tentorium
2827 445 3012 495 suum,
3043 442 3271 486 carnem
3296 422 3554 482 videlicet

269 529 436 597 cujus
467 525 794 582 emissiones
825 525 963 579 nihil
991 523 1145 577 aliud
1183 530 1508 594 sunt.quam
1541 524 1873 594 paradisus?

266 617 644 688 Nequaquam
678 615 782 669 hoc
813 613 1066 674 dixerim,
1099 612 1193 666 sed
1217 618 1301 666 est
1329 612 1472 666 alius
1501 613 1697 667 hortus
1732 613 1872 666 deli-

267 706 487 760 ciarum
506 708 664 778 quasi
684 705 977 777 paradisus
991 703 1186 766 Dei,de
1201 720 1310 774 quo
1325 704 1544 774 Moyses
1566 703 1621 756 in
1647 703 1868 767 Genesi,

271 798 426 869 quod
449 797 714 852 levaverit
741 797 844 851 Lot
863 797 1052 850 oculos
1073 811 1204 848 suos
1234 799 1291 849 et
1319 793 1458 848 vidit
1485 811 1705 848 onmem
1731 793 1879 847 circa

269 887 564 958 regionem
596 885 873 950 Jordanis,
900 903 1022 956 quae
1053 885 1314 938 universa
1342 883 1686 954 irrigabatur
1715 889 1876 937 ante-

267 994 446 1047 quam
479 975 827 1030 subverteret
847 975 1118 1030 Dominus
1131 974 1452 1034 Sodomam,
1484 973 1628 1027 sicut
1651 973 1874 1043 paradi-

267 1081 373 1118 sus
399 1063 644 1124 Domini,
680 1068 736 1116 et
763 1062 907 1115 sicut
935 1061 1208 1132 Egyptus
1255 1062 1401 1125 (Gen.
1443 1058 1582 1130 xm),
1635 1065 1700 1114 ut
1729 1066 1876 1114 esset

264 1153 474 1207 hortus
495 1151 841 1215 deliciarum,
864 1150 1350 1222 etvoluptatis.Ad
1386 1166 1525 1221 quas
1558 1149 1748 1221 itaque
1776 1149 1873 1203 de-

268 1241 435 1295 licias
457 1241 634 1295 Judaei
666 1241 1016 1312 suspirantes
1044 1239 1349 1310 gemebant
1376 1256 1546 1311 super
1591 1239 1728 1292 ollas
1756 1255 1874 1293 car-

270 1330 458 1395 nium,
477 1330 606 1384 allia
627 1335 680 1384 et
697 1347 880 1401 cepas,
907 1346 1263 1402 peponesque
1293 1346 1357 1383 ac
1380 1328 1873 1400 cucumeresAEgy-

267 1419 524 1492 ptiorum
572 1419 956 1473 desiderantes
1009 1420 1195 1488 (Exod.
1224 1436 1352 1486 xvi;
1407 1421 1576 1473 Num.
1611 1420 1705 1487 x1),
1750 1434 1872 1488 quae

269 1508 471 1562 omnia
511 1512 644 1562 sunt
675 1507 732 1561 in
763 1506 950 1560 animo
999 1522 1214 1570 corum,
1249 1506 1342 1578 qui
1374 1511 1600 1560 terrena
1622 1506 1867 1578 sapiunt.

1957 535 2078 589 quae
2109 518 2326 572 ossibus
2348 525 2404 571 et
2443 519 2625 573 nervis
2654 521 3083 592 compaginatur
3107 516 3320 572 deliciis
3348 515 3550 569 etluxu

1956 607 2217 678 dissipari
2269 608 2510 662 exterius
2557 611 2851 673 consentit,
2904 615 2961 664 et
2991 605 3435 667 tabernaculum,
3471 619 3554 658 se-

1955 695 2135 766 ipsam
2171 697 2402 760 scilicet,
2426 698 2664 753 interius
2687 697 3065 770 voluptatibus
3093 694 3353 751 demoliri
3381 713 3392 747 :
3418 693 3553 765 quid

1962 785 2136 848 aliud,
2167 803 2335 856 quam
2364 787 2579 842 vineam
2611 795 2668 842 et
2699 789 3085 844 haereditatem
3107 785 3314 842 summi
3346 783 3550 849 Patris,

1960 873 2019 927 in
2079 875 2305 929 hortum
2356 878 2955 949 concupiscentiarum,
2999 874 3344 948 nequissimo
3372 872 3550 944 regni,

1957 967 2337 1019 transmutare
2368 967 2714 1037 permittitur
2737 967 2761 1021 ?
2786 967 2852 1021 Et
2875 967 2999 1020 ideo
3021 965 3248 1019 demum
3269 979 3466 1017 omnes
3478 962 3554 1016 fe~

1957 1051 2231 1107 stivitates
2259 1055 2382 1124 ejus
2409 1053 2468 1108 et
2495 1055 2728 1110 sabbata
2760 1055 3031 1109 Dominus
3060 1051 3325 1107 oblivioni
3355 1050 3545 1115 tradit,

1958 1141 2090 1212 quia
2140 1143 2436 1214 templum,
2467 1144 2525 1198 in
2554 1162 2663 1216 quo
2693 1145 2880 1200 offerri
2911 1143 3180 1198 deberent
3224 1147 3352 1196 vota
3389 1147 3444 1194 et
3470 1155 3554 1193 so-

1955 1230 2163 1285 lemnia
2185 1232 2472 1298 celebrari,
2499 1235 2587 1288 his
2621 1239 2864 1300 [3'9
2888 1233 3188 1288 demolitus
3218 1235 3304 1285 est
3330 1227 3554 1284 delicia-

1953 1335 2079 1373 rum
2111 1321 2405 1385 illecebris,
2441 1328 2499 1376 et
2527 1323 2874 1378 destructum
2899 1322 3083 1377 carnis
3113 1319 3421 1374 tentorium
3450 1334 3551 1372 vo-

1952 1408 2235 1479 luptatum
2268 1411 2713 1466 oblectamentis.
2747 1412 2919 1482 Cujus
2939 1428 3032 1464 rex
3056 1415 3114 1464 et
3135 1408 3392 1463 sacerdos
3409 1407 3552 1461 dan-

1954 1501 2050 1550 tur
2072 1498 2130 1552 in
2159 1500 2545 1570 opprobrium,
2579 1518 2643 1556 eo
2674 1501 2821 1574 quod
2853 1501 2938 1554 his
2964 1499 3186 1553 omissis
3215 1497 3431 1562 officiis,
3467 1497 3550 1550 in-

266 1595 360 1651 Ad
385 1598 545 1667 cujus
567 1596 712 1650 horti
733 1595 1183 1660 similitudinem,
1216 1596 1450 1668 dissipat
1471 1597 1740 1650 Dominus
1763 1613 1871 1650 non

1958 1584 2086 1638 felix
2116 1587 2306 1642 anima
2336 1589 2559 1660 regibus
2601 1607 2660 1644 se
2703 1589 3014 1644 subdiderit
3041 1585 3422 1658 impiissimis:
3454 1585 3553 1638 uni

267 1685 466 1740 minus
523 1686 592 1739 de
642 1685 886 1740 Ecclesia
913 1685 1282 1749 lascivientes,
1318 1692 1374 1740 et
1418 1687 1486 1740 ad
1537 1685 1877 1740 Sodomitira
1959 1690 2154 1728 eorum
2186 1677 2282 1748 qui
2311 1679 2512 1733 AZOtOS
2547 1681 2670 1740 ΙῘδα.
2701 1687 2787 1742 IX)
2820 1679 3072 1732 devastat
3109 1673 3460 1746 generationi
3490 1689 3555 1728 80

268 1776 780 1846 Egyptiorumque
805 1775 1081 1829 desideria
1106 1792 1278 1847 prava
1299 1777 1664 1836 reflectenteS,
1701 1792 1868 1847 quam
1888 1757 1932 1816 Β
1955 1763 2173 1818 libidini
2203 1767 2529 1832 servientes,
2572 1768 2705 1838 quia
2749 1769 2955 1822 Azotus
2995 1767 3275 1835 generatio
3301 1764 3554 1818 libidinis

270 1870 332 1918 et
355 1865 423 1918 de
451 1864 747 1935 Synagoga
769 1864 1112 1918 oberrantes.
1139 1865 1591 1935 Demoliturergo
1603 1865 1873 1919 Dominus
1955 1852 2551 1924 interpretaturzalteri
2581 1873 2710 1911 vero
2734 1857 2828 1928 qui
2856 1857 3118 1909 ﬂorentes
3139 1852 3346 1907 Christi
3365 1851 3552 1904 vineas

269 1953 703 2008 tabernaculum
749 1971 935 2020 suum,
968 1955 1191 2025 quando
1223 1955 1279 2008 in
1332 1954 1575 2009 Ecclesia
1607 1955 1873 2025 degentes
1952 1939 2011 1994 in
2044 1941 2269 1996 hortum
2300 1945 2881 2016 concupiscentiarum
2911 1945 3031 1998 VUlt
3193 1939 3546 1996 commutari.

264 2043 578 2098 sceleribus
614 2048 671 2097 et
698 2042 925 2113 ﬂagitiis
945 2043 1225 2114 permittit
1254 2043 1698 2109 exterminari,et
1725 2043 1874 2097 vitiis
1956 2027 2026 2082 Et
2048 2026 2178 2084 hinc
2206 2038 2292 2087 θεῖ
2319 2033 2463 2105 (111οά
2503 2034 2791 2106 sequitur:

268 2130 433 2184 intus
463 2131 653 2184 omnia
674 2118 1044 2186 concremari.
1069 2130 1354 2201 Alioquin,
1391 2131 1601 2202 Spiritu
1627 2137 1870 2198 I378

261 2227 468 2274 sancto
487 2219 767 2284 teste,nisi
799 2220 894 2290 qui
918 2219 1234 2290 ingreditur
1253 2219 1374 2274 sine
1391 2221 1630 2279 macula.
1653 2226 1709 2274 et
1737 2237 1870 2292 ope-

261 2314 434 2363 ratur
470 2307 773 2380 justitiam,
805 2325 916 2362 non
946 2314 1132 2381 potest
1159 2309 1474 2364 conversari
1503 2309 1560 2363 in
1613 2309 1870 2364 taberna-

261 2398 396 2453 culo
428 2397 528 2452 Dei
562 2401 726 2468 (Psal.
776 2403 904 2465 xxv),
943 2415 1125 2469 neque
1173 2397 1384 2469 absque
1413 2398 1482 2452 iis
1511 2416 1633 2469 quae
1671 2416 1872 2470 sequn-

262 2493 368 2543 tur
397 2489 454 2541 in
485 2505 550 2542 eo
579 2487 928 2541 cozediﬁcari.
991 2487 1202 2550 Quibus
1233 2488 1620 2559 praetermissis
1660 2505 1869 2560 praece-

262 2578 403 2650 ptis,
438 2577 605 2631 etiam
637 2575 899 2630 oblivioni
929 2577 1102 2631 tradit
1160 2577 1453 2637 Dominus,
1487 2577 1582 2647 qui
1612 2594 1870 2632 nonnun-

263 2684 442 2740 quam
463 2665 796 2720 oblivionem
818 2665 1049 2736 patitur,
1093 2665 1422 2720 festivitates
1436 2666 1734 2720 etsabbata
1768 2684 1870 2721 no-

2681 2191 2802 2230 ΖΑΗ(
2811 2215 2822 2228 .

2022 2325 2236 2393 Repulit
2262 2323 2527 2377 Dominus
2555 2320 2734 2374 altare
2752 2321 2993 2384 suum,et
3014 2317 3552 2382 malalixitsanctiﬁ-

1953 2418 2163 2470 cationi
2174 2413 2547 2468 suzztradidit
2562 2415 2623 2465 in
2639 2427 2841 2465 manus
2856 2412 3080 2464 inimici
3091 2424 3279 2462 muros
3297 2409 3550 2461 turrium

1953 2503 2089 2569 ejus.
2119 2499 2316 2553 Altare
2358 2513 2523 2552 suum
2568 2496 2860 2567 repulisse,
2891 2500 2956 2550 ut
2977 2491 3405 2548 sanctificationi
3437 2507 3552 2546 sua:

1956 2587 2309 2642 maledixisse
2358 2585 2598 2640 dicitur:
2651 2585 2785 2656 quia
2812 2584 3002 2638 omnia
3028 2581 3300 2637 sacriﬁcia
3326 2580 3466 2650 legis
3496 2584 3555 2634 et

1955 2677 2133 2732 altare
2180 2693 2307 2731 cum
2354 2675 2630 2732 universis
2680 2672 3032 2738 utensilibus,
3075 2671 3133 2724 in
3177 2686 3288 2742 quo
3316 2667 3553 2723 victima

261 2764 402 2812 δαῖε
423 2755 628 2827 quietis
653 2774 662 2808 ε
690 2770 802 2807 ηοῐι
824 2754 970 2824 (111οά
997 2753 1384 2808 SOlemﬂitateS
1409 2755 1458 2808 ei
1482 2771 1591 2808 ηοη
1615 2755 1874 2826 Placeant
1955 2764 2590 2836 alierebantursprevit,
2620 2769 2790 2834 atque
2803 2761 3108 2816 simulcum
3125 2757 3263 2814 urbe
3279 2764 3336 2812 ct
3346 2757 3551 2828 populo

261 2853 477 2902 nostra
506 2845 813 2916 religionis,
838 2846 934 2899 sed
980 2845 1111 2917 quia
1141 2845 1240 2899 Dei
1272 2845 1426 2916 prius
1447 2845 1872 2900 tabernaculum
1955 2853 2014 2908 in
2052 2855 2312 2908 manibus
2347 2854 2590 2908 hostium
2624 2869 2740 2907 una
2767 2869 2893 2907 cum
2935 2845 3369 2922 propugnaculis
3419 2844 3551 2900 diri-

265 2937 360 2991 vel
389 2935 662 3006 templum
688 2933 927 3005 Spiritus
958 2934 1136 2988 sancti
1166 2934 1224 2988 in
1255 2933 1415 2988 nobis
1451 2934 1706 3002 violatur,
1759 2952 1870 2990 non
1954 2942 2159 3014 pienda
2185 2943 2437 2997 tradidit.
2495 2942 2598 2996 Hic
2635 2957 2858 3012 quoque
2908 2937 3150 3009 ingressi
3188 2936 3247 2990 in
3275 2935 3549 3006 templum

262 3025 436 3080 estin
457 3041 566 3094 quo
598 3023 814 3098 reliqua
841 3024 956 3078 Ι)θο
994 3029 1057 3077 ut
1072 3024 1330 3094 Placeant
1349 3024 1676 3078 Oﬂel‘antur-
1711 3024 1870 3080 Unde
1892 3078 1932 3098 η
1955 3031 2230 3087 universae
2263 3038 2426 3086 terres
2455 3030 2702 3086 sanctius
2733 3045 2924 3084 vocem
2971 3027 3250 3081 dederunt
3284 3025 3343 3079 in
3386 3024 3552 3079 domo

262 3113 537 3170 oblivioni
569 3129 635 3168 ea
664 3113 887 3168 tradere
910 3119 1188 3178 censetur,
1214 3113 1346 3184 quia
1369 3113 1529 3167 nobis
1548 3114 1790 3184 profecto
1802 3115 1872 3169 ad
1891 3112 1934 3138 υ
1957 3121 2202 3184 Domini,
2240 3120 2335 3175 ubi
2364 3121 2645 3192 quondam
2699 3118 2893 3173 laudes
2933 3115 3280 3172 solemnibus
3335 3112 3553 3178 diebus,

253 3203 544 3277 justitiam
572 3203 694 3256 sine
716 3202 874 3256 bonis
898 3203 1180 3274 justisque
1205 3202 1469 3274 operibus
1492 3203 1868 3274 imputantur:
1953 3227 2055 3281 per
2083 3211 2304 3264 diversa
2323 3209 2601 3264 canebant
2626 3207 2977 3280 organa,ritu
2996 3203 3320 3267 inviolabili,
3365 3208 3423 3257 et
3442 3202 3556 3258 Do-

258 3295 382 3350 imo
403 3310 498 3348 rex
516 3299 570 3347 et
588 3292 848 3347 sacerdos
864 3291 1162 3363 opprobrio
1180 3292 1870 3364 traduntur,quisanctam
1953 3299 2092 3352 mini
2122 3299 2416 3371 augustius
2436 3297 2714 3354 renitebat
2737 3298 2936 3368 gloria.
2971 3295 3131 3361 Quod
3171 3300 3229 3349 et
3252 3292 3426 3349 Isaias
3455 3291 3554 3347 de-

259 3383 368 3439 Dei
400 3381 701 3438 ECOleSiam
725 3382 960 3446 nutrire.
987 3383 1149 3453 juxta
1171 3382 1394 3448 Isaiam,
1429 3381 1761 3447 debuerant.
1805 3400 1870 3438 ex
1953 3388 2368 3460 plorat,dicens
2394 3406 2404 3441 :
2429 3389 2661 3456 Respice,
2715 3386 2814 3451 ait,
2834 3402 2944 3439 ecce
2964 3388 3347 3454 populustuus
3370 3397 3554 3437 omnes

260 3489 377 3546 quo
393 3479 442 3526 et
463 3477 648 3537 erunt,
668 3471 869 3543 inquit,
890 3474 1379 3539 regesnutritiilui
1396 3473 1524 3539 (Isa.
1556 3472 1728 3541 xux).
1763 3473 1869 3527 Sed
1955 3494 2071 3543 nos,
2095 3480 2350 3531 etcivitas
2372 3478 2554 3529 sancti
2572 3477 2660 3529 tui
2677 3478 2910 3543 factaesl
2930 3474 3139 3526 deserta
3151 3472 3306 3538 Sion,
3339 3473 3553 3526 deserta

259 3562 397 3634 quia
425 3561 701 3632 templum
746 3560 922 3615 sancti
969 3560 1210 3632 Spiritus
1233 3560 1416 3632 pravis
1448 3560 1657 3615 violant
1687 3561 1870 3633 operi-
1951 3567 2102 3634 facta
2122 3571 2195 3619 est
2224 3567 2552 3628 Jerusalem,
2583 3566 2825 3619 desolata
2872 3565 3066 3617 domus
3093 3562 3551 3628 sanctiﬁcationis

257 3651 388 3717 bus,
439 3649 801 3722 opprobrium
851 3655 985 3704 sunt
1036 3649 1215 3720 magis
1244 3650 1298 3703 hi
1336 3649 1392 3704 in
1424 3651 1668 3704 Ecclesia
1696 3667 1865 3722 quam
1951 3656 2406 3722 nostraetgloriz
2425 3658 2639 3708 nostrae.
2675 3654 2774 3708 Ubi
2798 3654 3168 3706 laudauerunt
3193 3655 3240 3703 te
3249 3654 3436 3718 patres
3457 3663 3551 3704 no-

257 3740 460 3795 decus.
484 3740 566 3793 De
595 3739 795 3810 quibus
824 3739 998 3795 David
1025 3757 1036 3792 :
1062 3741 1126 3794 Et
1158 3756 1326 3805 nunc,
1362 3755 1528 3807 reges,
1549 3743 1862 3808 intelligitc,
1947 3747 2074 3807 stri,
2101 3745 2247 3806 facta
2273 3748 2346 3796 est
2373 3745 2435 3796 in
2460 3744 2799 3796 exustionem
2826 3743 3051 3808 ignis,et
3069 3739 3260 3792 omnia
3279 3735 3552 3791 desidera-

259 3831 600 3894 erudimini,
633 3833 732 3897 qui
745 3831 1018 3898 judicatis
1052 3835 1280 3882 terram.
1323 3830 1530 3883 Scrvite
1557 3830 1786 3883 Domino
1806 3832 1867 3884 in
1951 3832 2087 3885 bilia
2103 3836 2290 3884 nostra
2320 3834 2612 3884 versasunt
2634 3832 2697 3883 in
2723 3831 2924 3883 ruinas
2949 3825 3254 3896 (Isa.t.x1v).
3278 3824 3550 3896 Allegori-

262 3920 468 3971 timore
501 3919 663 3986 (Psal.
725 3915 808 3988 ιι),
844 3924 899 3971 et
926 3923 1127 3971 caetera
1182 3934 1304 3988 quae
1341 3923 1673 3988 sequuntur.
1708 3918 1866 3974 Unde
1951 3937 2049 3974 cus
2072 3926 2261 3974 autem
2292 3935 2490 3974 sensus
2513 3934 2820 3990 congruere
2848 3917 2988 3972 satis
3013 3932 3126 3971 non
3156 3913 3549 3986 videtur,quod

257 4004 518 4060 insinuat
547 4005 678 4078 quia
704 4023 882 4076 genus
914 4006 1097 4076 regale
1127 4012 1183 4059 et
1211 4007 1584 4061 sacerdotium
1613 4013 1870 4062 sanctum
1952 4009 2224 4080 repulerit
2254 4008 2524 4063 Dominus
2549 4008 2724 4062 altare
2763 4023 2927 4062 suum
2964 4006 3034 4060 de
3053 4004 3315 4069 Ecclesia,
3347 4004 3404 4058 in
3438 4020 3551 4076 qua

265 4111 468 4151 sumus
500 4096 547 4162 (Ι
571 4097 715 4151 Pctr.
754 4101 830 4164 tl),
875 4095 923 4149 si
959 4094 1076 4166 pias
1105 4100 1162 4149 et
1186 4095 1462 4150 salutares
1516 4097 1631 4150 Deo
1661 4097 1872 4151 hostias
1955 4099 2211 4152 Christus
2242 4099 2420 4152 altare
2453 4097 2702 4152 creditur
2726 4113 2846 4151 esse
2877 4095 3062 4150 hostia
3099 4100 3157 4149 et
3183 4093 3542 4160 sacrificium,

267 4186 475 4240 oll’erre
503 4185 778 4238 volumus.
830 4184 1273 4239 Tabernaculum
1300 4184 1477 4239 sancti
1520 4185 1781 4256 Spiritus,
1813 4186 1871 4240 in
1954 4187 2203 4259 pontifex
2254 4193 2312 4241 et
2358 4186 2637 4241 sacerdos.
2677 4187 2802 4240 Non
2831 4185 2979 4240 enim
3004 4184 3157 4239 aliud
3186 4185 3367 4239 altare
3399 4188 3550 4238 recte

267 4291 382 4346 quo
425 4273 595 4342 digne
624 4274 950 4338 offerantur,
983 4273 1190 4327 etenim
1222 4290 1291 4328 ne
1323 4274 1662 4328 demoliatur
1699 4274 1866 4342 vitiis,
1953 4276 2155 4330 dicitur
2186 4275 2440 4331 Ecclesiae
2471 4275 2608 4340 fore,
2639 4291 2806 4346 quam
2840 4275 2944 4328 hoc
2974 4290 3172 4337 unum,
3200 4273 3258 4329 in
3285 4289 3394 4345 quo
3420 4277 3548 4328 vota

265 4363 601 4434 diligentius
619 4379 844 4418 necesse
865 4367 950 4416 est
972 4361 1350 4416 observemus.
1380 4361 1868 4418 Moraliterautem
1887 4427 1927 4434 _
1953 4370 2010 4418 et
2037 4364 2308 4419 sacrificia
2325 4364 2577 4419 omnium
2602 4363 2916 4418 offeruntur
2941 4362 3208 4424 ﬁdelium,
3229 4362 3360 4417 licet
3389 4366 3446 4416 et
3471 4361 3548 4416 al-

264 4427 461 4508 anima
499 4452 670 4506 habet
724 4451 1028 4506 tentorium
1070 4456 1127 4504 et
1175 4450 1619 4516 tabernaculum,
1670 4451 1728 4506 in
1759 4469 1868 4523 quo
1887 4427 2096 4508 Dtaria
2126 4454 2396 4524 leguntur
2425 4453 2688 4525 plurima,
2720 4453 2790 4508 de
2821 4451 3108 4524 quibusin
3136 4451 3373 4505 Psalmis
3411 4467 3424 4504 :
3455 4451 3549 4505 Al-

263 4558 419 4614 saape
457 4547 685 4596 sanctus
735 4541 976 4612 Spiritus
1029 4556 1155 4595 cum
1185 4556 1251 4594 ea
1279 4539 1686 4604 confabulatur,
1720 4539 1868 4611 quod
1953 4547 2103 4597 toria
2130 4548 2246 4609 tua,
2279 4545 2508 4597 Domine
2529 4546 2826 4608 virtutum,
2856 4559 2953 4596 rex
2977 4557 3128 4596 meus
3157 4545 3204 4594 et
3229 4541 3369 4594 Deus
3396 4555 3548 4594 meus

264 4648 397 4687 mox
427 4631 736 4703 dissipatur
763 4631 923 4703 quasi
948 4631 1164 4694 hortus,
1190 4629 1238 4684 si
1284 4646 1343 4684 se
1377 4629 1666 4684 resolverit
1695 4629 1750 4683 in
1779 4630 1867 4684 lu-
1953 4634 2114 4699 (Psal.
2149 4637 2403 4701 Lxxxm).
2439 4631 2547 4687 Sed
2588 4632 2669 4686 sic
2722 4636 2856 4686 sunt
2882 4631 3061 4686 sancti
3110 4628 3314 4683 altaria
3355 4643 3548 4700 quem-

259 4738 417 4787 xum,
471 4726 530 4775 et
585 4720 739 4775 varia
799 4719 1209 4774 oblectamenta
1245 4735 1430 4790 pravae
1459 4718 1862 4773 delectationis.
1950 4720 2255 4775 admodum
2286 4721 2398 4784 lux,
2422 4737 2522 4775 seu
2543 4727 2746 4776 caetera
2766 4737 2888 4792 quae
2917 4719 2987 4774 de
3017 4718 3153 4791 ipsis
3189 4716 3546 4790 praedicanti-

263 4811 624 4882 Dissipantur
653 4808 878 4882 quidem
903 4809 1210 4864 tentorium
1245 4814 1302 4863 et
1348 4807 1770 4864 tabernaculum
1804 4812 1866 4862 ut
1951 4809 2074 4875 bus,
2120 4809 2327 4865 idcirco
2359 4809 2463 4864 hoc
2512 4826 2691 4864 unum
2733 4810 2910 4865 altare
2939 4808 3043 4864 sub
3075 4825 3184 4881 quo
3222 4812 3548 4864 sanctorum

259 4901 484 4966 hortus,
510 4915 621 4954 non
648 4899 742 4954 ille
771 4898 1094 4953 deliciarum
1117 4897 1216 4952 Dei
1242 4897 1338 4952 sed
1361 4897 1520 4969 quasi
1551 4898 1746 4952 hortus
1777 4915 1866 4952 su-
1950 4899 2152 4954 animae
2180 4898 2559 4970 requiescunt,
2587 4905 2652 4954 ut
2671 4899 2873 4954 altaria
2901 4915 2964 4953 ex
2989 4915 3056 4953 eo
3081 4899 3210 4969 jure
3252 4897 3549 4953 nominen-

257 5005 363 5060 per
392 5003 565 5060 quam
597 4988 813 5058 Sargon
842 4988 952 5041 dux
981 4986 1336 5059 Assyriorum
1368 5003 1608 5059 praeesse
1663 4987 1868 5058 legitur
1948 4994 2042 5044 tur
2069 5007 2080 5042 :
2117 4988 2249 5060 quia
2268 5004 2622 5058 nequaquam
2643 4988 2724 5042 fas
2753 4995 2838 5044 est
2862 4988 3048 5044 dicere
3069 4988 3217 5061 quod
3235 5004 3363 5043 eum
3390 5002 3552 5058 repu-

257 5080 394 5149 (Isa.
433 5081 544 5149 xx).
570 5076 789 5147 Sargon
844 5077 1048 5149 quippe
1095 5079 1352 5146 princeps
1383 5077 1671 5130 hortorum
1701 5076 1872 5131 inter—
1951 5078 2084 5132 lerit
2110 5077 2399 5143 Dominus,
2434 5077 2544 5132 nisi
2579 5078 2722 5133 forte
2757 5078 2817 5133 in
2870 5079 3131 5151 passione
3184 5076 3405 5150 quando
3441 5090 3545 5146 pro

259 5172 544 5238 pretatur,
597 5165 974 5236 voluptatibus
1019 5172 1075 5220 et
1104 5164 1335 5220 luxuriae
1365 5164 1671 5219 dedicatus.
1706 5164 1871 5220 Deni-
1952 5166 2156 5221 Judzeis
2177 5173 2318 5231 orat,
2346 5166 2695 5236 dicensiLuc.
2714 5170 2876 5239 xm):
2913 5170 3097 5236 Pater,
3123 5167 3366 5234 transfer
3394 5179 3430 5217 a
3459 5180 3544 5220 me

262 5272 374 5328 que
406 5261 465 5310 et
492 5254 684 5310 Achab
711 5273 806 5310 rex
835 5255 1008 5310 Israel
1031 5254 1250 5309 vineam
1265 5253 1488 5309 Naboth
1520 5259 1734 5309 vertere
1753 5255 1868 5309 vult
1955 5258 2179 5310 calicem
2195 5259 2450 5320 istum;et
2465 5255 2914 5330 deinceps:()uod
2927 5262 2978 5313 si
2994 5274 3106 5314 non
3112 5260 3280 5326 potest
3304 5255 3549 5310 transire

261 5347 322 5401 in
352 5346 584 5400 hortum
619 5346 698 5412 (II
725 5347 849 5413 Reg.
883 5359 971 5399 χχι
1006 5385 1017 5397 .
1047 5344 1204 5408 Quod
1237 5343 1353 5407 ille,
1379 5344 1541 5414 juxta
1576 5344 1728 5415 leges
1756 5350 1870 5399 tro-
1952 5348 2061 5400 nisi
2087 5346 2268 5400 bibam
2286 5347 2474 5410 illum,
2495 5349 2859 5414 fiatcoluntas
2881 5353 2977 5402 tua
3008 5351 3107 5413 ;et
3136 5345 3241 5398 hoc
3271 5344 3346 5398 sit
3370 5343 3550 5416 repel-

260 5434 524 5507 pologie,
549 5432 889 5505 intelligens,
920 5432 1064 5488 mori
1093 5431 1312 5496 maluit,
1340 5449 1508 5504 quam
1529 5433 1864 5500 consentire,

260 5530 326 5580 ut
351 5523 662 5580 hereditas
693 5531 931 5597 paterna
959 5528 1231 5596 tantaque
1260 5522 1532 5578 virtutum
1565 5523 1865 5596 possessio,

261 5611 419 5688 impii
632 5615 692 5673 in
721 5614 949 5686 delicias
997 5619 1328 5674 verteretur.
1371 5615 1480 5673 Sed
1503 5614 1638 5688 quia
1672 5614 1868 5676 infelix

1951 5435 2068 5490 lere
2097 5451 2209 5490 non
2227 5453 2355 5492 eum
2379 5453 2480 5510 pro
2501 5437 2582 5493 eis
2600 5437 2817 5505 audire,
2844 5437 2960 5493 imo
2983 5451 3083 5509 per
3107 5451 3203 5490 eos
3221 5451 3322 5506 pro
3347 5433 3550 5508 quibus

1950 5530 2116 5596 rogat
2161 5532 2399 5582 mortem
2446 5527 2722 5600 passionis
2746 5526 3049 5597 suscipere.
3083 5524 3245 5580 Unde
3278 5521 3438 5596 quasi
3466 5536 3552 5576 re-

1950 5613 2148 5689 pulsus
2168 5631 2204 5672 a
2227 5620 2477 5688 1.90
2495 5617 2722 5688 Judaeis,
2743 5620 2980 5690 paterno
2997 5612 3210 5689 judicio
3239 5610 3549 5686 πωςιιιμι
