3960 6168
515 353 649 413 1119

1261 339 1344 408 ‘s.
1385 349 1761 407 PASCHASII
1799 346 2161 405 RADBERTI
2199 344 2503 402 ABBATIS
2547 343 3040 402 CORBEIENSIS.

3607 346 3716 404 it20

514 487 600 537 est
625 481 695 534 ad
723 483 938 550 gentes.
973 478 1052 532 De
1076 493 1187 549 quo
1209 493 1343 531 sane
1381 476 1554 530 David
1579 495 1588 528 :
1628 477 1704 529 Tu
1733 491 1875 540 vero,
1904 474 2098 545 inquit.

2192 491 2313 560 ejus
2350 488 2736 549 maledicatur,
2781 488 2918 542 dum
2972 485 3444 542 maledictionibus
3482 487 3719 558 subiacere

516 572 774 638 repulisti
787 569 1431 636 βεάεςρεςτὶδιίβτέιαιὶειί
1444 566 1723 620 Christum
1748 570 1907 617 tuum
1937 566 2099 630 (Psal.

512 660 797 718 LXXXVIII).
824 656 1102 710 Distulisti
1134 661 1344 719 autem,
1381 670 1449 707 ne
1476 653 1625 707 ultra
1645 653 1870 715 Iudaeis,
1896 652 2104 706 amisso

511 746 805 809 sacriﬁcio,
839 745 1015 799 altare
1041 749 1206 808 esset,
1235 760 1406 814 super
1433 759 1542 812 quo
1568 759 1697 796 suas
1726 744 1991 795 offerrent
2011 742 2106 794 ho-

514 837 671 890 stias.
705 834 849 898 Quia
896 834 1144 904 profecto
1192 833 1338 886 sicut
1383 833 1571 885 omnia
1600 832 1692 884 illa
1723 832 1790 884 de
1817 831 2104 884 sacriﬁciis

513 926 750 995 ﬁguram
791 922 1063 994 gerebant
1083 920 1291 975 Christi
1313 921 1361 974 ι]
1388 921 1509 975 Cor.
1528 922 1582 987 χ)
1609 939 1620 972 ε
1657 920 1735 973 ita
1754 925 1810 974 et
1829 920 2007 974 altare
2036 919 2104 974 de

512 1013 778 1083 impolitis
797 1011 1072 1082 lapidibus
1103 1027 1242 1081 quos
1273 1011 1484 1064 ferrum
1515 1025 1626 1063 non
1653 1009 1938 1079 attigerat,
1971 1009 2104 1062 aedi-

511 1103 737 1156 ﬁcatum
766 1103 938 1170 (Deut.
971 1112 1160 1166 xxvu),
1207 1116 1408 1170 corpus
1433 1097 1832 1170 praeﬁgurabat
1860 1099 2105 1152 Domini-

509 1207 658 1254 cum,
687 1190 840 1244 nullo
880 1190 1125 1244 humano
1146 1205 1314 1260 opere
1338 1187 1802 1243 contaminatum.
1834 1186 1940 1241 Sed
1972 1186 2104 1257 quia

508 1280 818 1334 translatus
848 1285 934 1333 est
962 1279 1218 1332 Christus
1249 1278 1319 1332 ad
1351 1276 1674 1341 Ecclesiam,
1733 1277 1792 1330 in
1818 1292 1884 1329 ea
1911 1276 2102 1330 ﬁdeles

509 1367 696 1422 devoti
754 1383 858 1420 sua
903 1367 1145 1422 offerunt
1187 1372 1331 1430 vota,
1366 1383 1466 1438 pro
1498 1364 1697 1436 quibus
1727 1370 1779 1419 et
1810 1381 2104 1437 compassa

508 1472 622 1510 una
650 1473 777 1510 cum
811 1457 1078 1528 apostolis
1110 1456 1327 1528 plangit
1359 1455 1619 1520 Ecclesia,
1657 1471 1768 1508 non
1801 1454 1950 1526 quod
1980 1471 2015 1508 a
2041 1471 2101 1508 se

509 1545 802 1614 depulsum
836 1551 893 1598 et
937 1545 1275 1598 translatum
1320 1544 1525 1610 doleat,
1558 1544 1655 1598 sed
1686 1544 1820 1614 quia
1847 1545 1969 1614 ejus
2001 1559 2102 1614 pro

510 1637 692 1685 morte
724 1632 1090 1687 contristatur
1133 1649 1261 1686 cum
1298 1633 1586 1704 apostolis,
1614 1637 1678 1686 ut
1709 1649 1822 1686 una
1840 1649 1966 1687 cum
1989 1631 2101 1686 eis-

510 1719 639 1774 dem
671 1721 739 1775 de
768 1723 1175 1776 resurrectione
1202 1722 1465 1792 gaudeat.
1487 1722 1645 1776 Unde
1665 1738 1784 1775 mos
1809 1721 2102 1776 inolevisse

2185 577 2474 649 probatur.
2507 577 2667 641 Quod
2715 577 2846 647 quia
2876 593 3080 630 nomen
3116 576 3216 630 Dei
3256 576 3313 628 in
3357 593 3414 630 se
3441 577 3720 632 sanctiﬁcari

2185 667 2384 731 noluit,
2411 666 2896 721 maledictionibus
2925 667 3219 729 multatur,
3243 670 3300 719 et
3323 665 3599 719 traduntur
3623 683 3720 721 mu-

2185 756 2234 809 ri
2287 756 2528 810 turrium
2585 757 2707 826 ejus
2755 755 2812 828 in
2865 772 3065 809 manus
3113 754 3346 811 inimici.
3398 755 3582 808 Turres
3623 771 3721 808 vero

2189 846 2390 900 animae
2413 850 2546 900 sunt
2576 845 2731 909 ﬁdes,
2761 862 2906 915 spes.
2939 845 3023 898 vel
3055 850 3271 898 caetera;
3301 842 3535 906 virtutes,
3565 843 3722 914 quibus

2186 935 2430 1004 profecto
2459 933 2710 988 turribus
2748 934 2938 987 anima
2965 939 3148 987 erecta
3172 932 3242 986 ad
3275 931 3465 985 coelum
3495 948 3645 1001 usque
3663 937 3723 986 at-

2183 1023 2370 1094 tingit.
2403 1023 2512 1078 Sed
2538 1023 2671 1094 quia
2697 1023 2816 1078 istaa
2847 1028 3030 1076 turres
3049 1039 3182 1076 suos
3207 1020 3414 1074 habent
3437 1020 3725 1091 muros,qui-

2183 1110 2289 1165 bus
2321 1112 2649 1166 muniantur
2677 1118 3006 1167 ceterarum
3037 1110 3252 1164 scilicet
3281 1109 3535 1163 virtutum
3561 1124 3721 1178 Opera:

2182 1199 2330 1254 muri
2346 1203 2586 1254 turrium
2617 1202 2740 1270 ejus
2756 1200 3069 1254 tundantur
3085 1199 3141 1252 in
3167 1213 3340 1252 manu
3361 1196 3571 1259 inimici,
3593 1211 3725 1266 quan-

2181 1287 2252 1341 do
2282 1287 2434 1342 intus
2477 1287 2676 1342 forisve
2714 1289 2905 1341 anima
2933 1286 3049 1341 suis
3096 1285 3316 1339 actibus
3355 1282 3645 1354 dissipatur.
3673 1283 3722 1336 Et

2182 1376 2320 1430 dant
2349 1393 2536 1431 vocem
2563 1377 2752 1430 hostes
2783 1377 2841 1430 in
2872 1376 3038 1429 domo
3068 1374 3298 1430 Domini
3326 1373 3464 1426 sicut
3491 1371 3543 1424 in
3566 1371 3639 1424 die
3661 1386 3723 1424 so-

2183 1465 2374 1531 lemni,
2431 1465 2655 1537 quando
2712 1465 2975 1519 universa
3014 1464 3279 1518 vitiorum
3330 1465 3574 1532 portenta
3609 1459 3724 1513 intus

2185 1560 2562 1626 perstrepunt,
2586 1571 2651 1608 eo
2681 1554 2830 1624 quod
2849 1554 3054 1607 violato
3081 1551 3298 1623 templo
3318 1550 3548 1620 Spiritus
3571 1547 3722 1612 sancti,

2183 1659 2296 1698 non
2353 1644 2449 1698 alii
2492 1661 2660 1714 quam
2708 1643 2985 1698 immundi
3036 1640 3272 1712 spiritus
3310 1639 3368 1694 in
3405 1655 3467 1694 eo
3505 1637 3722 1703 habitant,

2185 1749 2294 1804 quo
2351 1733 2504 1788 nulla
2558 1731 2664 1786 nisi
2711 1732 2887 1786 sancti
2938 1730 3185 1801 Spiritus
3237 1744 3446 1798 organa
3505 1726 3722 1780 virtutum

511 1809 759 1864 creditur
803 1811 872 1864 ab
920 1811 1130 1865 eisdem
1173 1811 1459 1882 apostolis,
1493 1827 1620 1864 cum
1645 1811 1891 1865 traditur
1919 1826 1983 1864 eo
2012 1810 2102 1863 die
2119 1822 2536 1884 Bharmoniam
2571 1838 2831 1877 resonare
2871 1819 3178 1876 desiderat.
3217 1818 3362 1874 Hinc
3389 1821 3472 1872 est
3495 1814 3622 1888 quod
3658 1829 3723 1868 se-

512 1915 622 1968 quo
651 1916 850 1969 passus
893 1906 997 1963 est,
1037 1900 1185 1971 quod
1233 1900 1388 1954 nulla
1415 1900 1651 1971 mystica
1679 1900 1736 1952 in
1769 1899 1902 1954 orbe
1928 1906 2104 1954 terra-

510 2003 633 2040 rum
666 1988 915 2058 corporis
968 1993 1025 2042 et
1079 1988 1369 2059 sanguinis
1399 1989 1607 2043 Christi
1636 1989 1869 2042 offertur
1894 1988 2096 2053 hostia,

507 2075 689 2130 tribus
713 2093 840 2130 reor
863 2077 932 2131 de
958 2077 1176 2132 causis:
1213 2078 1314 2143 vel,
1346 2078 1476 2148 quia
1496 2078 1614 2148 ipse
1634 2078 1692 2132 in
1724 2077 1958 2131 veritate
1993 2078 2101 2132 im-

509 2165 772 2227 molatur,
796 2167 952 2236 cujus
983 2167 1099 2221 haec
1127 2166 1342 2221 caeteris
1371 2165 1568 2220 diebus
1592 2166 1828 2237 mystica
1847 2170 1980 2219 sunt
2007 2179 2098 2217 sa-

507 2261 831 2309 cramenta:
883 2255 986 2320 vel,
1021 2259 1153 2326 quia
1181 2255 1300 2326 ipse
1340 2255 1590 2325 pontifex
1623 2255 1879 2309 Christus
1909 2252 2004 2324 qui
2034 2269 2102 2306 ea

507 2350 657 2398 recte
674 2345 853 2408 oﬁert,
881 2360 945 2398 eo
967 2344 1056 2398 die
1079 2350 1400 2414 peremptus
1430 2360 1529 2414 per
1544 2343 1785 2414 seipsum
1816 2342 2103 2396 descendit

509 2432 579 2486 ad
609 2431 848 2486 inferos:
875 2433 980 2497 vel,
1006 2433 1137 2503 quia
1164 2433 1373 2504 templo
1406 2433 1588 2486 soluto
1611 2438 1666 2487 et
1689 2431 1853 2486 altari
1869 2432 1928 2486 in
1950 2447 2101 2485 mor-

506 2523 622 2574 tem
651 2520 903 2590 depulso,
938 2537 1049 2575 non
1079 2528 1165 2575 est
1193 2539 1258 2576 ex
1287 2522 1571 2593 mysterio,
1596 2522 1653 2575 in
1672 2539 1782 2592 quo
1805 2521 1913 2576 alio
1935 2521 2102 2576 altari

508 2609 758 2679 corporis
791 2616 846 2662 et
883 2610 1172 2680 sanguinis
1201 2611 1511 2666 offerantur
1529 2612 1783 2666 victimae.
1812 2610 2101 2682 Sequitur:

509 2698 576 2752 Et
593 2701 900 2763 maledixit,
941 2699 1145 2770 inquit,
1168 2704 1597 2767 sanctiﬁcationi
1640 2717 1768 2763 sua,
1793 2698 2105 2770 praesertim

509 2787 641 2859 quia
669 2805 794 2842 cum
825 2795 1114 2858 peccatum
1141 2805 1250 2842 non
1281 2788 1532 2853 haberet,
1567 2805 1668 2859 pro
1699 2788 1877 2852 nobis,
1903 2805 2103 2843 secun-

506 2877 640 2930 dum
680 2878 1030 2948 Apostolum,
1091 2884 1380 2948 peccatum
1438 2878 1616 2932 factus
1647 2884 1734 2932 est
1765 2880 1838 2943 (ΙΙ
1865 2877 1986 2932 Cor.
2021 2883 2097 2945 v).

506 2966 588 3020 De
618 2981 727 3036 quo
758 2967 980 3036 Moyses
1008 2966 1063 3019 in
1095 2966 1218 3036 lege
1252 2984 1262 3019 :
1311 2968 1652 3030 Maledictus,
1686 2967 1888 3037 inquit.
1923 2969 2104 3019 omnis

507 3057 607 3123 qui
620 3056 871 3122 pependit
885 3057 947 3106 in
967 3057 1310 3121 h‘ganeut.
1344 3059 1475 3124 xxI).
1500 3056 1618 3108 Hoc
1656 3061 1741 3108 est
1762 3071 1896 3124 ergo
1925 3054 2103 3108 male-

2185 1911 2378 1982 quitur
2405 1926 2419 1964 :

2894 1999 3062 2038 ΗΕΤΗ.

2256 2090 2522 2158 Cogitavit
2568 2092 2838 2144 Dominus
2866 2092 3135 2158 dissipare
3181 2103 3417 2140 murum
3454 2086 3569 2152 ﬁlia
3607 2083 3722 2142 Sion.

2184 2182 2409 2234 tetendit
2419 2182 2743 2248 funiculum
2761 2196 2947 2244 suum,
2963 2184 3012 2232 et
3030 2194 3142 2232 non
3158 2179 3366 2232 avertit
3385 2187 3723 2228 manumsuam

2182 2285 2218 2322 a
2245 2271 2567 2336 perditione.
2593 2268 2774 2323 Nimis
2802 2284 2934 2338 ergo
2964 2267 3260 2338 profundae
3290 2264 3626 2335 cogitationes
3650 2259 3721 2313 Dei

2185 2363 2336 2416 sunt,
2371 2362 2427 2411 et
2455 2357 2582 2411 ideo
2613 2357 3022 2412 inscrutabiles.
3054 2356 3120 2410 In
3151 2371 3268 2426 qua
3297 2354 3528 2424 denique
3552 2349 3724 2422 profun-

2185 2446 2360 2500 ditate
2382 2445 2506 2512 fuit,
2522 2446 2669 2516 quod
2695 2445 2958 2514 cogitavit
2976 2444 3256 2498 Dominus
3277 2458 3496 2498 murum
3507 2439 3722 2508 dissipare

2185 2534 2313 2588 ﬁlia:
2345 2533 2497 2599 Sion,
2537 2539 2595 2588 et
2621 2551 2692 2588 ne
2723 2534 2954 2588 daretur
2980 2532 3290 2604 cogitandi,
3323 2547 3474 2586 more
3510 2530 3719 2588 humano,

2187 2621 2364 2676 libera
2398 2623 2657 2693 facultas,
2686 2622 2944 2682 tetendit.
3003 2621 3212 2692 inquit,
3250 2619 3548 2676 funiculum
3579 2631 3720 2678 suum,

2188 2717 2466 2781 quatenus
2513 2713 2822 2766 secundum
2869 2727 3195 2765 mensuram
3255 2709 3572 2764 delictorum
3602 2717 3724 2776 pinna

2187 2800 2513 2870 procederet
2541 2801 2772 2854 ultionis
2812 2817 2823 2853 :
2857 2816 2970 2854 non
3000 2799 3149 2870 quod
3197 2797 3464 2854 Dominus
3502 2791 3725 2865 cogitandi

2187 2887 2394 2942 habeat
2420 2889 2672 2953 affectus,
2704 2889 2800 2943 sed
2830 2894 3024 2943 nostro
3053 2888 3312 2958 loquitur
3329 2901 3432 2940 usu
3459 2903 3471 2936 :
3499 2883 3613 2954 quia
3636 2896 3727 2934 om-

2186 2977 2281 3030 nia
2295 2977 2593 3047 praesentia
2611 2983 2745 3031 sunt
2763 2977 2833 3043 ei,
2849 2983 2907 3031 et
2925 2977 3081 3031 nulla
3099 2976 3383 3046 effugiunt
3409 2975 3523 3044 ejus
3541 2969 3725 3025 notitiae.

2187 3067 2490 3137 Propterea
2517 3072 2570 3120 et
2599 3067 2906 3121 secundum
2934 3065 3349 3137 plenitudinem
3367 3059 3725 3133 impietatiseo-

509 3141 714 3195 dixisse
743 3142 1171 3196 sanctiﬁcationi
1217 3159 1350 3207 sum,
1407 3144 1464 3198 in
1516 3160 1625 3214 quo
1674 3144 1858 3197 omnis
1909 3150 2098 3198 nostra

2183 3172 2330 3220 rum,
2363 3155 2644 3210 funiculus
2666 3162 2929 3210 extensus
2957 3160 3042 3209 est
3070 3153 3487 3225 perditionis.A
3513 3165 3606 3220 qua
3623 3161 3722 3200 sane

508 3231 876 3284 sanctiﬁcatio
931 3238 1140 3296 manet,
1191 3249 1292 3302 pro
1322 3231 1482 3286 nobis
1511 3232 1567 3285 in
1599 3232 1750 3302 ligno
1775 3233 2098 3286 cruciﬁxum

507 3318 678 3373 fuisse
755 3319 954 3390 Sicque
999 3321 1265 3375 accidisse
1295 3321 1442 3392 quod
1469 3321 1671 3375 deﬁet:
1707 3321 1838 3391 quia
1866 3321 2102 3375 tradidit

507 3425 700 3462 muros
729 3409 971 3463 turrium
1003 3411 1124 3480 ejus
1152 3409 1208 3463 in
1257 3427 1426 3464 manu
1456 3410 1686 3473 inimici,
1719 3411 1941 3481 quando
1971 3427 2102 3481 apo-

507 3498 697 3560 stolos,
732 3499 828 3569 qui
851 3499 998 3552 muri
1029 3505 1178 3553 recte
1199 3500 1523 3564 creduntur,
1552 3500 1794 3554 turrium
1816 3501 1955 3570 ejus,
1989 3516 2098 3553 ca:-

505 3592 756 3641 terorum
788 3587 997 3643 scilicet
1014 3596 1355 3654 sanctorum,
1387 3589 1622 3643 tradidit
1641 3589 1698 3643 in
1723 3589 2096 3643 tentationem

503 3674 734 3744 inimici,
783 3677 879 3748 qui
936 3694 1030 3732 eos
1060 3677 1366 3749 expetierat
1411 3679 1555 3732 sicut
1588 3677 1837 3731 triticum
1887 3677 1956 3730 ad
1989 3677 2100 3731 cri-

501 3763 778 3819 brandum
812 3768 958 3832 (Luc.
991 3773 1142 3834 xxn),
1195 3773 1251 3821 et
1278 3767 1382 3821 nisi
1415 3784 1514 3838 pro
1538 3767 1619 3821 eis
1665 3773 1875 3820 orasset
1908 3771 2100 3836 pastor

503 3851 702 3919 bonus,
727 3870 760 3907 a
789 3855 898 3909 ﬁde
922 3855 1198 3923 lassati,in
1213 3857 1335 3926 ejus
1364 3856 1487 3910 victi
1517 3861 1873 3910 remanerent
1904 3871 2090 3908 manu.

505 3941 665 4005 Quod
680 3948 867 3996 autem
886 3944 1143 4014 sequitur
1167 3963 1177 3998 :
1213 3946 1353 4012 Quia
1370 3946 1638 3998 dederunt
1660 3961 1836 3997 vocem
1858 3946 1921 3996 in
1941 3945 2098 3996 domo

501 4031 729 4086 Domini
741 4035 881 4086 sicut
905 4036 967 4086 in
987 4035 1074 4088 die
1093 4035 1536 4095 solcmni,nullus
1549 4034 1771 4104 ignorat
1789 4032 2096 4103 legentium

503 4119 887 4190 Evangelium,
943 4128 1155 4192 quanta
1181 4123 1430 4177 confusio
1461 4129 1595 4177 tunc
1646 4123 1814 4177 fuerit
1842 4123 1900 4176 in
1930 4123 2096 4176 domo

505 4207 749 4273 Domini,
772 4215 983 4277 quanta
1002 4211 1061 4264 in
1093 4211 1251 4265 atriis
1273 4217 1330 4265 et
1350 4212 1404 4265 in
1433 4213 1648 4282 plateis,
1684 4218 2007 4282 quantaque
2035 4211 2095 4264 in

504 4297 626 4348 tota
652 4295 875 4350 civitate
896 4297 993 4350 illa
1019 4317 1029 4351 :
1091 4300 1401 4368 praesertim
1424 4317 1550 4354 cum
1583 4307 1731 4355 esset
1752 4301 1871 4354 dies
1900 4300 2098 4354 solem-

502 4385 608 4450 nis,
643 4386 740 4439 sed
770 4402 884 4440 non
911 4385 980 4439 de
1005 4386 1103 4440 illa
1131 4387 1564 4453 meditabantur,
1589 4389 1686 4459 qui
1714 4406 1874 4443 voces
1891 4388 2102 4442 dabant

2181 3244 2496 3314 perditione
2518 3244 2742 3304 dicitur,
2765 3245 2912 3315 quod
2935 3260 3045 3298 non
3066 3243 3339 3297 averterit
3367 3255 3576 3294 manum
3600 3250 3722 3290 suam

2183 3333 2359 3386 donec
2388 3333 2469 3386 eis
2499 3334 2569 3388 ad
2591 3350 2910 3387 mensuram
2936 3337 3136 3387 cuncta
3167 3329 3512 3402 rependerit:
3529 3328 3596 3380 ita
3621 3327 3723 3379 utet

2183 3421 2239 3474 in
2271 3422 2520 3476 funiculo
2549 3422 2980 3485 distributionis,
3021 3421 3289 3476 inimicus
3316 3419 3416 3473 sibi
3442 3424 3625 3471 terram
3656 3427 3722 3464 eo-

2181 3527 2308 3564 rum
2339 3517 2488 3564 sorte
2519 3511 2788 3565 diviserit.
2815 3511 2980 3566 Unde
3009 3516 3066 3564 et
3094 3510 3151 3563 in
3185 3507 3470 3582 prophetis
3493 3503 3608 3561 alibi
3633 3502 3721 3572 ipsa

2181 3599 2488 3669 eademque
2520 3615 2720 3653 manus
2752 3599 2904 3669 (quia
2933 3598 3013 3652 illi
3043 3613 3154 3652 non
3195 3605 3230 3662 |
3251 3602 3434 3662 38$
3457 3595 3722 3649 convertun-

2178 3693 2275 3740 tur
2316 3687 2500 3741 adhuc
2551 3689 2758 3758 legitur
2801 3693 3045 3742 extenta.
3094 3688 3217 3741 Hoc
3264 3685 3464 3757 quippe
3506 3687 3581 3736 est
3610 3673 3720 3748 quod

2181 3775 2486 3846 plangitur,
2501 3776 2633 3846 quia
2643 3793 2754 3830 non
2775 3777 2974 3830 avertit
2995 3791 3228 3829 manum
3253 3790 3410 3828 suam
3423 3767 3719 3843 aperditione

2181 3880 2394 3927 eorum,
2421 3871 2482 3919 ut
2512 3865 2571 3918 in
2599 3865 2783 3918 sinum
2815 3881 2910 3919 eos
2936 3869 3228 3918 revocaret
3255 3879 3369 3918 suae
3397 3852 3715 3932 protectionis,

2180 3968 2250 4006 ne
2279 3953 2385 4022 ipsi
2431 3959 2552 4007 tota
2601 3953 2691 4007 die
2744 3953 2890 4006 inter
2917 3957 3132 4023 gentes,
3165 3969 3234 4006 ac
3266 3953 3314 4006 si
3361 3964 3545 4005 manus
3583 3937 3717 4010 Moysi

2179 4046 2422 4100 extenta.
2445 4041 2651 4112 leprosi
2685 4049 2742 4096 et
2764 4041 3039 4096 immundi
3055 4045 3339 4112 parerent.
3366 4039 3535 4099 Luxit,
3558 4027 3714 4100 inquit»

2177 4134 2545 4193 antemurate,
2570 4135 2618 4184 et
2650 4146 2847 4183 murus
2873 4132 3088 4198 pariter
3116 4131 3414 4197 dissipatus
3435 4131 3520 4179 est.
3537 4118 3714 4177 Lusisse

2178 4222 2369 4270 autem
2397 4219 2748 4272 antemurale
2776 4218 2988 4289 tropice
3015 4216 3243 4280 dicitur,
3272 4232 3336 4269 eo
3357 4213 3492 4285 quod
3518 4208 3712 4262 videntes

2180 4321 2240 4358 se
2265 4306 2655 4362 recedentibus
2682 4307 2915 4377 angelis,
2936 4322 3176 4377 quorum
3197 4303 3519 4360 servabatur
3537 4291 3710 4352 auxilio,

2179 4392 2438 4463 lugentes
2469 4394 2687 4451 fecerit.
2741 4394 2850 4449 Sed
2879 4395 3078 4448 melius
3127 4393 3201 4447 ad
3245 4397 3487 4446 nostram
3517 4385 3626 4440 Sion
3651 4393 3712 4432 re-

503 4474 713 4546 ubique
769 4475 1093 4539 altissimas,
1152 4482 1210 4530 et
1257 4477 1516 4531 confusas
1577 4479 1818 4532 clamore
1878 4463 2376 4550 plenas.Dfertur,
2411 4483 2630 4552 quoties
2654 4483 2924 4538 Dominus
2943 4499 3112 4554 super
3133 4499 3261 4537 eam
3284 4478 3567 4535 funiculum
3592 4484 3710 4525 men-

502 4564 645 4618 Hinc
682 4581 904 4636 quoque
935 4565 1109 4620 Isaias
1161 4566 1230 4620 de
1262 4566 1588 4637 Synagoga:
1627 4568 1957 4636 Exspectavi,
1993 4567 2092 4634 ait,

503 4658 566 4706 ut
595 4656 796 4720 faceret
812 4657 1118 4721 judicium,
1149 4661 1197 4709 et
1218 4672 1329 4710 ecce
1353 4659 1564 4710 clamor
1585 4657 1721 4728 (Isa.
1754 4663 1827 4718 ν).
1856 4663 1888 4721 Ι
1907 4662 2030 4722 38
2049 4664 2083 4721 I

501 4740 610 4804 Qui
663 4742 908 4811 profecto
965 4745 1175 4799 clamor
1237 4746 1355 4815 jam
1402 4751 1538 4800 tunc
1580 4746 1639 4799 in
1685 4745 1916 4799 auribus
1965 4762 2094 4816 pro-

501 4830 804 4900 phetarum
857 4848 1147 4888 resonasse
1188 4835 1454 4889 creditur.
1509 4835 1874 4906 Tr0pologice
1940 4850 2089 4898 vero,

501 4919 560 4976 in
588 4920 779 4974 anima
807 4923 1012 4992 repulit
1042 4925 1311 4980 Dominus
1337 4926 1516 4979 altare
1555 4925 1972 4995 suum,quando
1997 4942 2097 4979 ara

500 5009 684 5064 cordis
708 5009 861 5063 intus
901 5011 1243 5080 profanatur,
1277 5019 1334 5068 et
1360 5015 1735 5084 prostituitur,
1781 5020 1844 5068 ut
1883 5013 2095 5084 polluta

497 5099 573 5155 sit
583 5115 740 5154 mens
753 5103 810 5153 et
830 5098 1167 5154 conscientia
1183 5102 1454 5170 ejus.Non
1481 5103 1628 5157 enim
1651 5101 1782 5156 alibi
1803 5107 2093 5172 acceptum

497 5188 614 5244 Deo
664 5189 998 5244 sacriﬁcium
1042 5190 1292 5244 oﬁ'ertur.
1337 5191 1417 5245 De
1463 5208 1572 5262 quo
1607 5191 1818 5246 David:
1872 5191 2095 5258 Sacriﬁ-

497 5280 648 5333 cium
703 5281 825 5345 Deo,
878 5278 1082 5350 inquit,
1115 5282 1346 5346 spiritus
1388 5284 1812 5346 contribulatus,
1848 5298 1941 5335 cor
1971 5298 2096 5335 con-

499 5370 700 5420 tritum
753 5372 802 5420 et
840 5370 1206 5422 humitiatum
1238 5369 1377 5422 Deus
1432 5384 1543 5422 non
1581 5374 1792 5439 spernit
1821 5373 1983 5434 (Psal.
2016 5374 2090 5438 L).

499 5454 609 5510 Sed
639 5471 765 5508 cum
795 5473 895 5510 ara
945 5457 1127 5512 cordis
1181 5455 1252 5511 ab
1281 5456 1588 5512 immundis
1618 5458 1909 5531 spiritibus
1940 5460 2094 5515 intus

497 5543 934 5612 contaminatur,
984 5562 1096 5600 non
1153 5545 1609 5602 inconvenienter
1662 5563 1776 5603 una
1803 5564 1928 5603 cum
1970 5549 2092 5620 ipso

499 5632 770 5693 sacriﬁcio
823 5635 972 5711 quod
1019 5635 1332 5712 repellitur,
1367 5633 1589 5694 etiamsi
1637 5645 1694 5694 et
1725 5637 2090 5696 sanctiﬁcatio

2177 4586 2322 4624 surae
2344 4577 2699 4642 peccatorum
2720 4578 3038 4626 nostrorum
3063 4576 3120 4625 et
3137 4585 3390 4624 normam
3409 4555 3710 4621 districtionis

2172 4663 2371 4733 judicii
2413 4663 2684 4728 extendit,
2718 4669 2783 4717 ut
2823 4663 3132 4717 secundum
3190 4662 3390 4715 merita
3437 4655 3708 4710 delictorum

2177 4752 2423 4806 Ecclesia
2452 4750 2752 4821 afﬁigatur.
2787 4752 2931 4805 Hinc
2959 4757 3045 4805 est
3080 4749 3229 4822 quod
3272 4749 3572 4818 frequenter
3595 4733 3705 4791 muri

2177 4841 2318 4908 ejus,
2354 4841 2673 4895 defensores
2709 4839 2967 4894 videlicet
3004 4845 3061 4893 et
3113 4850 3372 4895 rectores.
3404 4829 3703 4902 dissipantur:

2177 4945 2302 4982 cum
2335 4935 2432 4984 aut
2461 4945 2561 5000 per
2586 4935 2825 4983 mortem
2845 4927 3202 4982 immaturius
3229 4924 3617 4981 subtrahuntur,
3632 4912 3705 5000 alii

2176 5018 2423 5072 viventes
2451 4995 2698 5072 hostium
2714 5015 3232 5089 impugnatiouibus
3252 5013 3601 5069 destruuntur.
3621 4995 3704 5054 Sed

2175 5107 2310 5178 quia
2333 5109 2488 5177 justo
2508 5106 2608 5161 Dei
2631 5108 2695 5160 ﬁt
2713 5106 2944 5176 judicio,
2973 5122 3202 5160 manum
3222 5119 3376 5158 suam
3400 5117 3432 5154 a
3450 5090 3702 5170 perditione

2175 5211 2370 5250 eorum
2413 5195 2508 5267 qui
2560 5200 2830 5250 corruunt
2871 5211 2984 5249 non
3031 5200 3280 5248 avertere
3319 5189 3619 5260 deploratur.
3652 5187 3700 5226 θο

2177 5285 2325 5356 quod
2348 5284 2482 5338 urbs
2503 5284 2848 5338 fortitudinis
2867 5291 3070 5338 nostrae
3098 5281 3374 5337 multoties
3393 5277 3574 5332 oﬁ‘enso
3593 5267 3696 5362 Det.»

2181 5389 2294 5428 non
2321 5374 2507 5428 minus
2530 5373 2600 5426 ab
2628 5371 2998 5427 invisibilibus
3022 5372 3275 5434 interius,
3299 5382 3455 5440 quam
3480 5366 3529 5416 et
3551 5374 3580 5411 a
3596 5365 3696 5440 Vis}-

2178 5461 2384 5517 bilibus
2417 5461 2661 5517 exterius
2690 5461 3031 5516 devastatur.
3065 5461 3194 5516 Haec
3220 5437 3567 5541 esu—inquam.

2174 5551 2524 5606 fortitudinis
2552 5556 2776 5614 nostrae,
2811 5549 2870 5603 in
2902 5565 3013 5620 qua
3040 5549 3306 5611 Salvator,
3331 5546 3478 5614 juxta
3514 5537 3691 5620 Isaiam:

2173 5641 2466 5717 ponendus
2516 5640 2851 5698 decantatur
2891 5619 3088 5698 murus
3142 5643 3199 5698 et
3239 5626 3554 5694 (internuntia
3591 5619 3686 5689 (Ιεαο
