3960 6168
270 270 397 328 1191

942 264 1324 326 EXPOSITIO
1363 270 1440 324 IN
1479 267 2087 325 LAMENTATIONES
2124 268 2470 324 JEREMIE.
2517 299 2579 309 —
2623 268 2757 324 LIB.
2807 269 2878 323 ll.

3397 270 3536 328 “2'2

261 401 426 463 xxvi).
465 394 575 452 Sed
605 410 718 452 non
755 393 1040 450 immerito
1093 394 1298 450 luxisse
1357 395 1645 466 plangitur
1673 395 1729 449 in
1769 394 2112 466 hacAluget
2125 395 2493 457 antemurale,
2518 394 2656 448 ﬁdes
2675 393 2931 448 videlicet
2949 409 3061 464 qua
3080 393 3258 449 credit
3287 395 3541 452 futurum

256 484 718 558 peregrinatione
744 489 958 541 nostra.
977 483 1110 537 dum
1125 483 1393 554 lugubres
1421 490 1478 537 et
1499 485 1754 554 lugentes
1767 500 1869 538 nos

256 574 531 638 insinuat,
567 590 633 627 eo
659 573 809 642 quod
857 571 916 625 in
945 571 1105 626 nobis
1151 573 1316 627 Moab
1369 573 1580 627 scilicet
1603 573 1673 626 de
1711 580 1869 644 patre

255 663 499 718 necdum
530 668 615 716 est
639 660 967 715 humiliatus
988 665 1046 714 et
1065 661 1338 716 contritus
1367 678 1546 732 usque
1578 663 1646 716 ad
1676 663 1868 734 pulve-

253 768 402 816 rem,
437 751 644 805 nostris
674 748 778 804 sub
807 749 1043 820 pedibus
1072 750 1447 805 conculcatus.
1472 751 1738 821 Alioquin
1761 751 1867 804 nisi

253 840 426 895 Moab
454 839 560 894 sub
581 838 819 910 pedibus
847 837 1104 892 Ecclesiae
1132 845 1474 904 conteratur,
1507 856 1864 910 nequaquam

252 929 317 984 in
349 945 417 983 ea
446 935 598 983 recte
625 927 906 982 canticum
931 927 1081 980 istud
1102 933 1380 982 cantatur.
1401 929 1558 983 Unde
1579 936 1636 983 et
1655 929 1830 982 sancti
1851 946 1861 981 :

255 1017 552 1082 Quomodo,
605 1014 890 1085 inquiunt,
926 1017 1278 1068 cantabimus
1318 1021 1598 1070 canticum
1641 1019 1868 1071 Domini

251 1107 322 1158 in
345 1109 500 1158 terra
530 1107 634 1158 alie
647 1119 723 1156 na
755 1106 923 1170 (Psat.
949 1117 1067 1166 xm,
1103 1103 1161 1173 6)
1195 1120 1207 1158 :
1240 1121 1484 1176 namque
1512 1112 1664 1159 terra
1690 1113 1792 1171 est,
1809 1107 1866 1160 in

253 1209 372 1264 qua
400 1193 469 1248 de
500 1198 661 1264 patre
690 1192 913 1246 diabolo
943 1191 1102 1246 Moab
1131 1193 1314 1248 adhuc
1343 1211 1446 1248 nec
1488 1194 1737 1248 devictus
1775 1211 1864 1248 re-

1951 485 2051 538 Dei
2074 485 2348 555 judicium
2389 490 2447 538 et
2486 482 2878 537 contremiscet
2910 499 2920 534 :
2956 498 3058 535 nec
3084 488 3274 537 tamen
3304 485 3443 540 adeo
3483 504 3542 542 se

1950 574 2115 638 valet,
2140 573 2392 628 hostibus
2407 574 2526 643 jam
2548 572 2817 642 exposita,
2838 571 3098 642 expedire
3117 573 3200 625 vel
3222 573 3537 630 defendere:

1950 678 2062 716 non
2089 663 2235 732 quod
2265 663 2314 716 ei
2336 663 2488 716 locus
2510 678 2622 714 non
2659 665 2849 731 pateat
2874 661 3213 730 ptenitentia:
3251 662 3383 716 dum
3413 647 3547 718 vivi-

1951 756 2064 816 tur,
2092 751 2186 804 sed
2211 751 2343 822 quia
2371 750 2575 821 impius
2626 750 2684 802 in
2733 749 3072 820 profundum
3117 751 3393 805 malorum
3416 769 3545 807 cum

1948 841 2181 902 venerit,
2206 839 2547 894 contremuit
2574 841 2750 906 (Prov.
2770 844 2948 906 xvm).
2971 838 3129 902 Quod
3157 855 3392 894 cernens
3421 859 3547 912 pro-

1948 928 2139 998 pheta,
2164 929 2346 999 plorat
2375 927 2728 981 amarissime
2766 928 3013 998 profecto
3038 941 3050 974 :
3084 927 3217 997 quia
3241 929 3394 983 videt
3420 931 3544 986 ani-

1947 1032 2096 1069 mam
2123 1016 2420 1070 virtutibus
2449 1015 2795 1076 destitutam,
2828 1031 3016 1085 quam,
3043 1016 3201 1086 prius
3231 1035 3398 1088 quam
3421 1037 3545 1091 pec-

1949 1110 2121 1167 caret,
2176 1105 2422 1157 ﬁuminis
2452 1104 2694 1174 impetus
2725 1103 3041 1158 ltetiﬁcabat
3069 1105 3229 1174 quasi
3260 1107 3541 1162 civitatem

1948 1193 2049 1247 Dei
2072 1195 2238 1247 (Psal.
2258 1191 2404 1262 xm).
2422 1193 2500 1245 De
2520 1209 2630 1262 qua
2651 1193 3227 1263 prophetacecinerat,
3249 1197 3396 1266 quod
3419 1197 3542 1251 Sal-

249 1290 414 1353 gnat.
447 1282 580 1336 Ideo
601 1282 808 1335 luxisse
847 1282 1200 1335 antemurale
1229 1283 1349 1347 eius
1370 1284 1499 1353 jure
1530 1284 1848 1354 plangitur:
1937 1286 2096 1335 vator
2113 1287 2354 1351 ponetur
2383 1281 2438 1334 in
2467 1297 2534 1334 ea
2553 1297 2748 1334 murus
2782 1288 2838 1334 et
2863 1283 3230 1348 antemurale,
3258 1283 3540 1360 habitans,

252 1370 394 1440 quia
415 1375 597 1423 totum
627 1370 699 1423 ad
729 1374 898 1440 caput
916 1369 1176 1434 refertur,
1203 1371 1475 1441 quidquid
1503 1372 1561 1424 in
1593 1371 1854 1425 membris
1946 1387 2048 1441 per
2060 1371 2227 1424 ﬁdem
2243 1370 2298 1424 in
2313 1369 2574 1424 cordibus
2586 1369 3012 1442 nostris(Ephes.
3033 1373 3306 1438 m).Nunc
3327 1391 3456 1428 vero
3471 1374 3542 1430 ab

253 1456 567 1528 lugendum
599 1457 1072 1512 invenitur.Unde
1093 1466 1151 1514 et
1169 1475 1367 1513 murus
1389 1459 1692 1530 dissipatus
1708 1459 1865 1530 plan-
1947 1458 2202 1512 hostibus
2226 1466 2258 1523 Ι
2278 1465 2462 1524 384
2478 1457 2725 1520 obsessa,
2739 1475 2840 1529 pro
2855 1459 3116 1513 cautione
3135 1460 3341 1516 laetitiae
3361 1464 3540 1517 solum

249 1545 433 1616 gitur,
464 1545 688 1616 quoties
735 1546 861 1617 ipsa
907 1546 1095 1601 divino
1151 1549 1356 1602 auxilio
1386 1548 1675 1603 desolatur
1707 1567 1719 1601 ε
1751 1564 1864 1602 non
1946 1547 2005 1601 in
2031 1563 2096 1601 ea
2125 1547 2476 1601 antemurale
2497 1547 2672 1617 luget,
2723 1547 2870 1618 quod
2899 1547 3180 1601 destinata
3200 1548 3273 1602 sit
3299 1550 3366 1602 ad
3399 1551 3542 1605 infe-

252 1634 409 1705 quod
439 1634 617 1688 muris
646 1633 908 1706 dissipari
937 1642 1126 1706 queat,
1161 1637 1256 1690 sed
1280 1638 1412 1708 quia
1438 1637 1712 1707 protectio
1741 1638 1864 1706 ejus
1947 1652 2058 1700 ros,
2092 1635 2187 1690 ubi
2218 1642 2304 1690 est
2331 1635 2682 1706 inexpiabilis
2736 1636 2920 1690 luctus
2971 1641 3030 1690 et
3055 1636 3263 1690 stridor
3289 1637 3544 1694 dentium

255 1738 328 1776 ex
357 1739 444 1788 ea,
477 1722 657 1794 culpis
683 1724 1140 1793 congruentibus,
1164 1726 1472 1780 auferatur.
1507 1727 1650 1779 Nam
1677 1733 1734 1779 et
1753 1712 1928 1780 Do-B
1946 1725 2068 1779 sine
2081 1727 2192 1779 ﬁne
2213 1725 2505 1780 habendus
2523 1726 2737 1790 (Matth.
2766 1740 2890 1787 vm;
2929 1727 3208 1794 Luc.xm).
3236 1727 3539 1798 Sequitur:

253 1811 448 1866 minus
465 1811 689 1882 quando
709 1813 1018 1883 perituram
1038 1813 1266 1884 lugebat
1279 1815 1610 1879 Jerusalem,
1636 1815 1826 1869 dicens
1845 1833 1856 1868 :
2653 1831 2814 1868 rara.

251 1901 322 1956 Si
349 1903 679 1968 cognovisses
708 1906 756 1955 et
778 1907 839 1955 tu
868 1904 1017 1970 (Luc.
1049 1917 1181 1968 χιχ),
1215 1909 1320 1956 etc.
1355 1903 1500 1966 Quid
1517 1903 1669 1958 aliud
1693 1919 1860 1974 quam
2017 1904 2212 1970 Deﬁa‘z
2239 1907 2373 1956 sunt
2402 1905 2466 1956 in
2506 1908 2656 1956 terra
2683 1909 2852 1970 portae
2881 1906 2996 1971 ejus
3024 1923 3039 1957 :
3072 1906 3319 1972 perdidit
3349 1912 3398 1960 et
3422 1923 3545 1961 con-

254 1990 616 2044 antemurale
645 1991 766 2060 ejus
792 1990 1000 2045 ﬁebat?
1031 1991 1140 2046 Sed
1162 1991 1296 2062 quia
1323 1991 1584 2062 indignos
1613 2009 1674 2046 se
1695 1991 1862 2046 facie-
1948 1993 2104 2044 trivit
2133 1996 2299 2044 vectes
2337 1995 2476 2059 ejus,
2492 2007 2640 2057 rcges
2660 1995 2777 2060 ejus
2799 1997 2852 2043 et
2876 1995 3157 2061 principes
3184 1997 3298 2061 ejus
3329 1998 3391 2048 in
3417 2011 3545 2063 gen-

249 2077 396 2132 bant
455 2077 600 2132 tanti
642 2078 992 2144 muniminis,
1025 2079 1401 2150 transpositus
1439 2088 1524 2134 est
1559 2081 1627 2134 ad
1666 2086 1863 2152 gentes
1948 2081 2110 2133 tibus.
2144 2081 2265 2134 Non
2289 2086 2364 2134 est
2404 2083 2510 2143 lex,
2563 2085 2611 2133 et
2632 2081 2902 2148 propheta
2925 2085 3040 2149 eius
3070 2098 3181 2135 non
3207 2085 3545 2137 invenerunt

252 2165 538 2233 Salvator,
571 2167 732 2237 quasi
761 2168 1133 2234 antemurale,
1157 2167 1255 2238 qui
1283 2167 1388 2222 scit
1406 2170 1648 2240 compati
1665 2177 1722 2223 et
1735 2185 1863 2223 con-
1944 2171 2211 2222 visionem
2264 2185 2299 2221 a
2337 2170 2586 2222 Domino.
2646 2170 2814 2222 Juxta
2869 2169 3180 2234 historiam,
3215 2188 3316 2241 per
3352 2179 3542 2242 portas

253 2252 453 2309 dolere
476 2255 683 2310 nostris
700 2255 1140 2322 inﬁrmitatibus,
1159 2262 1217 2310 et
1239 2256 1418 2310 factus
1449 2265 1535 2311 est
1562 2257 1723 2312 nobis
1743 2274 1864 2312 mu-
1948 2258 2160 2312 deﬁxas
2199 2257 2255 2311 in
2317 2263 2471 2311 terra
2536 2262 2593 2310 et
2656 2264 2838 2312 vectes
2876 2259 3122 2328 perditos
3161 2265 3216 2313 et
3249 2261 3538 2323 contritas,

251 2344 1865 2417 rus.Moraliterautem,Dominuscogitavitdissiparemu—
1947 2347 2206 2400 doctores
2239 2347 2549 2417 Synagogae
2576 2345 2660 2400 vel
2716 2347 3038 2401 defensores
3081 2348 3200 2402 vult
3228 2343 3560 2414 ostendere,’

248 2449 383 2488 rum
405 2433 531 2488 ﬁliae
552 2433 704 2498 Sion,
725 2433 782 2487 id
797 2438 885 2488 est
905 2434 1125 2500 animm,
1152 2449 1275 2503 quae
1302 2439 1542 2500 [333
1564 2435 1867 2489 ﬁlianomi-
1949 2436 2044 2506 qui
2081 2441 2328 2490 mentem
2376 2435 2433 2489 in
2492 2435 2733 2489 terrenis
2771 2436 3016 2491 ﬁxerunt
3057 2435 3243 2502 rebus,
3290 2438 3545 2510 dissipati

252 2527 449 2588 natur,
475 2528 538 2576 ut
557 2522 615 2576 in
638 2522 864 2576 Psalmo
883 2523 1140 2577 canitur:
1166 2522 1336 2588 Audi,
1353 2525 1858 2590 ﬁtia,etvide(Psal.
1946 2531 2080 2578 sunt
2111 2530 2168 2578 et
2199 2524 2446 2578 contriti.
2480 2524 2690 2593 Regem
2731 2525 2853 2594 ejus
2907 2530 2964 2578 et
3013 2525 3290 2596 principes
3331 2527 3452 2596 ejus
3481 2527 3540 2582 in

254 2616 434 2678 XLIV).
451 2611 560 2665 Sed
584 2611 718 2681 quia
747 2611 896 2665 videt
923 2627 1045 2664 eam
1078 2610 1351 2664 Dominus
1380 2611 1449 2665 de
1463 2629 1591 2666 arce
1611 2619 1862 2666 contem-
1943 2612 2225 2683 gentibus,
2258 2613 2500 2684 idipsum
2532 2619 2786 2683 repetere
2815 2612 3053 2677 videtur,
3086 2621 3151 2668 ut
3193 2631 3294 2685 per
3329 2622 3542 2686 portas,

256 2699 528 2774 plationis
553 2716 667 2754 suae
697 2700 769 2754 ad
799 2700 916 2754 ima
944 2701 1174 2755 tendere
1232 2717 1296 2755 ac
1336 2702 1678 2771 refrigerari,
1709 2702 1862 2772 cogi-
1944 2719 2104 2772 reges
2153 2701 2560 2771 intelligantur,
2611 2707 2668 2755 et
2711 2718 2811 2772 per
2855 2708 3055 2762 vectes,
3095 2703 3374 2774 principes
3435 2705 3544 2768 Qui

257 2789 407 2844 tavit
434 2789 708 2859 dissipare
735 2805 961 2844 murum
992 2791 1134 2860 ejus,
1157 2807 1262 2844 nec
1287 2797 1476 2845 tamen
1511 2791 1681 2845 libere
1709 2791 1866 2860 (licet
1945 2792 2112 2845 simul
2143 2807 2338 2844 omnes
2368 2790 2636 2844 confracti
2663 2796 2720 2844 et
2749 2791 2952 2860 perditi
2981 2799 3115 2845 sunt
3164 2792 3219 2845 in
3259 2793 3539 2862 gentibus,

260 2877 458 2932 omnia
481 2877 635 2932 nuda
672 2877 786 2932 sint
815 2878 865 2931 ei
904 2885 961 2932 et
989 2884 1209 2949 aperta)
1232 2879 1408 2933 donec
1436 2879 1633 2934 tendat
1652 2880 1865 2934 funicu-
1946 2887 2115 2952 atque
2142 2881 2298 2950 quasi
2349 2880 2405 2933 in
2453 2886 2606 2934 terra
2639 2879 2824 2943 deﬁxi,
2859 2896 2960 2933 nec
2987 2881 3232 2934 valentes
3263 2881 3443 2936 redire
3471 2881 3543 2935 ad

255 2966 381 3021 lum
415 2983 599 3031 suum,
623 2972 681 3021 et
696 2967 876 3021 videat
906 2968 1067 3038 cujus
1092 2983 1358 3022 mensura
1377 2968 1459 3021 vel
1483 2967 1728 3038 pondere
1760 2985 1863 3039 pu-
1887 3027 1927 3040 Α
1947 2985 2096 3034 eum,
2131 2985 2298 3040 quem
2329 2984 2398 3022 ex
2439 2969 2560 3038 lege
2600 2968 3001 3038 repromissum
3034 2970 3317 3039 suscipere
3347 2971 3542 3024 nolue-

257 3055 473 3110 nienda
490 3027 604 3110 sint
620 3027 1059 3128 uniuscujusque
1080 3063 1322 3129 peccata.
1349 3027 1602 3111 Prinium
1635 3027 1861 3127 quidem
1881 3027 2097 3114 Crunt;
2132 3027 2288 3122 Quod
2322 3027 2524 3112 auten;
2542 3027 2696 3120 dicit,
2733 3074 2844 3111 non
2871 3064 2943 3111 est
2977 3059 3076 3121 lex,
3112 3027 3203 3111 vel
3234 3057 3359 3110 ideo
3387 3057 3540 3123 dicit,

254 3143 554 3212 deliberat,
586 3151 651 3200 ut
677 3146 910 3200 facultas
940 3146 1016 3200 sit
1064 3147 1264 3200 animae
1292 3145 1562 3200 redeundi
1592 3145 1662 3198 ad
1692 3145 1864 3216 poeni-
1947 3148 2081 3219 quia
2107 3153 2460 3201 concremata
2481 3153 2568 3200 est
2596 3163 2630 3200 a
2669 3145 2963 3209 Chaldaeis,
2999 3145 3082 3200 vel
3113 3147 3245 3217 quia
3289 3145 3399 3200 illis
3423 3147 3542 3216 jam

254 3235 523 3301 tentiam,
555 3243 613 3289 et
639 3235 851 3306 cogitat
877 3242 1156 3306 quatenus
1175 3243 1232 3290 et
1257 3235 1380 3306 ipsa
1426 3241 1727 3305 antequam
1755 3234 1865 3288 dis-
1947 3238 2102 3292 nulla
2129 3243 2232 3303 est,
2255 3253 2320 3292 eo
2342 3237 2490 3308 quod
2515 3237 2574 3290 in
2603 3235 2881 3300 omnibus,
2913 3235 3121 3290 omisso
3151 3236 3392 3302 Christo,
3427 3237 3544 3291 vio-

253 3325 480 3396 sipetur
507 3325 683 3379 muris
711 3325 906 3379 auxilii
934 3327 1077 3396 ejus,
1110 3325 1180 3379 de
1209 3341 1269 3380 se
1299 3325 1571 3394 recogitet
1607 3323 1865 3378 extendi-
1948 3326 2064 3380 lata
2095 3334 2181 3380 est
2207 3332 2265 3380 et
2285 3326 2587 3390 destructa,
2620 3326 2678 3378 in
2708 3332 2949 3386 tantum,
2978 3333 3042 3380 ut
3064 3327 3186 3395 jam
3229 3326 3348 3394 ejus
3395 3326 3545 3397 apud

254 3418 356 3470 tur
375 3415 658 3470 funiculus
686 3432 856 3486 super
879 3432 1004 3470 eam
1027 3417 1147 3485 jam
1169 3421 1380 3486 quanta
1392 3414 1506 3468 sint
1521 3415 1643 3484 ejus
1661 3413 1866 3468 delicta
1947 3415 2168 3470 Judaeos
2204 3415 2358 3469 nulla
2380 3415 2454 3468 sit
2468 3413 2802 3468 observatio.
2825 3413 2932 3468 Sed
2955 3420 3012 3467 et
3027 3415 3314 3484 prophetae
3331 3415 3541 3469 nullam

257 3503 347 3558 vel
369 3503 577 3574 qualia,
601 3503 648 3556 si
669 3503 946 3574 quomodo
974 3503 1272 3571 intelligat.
1299 3503 1396 3558 Sin
1426 3509 1617 3556 autem
1649 3501 1866 3556 noverit
1945 3504 2207 3574 deinceps
2237 3511 2566 3574 repererunt
2589 3503 2854 3557 visionem
2880 3519 2912 3556 a
2932 3503 3186 3566 Domino,
3206 3503 3338 3574 quia
3358 3504 3541 3576 ipsum

258 3592 413 3664 quod
436 3608 548 3646 non
596 3593 800 3646 avertit
845 3609 1075 3647 manum
1103 3592 1334 3646 ultionis
1370 3609 1484 3646 suae
1521 3591 1792 3646 Dominus
1830 3608 1862 3645 a
1945 3609 2138 3646 verum
2168 3591 2542 3662 legislatorem
2583 3597 2640 3644 et
2671 3591 2971 3644 Dominum
3014 3591 3435 3661 praphetarum,
3477 3592 3547 3646 de

258 3682 597 3754 perditione,
621 3688 678 3736 et
700 3683 805 3737 hoc
827 3689 913 3736 est
929 3682 1076 3754 quod
1097 3681 1384 3752 sequitur:
1421 3684 1585 3737 Luxit
1604 3686 1862 3736 antemu-
1945 3698 2055 3754 quo
2083 3682 2169 3736 lex
2195 3687 2252 3735 et
2281 3680 2564 3752 prophetae
2608 3696 2785 3750 usque
2815 3679 2885 3732 ad
2917 3679 3188 3734 Joannem
3221 3679 3548 3734 cecinerunt

262 3775 403 3838 rate,
437 3777 485 3826 et
518 3773 817 3840 dissipatus
846 3778 919 3826 est
935 3788 1135 3825 murus
1161 3776 1276 3840 ejus
1318 3770 1435 3825 Hoc
1463 3770 1634 3840 igitur
1657 3769 1864 3840 cogita-
1943 3772 2164 3834 (Matth.
2190 3770 2286 3839 x1),
2307 3768 2736 3840 praesentialiter
2764 3768 2834 3822 ad
2854 3785 2913 3822 se
2954 3769 3274 3822 venientem
3297 3769 3546 3840 recipere

261 3868 424 3916 verat
448 3860 742 3926 Dominus,
774 3860 1012 3914 necdum
1033 3860 1229 3926 libere,
1254 3860 1348 3914 sed
1371 3867 1629 3914 scrutans
1649 3867 1706 3914 et
1734 3878 1862 3931 per-
1944 3864 2420 3931 contempserunt.
2443 3855 3021 3929 Spiritualiterautem
3042 3875 3052 3909 :
3076 3855 3356 3928 Propheta
3368 3859 3548 3928 gemit

258 3955 513 4004 tractans
541 3967 606 4003 ac
662 3949 996 4017 deliberans,
1027 3955 1091 4004 ut
1139 3956 1197 4004 et
1246 3949 1605 4004 convertendi
1632 3950 1862 4003 daretur
1942 3966 2112 4020 super
2137 3948 2456 4011 Ecclesiam,
2490 3948 2603 4001 imo
2629 3946 2753 4017 ipsa
2781 3945 2836 3999 in
2863 3945 2978 4000 suis
3005 3962 3232 4016 gemere
3254 3946 3543 4016 probatur,

260 4039 516 4095 libertas.
548 4039 652 4094 Illa
680 4056 810 4094 vero
831 4041 965 4111 quia
989 4039 1187 4099 noluit.
1219 4057 1322 4094 nec
1350 4041 1467 4111 ipse
1509 4039 1704 4094 avertit
1738 4057 1858 4094 ma-
1943 4039 2093 4109 quod
2124 4043 2297 4109 portae
2325 4039 2447 4108 ejus
2486 4037 2680 4091 deﬁxae
2709 4042 2888 4098 sunt..
2913 4035 3170 4090 doctores
3215 4036 3470 4091 videlicet
3490 4042 3548 4091 et

261 4145 402 4185 num
423 4146 459 4183 a
476 4129 810 4200 perditione,
833 4129 930 4184 sed
951 4129 1009 4184 in
1033 4131 1164 4194 ﬁne,
1200 4128 1645 4184 excrescentibus
1678 4129 1858 4194 malis,
1946 4127 2294 4198 magistri,in
2323 4125 2527 4196 quibus
2560 4125 2726 4180 clavis
2756 4124 2994 4179 vertitur
3011 4125 3256 4180 scientiae
3285 4127 3339 4179 in
3369 4133 3542 4194 terra,

261 4219 576 4292 dissipatur
604 4237 799 4275 murus
828 4221 952 4291 ejus
972 4220 1242 4290 undique,
1276 4226 1334 4273 et
1360 4218 1458 4272 illa
1495 4218 1757 4290 diripitur
1794 4217 1864 4272 ab
1946 4217 2079 4270 dum
2110 4214 2426 4270 carnalibus
2455 4221 2512 4269 et
2542 4214 2778 4268 terrenis
2805 4221 3152 4286 occupantur
3171 4215 3448 4286 operibus.
3466 4215 3546 4270 De

260 4309 541 4364 hostibus.
574 4310 815 4364 Videant
843 4310 938 4381 qui
982 4316 1194 4364 temere
1231 4309 1299 4363 de
1343 4307 1579 4378 singulis
1617 4305 2150 4403 indimrquuibus
2173 4305 2293 4376 jam
2319 4321 2488 4376 supra
2519 4304 2826 4375 planxerat.
2848 4305 2994 4376 quod
3021 4295 3318 4359 destructa:
3339 4309 3544 4371 essent,

262 4416 382 4455 non
402 4403 682 4464 metuunt,
709 4415 891 4469 neque
910 4397 1310 4453 voluntcausas
1331 4395 1676 4468 perpendere
1701 4414 1712 4448 :
1737 4412 1864 4450 cum
1882 4392 1926 4403 “’
1949 4412 2099 4450 nunc
2126 4411 2256 4448 vero
2282 4392 2492 4464 aliquid
2526 4393 2704 4464 magis
2729 4394 2898 4459 dolet,
2950 4393 3081 4465 quia
3106 4393 3298 4448 deﬁxae
3327 4400 3461 4448 sunt
3489 4394 3548 4448 in

261 4487 386 4558 ipse
402 4487 676 4542 Dominus
697 4504 798 4559 per
817 4503 876 4541 se
897 4503 1011 4541 non
1039 4486 1250 4558 absque
1285 4502 1550 4540 mensura
1573 4491 1631 4539 et
1655 4485 1867 4540 delibe-

262 4577 488 4631 ratione
517 4577 724 4630 dicitur
752 4575 959 4630 inferre
973 4575 1278 4646 judicium:
1306 4577 1466 4645 cujus
1493 4591 1728 4629 examen
1757 4590 1868 4628 non

262 4671 454 4738 potest
502 4666 753 4720 humana
807 4665 1083 4736 fragilitas
1139 4665 1578 4736 apprehendere,
1606 4664 1664 4718 in
1711 4663 1871 4734 cujus

262 4754 518 4826 profecto
559 4754 810 4819 arbitrio,
865 4760 923 4808 et
976 4754 1305 4823 magnitudo
1352 4770 1644 4825 penarum
1699 4761 1786 4807 est
1816 4759 1874 4806 et

263 4859 556 4898 mensura.
599 4843 760 4907 Quod
790 4848 978 4898 autem
1030 4843 1221 4914 lugere
1263 4842 1471 4898 dicitur
1497 4842 1867 4907 antemurale,

263 4933 539 5005 dissipato
567 4933 769 4989 animae
797 4949 979 5000 muro,
1009 4933 1148 4987 ﬁdes
1177 4938 1264 4988 est
1295 4952 1305 4986 :
1339 4950 1452 4988 non
1480 4932 1576 4987 illa
1614 4949 1735 5004 quae
1775 4947 1873 5003 per

265 5023 628 5078 dilectionem
657 5029 942 5095 operatur,
970 5023 1068 5078 sed
1102 5039 1214 5094 qua
1249 5023 1529 5077 daemones
1557 5022 1793 5076 credunt
1819 5026 1875 5074 et

268 5112 712 5167 contremiscunt
737 5116 866 5182 (Jac.
899 5117 981 5182 ιι).
1023 5113 1130 5168 Per
1163 5129 1332 5184 quam
1363 5113 1552 5183 itaque
1575 5109 1740 5166 ﬁdem
1771 5126 1872 5164 an-

269 5206 501 5272 tequam
533 5218 728 5256 murus
760 5203 882 5273 ejus
931 5201 1321 5274 dissiparetur,
1351 5201 1621 5256 virtutum
1659 5198 1876 5254 scilicet

271 5297 606 5346 ceterarum
649 5292 1010 5358 constructio,
1044 5299 1168 5347 erat
1211 5292 1262 5346 ei
1293 5291 1546 5347 Christus
1585 5307 1780 5345 murus
1817 5294 1875 5344 et

273 5381 646 5445 antemurale,
676 5398 776 5452 per
800 5381 1057 5436 eamdem
1081 5382 1247 5435 ﬁdem
1265 5379 1320 5435 in
1339 5381 1530 5435 anima
1548 5379 1866 5434 collocatus.

276 5469 388 5525 Sed
427 5469 561 5541 quia
597 5470 780 5525 noluit
838 5469 1029 5525 infelix
1086 5470 1372 5525 custodem
1410 5476 1466 5524 et
1522 5469 1870 5525 defensorem

276 5558 568 5617 Christum
614 5559 840 5628 habere,
880 5560 1226 5633 dissipantur
1266 5559 1538 5617 virtutum
1585 5574 1772 5632 Opera,
1813 5563 1873 5614 et

1949 4489 2122 4538 terra.
2156 4483 2314 4547 Quod
2337 4483 2485 4537 enim
2516 4481 2747 4536 inﬁxum
2779 4488 2882 4547 est,
2917 4499 3028 4536 non
3068 4481 3230 4536 facile
3267 4487 3543 4536 movetur.

1953 4572 2022 4628 Et
2049 4572 2180 4626 hinc
2209 4577 2297 4626 est
2323 4570 2471 4642 quod
2511 4569 2693 4624 David
2715 4571 2770 4625 in
2796 4571 3028 4625 Psalmis
3053 4577 3179 4625 orat
3211 4589 3222 4622 :
3267 4571 3430 4639 Eripe
3461 4587 3546 4625 me

1952 4664 2015 4716 de
2045 4665 2180 4726 luto,
2203 4666 2262 4714 ut
2295 4677 2405 4714 non
2426 4662 2634 4727 inﬁgar
2668 4661 2832 4726 (Psal.
2864 4659 3068 4730 Lxxul).
3093 4659 3371 4724 Quoniam
3401 4660 3551 4732 quod

1953 4751 2186 4805 inﬁxum
2202 4755 2306 4815 est,
2326 4755 2388 4803 ut
2402 4748 2533 4813 dixi,
2578 4764 2690 4802 non
2713 4748 2872 4802 facile
2885 4749 3196 4803 resolvitur.
3225 4749 3324 4803 Vel
3360 4749 3550 4804 nescio

1954 4837 2001 4894 si
2018 4838 2291 4894 removeri
2321 4843 2507 4908 queat,
2532 4836 2639 4890 nisi
2662 4836 2730 4891 ab
2753 4853 2818 4891 eo
2837 4837 2925 4892 cui
2941 4837 3146 4892 cedunt
3172 4837 3362 4894 omnia
3396 4846 3554 4895 ante-

1957 4946 2125 5002 quam
2149 4927 2601 4997 demergatur,ut
2618 4931 2817 4997 urgeat
2826 4942 2993 4998 super
3003 4942 3130 4982 eum
3145 4934 3346 5000 puteus
3363 4929 3553 5002 abyssi

1955 5037 2016 5074 os
2037 5035 2202 5074 suum
2231 5018 2412 5086 (Apoc.
2453 5013 2552 5086 Ix).
2589 5015 2762 5069 Porro
2792 5021 2973 5069 vectes
3008 5017 3210 5088 perditi
3239 5025 3296 5072 et
3323 5019 3549 5072 contriti

1955 5110 2118 5168 ﬁunt,
2145 5104 2435 5178 quandohi
2458 5105 2552 5176 qui
2583 5104 2781 5159 divinae
2798 5102 2937 5176 legis
2962 5107 3168 5174 januas
3190 5107 3547 5161 credentibus

1955 5197 2174 5271 aperire
2187 5197 2270 5250 vel
2283 5213 2391 5250 non
2406 5195 2763 5249 credentibus
2779 5193 3039 5250 obserare
3053 5195 3469 5259 debuerant,vel
3490 5195 3548 5250 in

1955 5287 2191 5342 circulos
2221 5283 2517 5340 intromitti
2547 5285 2616 5338 ad
2665 5284 2852 5339 divina
2898 5285 3166 5356 mysteria
3196 5284 3546 5355 perferenda,

1953 5374 2339 5430 haereticorum
2368 5377 2736 5427 conteruntur
2766 5373 2992 5437 viribus,
3031 5373 3113 5426 vel
3143 5372 3260 5426 suis
3317 5375 3550 5444 perditis

1953 5465 2330 5536 depravantur
2359 5461 2626 5518 moribus.
2652 5462 2864 5527 Quibus
2893 5462 3086 5516 deﬁxis
3117 5468 3174 5515 et
3206 5463 3460 5516 contritis
3490 5464 3547 5516 in

1962 5559 2208 5626 [395
2231 5552 2364 5610 limo
2393 5551 2604 5612 terreni
2631 5552 2913 5623 desiderii,
2941 5551 3112 5612 etiam
3141 5551 3250 5625 ipsi
3276 5568 3455 5624 reges,
3479 5551 3546 5608 de
