  <div class='ocr_page' id='page_1' title='image "/cluster/home/n/w/nwhite01/storage/ocr_20150623/120/hvd.32044054759824/567.png"; bbox 0 0 3960 6168; ppageno 0'>
   <div class='ocr_carea' id='block_1_1' title="bbox 474 270 3677 342">
    <p class='ocr_par' dir='ltr' id='par_1_1' title="bbox 474 270 3677 342">
     <span class='ocr_line' id='line_1_1' title="bbox 474 270 3677 342; baseline -0.002 -8"><span class='ocrx_word' id='word_1_1' title='bbox 474 276 608 334; x_wconf 70' lang='grc'><strong>1123</strong></span> <span class='ocrx_word' id='word_1_2' title='bbox 1230 275 1285 326; x_wconf 83' lang='lat' dir='ltr'><strong>S:</strong></span> <span class='ocrx_word' id='word_1_3' title='bbox 1327 270 1706 328; x_wconf 79' lang='lat' dir='ltr'><strong>PASCHASII</strong></span> <span class='ocrx_word' id='word_1_4' title='bbox 1746 270 2106 329; x_wconf 84' lang='lat' dir='ltr'><strong>RADBERTI</strong></span> <span class='ocrx_word' id='word_1_5' title='bbox 2144 273 2451 332; x_wconf 81' lang='lat' dir='ltr'><strong>ABBATIS</strong></span> <span class='ocrx_word' id='word_1_6' title='bbox 2488 273 2987 334; x_wconf 80' lang='lat' dir='ltr'><strong>CORBEIENSIS.</strong></span> <span class='ocrx_word' id='word_1_7' title='bbox 3555 285 3677 342; x_wconf 55' lang='lat'><strong>1125</strong></span> 
     </span>
    </p>
   </div>
   <div class='ocr_carea' id='block_1_2' title="bbox 468 397 3680 480">
    <p class='ocr_par' dir='ltr' id='par_1_2' title="bbox 468 397 3680 480">
     <span class='ocr_line' id='line_1_2' title="bbox 468 397 3680 480; baseline 0.001 -18"><span class='ocrx_word' id='word_1_8' title='bbox 468 405 670 480; x_wconf 86' lang='lat' dir='ltr'><strong>quibus</strong></span> <span class='ocrx_word' id='word_1_9' title='bbox 693 406 814 477; x_wconf 89' lang='lat' dir='ltr'><strong>jam</strong></span> <span class='ocrx_word' id='word_1_10' title='bbox 843 417 1016 474; x_wconf 83' lang='lat' dir='ltr'><strong>supra</strong></span> <span class='ocrx_word' id='word_1_11' title='bbox 1038 400 1173 469; x_wconf 82' lang='lat' dir='ltr'>dixi,</span> <span class='ocrx_word' id='word_1_12' title='bbox 1216 406 1274 455; x_wconf 91' lang='lat' dir='ltr'><strong>et</strong></span> <span class='ocrx_word' id='word_1_13' title='bbox 1299 399 1577 471; x_wconf 71' lang='lat' dir='ltr'><strong>principes</strong></span> <span class='ocrx_word' id='word_1_14' title='bbox 1604 399 1661 452; x_wconf 91' lang='lat' dir='ltr'><strong>in</strong></span> <span class='ocrx_word' id='word_1_15' title='bbox 1691 397 1840 453; x_wconf 80' lang='lat' dir='ltr'>vitiis</span> <span class='ocrx_word' id='word_1_16' title='bbox 1867 401 2125 460; x_wconf 81' lang='lat' dir='ltr'><strong>carna-A</strong></span> <span class='ocrx_word' id='word_1_17' title='bbox 2147 401 2275 456; x_wconf 89' lang='lat' dir='ltr'><strong>licet</strong></span> <span class='ocrx_word' id='word_1_18' title='bbox 2302 418 2563 474; x_wconf 86' lang='lat' dir='ltr'><strong>percussa</strong></span> <span class='ocrx_word' id='word_1_19' title='bbox 2583 402 2653 456; x_wconf 87' lang='lat' dir='ltr'><strong>ab</strong></span> <span class='ocrx_word' id='word_1_20' title='bbox 2683 401 2936 458; x_wconf 87' lang='lat' dir='ltr'><strong>hostibus</strong></span> <span class='ocrx_word' id='word_1_21' title='bbox 2963 407 3020 456; x_wconf 91' lang='lat' dir='ltr'><strong>et</strong></span> <span class='ocrx_word' id='word_1_22' title='bbox 3063 402 3377 459; x_wconf 77' lang='lat' dir='ltr'><strong>custodibus</strong></span> <span class='ocrx_word' id='word_1_23' title='bbox 3411 406 3561 477; x_wconf 84' lang='lat' dir='ltr'><strong>hujus</strong></span> <span class='ocrx_word' id='word_1_24' title='bbox 3593 427 3680 465; x_wconf 62' lang='lat' dir='ltr'><strong>ste-</strong></span> 
     </span>
    </p>
   </div>
   <div class='ocr_carea' id='block_1_3' title="bbox 467 488 3680 566">
    <p class='ocr_par' dir='ltr' id='par_1_3' title="bbox 467 488 3680 566">
     <span class='ocr_line' id='line_1_3' title="bbox 467 488 3680 566; baseline 0 -14"><span class='ocrx_word' id='word_1_25' title='bbox 467 498 536 552; x_wconf 91' lang='lat' dir='ltr'><strong>lis</strong></span> <span class='ocrx_word' id='word_1_26' title='bbox 561 497 685 551; x_wconf 77' lang='lat' dir='ltr'><strong>vitae</strong></span> <span class='ocrx_word' id='word_1_27' title='bbox 714 494 874 566; x_wconf 88' lang='lat' dir='ltr'><strong>quasi</strong></span> <span class='ocrx_word' id='word_1_28' title='bbox 906 494 964 548; x_wconf 90' lang='lat' dir='ltr'><strong>in</strong></span> <span class='ocrx_word' id='word_1_29' title='bbox 987 491 1251 564; x_wconf 83' lang='lat' dir='ltr'><strong>gentibus</strong></span> <span class='ocrx_word' id='word_1_30' title='bbox 1284 490 1654 561; x_wconf 87' lang='lat' dir='ltr'><strong>captivantur.</strong></span> <span class='ocrx_word' id='word_1_31' title='bbox 1685 488 1844 552; x_wconf 88' lang='lat' dir='ltr'><strong>Quod</strong></span> <span class='ocrx_word' id='word_1_32' title='bbox 1869 495 2060 543; x_wconf 90' lang='lat' dir='ltr'><strong>autem</strong></span> <span class='ocrx_word' id='word_1_33' title='bbox 2143 491 2250 546; x_wconf 92' lang='lat' dir='ltr'><strong>culi</strong></span> <span class='ocrx_word' id='word_1_34' title='bbox 2278 493 2589 556; x_wconf 87' lang='lat' dir='ltr'><strong>vulnerata,</strong></span> <span class='ocrx_word' id='word_1_35' title='bbox 2617 509 2831 547; x_wconf 88' lang='lat' dir='ltr'><strong>necnon</strong></span> <span class='ocrx_word' id='word_1_36' title='bbox 2854 499 2909 546; x_wconf 91' lang='lat' dir='ltr'><strong>et</strong></span> <span class='ocrx_word' id='word_1_37' title='bbox 2934 493 3236 563; x_wconf 71' lang='lat' dir='ltr'><strong>eitspoliato</strong></span> <span class='ocrx_word' id='word_1_38' title='bbox 3273 495 3430 565; x_wconf 86' lang='lat' dir='ltr'><strong>pallio</strong></span> <span class='ocrx_word' id='word_1_39' title='bbox 3467 498 3680 566; x_wconf 65' lang='lat' dir='ltr'><strong>justitia,</strong></span> 
     </span>
    </p>
   </div>
   <div class='ocr_carea' id='block_1_4' title="bbox 465 578 3685 657">
    <p class='ocr_par' dir='ltr' id='par_1_4' title="bbox 465 578 3685 657">
     <span class='ocr_line' id='line_1_4' title="bbox 465 578 3685 657; baseline 0 -16"><span class='ocrx_word' id='word_1_40' title='bbox 465 586 618 650; x_wconf 86' lang='lat' dir='ltr'><strong>dicit,</strong></span> <span class='ocrx_word' id='word_1_41' title='bbox 654 585 787 657; x_wconf 90' lang='lat' dir='ltr'><strong>quia</strong></span> <span class='ocrx_word' id='word_1_42' title='bbox 812 601 922 638; x_wconf 86' lang='lat' dir='ltr'><strong>non</strong></span> <span class='ocrx_word' id='word_1_43' title='bbox 943 586 1017 636; x_wconf 86' lang='lat' dir='ltr'><strong>est</strong></span> <span class='ocrx_word' id='word_1_44' title='bbox 1043 585 1146 646; x_wconf 69' lang='lat' dir='ltr'><strong>lea,</strong></span> <span class='ocrx_word' id='word_1_45' title='bbox 1179 597 1288 634; x_wconf 91' lang='lat' dir='ltr'><strong>non</strong></span> <span class='ocrx_word' id='word_1_46' title='bbox 1319 579 1444 632; x_wconf 90' lang='lat' dir='ltr'><strong>ideo</strong></span> <span class='ocrx_word' id='word_1_47' title='bbox 1473 578 1617 649; x_wconf 92' lang='lat' dir='ltr'><strong>quod</strong></span> <span class='ocrx_word' id='word_1_48' title='bbox 1642 593 1754 632; x_wconf 91' lang='lat' dir='ltr'><strong>non</strong></span> <span class='ocrx_word' id='word_1_49' title='bbox 1800 579 1874 633; x_wconf 88' lang='lat' dir='ltr'><strong>sit</strong></span> <span class='ocrx_word' id='word_1_50' title='bbox 1901 578 2062 649; x_wconf 90' lang='lat' dir='ltr'><strong>spiri-</strong></span> <span class='ocrx_word' id='word_1_51' title='bbox 2143 582 2408 636; x_wconf 84' lang='lat' dir='ltr'><strong>ardenter</strong></span> <span class='ocrx_word' id='word_1_52' title='bbox 2436 583 2678 652; x_wconf 87' lang='lat' dir='ltr'><strong>adjurat,</strong></span> <span class='ocrx_word' id='word_1_53' title='bbox 2714 582 2904 636; x_wconf 91' lang='lat' dir='ltr'><strong>dicens</strong></span> <span class='ocrx_word' id='word_1_54' title='bbox 2936 583 3182 650; x_wconf 79' lang='lat' dir='ltr'><strong>:Adjuro</strong></span> <span class='ocrx_word' id='word_1_55' title='bbox 3211 599 3316 648; x_wconf 79' lang='lat' dir='ltr'><strong>ros,</strong></span> <span class='ocrx_word' id='word_1_56' title='bbox 3351 583 3536 655; x_wconf 79' lang='lat' dir='ltr'><strong>inquit,</strong></span> <span class='ocrx_word' id='word_1_57' title='bbox 3581 591 3685 653; x_wconf 63' lang='lat' dir='ltr'><strong>ﬁlia</strong></span> 
     </span>
    </p>
   </div>
   <div class='ocr_carea' id='block_1_5' title="bbox 464 667 3687 744">
    <p class='ocr_par' dir='ltr' id='par_1_5' title="bbox 464 667 3687 744">
     <span class='ocr_line' id='line_1_5' title="bbox 464 667 3687 744; baseline -0 -13"><span class='ocrx_word' id='word_1_58' title='bbox 464 676 653 740; x_wconf 90' lang='lat' dir='ltr'><strong>tualis,</strong></span> <span class='ocrx_word' id='word_1_59' title='bbox 679 675 776 729; x_wconf 90' lang='lat' dir='ltr'><strong>sed</strong></span> <span class='ocrx_word' id='word_1_60' title='bbox 803 673 935 744; x_wconf 83' lang='lat' dir='ltr'><strong>quia</strong></span> <span class='ocrx_word' id='word_1_61' title='bbox 955 668 1397 726; x_wconf 87' lang='lat' dir='ltr'><strong>excrescentibus</strong></span> <span class='ocrx_word' id='word_1_62' title='bbox 1418 668 1582 721; x_wconf 90' lang='lat' dir='ltr'><strong>malis</strong></span> <span class='ocrx_word' id='word_1_63' title='bbox 1599 668 1746 738; x_wconf 91' lang='lat' dir='ltr'><strong>apud</strong></span> <span class='ocrx_word' id='word_1_64' title='bbox 1778 667 2061 738; x_wconf 88' lang='lat' dir='ltr'><strong>improbos</strong></span> <span class='ocrx_word' id='word_1_65' title='bbox 2140 674 2464 736; x_wconf 80' lang='lat' dir='ltr'><strong>Jerusalem,</strong></span> <span class='ocrx_word' id='word_1_66' title='bbox 2484 675 2533 724; x_wconf 88' lang='lat' dir='ltr'><strong>si</strong></span> <span class='ocrx_word' id='word_1_67' title='bbox 2553 674 2875 725; x_wconf 76' lang='lat' dir='ltr'><strong>inveneritis</strong></span> <span class='ocrx_word' id='word_1_68' title='bbox 2891 672 3151 724; x_wconf 67' lang='lat' dir='ltr'><strong>dilectum</strong></span> <span class='ocrx_word' id='word_1_69' title='bbox 3176 688 3372 736; x_wconf 84' lang='lat' dir='ltr'><strong>meum,</strong></span> <span class='ocrx_word' id='word_1_70' title='bbox 3388 680 3443 726; x_wconf 87' lang='lat' dir='ltr'><strong>ul</strong></span> <span class='ocrx_word' id='word_1_71' title='bbox 3460 679 3687 730; x_wconf 70' lang='lat' dir='ltr'><strong>nuntietis</strong></span> 
     </span>
    </p>
   </div>
   <div class='ocr_carea' id='block_1_6' title="bbox 465 757 3688 835">
    <p class='ocr_par' dir='ltr' id='par_1_6' title="bbox 465 757 3688 835">
     <span class='ocr_line' id='line_1_6' title="bbox 465 757 3688 835; baseline -0.003 -15"><span class='ocrx_word' id='word_1_72' title='bbox 465 781 579 820; x_wconf 87' lang='lat' dir='ltr'><strong>non</strong></span> <span class='ocrx_word' id='word_1_73' title='bbox 610 765 923 835; x_wconf 79' lang='lat' dir='ltr'><strong>imputatur</strong></span> <span class='ocrx_word' id='word_1_74' title='bbox 961 759 1175 831; x_wconf 88' lang='lat' dir='ltr'><strong>aliquid</strong></span> <span class='ocrx_word' id='word_1_75' title='bbox 1205 775 1344 824; x_wconf 89' lang='lat' dir='ltr'><strong>esse,</strong></span> <span class='ocrx_word' id='word_1_76' title='bbox 1373 758 1506 812; x_wconf 87' lang='lat' dir='ltr'><strong>dum</strong></span> <span class='ocrx_word' id='word_1_77' title='bbox 1556 757 1804 827; x_wconf 88' lang='lat' dir='ltr'><strong>cogitant</strong></span> <span class='ocrx_word' id='word_1_78' title='bbox 1842 773 1902 810; x_wconf 91' lang='lat' dir='ltr'><strong>se</strong></span> <span class='ocrx_word' id='word_1_79' title='bbox 1939 757 2061 810; x_wconf 89' lang='lat' dir='ltr'><strong>sine</strong></span> <span class='ocrx_word' id='word_1_80' title='bbox 2142 763 2193 814; x_wconf 91' lang='lat' dir='ltr'><strong>ei</strong></span> <span class='ocrx_word' id='word_1_81' title='bbox 2222 763 2352 829; x_wconf 88' lang='lat' dir='ltr'><strong>quia</strong></span> <span class='ocrx_word' id='word_1_82' title='bbox 2374 777 2562 814; x_wconf 82' lang='lat' dir='ltr'><strong>amore</strong></span> <span class='ocrx_word' id='word_1_83' title='bbox 2592 764 2825 828; x_wconf 82' lang='lat' dir='ltr'><strong>langueo</strong></span> <span class='ocrx_word' id='word_1_84' title='bbox 2850 761 3034 827; x_wconf 79' lang='lat' dir='ltr'><strong>(Ca-nt.</strong></span> <span class='ocrx_word' id='word_1_85' title='bbox 3068 765 3140 826; x_wconf 83' lang='lat' dir='ltr'><strong>v).</strong></span> <span class='ocrx_word' id='word_1_86' title='bbox 3169 761 3281 814; x_wconf 82' lang='lat' dir='ltr'><strong>Has</strong></span> <span class='ocrx_word' id='word_1_87' title='bbox 3309 761 3474 832; x_wconf 79' lang='lat' dir='ltr'><strong>igitur</strong></span> <span class='ocrx_word' id='word_1_88' title='bbox 3498 765 3688 834; x_wconf 68' lang='lat' dir='ltr'><strong>adium.</strong></span> 
     </span>
    </p>
   </div>
   <div class='ocr_carea' id='block_1_7' title="bbox 463 846 3691 926">
    <p class='ocr_par' dir='ltr' id='par_1_7' title="bbox 463 846 3691 926">
     <span class='ocr_line' id='line_1_7' title="bbox 463 846 3691 926; baseline -0 -18"><span class='ocrx_word' id='word_1_89' title='bbox 463 854 604 926; x_wconf 87' lang='lat' dir='ltr'><strong>legis</strong></span> <span class='ocrx_word' id='word_1_90' title='bbox 633 853 875 907; x_wconf 85' lang='lat' dir='ltr'><strong>vindicta</strong></span> <span class='ocrx_word' id='word_1_91' title='bbox 904 866 1131 922; x_wconf 85' lang='lat' dir='ltr'><strong>peccare</strong></span> <span class='ocrx_word' id='word_1_92' title='bbox 1172 849 1334 903; x_wconf 86' lang='lat' dir='ltr'><strong>Tales</strong></span> <span class='ocrx_word' id='word_1_93' title='bbox 1364 848 1570 919; x_wconf 87' lang='lat' dir='ltr'><strong>quippe</strong></span> <span class='ocrx_word' id='word_1_94' title='bbox 1599 847 1853 900; x_wconf 91' lang='lat' dir='ltr'><strong>doctores</strong></span> <span class='ocrx_word' id='word_1_95' title='bbox 1886 846 2062 900; x_wconf 88' lang='lat' dir='ltr'><strong>eccle-</strong></span> <span class='ocrx_word' id='word_1_96' title='bbox 2142 849 2311 903; x_wconf 89' lang='lat' dir='ltr'><strong>trices</strong></span> <span class='ocrx_word' id='word_1_97' title='bbox 2325 865 2465 920; x_wconf 87' lang='lat' dir='ltr'><strong>quas</strong></span> <span class='ocrx_word' id='word_1_98' title='bbox 2483 849 2768 920; x_wconf 83' lang='lat' dir='ltr'><strong>implorat.</strong></span> <span class='ocrx_word' id='word_1_99' title='bbox 2790 865 2899 902; x_wconf 91' lang='lat' dir='ltr'><strong>non</strong></span> <span class='ocrx_word' id='word_1_100' title='bbox 2923 854 3058 919; x_wconf 91' lang='lat' dir='ltr'><strong>puto</strong></span> <span class='ocrx_word' id='word_1_101' title='bbox 3079 849 3225 920; x_wconf 91' lang='lat' dir='ltr'><strong>quod</strong></span> <span class='ocrx_word' id='word_1_102' title='bbox 3261 849 3441 904; x_wconf 89' lang='lat' dir='ltr'><strong>cinere</strong></span> <span class='ocrx_word' id='word_1_103' title='bbox 3475 867 3691 924; x_wconf 85' lang='lat' dir='ltr'><strong>consper-</strong></span> 
     </span>
    </p>
   </div>
   <div class='ocr_carea' id='block_1_8' title="bbox 463 936 3689 1013">
    <p class='ocr_par' dir='ltr' id='par_1_8' title="bbox 463 936 3689 1013">
     <span class='ocr_line' id='line_1_8' title="bbox 463 936 3689 1013; baseline -0 -16"><span class='ocrx_word' id='word_1_104' title='bbox 463 943 695 1008; x_wconf 87' lang='lat' dir='ltr'><strong>siarum,</strong></span> <span class='ocrx_word' id='word_1_105' title='bbox 723 958 786 996; x_wconf 92' lang='lat' dir='ltr'><strong>ac</strong></span> <span class='ocrx_word' id='word_1_106' title='bbox 813 941 1097 1013; x_wconf 66' lang='lat' dir='ltr'><strong>prOphetai</strong></span> <span class='ocrx_word' id='word_1_107' title='bbox 1147 938 1466 993; x_wconf 70' lang='lat' dir='ltr'><strong>Iudaeorum</strong></span> <span class='ocrx_word' id='word_1_108' title='bbox 1499 936 1767 990; x_wconf 84' lang='lat' dir='ltr'><strong>visionem</strong></span> <span class='ocrx_word' id='word_1_109' title='bbox 1799 952 1909 989; x_wconf 85' lang='lat' dir='ltr'><strong>non</strong></span> <span class='ocrx_word' id='word_1_110' title='bbox 1941 951 2061 988; x_wconf 90' lang='lat' dir='ltr'><strong>me-</strong></span> <span class='ocrx_word' id='word_1_111' title='bbox 2143 955 2253 1003; x_wconf 89' lang='lat' dir='ltr'><strong>sas,</strong></span> <span class='ocrx_word' id='word_1_112' title='bbox 2277 944 2376 992; x_wconf 87' lang='lat' dir='ltr'><strong>aut</strong></span> <span class='ocrx_word' id='word_1_113' title='bbox 2391 937 2804 992; x_wconf 87' lang='lat' dir='ltr'><strong>cilicioindutas</strong></span> <span class='ocrx_word' id='word_1_114' title='bbox 2819 938 3029 1000; x_wconf 86' lang='lat' dir='ltr'><strong>credat,</strong></span> <span class='ocrx_word' id='word_1_115' title='bbox 3053 954 3194 1008; x_wconf 86' lang='lat' dir='ltr'><strong>quas</strong></span> <span class='ocrx_word' id='word_1_116' title='bbox 3220 955 3330 992; x_wconf 93' lang='lat' dir='ltr'><strong>non</strong></span> <span class='ocrx_word' id='word_1_117' title='bbox 3359 939 3562 995; x_wconf 82' lang='lat' dir='ltr'><strong>dubitat</strong></span> <span class='ocrx_word' id='word_1_118' title='bbox 3586 957 3689 996; x_wconf 84' lang='lat' dir='ltr'><strong>cum</strong></span> 
     </span>
    </p>
   </div>
   <div class='ocr_carea' id='block_1_9' title="bbox 463 1024 3690 1101">
    <p class='ocr_par' dir='ltr' id='par_1_9' title="bbox 463 1024 3690 1101">
     <span class='ocr_line' id='line_1_9' title="bbox 463 1024 3690 1101; baseline -0.004 -15"><span class='ocrx_word' id='word_1_119' title='bbox 463 1041 660 1086; x_wconf 88' lang='lat' dir='ltr'><strong>rentur</strong></span> <span class='ocrx_word' id='word_1_120' title='bbox 689 1031 886 1086; x_wconf 70' lang='lat' dir='ltr'><strong>divinae</strong></span> <span class='ocrx_word' id='word_1_121' title='bbox 914 1028 1320 1101; x_wconf 85' lang='lat' dir='ltr'><strong>inspirationis,</strong></span> <span class='ocrx_word' id='word_1_122' title='bbox 1348 1034 1412 1082; x_wconf 89' lang='lat' dir='ltr'><strong>ut</strong></span> <span class='ocrx_word' id='word_1_123' title='bbox 1445 1033 1593 1080; x_wconf 90' lang='lat' dir='ltr'><strong>recte</strong></span> <span class='ocrx_word' id='word_1_124' title='bbox 1619 1025 1858 1079; x_wconf 87' lang='lat' dir='ltr'><strong>doceant</strong></span> <span class='ocrx_word' id='word_1_125' title='bbox 1885 1024 1943 1077; x_wconf 91' lang='lat' dir='ltr'><strong>in</strong></span> <span class='ocrx_word' id='word_1_126' title='bbox 1972 1024 2061 1078; x_wconf 89' lang='lat' dir='ltr'><strong>fu-</strong></span> <span class='ocrx_word' id='word_1_127' title='bbox 2141 1045 2346 1100; x_wconf 83' lang='lat' dir='ltr'><strong>sponso</strong></span> <span class='ocrx_word' id='word_1_128' title='bbox 2375 1043 2538 1099; x_wconf 84' lang='lat' dir='ltr'><strong>posse</strong></span> <span class='ocrx_word' id='word_1_129' title='bbox 2567 1027 2932 1082; x_wconf 78' lang='lat' dir='ltr'><strong>confabulari.</strong></span> <span class='ocrx_word' id='word_1_130' title='bbox 2966 1026 3252 1098; x_wconf 77' lang='lat' dir='ltr'><strong>Alioquin,</strong></span> <span class='ocrx_word' id='word_1_131' title='bbox 3283 1028 3390 1081; x_wconf 78' lang='lat' dir='ltr'><strong>nisi</strong></span> <span class='ocrx_word' id='word_1_132' title='bbox 3409 1029 3690 1086; x_wconf 61' lang='lat' dir='ltr'><strong>excelsiores</strong></span> 
     </span>
    </p>
   </div>
   <div class='ocr_carea' id='block_1_10' title="bbox 464 1115 3691 1190">
    <p class='ocr_par' dir='ltr' id='par_1_10' title="bbox 464 1115 3691 1190">
     <span class='ocr_line' id='line_1_10' title="bbox 464 1115 3691 1190; baseline 0 -17"><span class='ocrx_word' id='word_1_133' title='bbox 464 1120 624 1187; x_wconf 90' lang='lat' dir='ltr'><strong>turis,</strong></span> <span class='ocrx_word' id='word_1_134' title='bbox 659 1119 753 1190; x_wconf 93' lang='lat' dir='ltr'><strong>qui</strong></span> <span class='ocrx_word' id='word_1_135' title='bbox 785 1136 845 1173; x_wconf 90' lang='lat' dir='ltr'><strong>se</strong></span> <span class='ocrx_word' id='word_1_136' title='bbox 875 1117 1380 1190; x_wconf 69' lang='lat' dir='ltr'><strong>impraesentiarum</strong></span> <span class='ocrx_word' id='word_1_137' title='bbox 1412 1115 1568 1169; x_wconf 88' lang='lat' dir='ltr'><strong>vanis</strong></span> <span class='ocrx_word' id='word_1_138' title='bbox 1589 1121 1645 1169; x_wconf 92' lang='lat' dir='ltr'><strong>et</strong></span> <span class='ocrx_word' id='word_1_139' title='bbox 1664 1115 1846 1186; x_wconf 89' lang='lat' dir='ltr'><strong>pravis</strong></span> <span class='ocrx_word' id='word_1_140' title='bbox 1883 1115 2062 1186; x_wconf 89' lang='lat' dir='ltr'><strong>impli—</strong></span> <span class='ocrx_word' id='word_1_141' title='bbox 2141 1117 2451 1171; x_wconf 81' lang='lat' dir='ltr'><strong>Jerusalem</strong></span> <span class='ocrx_word' id='word_1_142' title='bbox 2479 1117 2622 1171; x_wconf 89' lang='lat' dir='ltr'><strong>ﬁlias</strong></span> <span class='ocrx_word' id='word_1_143' title='bbox 2651 1133 2745 1170; x_wconf 89' lang='lat' dir='ltr'><strong>eas</strong></span> <span class='ocrx_word' id='word_1_144' title='bbox 2773 1115 3132 1186; x_wconf 82' lang='lat' dir='ltr'><strong>intelligeret,</strong></span> <span class='ocrx_word' id='word_1_145' title='bbox 3169 1133 3539 1189; x_wconf 84' lang='lat' dir='ltr'><strong>supernasque</strong></span> <span class='ocrx_word' id='word_1_146' title='bbox 3555 1119 3691 1174; x_wconf 84' lang='lat' dir='ltr'><strong>virtu-</strong></span> 
     </span>
    </p>
   </div>
   <div class='ocr_carea' id='block_1_11' title="bbox 463 1203 3692 1277">
    <p class='ocr_par' dir='ltr' id='par_1_11' title="bbox 463 1203 3692 1277">
     <span class='ocr_line' id='line_1_11' title="bbox 463 1203 3692 1277; baseline 0 -14"><span class='ocrx_word' id='word_1_147' title='bbox 463 1215 596 1263; x_wconf 89' lang='lat' dir='ltr'><strong>cant</strong></span> <span class='ocrx_word' id='word_1_148' title='bbox 624 1209 928 1264; x_wconf 90' lang='lat' dir='ltr'><strong>erroribus.</strong></span> <span class='ocrx_word' id='word_1_149' title='bbox 957 1207 1275 1263; x_wconf 89' lang='lat' dir='ltr'><strong>Secundum</strong></span> <span class='ocrx_word' id='word_1_150' title='bbox 1302 1205 1672 1277; x_wconf 88' lang='lat' dir='ltr'><strong>tropologiam</strong></span> <span class='ocrx_word' id='word_1_151' title='bbox 1702 1203 2058 1267; x_wconf 86' lang='lat' dir='ltr'><strong>vero,anima</strong></span> <span class='ocrx_word' id='word_1_152' title='bbox 2138 1213 2223 1261; x_wconf 86' lang='lat' dir='ltr'><strong>tes</strong></span> <span class='ocrx_word' id='word_1_153' title='bbox 2253 1213 2310 1260; x_wconf 92' lang='lat' dir='ltr'><strong>et</strong></span> <span class='ocrx_word' id='word_1_154' title='bbox 2338 1212 2656 1260; x_wconf 88' lang='lat' dir='ltr'><strong>sanctorum</strong></span> <span class='ocrx_word' id='word_1_155' title='bbox 2679 1205 3002 1260; x_wconf 90' lang='lat' dir='ltr'><strong>sublimium</strong></span> <span class='ocrx_word' id='word_1_156' title='bbox 3036 1205 3275 1272; x_wconf 88' lang='lat' dir='ltr'><strong>animas,</strong></span> <span class='ocrx_word' id='word_1_157' title='bbox 3301 1222 3571 1277; x_wconf 87' lang='lat' dir='ltr'><strong>nunquam</strong></span> <span class='ocrx_word' id='word_1_158' title='bbox 3598 1215 3692 1263; x_wconf 85' lang='lat' dir='ltr'><strong>tam</strong></span> 
     </span>
    </p>
   </div>
   <div class='ocr_carea' id='block_1_12' title="bbox 455 1293 3692 1370">
    <p class='ocr_par' dir='ltr' id='par_1_12' title="bbox 455 1293 3692 1370">
     <span class='ocr_line' id='line_1_12' title="bbox 455 1293 3692 1370; baseline -0.001 -16"><span class='ocrx_word' id='word_1_159' title='bbox 455 1301 586 1370; x_wconf 86' lang='lat' dir='ltr'><strong>jure</strong></span> <span class='ocrx_word' id='word_1_160' title='bbox 606 1299 911 1370; x_wconf 85' lang='lat' dir='ltr'><strong>plangitur,</strong></span> <span class='ocrx_word' id='word_1_161' title='bbox 929 1300 1090 1369; x_wconf 83' lang='lat' dir='ltr'><strong>cujus</strong></span> <span class='ocrx_word' id='word_1_162' title='bbox 1109 1312 1306 1352; x_wconf 85' lang='lat' dir='ltr'><strong>sensus</strong></span> <span class='ocrx_word' id='word_1_163' title='bbox 1333 1296 1496 1350; x_wconf 81' lang='lat' dir='ltr'><strong>deﬁxi</strong></span> <span class='ocrx_word' id='word_1_164' title='bbox 1517 1301 1650 1349; x_wconf 91' lang='lat' dir='ltr'><strong>sunt</strong></span> <span class='ocrx_word' id='word_1_165' title='bbox 1669 1294 1726 1348; x_wconf 91' lang='lat' dir='ltr'><strong>in</strong></span> <span class='ocrx_word' id='word_1_166' title='bbox 1754 1300 1924 1357; x_wconf 90' lang='lat' dir='ltr'><strong>terra,</strong></span> <span class='ocrx_word' id='word_1_167' title='bbox 1957 1293 2059 1348; x_wconf 92' lang='lat' dir='ltr'><strong>sci-</strong></span> <span class='ocrx_word' id='word_1_168' title='bbox 2140 1297 2578 1368; x_wconf 82' lang='lat' dir='ltr'><strong>lacrymabiliter</strong></span> <span class='ocrx_word' id='word_1_169' title='bbox 2602 1313 2697 1350; x_wconf 88' lang='lat' dir='ltr'><strong>eas</strong></span> <span class='ocrx_word' id='word_1_170' title='bbox 2728 1312 2826 1366; x_wconf 91' lang='lat' dir='ltr'><strong>pro</strong></span> <span class='ocrx_word' id='word_1_171' title='bbox 2848 1311 2908 1348; x_wconf 91' lang='lat' dir='ltr'><strong>se</strong></span> <span class='ocrx_word' id='word_1_172' title='bbox 2939 1295 3252 1364; x_wconf 87' lang='lat' dir='ltr'><strong>adjuraret,</strong></span> <span class='ocrx_word' id='word_1_173' title='bbox 3296 1301 3359 1350; x_wconf 91' lang='lat' dir='ltr'><strong>ut</strong></span> <span class='ocrx_word' id='word_1_174' title='bbox 3410 1296 3692 1367; x_wconf 84' lang='lat' dir='ltr'><strong>dignaretur</strong></span> 
     </span>
    </p>
   </div>
   <div class='ocr_carea' id='block_1_13' title="bbox 461 1383 3691 1459">
    <p class='ocr_par' dir='ltr' id='par_1_13' title="bbox 461 1383 3691 1459">
     <span class='ocr_line' id='line_1_13' title="bbox 461 1383 3691 1459; baseline 0 -19"><span class='ocrx_word' id='word_1_175' title='bbox 461 1387 592 1443; x_wconf 89' lang='lat' dir='ltr'><strong>licet</strong></span> <span class='ocrx_word' id='word_1_176' title='bbox 611 1390 667 1442; x_wconf 91' lang='lat' dir='ltr'><strong>in</strong></span> <span class='ocrx_word' id='word_1_177' title='bbox 694 1389 827 1442; x_wconf 92' lang='lat' dir='ltr'><strong>limo</strong></span> <span class='ocrx_word' id='word_1_178' title='bbox 858 1388 1086 1459; x_wconf 88' lang='lat' dir='ltr'><strong>peccati,</strong></span> <span class='ocrx_word' id='word_1_179' title='bbox 1118 1393 1172 1441; x_wconf 91' lang='lat' dir='ltr'><strong>et</strong></span> <span class='ocrx_word' id='word_1_180' title='bbox 1201 1386 1354 1440; x_wconf 90' lang='lat' dir='ltr'><strong>nulla</strong></span> <span class='ocrx_word' id='word_1_181' title='bbox 1385 1391 1468 1440; x_wconf 90' lang='lat' dir='ltr'><strong>est</strong></span> <span class='ocrx_word' id='word_1_182' title='bbox 1497 1383 1765 1438; x_wconf 89' lang='lat' dir='ltr'><strong>virtutum</strong></span> <span class='ocrx_word' id='word_1_183' title='bbox 1795 1383 2058 1438; x_wconf 88' lang='lat' dir='ltr'><strong>substan-</strong></span> <span class='ocrx_word' id='word_1_184' title='bbox 2142 1403 2254 1441; x_wconf 91' lang='lat' dir='ltr'><strong>una</strong></span> <span class='ocrx_word' id='word_1_185' title='bbox 2307 1403 2434 1440; x_wconf 90' lang='lat' dir='ltr'><strong>cum</strong></span> <span class='ocrx_word' id='word_1_186' title='bbox 2474 1384 2967 1440; x_wconf 87' lang='lat' dir='ltr'><strong>intercessionibus</strong></span> <span class='ocrx_word' id='word_1_187' title='bbox 2999 1384 3455 1439; x_wconf 88' lang='lat' dir='ltr'><strong>lamentationem</strong></span> <span class='ocrx_word' id='word_1_188' title='bbox 3491 1387 3567 1440; x_wconf 88' lang='lat' dir='ltr'><strong>sui</strong></span> <span class='ocrx_word' id='word_1_189' title='bbox 3591 1387 3691 1440; x_wconf 88' lang='lat' dir='ltr'><strong>lan-</strong></span> 
     </span>
    </p>
   </div>
   <div class='ocr_carea' id='block_1_14' title="bbox 458 1472 3691 1548">
    <p class='ocr_par' dir='ltr' id='par_1_14' title="bbox 458 1472 3691 1548">
     <span class='ocr_line' id='line_1_14' title="bbox 458 1472 3691 1548; baseline -0 -17"><span class='ocrx_word' id='word_1_190' title='bbox 458 1476 538 1531; x_wconf 90' lang='lat' dir='ltr'><strong>tia</strong></span> <span class='ocrx_word' id='word_1_191' title='bbox 560 1477 860 1545; x_wconf 85' lang='lat' dir='ltr'><strong>evadendi;</strong></span> <span class='ocrx_word' id='word_1_192' title='bbox 894 1493 1036 1548; x_wconf 81' lang='lat' dir='ltr'><strong>quae,</strong></span> <span class='ocrx_word' id='word_1_193' title='bbox 1061 1477 1191 1547; x_wconf 92' lang='lat' dir='ltr'><strong>quia</strong></span> <span class='ocrx_word' id='word_1_194' title='bbox 1210 1492 1311 1547; x_wconf 90' lang='lat' dir='ltr'><strong>per</strong></span> <span class='ocrx_word' id='word_1_195' title='bbox 1329 1480 1623 1546; x_wconf 87' lang='lat' dir='ltr'><strong>angustam</strong></span> <span class='ocrx_word' id='word_1_196' title='bbox 1641 1473 1821 1528; x_wconf 89' lang='lat' dir='ltr'><strong>noluit</strong></span> <span class='ocrx_word' id='word_1_197' title='bbox 1847 1472 2060 1526; x_wconf 89' lang='lat' dir='ltr'><strong>intrare</strong></span> <span class='ocrx_word' id='word_1_198' title='bbox 2140 1476 2332 1547; x_wconf 85' lang='lat' dir='ltr'><strong>guoris</strong></span> <span class='ocrx_word' id='word_1_199' title='bbox 2361 1491 2722 1546; x_wconf 88' lang='lat' dir='ltr'><strong>amoremque</strong></span> <span class='ocrx_word' id='word_1_200' title='bbox 2745 1475 2932 1546; x_wconf 88' lang='lat' dir='ltr'><strong>sponsi</strong></span> <span class='ocrx_word' id='word_1_201' title='bbox 2961 1473 3192 1529; x_wconf 87' lang='lat' dir='ltr'><strong>auribus</strong></span> <span class='ocrx_word' id='word_1_202' title='bbox 3222 1473 3510 1530; x_wconf 86' lang='lat' dir='ltr'><strong>intimare:</strong></span> <span class='ocrx_word' id='word_1_203' title='bbox 3535 1481 3691 1546; x_wconf 61' lang='lat' dir='ltr'><strong>quate</strong></span> 
     </span>
    </p>
   </div>
   <div class='ocr_carea' id='block_1_15' title="bbox 455 1561 3686 1638">
    <p class='ocr_par' dir='ltr' id='par_1_15' title="bbox 455 1561 3686 1638">
     <span class='ocr_line' id='line_1_15' title="bbox 455 1561 3686 1638; baseline -0.001 -18"><span class='ocrx_word' id='word_1_204' title='bbox 455 1567 712 1636; x_wconf 88' lang='lat' dir='ltr'><strong>januam,</strong></span> <span class='ocrx_word' id='word_1_205' title='bbox 745 1575 936 1638; x_wconf 87' lang='lat' dir='ltr'><strong>portas</strong></span> <span class='ocrx_word' id='word_1_206' title='bbox 963 1582 1118 1635; x_wconf 87' lang='lat' dir='ltr'><strong>suas,</strong></span> <span class='ocrx_word' id='word_1_207' title='bbox 1147 1581 1344 1620; x_wconf 89' lang='lat' dir='ltr'><strong>sensus</strong></span> <span class='ocrx_word' id='word_1_208' title='bbox 1399 1563 1674 1627; x_wconf 81' lang='lat' dir='ltr'><strong>videlicet,</strong></span> <span class='ocrx_word' id='word_1_209' title='bbox 1709 1563 1766 1616; x_wconf 90' lang='lat' dir='ltr'><strong>in</strong></span> <span class='ocrx_word' id='word_1_210' title='bbox 1815 1563 2054 1616; x_wconf 87' lang='lat' dir='ltr'><strong>terrenis</strong></span> <span class='ocrx_word' id='word_1_211' title='bbox 2137 1581 2242 1619; x_wconf 91' lang='lat' dir='ltr'><strong>nus</strong></span> <span class='ocrx_word' id='word_1_212' title='bbox 2272 1564 2420 1618; x_wconf 89' lang='lat' dir='ltr'><strong>idem</strong></span> <span class='ocrx_word' id='word_1_213' title='bbox 2443 1569 2723 1618; x_wconf 89' lang='lat' dir='ltr'><strong>errantem</strong></span> <span class='ocrx_word' id='word_1_214' title='bbox 2755 1567 2976 1617; x_wconf 86' lang='lat' dir='ltr'><strong>revocet</strong></span> <span class='ocrx_word' id='word_1_215' title='bbox 3020 1561 3172 1615; x_wconf 91' lang='lat' dir='ltr'><strong>inter</strong></span> <span class='ocrx_word' id='word_1_216' title='bbox 3200 1577 3399 1632; x_wconf 84' lang='lat' dir='ltr'><strong>greges</strong></span> <span class='ocrx_word' id='word_1_217' title='bbox 3436 1562 3686 1625; x_wconf 87' lang='lat' dir='ltr'><strong>sodalium,</strong></span> 
     </span>
    </p>
   </div>
   <div class='ocr_carea' id='block_1_16' title="bbox 459 1651 3691 1726">
    <p class='ocr_par' dir='ltr' id='par_1_16' title="bbox 459 1651 3691 1726">
     <span class='ocr_line' id='line_1_16' title="bbox 459 1651 3691 1726; baseline -0.001 -17"><span class='ocrx_word' id='word_1_218' title='bbox 459 1656 686 1709; x_wconf 86' lang='lat' dir='ltr'><strong>conﬁxit</strong></span> <span class='ocrx_word' id='word_1_219' title='bbox 714 1655 1157 1720; x_wconf 84' lang='lat' dir='ltr'><strong>oblectamentis,</strong></span> <span class='ocrx_word' id='word_1_220' title='bbox 1191 1660 1248 1709; x_wconf 90' lang='lat' dir='ltr'><strong>et</strong></span> <span class='ocrx_word' id='word_1_221' title='bbox 1300 1653 1543 1726; x_wconf 85' lang='lat' dir='ltr'><strong>perdidit</strong></span> <span class='ocrx_word' id='word_1_222' title='bbox 1568 1669 1633 1706; x_wconf 91' lang='lat' dir='ltr'><strong>ac</strong></span> <span class='ocrx_word' id='word_1_223' title='bbox 1673 1651 1932 1706; x_wconf 88' lang='lat' dir='ltr'><strong>contrivit</strong></span> <span class='ocrx_word' id='word_1_224' title='bbox 1966 1668 2101 1726; x_wconf 9' lang='lat' dir='ltr'><strong>ve-ir</strong></span> <span class='ocrx_word' id='word_1_225' title='bbox 2137 1655 2454 1708; x_wconf 90' lang='lat' dir='ltr'><strong>consoletur</strong></span> <span class='ocrx_word' id='word_1_226' title='bbox 2481 1657 2759 1718; x_wconf 70' lang='lat' dir='ltr'><strong>maestam,</strong></span> <span class='ocrx_word' id='word_1_227' title='bbox 2807 1668 3129 1722; x_wconf 89' lang='lat' dir='ltr'><strong>percussam</strong></span> <span class='ocrx_word' id='word_1_228' title='bbox 3174 1651 3383 1706; x_wconf 88' lang='lat' dir='ltr'><strong>relevet</strong></span> <span class='ocrx_word' id='word_1_229' title='bbox 3408 1667 3440 1704; x_wconf 91' lang='lat' dir='ltr'><strong>a</strong></span> <span class='ocrx_word' id='word_1_230' title='bbox 3468 1651 3626 1722; x_wconf 82' lang='lat' dir='ltr'><strong>plaga,</strong></span> <span class='ocrx_word' id='word_1_231' title='bbox 3648 1657 3691 1706; x_wconf 87' lang='lat' dir='ltr'><strong>et</strong></span> 
     </span>
    </p>
   </div>
   <div class='ocr_carea' id='block_1_17' title="bbox 463 1725 3688 1811">
    <p class='ocr_par' dir='ltr' id='par_1_17' title="bbox 463 1725 3688 1811">
     <span class='ocr_line' id='line_1_17' title="bbox 463 1725 3688 1811; baseline -0.001 -14"><span class='ocrx_word' id='word_1_232' title='bbox 463 1750 582 1798; x_wconf 90' lang='lat' dir='ltr'><strong>ctes</strong></span> <span class='ocrx_word' id='word_1_233' title='bbox 613 1751 669 1798; x_wconf 92' lang='lat' dir='ltr'><strong>et</strong></span> <span class='ocrx_word' id='word_1_234' title='bbox 689 1762 843 1799; x_wconf 88' lang='lat' dir='ltr'><strong>seras</strong></span> <span class='ocrx_word' id='word_1_235' title='bbox 866 1744 1158 1806; x_wconf 89' lang='lat' dir='ltr'><strong>virtutum,</strong></span> <span class='ocrx_word' id='word_1_236' title='bbox 1211 1759 1280 1796; x_wconf 92' lang='lat' dir='ltr'><strong>ne</strong></span> <span class='ocrx_word' id='word_1_237' title='bbox 1307 1742 1453 1795; x_wconf 90' lang='lat' dir='ltr'><strong>ullus</strong></span> <span class='ocrx_word' id='word_1_238' title='bbox 1475 1741 1544 1794; x_wconf 91' lang='lat' dir='ltr'><strong>ad</strong></span> <span class='ocrx_word' id='word_1_239' title='bbox 1576 1757 1696 1794; x_wconf 91' lang='lat' dir='ltr'><strong>eam</strong></span> <span class='ocrx_word' id='word_1_240' title='bbox 1730 1740 2052 1794; x_wconf 89' lang='lat' dir='ltr'><strong>immundo-</strong></span> <span class='ocrx_word' id='word_1_241' title='bbox 2073 1725 2119 1785; x_wconf 83' lang='lat' dir='ltr'><strong>B</strong></span> <span class='ocrx_word' id='word_1_242' title='bbox 2137 1752 2298 1799; x_wconf 90' lang='lat' dir='ltr'><strong>sanet</strong></span> <span class='ocrx_word' id='word_1_243' title='bbox 2325 1745 2676 1798; x_wconf 83' lang='lat' dir='ltr'><strong>vulneratam</strong></span> <span class='ocrx_word' id='word_1_244' title='bbox 2701 1758 2802 1796; x_wconf 89' lang='lat' dir='ltr'><strong>suo</strong></span> <span class='ocrx_word' id='word_1_245' title='bbox 2831 1743 3079 1802; x_wconf 88' lang='lat' dir='ltr'><strong>vulnere,</strong></span> <span class='ocrx_word' id='word_1_246' title='bbox 3117 1758 3336 1795; x_wconf 87' lang='lat' dir='ltr'><strong>necnon</strong></span> <span class='ocrx_word' id='word_1_247' title='bbox 3366 1747 3421 1795; x_wconf 89' lang='lat' dir='ltr'><strong>et</strong></span> <span class='ocrx_word' id='word_1_248' title='bbox 3457 1741 3688 1811; x_wconf 80' lang='lat' dir='ltr'><strong>exspolia-</strong></span> 
     </span>
    </p>
   </div>
   <div class='ocr_carea' id='block_1_18' title="bbox 460 1829 3689 1906">
    <p class='ocr_par' dir='ltr' id='par_1_18' title="bbox 460 1829 3689 1906">
     <span class='ocr_line' id='line_1_18' title="bbox 460 1829 3689 1906; baseline -0.002 -18"><span class='ocrx_word' id='word_1_249' title='bbox 460 1849 587 1888; x_wconf 90' lang='lat' dir='ltr'><strong>rum</strong></span> <span class='ocrx_word' id='word_1_250' title='bbox 619 1834 920 1906; x_wconf 89' lang='lat' dir='ltr'><strong>spirituum</strong></span> <span class='ocrx_word' id='word_1_251' title='bbox 978 1831 1344 1902; x_wconf 86' lang='lat' dir='ltr'><strong>prohibeatur</strong></span> <span class='ocrx_word' id='word_1_252' title='bbox 1395 1831 1700 1902; x_wconf 87' lang='lat' dir='ltr'><strong>ingressus.</strong></span> <span class='ocrx_word' id='word_1_253' title='bbox 1733 1829 1946 1894; x_wconf 87' lang='lat' dir='ltr'><strong>Quibus</strong></span> <span class='ocrx_word' id='word_1_254' title='bbox 1975 1829 2054 1884; x_wconf 85' lang='lat' dir='ltr'><strong>ita</strong></span> <span class='ocrx_word' id='word_1_255' title='bbox 2136 1841 2250 1889; x_wconf 86' lang='lat' dir='ltr'><strong>tam</strong></span> <span class='ocrx_word' id='word_1_256' title='bbox 2305 1835 2504 1888; x_wconf 87' lang='lat' dir='ltr'><strong>vestiat</strong></span> <span class='ocrx_word' id='word_1_257' title='bbox 2563 1832 2761 1886; x_wconf 85' lang='lat' dir='ltr'><strong>salutis</strong></span> <span class='ocrx_word' id='word_1_258' title='bbox 2817 1831 3170 1885; x_wconf 89' lang='lat' dir='ltr'><strong>indumento.</strong></span> <span class='ocrx_word' id='word_1_259' title='bbox 3206 1831 3376 1885; x_wconf 83' lang='lat' dir='ltr'><strong>Novit</strong></span> <span class='ocrx_word' id='word_1_260' title='bbox 3410 1830 3568 1900; x_wconf 88' lang='lat' dir='ltr'><strong>igitur</strong></span> <span class='ocrx_word' id='word_1_261' title='bbox 3590 1829 3689 1883; x_wconf 83' lang='lat' dir='ltr'><strong>talis</strong></span> 
     </span>
    </p>
   </div>
   <div class='ocr_carea' id='block_1_19' title="bbox 458 1918 3690 1996">
    <p class='ocr_par' dir='ltr' id='par_1_19' title="bbox 458 1918 3690 1996">
     <span class='ocr_line' id='line_1_19' title="bbox 458 1918 3690 1996; baseline -0.002 -20"><span class='ocrx_word' id='word_1_262' title='bbox 458 1923 774 1987; x_wconf 90' lang='lat' dir='ltr'><strong>confractis,</strong></span> <span class='ocrx_word' id='word_1_263' title='bbox 791 1923 910 1992; x_wconf 88' lang='lat' dir='ltr'><strong>jam</strong></span> <span class='ocrx_word' id='word_1_264' title='bbox 940 1921 1201 1992; x_wconf 88' lang='lat' dir='ltr'><strong>deinceps</strong></span> <span class='ocrx_word' id='word_1_265' title='bbox 1231 1919 1550 1990; x_wconf 90' lang='lat' dir='ltr'><strong>omnis,quo</strong></span> <span class='ocrx_word' id='word_1_266' title='bbox 1573 1918 1875 1990; x_wconf 88' lang='lat' dir='ltr'><strong>regebatur</strong></span> <span class='ocrx_word' id='word_1_267' title='bbox 1893 1936 2053 1973; x_wconf 90' lang='lat' dir='ltr'><strong>man-</strong></span> <span class='ocrx_word' id='word_1_268' title='bbox 2137 1923 2282 1996; x_wconf 91' lang='lat' dir='ltr'><strong>quod</strong></span> <span class='ocrx_word' id='word_1_269' title='bbox 2307 1923 2613 1995; x_wconf 91' lang='lat' dir='ltr'><strong>plurimum</strong></span> <span class='ocrx_word' id='word_1_270' title='bbox 2648 1922 2834 1975; x_wconf 84' lang='lat' dir='ltr'><strong>valeat</strong></span> <span class='ocrx_word' id='word_1_271' title='bbox 2857 1920 3004 1991; x_wconf 88' lang='lat' dir='ltr'><strong>apud</strong></span> <span class='ocrx_word' id='word_1_272' title='bbox 3026 1920 3297 1974; x_wconf 91' lang='lat' dir='ltr'><strong>dilectum</strong></span> <span class='ocrx_word' id='word_1_273' title='bbox 3327 1935 3574 1991; x_wconf 89' lang='lat' dir='ltr'><strong>sponsum</strong></span> <span class='ocrx_word' id='word_1_274' title='bbox 3588 1935 3690 1972; x_wconf 82' lang='lat' dir='ltr'><strong>san-</strong></span> 
     </span>
    </p>
   </div>
   <div class='ocr_carea' id='block_1_20' title="bbox 457 2007 3691 2083">
    <p class='ocr_par' dir='ltr' id='par_1_20' title="bbox 457 2007 3691 2083">
     <span class='ocr_line' id='line_1_20' title="bbox 457 2007 3691 2083; baseline -0.002 -16"><span class='ocrx_word' id='word_1_275' title='bbox 457 2012 719 2069; x_wconf 88' lang='lat' dir='ltr'><strong>datorum</strong></span> <span class='ocrx_word' id='word_1_276' title='bbox 750 2013 869 2079; x_wconf 89' lang='lat' dir='ltr'><strong>Dei,</strong></span> <span class='ocrx_word' id='word_1_277' title='bbox 901 2011 1243 2083; x_wconf 89' lang='lat' dir='ltr'><strong>principatus</strong></span> <span class='ocrx_word' id='word_1_278' title='bbox 1283 2009 1595 2081; x_wconf 90' lang='lat' dir='ltr'><strong>captivatur</strong></span> <span class='ocrx_word' id='word_1_279' title='bbox 1624 2008 1791 2066; x_wconf 88' lang='lat' dir='ltr'><strong>vitiis.</strong></span> <span class='ocrx_word' id='word_1_280' title='bbox 1821 2008 1877 2062; x_wconf 93' lang='lat' dir='ltr'><strong>in</strong></span> <span class='ocrx_word' id='word_1_281' title='bbox 1924 2014 2053 2062; x_wconf 88' lang='lat' dir='ltr'><strong>tan-</strong></span> <span class='ocrx_word' id='word_1_282' title='bbox 2135 2022 2350 2066; x_wconf 73' lang='lat' dir='ltr'><strong>ciarum</strong></span> <span class='ocrx_word' id='word_1_283' title='bbox 2385 2011 2707 2065; x_wconf 87' lang='lat' dir='ltr'><strong>intercessio</strong></span> <span class='ocrx_word' id='word_1_284' title='bbox 2739 2008 3055 2063; x_wconf 89' lang='lat' dir='ltr'><strong>animarum</strong></span> <span class='ocrx_word' id='word_1_285' title='bbox 3084 2033 3089 2038; x_wconf 91' lang='lat'><strong>-</strong></span> <span class='ocrx_word' id='word_1_286' title='bbox 3122 2009 3335 2062; x_wconf 91' lang='lat' dir='ltr'><strong>idcirco</strong></span> <span class='ocrx_word' id='word_1_287' title='bbox 3367 2007 3568 2062; x_wconf 86' lang='lat' dir='ltr'><strong>ardenti</strong></span> <span class='ocrx_word' id='word_1_288' title='bbox 3597 2007 3691 2061; x_wconf 88' lang='lat' dir='ltr'><strong>ani-</strong></span> 
     </span>
    </p>
   </div>
   <div class='ocr_carea' id='block_1_21' title="bbox 457 2097 3690 2171">
    <p class='ocr_par' dir='ltr' id='par_1_21' title="bbox 457 2097 3690 2171">
     <span class='ocr_line' id='line_1_21' title="bbox 457 2097 3690 2171; baseline -0.003 -13"><span class='ocrx_word' id='word_1_289' title='bbox 457 2109 600 2161; x_wconf 88' lang='lat' dir='ltr'><strong>tum.</strong></span> <span class='ocrx_word' id='word_1_290' title='bbox 634 2108 699 2158; x_wconf 90' lang='lat' dir='ltr'><strong>ut</strong></span> <span class='ocrx_word' id='word_1_291' title='bbox 717 2118 828 2157; x_wconf 91' lang='lat' dir='ltr'><strong>non</strong></span> <span class='ocrx_word' id='word_1_292' title='bbox 861 2103 936 2156; x_wconf 89' lang='lat' dir='ltr'><strong>sit</strong></span> <span class='ocrx_word' id='word_1_293' title='bbox 967 2101 1018 2155; x_wconf 86' lang='lat' dir='ltr'><strong>ei</strong></span> <span class='ocrx_word' id='word_1_294' title='bbox 1051 2101 1159 2166; x_wconf 80' lang='lat' dir='ltr'><strong>lex,</strong></span> <span class='ocrx_word' id='word_1_295' title='bbox 1193 2099 1300 2154; x_wconf 86' lang='lat' dir='ltr'><strong>nisi</strong></span> <span class='ocrx_word' id='word_1_296' title='bbox 1329 2100 1462 2153; x_wconf 82' lang='lat' dir='ltr'><strong>visio</strong></span> <span class='ocrx_word' id='word_1_297' title='bbox 1489 2116 1521 2152; x_wconf 90' lang='lat' dir='ltr'><strong>a</strong></span> <span class='ocrx_word' id='word_1_298' title='bbox 1550 2099 1665 2153; x_wconf 92' lang='lat' dir='ltr'><strong>Deo</strong></span> <span class='ocrx_word' id='word_1_299' title='bbox 1710 2098 2049 2166; x_wconf 87' lang='lat' dir='ltr'><strong>inveniatur,</strong></span> <span class='ocrx_word' id='word_1_300' title='bbox 2135 2117 2225 2154; x_wconf 90' lang='lat' dir='ltr'><strong>mo</strong></span> <span class='ocrx_word' id='word_1_301' title='bbox 2255 2101 2480 2171; x_wconf 87' lang='lat' dir='ltr'><strong>adjurat</strong></span> <span class='ocrx_word' id='word_1_302' title='bbox 2495 2117 2608 2165; x_wconf 90' lang='lat' dir='ltr'><strong>eas,</strong></span> <span class='ocrx_word' id='word_1_303' title='bbox 2631 2115 2734 2152; x_wconf 90' lang='lat' dir='ltr'><strong>nec</strong></span> <span class='ocrx_word' id='word_1_304' title='bbox 2761 2097 2990 2151; x_wconf 90' lang='lat' dir='ltr'><strong>dubium</strong></span> <span class='ocrx_word' id='word_1_305' title='bbox 3021 2097 3157 2168; x_wconf 90' lang='lat' dir='ltr'><strong>quin</strong></span> <span class='ocrx_word' id='word_1_306' title='bbox 3184 2097 3318 2150; x_wconf 91' lang='lat' dir='ltr'><strong>licet</strong></span> <span class='ocrx_word' id='word_1_307' title='bbox 3341 2113 3438 2167; x_wconf 91' lang='lat' dir='ltr'><strong>pro</strong></span> <span class='ocrx_word' id='word_1_308' title='bbox 3465 2114 3520 2150; x_wconf 90' lang='lat' dir='ltr'><strong>se</strong></span> <span class='ocrx_word' id='word_1_309' title='bbox 3547 2097 3690 2149; x_wconf 88' lang='lat' dir='ltr'><strong>adhuc</strong></span> 
     </span>
    </p>
   </div>
   <div class='ocr_carea' id='block_1_22' title="bbox 454 2185 3690 2262">
    <p class='ocr_par' dir='ltr' id='par_1_22' title="bbox 454 2185 3690 2262">
     <span class='ocr_line' id='line_1_22' title="bbox 454 2185 3690 2262; baseline -0.003 -15"><span class='ocrx_word' id='word_1_310' title='bbox 454 2198 520 2247; x_wconf 87' lang='lat' dir='ltr'><strong>ut</strong></span> <span class='ocrx_word' id='word_1_311' title='bbox 546 2193 712 2247; x_wconf 91' lang='lat' dir='ltr'><strong>corde</strong></span> <span class='ocrx_word' id='word_1_312' title='bbox 741 2191 936 2247; x_wconf 90' lang='lat' dir='ltr'><strong>audiat</strong></span> <span class='ocrx_word' id='word_1_313' title='bbox 965 2191 1097 2262; x_wconf 89' lang='lat' dir='ltr'><strong>quid</strong></span> <span class='ocrx_word' id='word_1_314' title='bbox 1125 2190 1175 2244; x_wconf 90' lang='lat' dir='ltr'><strong>ei</strong></span> <span class='ocrx_word' id='word_1_315' title='bbox 1207 2190 1355 2244; x_wconf 91' lang='lat' dir='ltr'><strong>Deus</strong></span> <span class='ocrx_word' id='word_1_316' title='bbox 1373 2189 1637 2260; x_wconf 88' lang='lat' dir='ltr'><strong>loquatur</strong></span> <span class='ocrx_word' id='word_1_317' title='bbox 1657 2188 1828 2250; x_wconf 91' lang='lat' dir='ltr'><strong>intus,</strong></span> <span class='ocrx_word' id='word_1_318' title='bbox 1852 2188 1947 2241; x_wconf 89' lang='lat' dir='ltr'><strong>sed</strong></span> <span class='ocrx_word' id='word_1_319' title='bbox 1977 2187 2050 2241; x_wconf 83' lang='lat' dir='ltr'><strong>ef-</strong></span> <span class='ocrx_word' id='word_1_320' title='bbox 2133 2190 2458 2245; x_wconf 87' lang='lat' dir='ltr'><strong>dubitanter</strong></span> <span class='ocrx_word' id='word_1_321' title='bbox 2484 2189 2635 2243; x_wconf 81' lang='lat' dir='ltr'><strong>dicat</strong></span> <span class='ocrx_word' id='word_1_322' title='bbox 2656 2187 2800 2259; x_wconf 91' lang='lat' dir='ltr'><strong>quod</strong></span> <span class='ocrx_word' id='word_1_323' title='bbox 2837 2204 2936 2257; x_wconf 86' lang='lat' dir='ltr'><strong>per</strong></span> <span class='ocrx_word' id='word_1_324' title='bbox 2963 2203 3090 2241; x_wconf 89' lang='lat' dir='ltr'><strong>eum</strong></span> <span class='ocrx_word' id='word_1_325' title='bbox 3123 2203 3159 2238; x_wconf 89' lang='lat' dir='ltr'><strong>a</strong></span> <span class='ocrx_word' id='word_1_326' title='bbox 3187 2203 3298 2257; x_wconf 91' lang='lat' dir='ltr'><strong>quo</strong></span> <span class='ocrx_word' id='word_1_327' title='bbox 3329 2185 3465 2238; x_wconf 87' lang='lat' dir='ltr'><strong>nihil</strong></span> <span class='ocrx_word' id='word_1_328' title='bbox 3515 2185 3584 2239; x_wconf 92' lang='lat' dir='ltr'><strong>eis</strong></span> <span class='ocrx_word' id='word_1_329' title='bbox 3616 2185 3690 2238; x_wconf 83' lang='lat' dir='ltr'><strong>ali-</strong></span> 
     </span>
    </p>
   </div>
   <div class='ocr_carea' id='block_1_23' title="bbox 453 2275 3686 2352">
    <p class='ocr_par' dir='ltr' id='par_1_23' title="bbox 453 2275 3686 2352">
     <span class='ocr_line' id='line_1_23' title="bbox 453 2275 3686 2352; baseline -0.002 -16"><span class='ocrx_word' id='word_1_330' title='bbox 453 2282 628 2336; x_wconf 88' lang='lat' dir='ltr'><strong>frenis</strong></span> <span class='ocrx_word' id='word_1_331' title='bbox 657 2282 808 2335; x_wconf 86' lang='lat' dir='ltr'><strong>vadit</strong></span> <span class='ocrx_word' id='word_1_332' title='bbox 855 2286 982 2352; x_wconf 92' lang='lat' dir='ltr'><strong>post</strong></span> <span class='ocrx_word' id='word_1_333' title='bbox 1009 2296 1149 2333; x_wconf 87' lang='lat' dir='ltr'><strong>vana</strong></span> <span class='ocrx_word' id='word_1_334' title='bbox 1183 2296 1299 2333; x_wconf 67' lang='lat' dir='ltr'><strong>sua:</strong></span> <span class='ocrx_word' id='word_1_335' title='bbox 1348 2278 1568 2343; x_wconf 87' lang='lat' dir='ltr'><strong>mentis,</strong></span> <span class='ocrx_word' id='word_1_336' title='bbox 1599 2283 1648 2330; x_wconf 83' lang='lat' dir='ltr'><strong>et</strong></span> <span class='ocrx_word' id='word_1_337' title='bbox 1685 2277 1771 2330; x_wconf 93' lang='lat' dir='ltr'><strong>sui</strong></span> <span class='ocrx_word' id='word_1_338' title='bbox 1801 2283 2050 2331; x_wconf 88' lang='lat' dir='ltr'><strong>sectatur</strong></span> <span class='ocrx_word' id='word_1_339' title='bbox 2131 2279 2264 2352; x_wconf 88' lang='lat' dir='ltr'><strong>quid</strong></span> <span class='ocrx_word' id='word_1_340' title='bbox 2291 2279 2513 2334; x_wconf 86' lang='lat' dir='ltr'><strong>charius</strong></span> <span class='ocrx_word' id='word_1_341' title='bbox 2544 2293 2665 2332; x_wconf 89' lang='lat' dir='ltr'><strong>esse</strong></span> <span class='ocrx_word' id='word_1_342' title='bbox 2681 2276 2980 2332; x_wconf 81' lang='lat' dir='ltr'><strong>existimat.</strong></span> <span class='ocrx_word' id='word_1_343' title='bbox 3017 2275 3125 2330; x_wconf 89' lang='lat' dir='ltr'><strong>Sed</strong></span> <span class='ocrx_word' id='word_1_344' title='bbox 3161 2275 3416 2346; x_wconf 90' lang='lat' dir='ltr'><strong>nunquid</strong></span> <span class='ocrx_word' id='word_1_345' title='bbox 3446 2275 3572 2328; x_wconf 83' lang='lat' dir='ltr'><strong>tales</strong></span> <span class='ocrx_word' id='word_1_346' title='bbox 3594 2290 3686 2328; x_wconf 79' lang='lat' dir='ltr'><strong>esse</strong></span> 
     </span>
    </p>
   </div>
   <div class='ocr_carea' id='block_1_24' title="bbox 455 2362 3686 2439">
    <p class='ocr_par' dir='ltr' id='par_1_24' title="bbox 455 2362 3686 2439">
     <span class='ocr_line' id='line_1_24' title="bbox 455 2362 3686 2439; baseline -0.002 -16"><span class='ocrx_word' id='word_1_347' title='bbox 455 2371 640 2424; x_wconf 89' lang='lat' dir='ltr'><strong>cordis</strong></span> <span class='ocrx_word' id='word_1_348' title='bbox 669 2370 967 2425; x_wconf 91' lang='lat' dir='ltr'><strong>desideria.</strong></span> <span class='ocrx_word' id='word_1_349' title='bbox 993 2369 1061 2423; x_wconf 88' lang='lat' dir='ltr'><strong>Et</strong></span> <span class='ocrx_word' id='word_1_350' title='bbox 1089 2369 1220 2422; x_wconf 89' lang='lat' dir='ltr'><strong>hinc</strong></span> <span class='ocrx_word' id='word_1_351' title='bbox 1249 2375 1334 2422; x_wconf 91' lang='lat' dir='ltr'><strong>est</strong></span> <span class='ocrx_word' id='word_1_352' title='bbox 1361 2367 1509 2439; x_wconf 93' lang='lat' dir='ltr'><strong>quod</strong></span> <span class='ocrx_word' id='word_1_353' title='bbox 1541 2366 1904 2437; x_wconf 85' lang='lat' dir='ltr'><strong>sequentibus</strong></span> <span class='ocrx_word' id='word_1_354' title='bbox 1925 2383 2050 2420; x_wconf 86' lang='lat' dir='ltr'><strong>ver—</strong></span> <span class='ocrx_word' id='word_1_355' title='bbox 2133 2370 2440 2424; x_wconf 89' lang='lat' dir='ltr'><strong>creduntur</strong></span> <span class='ocrx_word' id='word_1_356' title='bbox 2464 2369 2609 2432; x_wconf 67' lang='lat' dir='ltr'><strong>ﬁliai,</strong></span> <span class='ocrx_word' id='word_1_357' title='bbox 2642 2384 2780 2437; x_wconf 88' lang='lat' dir='ltr'><strong>quas</strong></span> <span class='ocrx_word' id='word_1_358' title='bbox 2809 2367 3082 2437; x_wconf 84' lang='lat' dir='ltr'><strong>prapheta</strong></span> <span class='ocrx_word' id='word_1_359' title='bbox 3109 2365 3271 2435; x_wconf 86' lang='lat' dir='ltr'><strong>luget</strong></span> <span class='ocrx_word' id='word_1_360' title='bbox 3294 2364 3319 2418; x_wconf 85' lang='lat'><strong>?</strong></span> <span class='ocrx_word' id='word_1_361' title='bbox 3354 2365 3452 2418; x_wconf 74' lang='lat' dir='ltr'><strong>Vel</strong></span> <span class='ocrx_word' id='word_1_362' title='bbox 3477 2362 3686 2435; x_wconf 86' lang='lat' dir='ltr'><strong>nunquid</strong></span> 
     </span>
    </p>
   </div>
   <div class='ocr_carea' id='block_1_25' title="bbox 453 2453 3684 2530">
    <p class='ocr_par' dir='ltr' id='par_1_25' title="bbox 453 2453 3684 2530">
     <span class='ocr_line' id='line_1_25' title="bbox 453 2453 3684 2530; baseline -0.002 -18"><span class='ocrx_word' id='word_1_363' title='bbox 453 2457 538 2514; x_wconf 90' lang='lat' dir='ltr'><strong>bis</strong></span> <span class='ocrx_word' id='word_1_364' title='bbox 567 2458 871 2530; x_wconf 83' lang='lat' dir='ltr'><strong>plangitur.</strong></span> <span class='ocrx_word' id='word_1_365' title='bbox 2134 2465 2439 2530; x_wconf 88' lang='lat' dir='ltr'><strong>aspergunt</strong></span> <span class='ocrx_word' id='word_1_366' title='bbox 2459 2457 2646 2529; x_wconf 76' lang='lat' dir='ltr'><strong>capita</strong></span> <span class='ocrx_word' id='word_1_367' title='bbox 2692 2473 2796 2511; x_wconf 89' lang='lat' dir='ltr'><strong>sua</strong></span> <span class='ocrx_word' id='word_1_368' title='bbox 2851 2456 3036 2509; x_wconf 91' lang='lat' dir='ltr'><strong>cinere</strong></span> <span class='ocrx_word' id='word_1_369' title='bbox 3091 2459 3149 2507; x_wconf 89' lang='lat' dir='ltr'><strong>et</strong></span> <span class='ocrx_word' id='word_1_370' title='bbox 3184 2454 3365 2509; x_wconf 90' lang='lat' dir='ltr'><strong>cilicio</strong></span> <span class='ocrx_word' id='word_1_371' title='bbox 3397 2453 3684 2518; x_wconf 88' lang='lat' dir='ltr'><strong>vestiuntur,</strong></span> 
     </span>
    </p>
   </div>
   <div class='ocr_carea' id='block_1_26' title="bbox 1199 2540 3689 2620">
    <p class='ocr_par' dir='ltr' id='par_1_26' title="bbox 1199 2540 3689 2620">
     <span class='ocr_line' id='line_1_26' title="bbox 1199 2540 3689 2620; baseline -0.005 -12"><span class='ocrx_word' id='word_1_372' title='bbox 1199 2541 1321 2582; x_wconf 68' lang='lat' dir='ltr'><strong>’°D°</strong></span> <span class='ocrx_word' id='word_1_373' title='bbox 2135 2566 2256 2620; x_wconf 65' lang='lat' dir='ltr'><strong>quae</strong></span> <span class='ocrx_word' id='word_1_374' title='bbox 2282 2549 2549 2602; x_wconf 87' lang='lat' dir='ltr'><strong>festinant</strong></span> <span class='ocrx_word' id='word_1_375' title='bbox 2576 2547 2784 2610; x_wconf 89' lang='lat' dir='ltr'><strong>venire,</strong></span> <span class='ocrx_word' id='word_1_376' title='bbox 2829 2545 2913 2598; x_wconf 89' lang='lat' dir='ltr'><strong>vel</strong></span> <span class='ocrx_word' id='word_1_377' title='bbox 2944 2543 3267 2616; x_wconf 88' lang='lat' dir='ltr'><strong>pervenisse</strong></span> <span class='ocrx_word' id='word_1_378' title='bbox 3295 2561 3354 2598; x_wconf 91' lang='lat' dir='ltr'><strong>se</strong></span> <span class='ocrx_word' id='word_1_379' title='bbox 3381 2542 3606 2614; x_wconf 85' lang='lat' dir='ltr'><strong>gaudent</strong></span> <span class='ocrx_word' id='word_1_380' title='bbox 3635 2540 3689 2594; x_wconf 80' lang='lat' dir='ltr'><strong>ad</strong></span> 
     </span>
    </p>
   </div>
   <div class='ocr_carea' id='block_1_27' title="bbox 524 2632 3688 2708">
    <p class='ocr_par' dir='ltr' id='par_1_27' title="bbox 524 2632 3688 2708">
     <span class='ocr_line' id='line_1_27' title="bbox 524 2632 3688 2708; baseline -0.003 -15"><span class='ocrx_word' id='word_1_381' title='bbox 524 2638 794 2694; x_wconf 80' lang='lat' dir='ltr'><strong>Sederunt</strong></span> <span class='ocrx_word' id='word_1_382' title='bbox 824 2638 888 2690; x_wconf 83' lang='lat' dir='ltr'><strong>in</strong></span> <span class='ocrx_word' id='word_1_383' title='bbox 924 2641 1092 2701; x_wconf 67' lang='lat' dir='ltr'><strong>terra,</strong></span> <span class='ocrx_word' id='word_1_384' title='bbox 1125 2639 1511 2689; x_wconf 76' lang='lat' dir='ltr'><strong>conticuerunt</strong></span> <span class='ocrx_word' id='word_1_385' title='bbox 1547 2651 1712 2701; x_wconf 88' lang='lat' dir='ltr'><strong>senes,</strong></span> <span class='ocrx_word' id='word_1_386' title='bbox 1764 2637 1890 2702; x_wconf 69' lang='lat' dir='ltr'><strong>ﬁliae</strong></span> <span class='ocrx_word' id='word_1_387' title='bbox 1917 2633 2052 2690; x_wconf 87' lang='lat' dir='ltr'><strong>Sion</strong></span> <span class='ocrx_word' id='word_1_388' title='bbox 2135 2638 2422 2708; x_wconf 85' lang='lat' dir='ltr'><strong>amplexus</strong></span> <span class='ocrx_word' id='word_1_389' title='bbox 2444 2643 2500 2691; x_wconf 91' lang='lat' dir='ltr'><strong>et</strong></span> <span class='ocrx_word' id='word_1_390' title='bbox 2523 2635 2711 2690; x_wconf 86' lang='lat' dir='ltr'><strong>oscula</strong></span> <span class='ocrx_word' id='word_1_391' title='bbox 2767 2635 2853 2688; x_wconf 92' lang='lat' dir='ltr'><strong>sui</strong></span> <span class='ocrx_word' id='word_1_392' title='bbox 2912 2632 3142 2704; x_wconf 83' lang='lat' dir='ltr'><strong>sponsi?</strong></span> <span class='ocrx_word' id='word_1_393' title='bbox 3190 2633 3546 2704; x_wconf 89' lang='lat' dir='ltr'><strong>Nequaquam</strong></span> <span class='ocrx_word' id='word_1_394' title='bbox 3570 2637 3688 2684; x_wconf 87' lang='lat' dir='ltr'><strong>recte</strong></span> 
     </span>
    </p>
   </div>
   <div class='ocr_carea' id='block_1_28' title="bbox 452 2721 3688 2797">
    <p class='ocr_par' dir='ltr' id='par_1_28' title="bbox 452 2721 3688 2797">
     <span class='ocr_line' id='line_1_28' title="bbox 452 2721 3688 2797; baseline -0.003 -16"><span class='ocrx_word' id='word_1_395' title='bbox 452 2731 868 2796; x_wconf 81' lang='lat' dir='ltr'><strong>consperserunl</strong></span> <span class='ocrx_word' id='word_1_396' title='bbox 887 2729 1069 2779; x_wconf 82' lang='lat' dir='ltr'><strong>cinere</strong></span> <span class='ocrx_word' id='word_1_397' title='bbox 1096 2728 1278 2794; x_wconf 78' lang='lat' dir='ltr'><strong>capita</strong></span> <span class='ocrx_word' id='word_1_398' title='bbox 1318 2741 1452 2778; x_wconf 89' lang='lat' dir='ltr'><strong>sua:</strong></span> <span class='ocrx_word' id='word_1_399' title='bbox 1480 2728 1722 2793; x_wconf 68' lang='lat' dir='ltr'><strong>virgines</strong></span> <span class='ocrx_word' id='word_1_400' title='bbox 1747 2725 2051 2779; x_wconf 85' lang='lat' dir='ltr'><strong>Jerusalem</strong></span> <span class='ocrx_word' id='word_1_401' title='bbox 2134 2727 2237 2780; x_wconf 89' lang='lat' dir='ltr'><strong>hoc</strong></span> <span class='ocrx_word' id='word_1_402' title='bbox 2259 2727 2463 2797; x_wconf 88' lang='lat' dir='ltr'><strong>aliquis</strong></span> <span class='ocrx_word' id='word_1_403' title='bbox 2484 2725 2704 2789; x_wconf 83' lang='lat' dir='ltr'><strong>dixerit,</strong></span> <span class='ocrx_word' id='word_1_404' title='bbox 2720 2724 2818 2778; x_wconf 90' lang='lat' dir='ltr'><strong>sed</strong></span> <span class='ocrx_word' id='word_1_405' title='bbox 2853 2723 2972 2776; x_wconf 69' lang='lat' dir='ltr'><strong>istae</strong></span> <span class='ocrx_word' id='word_1_406' title='bbox 3003 2728 3135 2776; x_wconf 90' lang='lat' dir='ltr'><strong>sunt</strong></span> <span class='ocrx_word' id='word_1_407' title='bbox 3157 2722 3290 2776; x_wconf 69' lang='lat' dir='ltr'><strong>ﬁliae</strong></span> <span class='ocrx_word' id='word_1_408' title='bbox 3325 2722 3470 2786; x_wconf 89' lang='lat' dir='ltr'><strong>Sion,</strong></span> <span class='ocrx_word' id='word_1_409' title='bbox 3502 2721 3688 2774; x_wconf 85' lang='lat' dir='ltr'><strong>nomine</strong></span> 
     </span>
    </p>
   </div>
   <div class='ocr_carea' id='block_1_29' title="bbox 451 2809 3687 2886">
    <p class='ocr_par' dir='ltr' id='par_1_29' title="bbox 451 2809 3687 2886">
     <span class='ocr_line' id='line_1_29' title="bbox 451 2809 3687 2886; baseline -0.002 -16"><span class='ocrx_word' id='word_1_410' title='bbox 451 2819 706 2870; x_wconf 66' lang='lat' dir='ltr'><strong>accinctae</strong></span> <span class='ocrx_word' id='word_1_411' title='bbox 729 2820 860 2869; x_wconf 85' lang='lat' dir='ltr'><strong>sunt</strong></span> <span class='ocrx_word' id='word_1_412' title='bbox 884 2817 1103 2869; x_wconf 80' lang='lat' dir='ltr'><strong>ciliciis.</strong></span> <span class='ocrx_word' id='word_1_413' title='bbox 1129 2816 1456 2883; x_wconf 84' lang='lat' dir='ltr'><strong>Abjecerunt</strong></span> <span class='ocrx_word' id='word_1_414' title='bbox 1487 2818 1549 2868; x_wconf 83' lang='lat' dir='ltr'><strong>in</strong></span> <span class='ocrx_word' id='word_1_415' title='bbox 1572 2819 1720 2867; x_wconf 88' lang='lat' dir='ltr'><strong>terra</strong></span> <span class='ocrx_word' id='word_1_416' title='bbox 1746 2817 1927 2882; x_wconf 79' lang='lat' dir='ltr'><strong>capita</strong></span> <span class='ocrx_word' id='word_1_417' title='bbox 1948 2830 2050 2867; x_wconf 78' lang='lat' dir='ltr'><strong>sua</strong></span> <span class='ocrx_word' id='word_1_418' title='bbox 2133 2823 2352 2870; x_wconf 87' lang='lat' dir='ltr'><strong>tantum</strong></span> <span class='ocrx_word' id='word_1_419' title='bbox 2383 2824 2440 2869; x_wconf 93' lang='lat' dir='ltr'><strong>et</strong></span> <span class='ocrx_word' id='word_1_420' title='bbox 2466 2813 2906 2886; x_wconf 84' lang='lat' dir='ltr'><strong>regenerationis</strong></span> <span class='ocrx_word' id='word_1_421' title='bbox 2943 2820 3322 2877; x_wconf 88' lang='lat' dir='ltr'><strong>sacramento,</strong></span> <span class='ocrx_word' id='word_1_422' title='bbox 3357 2828 3474 2882; x_wconf 68' lang='lat' dir='ltr'><strong>quae</strong></span> <span class='ocrx_word' id='word_1_423' title='bbox 3519 2809 3687 2864; x_wconf 86' lang='lat' dir='ltr'><strong>cecide-</strong></span> 
     </span>
    </p>
   </div>
   <div class='ocr_carea' id='block_1_30' title="bbox 449 2896 3688 2974">
    <p class='ocr_par' dir='ltr' id='par_1_30' title="bbox 449 2896 3688 2974">
     <span class='ocr_line' id='line_1_30' title="bbox 449 2896 3688 2974; baseline -0.002 -16"><span class='ocrx_word' id='word_1_424' title='bbox 449 2903 1044 2974; x_wconf 79' lang='lat' dir='ltr'><strong>virginesJuda.Patet</strong></span> <span class='ocrx_word' id='word_1_425' title='bbox 1057 2903 1426 2974; x_wconf 90' lang='lat' dir='ltr'><strong>sensus,quod</strong></span> <span class='ocrx_word' id='word_1_426' title='bbox 1445 2919 1600 2956; x_wconf 90' lang='lat' dir='ltr'><strong>more</strong></span> <span class='ocrx_word' id='word_1_427' title='bbox 1616 2904 2050 2973; x_wconf 83' lang='lat' dir='ltr'><strong>paterno,tantis</strong></span> <span class='ocrx_word' id='word_1_428' title='bbox 2134 2912 2266 2960; x_wconf 87' lang='lat' dir='ltr'><strong>runt</strong></span> <span class='ocrx_word' id='word_1_429' title='bbox 2295 2905 2364 2959; x_wconf 82' lang='lat' dir='ltr'><strong>de</strong></span> <span class='ocrx_word' id='word_1_430' title='bbox 2384 2906 2587 2959; x_wconf 87' lang='lat' dir='ltr'><strong>throno</strong></span> <span class='ocrx_word' id='word_1_431' title='bbox 2612 2903 2791 2974; x_wconf 89' lang='lat' dir='ltr'><strong>regni,</strong></span> <span class='ocrx_word' id='word_1_432' title='bbox 2837 2907 2936 2956; x_wconf 89' lang='lat' dir='ltr'><strong>aut</strong></span> <span class='ocrx_word' id='word_1_433' title='bbox 2966 2901 3024 2955; x_wconf 91' lang='lat' dir='ltr'><strong>in</strong></span> <span class='ocrx_word' id='word_1_434' title='bbox 3075 2901 3361 2964; x_wconf 81' lang='lat' dir='ltr'><strong>haeresim,</strong></span> <span class='ocrx_word' id='word_1_435' title='bbox 3393 2907 3484 2954; x_wconf 87' lang='lat' dir='ltr'><strong>aut</strong></span> <span class='ocrx_word' id='word_1_436' title='bbox 3509 2899 3570 2952; x_wconf 89' lang='lat' dir='ltr'><strong>ad</strong></span> <span class='ocrx_word' id='word_1_437' title='bbox 3596 2896 3688 2969; x_wconf 87' lang='lat' dir='ltr'><strong>pul-</strong></span> 
     </span>
    </p>
   </div>
   <div class='ocr_carea' id='block_1_31' title="bbox 453 2990 3689 3065">
    <p class='ocr_par' dir='ltr' id='par_1_31' title="bbox 453 2990 3689 3065">
     <span class='ocr_line' id='line_1_31' title="bbox 453 2990 3689 3065; baseline -0.003 -17"><span class='ocrx_word' id='word_1_438' title='bbox 453 2995 706 3065; x_wconf 88' lang='lat' dir='ltr'><strong>Oppressi</strong></span> <span class='ocrx_word' id='word_1_439' title='bbox 731 2992 1186 3047; x_wconf 88' lang='lat' dir='ltr'><strong>tribulationibus</strong></span> <span class='ocrx_word' id='word_1_440' title='bbox 1215 2992 1412 3056; x_wconf 63' lang='lat' dir='ltr'><strong>Judaei,</strong></span> <span class='ocrx_word' id='word_1_441' title='bbox 1443 2992 1543 3045; x_wconf 87' lang='lat' dir='ltr'><strong>tali</strong></span> <span class='ocrx_word' id='word_1_442' title='bbox 1587 3009 1646 3045; x_wconf 89' lang='lat' dir='ltr'><strong>se</strong></span> <span class='ocrx_word' id='word_1_443' title='bbox 1690 2992 2048 3047; x_wconf 59' lang='lat' dir='ltr'><strong>continentia</strong></span> <span class='ocrx_word' id='word_1_444' title='bbox 2133 3013 2324 3049; x_wconf 89' lang='lat' dir='ltr'><strong>vereas</strong></span> <span class='ocrx_word' id='word_1_445' title='bbox 2354 2996 2476 3050; x_wconf 79' lang='lat' dir='ltr'><strong>vitae</strong></span> <span class='ocrx_word' id='word_1_446' title='bbox 2516 2994 2782 3056; x_wconf 86' lang='lat' dir='ltr'><strong>actiones,</strong></span> <span class='ocrx_word' id='word_1_447' title='bbox 2815 2990 3016 3062; x_wconf 88' lang='lat' dir='ltr'><strong>quibus</strong></span> <span class='ocrx_word' id='word_1_448' title='bbox 3045 2990 3366 3060; x_wconf 90' lang='lat' dir='ltr'><strong>oppilatum</strong></span> <span class='ocrx_word' id='word_1_449' title='bbox 3412 2994 3492 3043; x_wconf 89' lang='lat' dir='ltr'><strong>est</strong></span> <span class='ocrx_word' id='word_1_450' title='bbox 3515 3005 3584 3052; x_wconf 90' lang='lat' dir='ltr'><strong>os,</strong></span> <span class='ocrx_word' id='word_1_451' title='bbox 3612 3002 3689 3040; x_wconf 87' lang='lat' dir='ltr'><strong>nec</strong></span> 
     </span>
    </p>
   </div>
   <div class='ocr_carea' id='block_1_32' title="bbox 452 3076 3687 3155">
    <p class='ocr_par' dir='ltr' id='par_1_32' title="bbox 452 3076 3687 3155">
     <span class='ocr_line' id='line_1_32' title="bbox 452 3076 3687 3155; baseline -0.003 -19"><span class='ocrx_word' id='word_1_452' title='bbox 452 3083 651 3137; x_wconf 90' lang='lat' dir='ltr'><strong>habitu</strong></span> <span class='ocrx_word' id='word_1_453' title='bbox 701 3082 1061 3155; x_wconf 82' lang='lat' dir='ltr'><strong>plangebant.</strong></span> <span class='ocrx_word' id='word_1_454' title='bbox 1097 3083 1309 3136; x_wconf 89' lang='lat' dir='ltr'><strong>Tamen</strong></span> <span class='ocrx_word' id='word_1_455' title='bbox 1364 3081 1420 3134; x_wconf 88' lang='lat' dir='ltr'><strong>hi</strong></span> <span class='ocrx_word' id='word_1_456' title='bbox 1478 3079 1738 3143; x_wconf 83' lang='lat' dir='ltr'><strong>maxime,</strong></span> <span class='ocrx_word' id='word_1_457' title='bbox 1780 3097 1891 3135; x_wconf 91' lang='lat' dir='ltr'><strong>non</strong></span> <span class='ocrx_word' id='word_1_458' title='bbox 1931 3081 2050 3136; x_wconf 85' lang='lat' dir='ltr'><strong>sine</strong></span> <span class='ocrx_word' id='word_1_459' title='bbox 2075 3085 2343 3143; x_wconf 88' lang='lat' dir='ltr'><strong>Caudent</strong></span> <span class='ocrx_word' id='word_1_460' title='bbox 2371 3085 2559 3138; x_wconf 87' lang='lat' dir='ltr'><strong>oculos</strong></span> <span class='ocrx_word' id='word_1_461' title='bbox 2587 3098 2810 3136; x_wconf 90' lang='lat' dir='ltr'><strong>sursum</strong></span> <span class='ocrx_word' id='word_1_462' title='bbox 2860 3080 3042 3134; x_wconf 86' lang='lat' dir='ltr'><strong>levare</strong></span> <span class='ocrx_word' id='word_1_463' title='bbox 3071 3079 3140 3132; x_wconf 92' lang='lat' dir='ltr'><strong>ad</strong></span> <span class='ocrx_word' id='word_1_464' title='bbox 3193 3079 3393 3145; x_wconf 90' lang='lat' dir='ltr'><strong>Deum,</strong></span> <span class='ocrx_word' id='word_1_465' title='bbox 3425 3078 3514 3132; x_wconf 91' lang='lat' dir='ltr'><strong>sed</strong></span> <span class='ocrx_word' id='word_1_466' title='bbox 3540 3076 3687 3146; x_wconf 72' lang='lat' dir='ltr'><strong>mpita</strong></span> 
     </span>
    </p>
   </div>
   <div class='ocr_carea' id='block_1_33' title="bbox 449 3165 3684 3243">
    <p class='ocr_par' dir='ltr' id='par_1_33' title="bbox 449 3165 3684 3243">
     <span class='ocr_line' id='line_1_33' title="bbox 449 3165 3684 3243; baseline -0.003 -17"><span class='ocrx_word' id='word_1_467' title='bbox 449 3188 638 3237; x_wconf 88' lang='lat' dir='ltr'><strong>causa,</strong></span> <span class='ocrx_word' id='word_1_468' title='bbox 670 3179 770 3226; x_wconf 89' lang='lat' dir='ltr'><strong>aut</strong></span> <span class='ocrx_word' id='word_1_469' title='bbox 787 3173 1081 3243; x_wconf 86' lang='lat' dir='ltr'><strong>plangunt,</strong></span> <span class='ocrx_word' id='word_1_470' title='bbox 1112 3178 1210 3224; x_wconf 91' lang='lat' dir='ltr'><strong>aut</strong></span> <span class='ocrx_word' id='word_1_471' title='bbox 1240 3171 1601 3242; x_wconf 85' lang='lat' dir='ltr'><strong>planguntur,</strong></span> <span class='ocrx_word' id='word_1_472' title='bbox 1619 3170 1674 3223; x_wconf 92' lang='lat' dir='ltr'><strong>in</strong></span> <span class='ocrx_word' id='word_1_473' title='bbox 1699 3169 1900 3240; x_wconf 90' lang='lat' dir='ltr'><strong>quibus</strong></span> <span class='ocrx_word' id='word_1_474' title='bbox 1920 3171 2048 3241; x_wconf 89' lang='lat' dir='ltr'><strong>plu-</strong></span> <span class='ocrx_word' id='word_1_475' title='bbox 2130 3191 2250 3239; x_wconf 90' lang='lat' dir='ltr'><strong>sua,</strong></span> <span class='ocrx_word' id='word_1_476' title='bbox 2273 3179 2488 3227; x_wconf 88' lang='lat' dir='ltr'><strong>mentes</strong></span> <span class='ocrx_word' id='word_1_477' title='bbox 2507 3171 2780 3232; x_wconf 81' lang='lat' dir='ltr'><strong>videlicet,</strong></span> <span class='ocrx_word' id='word_1_478' title='bbox 2828 3169 3069 3241; x_wconf 83' lang='lat' dir='ltr'><strong>pulveris</strong></span> <span class='ocrx_word' id='word_1_479' title='bbox 3105 3173 3421 3240; x_wconf 83' lang='lat' dir='ltr'><strong>aspergunt</strong></span> <span class='ocrx_word' id='word_1_480' title='bbox 3447 3165 3684 3238; x_wconf 89' lang='lat' dir='ltr'><strong>operibus,</strong></span> 
     </span>
    </p>
   </div>
   <div class='ocr_carea' id='block_1_34' title="bbox 447 3258 3686 3329">
    <p class='ocr_par' dir='ltr' id='par_1_34' title="bbox 447 3258 3686 3329">
     <span class='ocr_line' id='line_1_34' title="bbox 447 3258 3686 3329; baseline -0.002 -15"><span class='ocrx_word' id='word_1_481' title='bbox 447 3259 594 3315; x_wconf 91' lang='lat' dir='ltr'><strong>rima</strong></span> <span class='ocrx_word' id='word_1_482' title='bbox 613 3260 790 3314; x_wconf 89' lang='lat' dir='ltr'><strong>virtus</strong></span> <span class='ocrx_word' id='word_1_483' title='bbox 820 3265 968 3314; x_wconf 89' lang='lat' dir='ltr'><strong>esset</strong></span> <span class='ocrx_word' id='word_1_484' title='bbox 979 3259 1306 3319; x_wconf 82' lang='lat' dir='ltr'><strong>honestatis,</strong></span> <span class='ocrx_word' id='word_1_485' title='bbox 1331 3265 1387 3311; x_wconf 88' lang='lat' dir='ltr'><strong>et</strong></span> <span class='ocrx_word' id='word_1_486' title='bbox 1406 3258 1709 3312; x_wconf 88' lang='lat' dir='ltr'><strong>auctoritas</strong></span> <span class='ocrx_word' id='word_1_487' title='bbox 1731 3258 2041 3329; x_wconf 89' lang='lat' dir='ltr'><strong>religionis,</strong></span> <span class='ocrx_word' id='word_1_488' title='bbox 2129 3269 2185 3316; x_wconf 90' lang='lat' dir='ltr'><strong>et</strong></span> <span class='ocrx_word' id='word_1_489' title='bbox 2208 3280 2367 3317; x_wconf 86' lang='lat' dir='ltr'><strong>sacco</strong></span> <span class='ocrx_word' id='word_1_490' title='bbox 2388 3261 2700 3315; x_wconf 87' lang='lat' dir='ltr'><strong>vestiuntur</strong></span> <span class='ocrx_word' id='word_1_491' title='bbox 2717 3259 2956 3320; x_wconf 90' lang='lat' dir='ltr'><strong>cilicino,</strong></span> <span class='ocrx_word' id='word_1_492' title='bbox 2977 3265 3010 3322; x_wconf 83' lang='grc' dir='ltr'><strong>Ι</strong></span> <span class='ocrx_word' id='word_1_493' title='bbox 3028 3263 3213 3323; x_wconf 62' lang='lat'><strong>387</strong></span> <span class='ocrx_word' id='word_1_494' title='bbox 3237 3264 3686 3329; x_wconf 86' lang='lat' dir='ltr'><strong>peccatorumcon-</strong></span> 
     </span>
    </p>
   </div>
   <div class='ocr_carea' id='block_1_35' title="bbox 447 3344 3685 3423">
    <p class='ocr_par' dir='ltr' id='par_1_35' title="bbox 447 3344 3685 3423">
     <span class='ocr_line' id='line_1_35' title="bbox 447 3344 3685 3423; baseline -0.002 -21"><span class='ocrx_word' id='word_1_495' title='bbox 447 3349 494 3403; x_wconf 94' lang='lat' dir='ltr'><strong>si</strong></span> <span class='ocrx_word' id='word_1_496' title='bbox 525 3367 638 3405; x_wconf 65' lang='lat' dir='ltr'><strong>suae</strong></span> <span class='ocrx_word' id='word_1_497' title='bbox 661 3354 950 3403; x_wconf 87' lang='lat' dir='ltr'><strong>servarent</strong></span> <span class='ocrx_word' id='word_1_498' title='bbox 1004 3353 1131 3401; x_wconf 88' lang='lat' dir='ltr'><strong>vota</strong></span> <span class='ocrx_word' id='word_1_499' title='bbox 1180 3347 1557 3418; x_wconf 75' lang='lat' dir='ltr'><strong>proprietatis.</strong></span> <span class='ocrx_word' id='word_1_500' title='bbox 1591 3347 1825 3417; x_wconf 82' lang='lat' dir='ltr'><strong>Mystico</strong></span> <span class='ocrx_word' id='word_1_501' title='bbox 1855 3354 2044 3401; x_wconf 88' lang='lat' dir='ltr'><strong>autem</strong></span> <span class='ocrx_word' id='word_1_502' title='bbox 2128 3357 2278 3406; x_wconf 86' lang='lat' dir='ltr'><strong>texto</strong></span> <span class='ocrx_word' id='word_1_503' title='bbox 2294 3351 2427 3406; x_wconf 89' lang='lat' dir='ltr'><strong>setis</strong></span> <span class='ocrx_word' id='word_1_504' title='bbox 2449 3365 2857 3423; x_wconf 87' lang='lat' dir='ltr'><strong>caprarumque</strong></span> <span class='ocrx_word' id='word_1_505' title='bbox 2887 3347 3034 3419; x_wconf 90' lang='lat' dir='ltr'><strong>pilis.</strong></span> <span class='ocrx_word' id='word_1_506' title='bbox 3056 3346 3121 3400; x_wconf 89' lang='lat' dir='ltr'><strong>Et</strong></span> <span class='ocrx_word' id='word_1_507' title='bbox 3149 3347 3285 3417; x_wconf 87' lang='lat' dir='ltr'><strong>quia</strong></span> <span class='ocrx_word' id='word_1_508' title='bbox 3317 3345 3483 3400; x_wconf 90' lang='lat' dir='ltr'><strong>semel</strong></span> <span class='ocrx_word' id='word_1_509' title='bbox 3509 3344 3685 3413; x_wconf 71' lang='lat' dir='ltr'><strong>deiece-</strong></span> 
     </span>
    </p>
   </div>
   <div class='ocr_carea' id='block_1_36' title="bbox 447 3435 3682 3512">
    <p class='ocr_par' dir='ltr' id='par_1_36' title="bbox 447 3435 3682 3512">
     <span class='ocr_line' id='line_1_36' title="bbox 447 3435 3682 3512; baseline -0.003 -18"><span class='ocrx_word' id='word_1_510' title='bbox 447 3456 614 3494; x_wconf 90' lang='lat' dir='ltr'><strong>sensu</strong></span> <span class='ocrx_word' id='word_1_511' title='bbox 663 3456 823 3493; x_wconf 91' lang='lat' dir='ltr'><strong>senes</strong></span> <span class='ocrx_word' id='word_1_512' title='bbox 882 3436 1240 3492; x_wconf 89' lang='lat' dir='ltr'><strong>ecclesiarum</strong></span> <span class='ocrx_word' id='word_1_513' title='bbox 1273 3436 1372 3490; x_wconf 91' lang='lat' dir='ltr'><strong>Dei</strong></span> <span class='ocrx_word' id='word_1_514' title='bbox 1422 3442 1558 3490; x_wconf 91' lang='lat' dir='ltr'><strong>tunc</strong></span> <span class='ocrx_word' id='word_1_515' title='bbox 1587 3437 1786 3491; x_wconf 91' lang='lat' dir='ltr'><strong>merito</strong></span> <span class='ocrx_word' id='word_1_516' title='bbox 1835 3443 2041 3504; x_wconf 86' lang='lat' dir='ltr'><strong>tacent,</strong></span> <span class='ocrx_word' id='word_1_517' title='bbox 2126 3448 2258 3495; x_wconf 87' lang='lat' dir='ltr'><strong>runt</strong></span> <span class='ocrx_word' id='word_1_518' title='bbox 2277 3441 2456 3512; x_wconf 88' lang='lat' dir='ltr'><strong>capita</strong></span> <span class='ocrx_word' id='word_1_519' title='bbox 2482 3441 2536 3494; x_wconf 90' lang='lat' dir='ltr'><strong>in</strong></span> <span class='ocrx_word' id='word_1_520' title='bbox 2559 3445 2789 3500; x_wconf 88' lang='lat' dir='ltr'><strong>terram,</strong></span> <span class='ocrx_word' id='word_1_521' title='bbox 2816 3443 3030 3491; x_wconf 86' lang='lat' dir='ltr'><strong>mentes</strong></span> <span class='ocrx_word' id='word_1_522' title='bbox 3046 3435 3261 3490; x_wconf 88' lang='lat' dir='ltr'><strong>scilicet</strong></span> <span class='ocrx_word' id='word_1_523' title='bbox 3276 3436 3333 3490; x_wconf 92' lang='lat' dir='ltr'><strong>in</strong></span> <span class='ocrx_word' id='word_1_524' title='bbox 3362 3441 3568 3490; x_wconf 86' lang='lat' dir='ltr'><strong>terrena</strong></span> <span class='ocrx_word' id='word_1_525' title='bbox 3583 3447 3682 3486; x_wconf 63' lang='lat' dir='ltr'><strong>cono</strong></span> 
     </span>
    </p>
   </div>
   <div class='ocr_carea' id='block_1_37' title="bbox 451 3525 3680 3600">
    <p class='ocr_par' dir='ltr' id='par_1_37' title="bbox 451 3525 3680 3600">
     <span class='ocr_line' id='line_1_37' title="bbox 451 3525 3680 3600; baseline -0.003 -17"><span class='ocrx_word' id='word_1_526' title='bbox 451 3528 674 3600; x_wconf 84' lang='lat' dir='ltr'><strong>quando</strong></span> <span class='ocrx_word' id='word_1_527' title='bbox 701 3527 901 3582; x_wconf 90' lang='lat' dir='ltr'><strong>sedent</strong></span> <span class='ocrx_word' id='word_1_528' title='bbox 929 3526 985 3580; x_wconf 92' lang='lat' dir='ltr'><strong>in</strong></span> <span class='ocrx_word' id='word_1_529' title='bbox 1008 3533 1180 3581; x_wconf 85' lang='lat' dir='ltr'><strong>terra.</strong></span> <span class='ocrx_word' id='word_1_530' title='bbox 1210 3525 1369 3580; x_wconf 91' lang='lat' dir='ltr'><strong>Unde</strong></span> <span class='ocrx_word' id='word_1_531' title='bbox 1416 3525 1622 3591; x_wconf 88' lang='lat' dir='ltr'><strong>nescio,</strong></span> <span class='ocrx_word' id='word_1_532' title='bbox 1665 3525 1711 3579; x_wconf 90' lang='lat' dir='ltr'><strong>si</strong></span> <span class='ocrx_word' id='word_1_533' title='bbox 1761 3543 1921 3580; x_wconf 89' lang='lat' dir='ltr'><strong>senes</strong></span> <span class='ocrx_word' id='word_1_534' title='bbox 1954 3544 2045 3580; x_wconf 89' lang='lat' dir='ltr'><strong>vo-</strong></span> <span class='ocrx_word' id='word_1_535' title='bbox 2124 3531 2408 3585; x_wconf 86' lang='lat' dir='ltr'><strong>volventes</strong></span> <span class='ocrx_word' id='word_1_536' title='bbox 2431 3527 3078 3596; x_wconf 83' lang='lat' dir='ltr'><strong>oblectamenta,nolunt</strong></span> <span class='ocrx_word' id='word_1_537' title='bbox 3099 3542 3157 3578; x_wconf 91' lang='lat' dir='ltr'><strong>se</strong></span> <span class='ocrx_word' id='word_1_538' title='bbox 3179 3526 3415 3597; x_wconf 88' lang='lat' dir='ltr'><strong>erigere,</strong></span> <span class='ocrx_word' id='word_1_539' title='bbox 3435 3536 3680 3593; x_wconf 66' lang='lat' dir='ltr'><strong>nequeet-</strong></span> 
     </span>
    </p>
   </div>
   <div class='ocr_carea' id='block_1_38' title="bbox 444 3611 3684 3689">
    <p class='ocr_par' dir='ltr' id='par_1_38' title="bbox 444 3611 3684 3689">
     <span class='ocr_line' id='line_1_38' title="bbox 444 3611 3684 3689; baseline -0.003 -17"><span class='ocrx_word' id='word_1_540' title='bbox 444 3619 559 3672; x_wconf 89' lang='lat' dir='ltr'><strong>cari</strong></span> <span class='ocrx_word' id='word_1_541' title='bbox 579 3617 854 3671; x_wconf 90' lang='lat' dir='ltr'><strong>debeant:</strong></span> <span class='ocrx_word' id='word_1_542' title='bbox 889 3622 990 3670; x_wconf 90' lang='lat' dir='ltr'><strong>aut</strong></span> <span class='ocrx_word' id='word_1_543' title='bbox 1043 3616 1176 3687; x_wconf 89' lang='lat' dir='ltr'><strong>quia</strong></span> <span class='ocrx_word' id='word_1_544' title='bbox 1223 3616 1280 3669; x_wconf 91' lang='lat' dir='ltr'><strong>in</strong></span> <span class='ocrx_word' id='word_1_545' title='bbox 1322 3622 1476 3669; x_wconf 90' lang='lat' dir='ltr'><strong>terra</strong></span> <span class='ocrx_word' id='word_1_546' title='bbox 1514 3615 1728 3671; x_wconf 90' lang='lat' dir='ltr'><strong>sedent.</strong></span> <span class='ocrx_word' id='word_1_547' title='bbox 1760 3621 1858 3669; x_wconf 88' lang='lat' dir='ltr'><strong>aut</strong></span> <span class='ocrx_word' id='word_1_548' title='bbox 1913 3615 2044 3686; x_wconf 91' lang='lat' dir='ltr'><strong>quia</strong></span> <span class='ocrx_word' id='word_1_549' title='bbox 2124 3627 2313 3674; x_wconf 90' lang='lat' dir='ltr'><strong>cutere</strong></span> <span class='ocrx_word' id='word_1_550' title='bbox 2369 3619 2437 3673; x_wconf 92' lang='lat' dir='ltr'><strong>de</strong></span> <span class='ocrx_word' id='word_1_551' title='bbox 2485 3619 2744 3689; x_wconf 84' lang='lat' dir='ltr'><strong>pulvere:</strong></span> <span class='ocrx_word' id='word_1_552' title='bbox 2778 3617 2824 3670; x_wconf 88' lang='lat' dir='ltr'><strong>si</strong></span> <span class='ocrx_word' id='word_1_553' title='bbox 2882 3614 3160 3687; x_wconf 88' lang='lat' dir='ltr'><strong>quomodo</strong></span> <span class='ocrx_word' id='word_1_554' title='bbox 3219 3615 3375 3686; x_wconf 88' lang='lat' dir='ltr'><strong>prius</strong></span> <span class='ocrx_word' id='word_1_555' title='bbox 3415 3628 3589 3667; x_wconf 87' lang='lat' dir='ltr'><strong>rursus</strong></span> <span class='ocrx_word' id='word_1_556' title='bbox 3619 3611 3684 3663; x_wconf 91' lang='lat' dir='ltr'><strong>in-</strong></span> 
     </span>
    </p>
   </div>
   <div class='ocr_carea' id='block_1_39' title="bbox 445 3699 3678 3779">
    <p class='ocr_par' dir='ltr' id='par_1_39' title="bbox 445 3699 3678 3779">
     <span class='ocr_line' id='line_1_39' title="bbox 445 3699 3678 3779; baseline -0.004 -17"><span class='ocrx_word' id='word_1_557' title='bbox 445 3713 654 3775; x_wconf 89' lang='lat' dir='ltr'><strong>tacent,</strong></span> <span class='ocrx_word' id='word_1_558' title='bbox 671 3707 779 3762; x_wconf 90' lang='lat' dir='ltr'><strong>nisi</strong></span> <span class='ocrx_word' id='word_1_559' title='bbox 801 3707 944 3761; x_wconf 87' lang='lat' dir='ltr'><strong>forte</strong></span> <span class='ocrx_word' id='word_1_560' title='bbox 958 3705 1098 3760; x_wconf 91' lang='lat' dir='ltr'><strong>tales</strong></span> <span class='ocrx_word' id='word_1_561' title='bbox 1119 3706 1524 3776; x_wconf 88' lang='lat' dir='ltr'><strong>intelligantur,</strong></span> <span class='ocrx_word' id='word_1_562' title='bbox 1545 3705 1726 3776; x_wconf 88' lang='lat' dir='ltr'><strong>qualis</strong></span> <span class='ocrx_word' id='word_1_563' title='bbox 1755 3705 1847 3758; x_wconf 90' lang='lat' dir='ltr'><strong>ille</strong></span> <span class='ocrx_word' id='word_1_564' title='bbox 1877 3722 2041 3759; x_wconf 86' lang='lat' dir='ltr'><strong>sena-</strong></span> <span class='ocrx_word' id='word_1_565' title='bbox 2124 3710 2370 3764; x_wconf 81' lang='lat' dir='ltr'><strong>duantur</strong></span> <span class='ocrx_word' id='word_1_566' title='bbox 2385 3709 2453 3762; x_wconf 85' lang='lat' dir='ltr'><strong>ab</strong></span> <span class='ocrx_word' id='word_1_567' title='bbox 2471 3724 2694 3779; x_wconf 90' lang='lat' dir='ltr'><strong>sponso,</strong></span> <span class='ocrx_word' id='word_1_568' title='bbox 2718 3707 2833 3760; x_wconf 92' lang='lat' dir='ltr'><strong>suis</strong></span> <span class='ocrx_word' id='word_1_569' title='bbox 2858 3710 3321 3759; x_wconf 89' lang='lat' dir='ltr'><strong>ornamentorum</strong></span> <span class='ocrx_word' id='word_1_570' title='bbox 3349 3701 3590 3757; x_wconf 82' lang='lat' dir='ltr'><strong>vestibus.</strong></span> <span class='ocrx_word' id='word_1_571' title='bbox 3616 3699 3678 3752; x_wconf 87' lang='lat' dir='ltr'><strong>De</strong></span> 
     </span>
    </p>
   </div>
   <div class='ocr_carea' id='block_1_40' title="bbox 445 3791 3679 3870">
    <p class='ocr_par' dir='ltr' id='par_1_40' title="bbox 445 3791 3679 3870">
     <span class='ocr_line' id='line_1_40' title="bbox 445 3791 3679 3870; baseline -0.003 -20"><span class='ocrx_word' id='word_1_572' title='bbox 445 3802 632 3852; x_wconf 88' lang='lat' dir='ltr'><strong>torum</strong></span> <span class='ocrx_word' id='word_1_573' title='bbox 659 3797 862 3850; x_wconf 88' lang='lat' dir='ltr'><strong>chorus</strong></span> <span class='ocrx_word' id='word_1_574' title='bbox 881 3812 1007 3850; x_wconf 91' lang='lat' dir='ltr'><strong>cum</strong></span> <span class='ocrx_word' id='word_1_575' title='bbox 1031 3794 1233 3866; x_wconf 89' lang='lat' dir='ltr'><strong>quibus</strong></span> <span class='ocrx_word' id='word_1_576' title='bbox 1265 3801 1530 3848; x_wconf 88' lang='lat' dir='ltr'><strong>venturus</strong></span> <span class='ocrx_word' id='word_1_577' title='bbox 1560 3793 1630 3847; x_wconf 91' lang='lat' dir='ltr'><strong>ad</strong></span> <span class='ocrx_word' id='word_1_578' title='bbox 1645 3793 2040 3864; x_wconf 81' lang='lat' dir='ltr'><strong>ju(licium,qui</strong></span> <span class='ocrx_word' id='word_1_579' title='bbox 2125 3815 2361 3870; x_wconf 83' lang='lat' dir='ltr'><strong>quorum</strong></span> <span class='ocrx_word' id='word_1_580' title='bbox 2397 3798 2570 3868; x_wconf 84' lang='lat' dir='ltr'><strong>igitur</strong></span> <span class='ocrx_word' id='word_1_581' title='bbox 2591 3795 2824 3866; x_wconf 88' lang='lat' dir='ltr'><strong>collegio</strong></span> <span class='ocrx_word' id='word_1_582' title='bbox 2855 3800 2911 3848; x_wconf 90' lang='lat' dir='ltr'><strong>et</strong></span> <span class='ocrx_word' id='word_1_583' title='bbox 2938 3810 3175 3849; x_wconf 90' lang='lat' dir='ltr'><strong>numero</strong></span> <span class='ocrx_word' id='word_1_584' title='bbox 3210 3793 3461 3846; x_wconf 88' lang='lat' dir='ltr'><strong>fortassis</strong></span> <span class='ocrx_word' id='word_1_585' title='bbox 3487 3791 3570 3844; x_wconf 89' lang='lat' dir='ltr'><strong>illa</strong></span> <span class='ocrx_word' id='word_1_586' title='bbox 3584 3801 3679 3858; x_wconf 65' lang='lat' dir='ltr'><strong>quae</strong></span> 
     </span>
    </p>
   </div>
   <div class='ocr_carea' id='block_1_41' title="bbox 443 3881 3679 3958">
    <p class='ocr_par' dir='ltr' id='par_1_41' title="bbox 443 3881 3679 3958">
     <span class='ocr_line' id='line_1_41' title="bbox 443 3881 3679 3958; baseline -0.004 -18"><span class='ocrx_word' id='word_1_587' title='bbox 443 3887 629 3941; x_wconf 91' lang='lat' dir='ltr'><strong>sciunt</strong></span> <span class='ocrx_word' id='word_1_588' title='bbox 655 3903 849 3941; x_wconf 91' lang='lat' dir='ltr'><strong>eorum</strong></span> <span class='ocrx_word' id='word_1_589' title='bbox 880 3885 937 3939; x_wconf 93' lang='lat' dir='ltr'><strong>in</strong></span> <span class='ocrx_word' id='word_1_590' title='bbox 983 3902 1042 3939; x_wconf 92' lang='lat' dir='ltr'><strong>se</strong></span> <span class='ocrx_word' id='word_1_591' title='bbox 1071 3885 1308 3940; x_wconf 89' lang='lat' dir='ltr'><strong>formam</strong></span> <span class='ocrx_word' id='word_1_592' title='bbox 1366 3900 1671 3950; x_wconf 87' lang='lat' dir='ltr'><strong>assumere,</strong></span> <span class='ocrx_word' id='word_1_593' title='bbox 1712 3901 1812 3954; x_wconf 89' lang='lat' dir='ltr'><strong>pro</strong></span> <span class='ocrx_word' id='word_1_594' title='bbox 1843 3883 2044 3954; x_wconf 91' lang='lat' dir='ltr'><strong>quibus</strong></span> <span class='ocrx_word' id='word_1_595' title='bbox 2127 3887 2204 3941; x_wconf 92' lang='lat' dir='ltr'><strong>sic</strong></span> <span class='ocrx_word' id='word_1_596' title='bbox 2234 3888 2476 3958; x_wconf 88' lang='lat' dir='ltr'><strong>adjurat,</strong></span> <span class='ocrx_word' id='word_1_597' title='bbox 2511 3887 2642 3940; x_wconf 80' lang='lat' dir='ltr'><strong>licet</strong></span> <span class='ocrx_word' id='word_1_598' title='bbox 2670 3885 2816 3938; x_wconf 91' lang='lat' dir='ltr'><strong>male</strong></span> <span class='ocrx_word' id='word_1_599' title='bbox 2843 3885 3152 3948; x_wconf 85' lang='lat' dir='ltr'><strong>vulnerata,</strong></span> <span class='ocrx_word' id='word_1_600' title='bbox 3187 3889 3246 3936; x_wconf 92' lang='lat' dir='ltr'><strong>et</strong></span> <span class='ocrx_word' id='word_1_601' title='bbox 3277 3881 3426 3936; x_wconf 87' lang='lat' dir='ltr'><strong>nuda</strong></span> <span class='ocrx_word' id='word_1_602' title='bbox 3445 3882 3551 3951; x_wconf 91' lang='lat' dir='ltr'><strong>jam</strong></span> <span class='ocrx_word' id='word_1_603' title='bbox 3577 3891 3679 3931; x_wconf 80' lang='lat' dir='ltr'><strong>eva-</strong></span> 
     </span>
    </p>
   </div>
   <div class='ocr_carea' id='block_1_42' title="bbox 442 3969 3678 4050">
    <p class='ocr_par' dir='ltr' id='par_1_42' title="bbox 442 3969 3678 4050">
     <span class='ocr_line' id='line_1_42' title="bbox 442 3969 3678 4050; baseline -0.003 -21"><span class='ocrx_word' id='word_1_604' title='bbox 442 3975 639 4050; x_wconf 90' lang='lat' dir='ltr'><strong>lugent</strong></span> <span class='ocrx_word' id='word_1_605' title='bbox 663 3996 674 4030; x_wconf 91' lang='lat'>:</span> <span class='ocrx_word' id='word_1_606' title='bbox 700 3981 757 4031; x_wconf 92' lang='lat' dir='ltr'><strong>et</strong></span> <span class='ocrx_word' id='word_1_607' title='bbox 773 3975 880 4048; x_wconf 90' lang='lat' dir='ltr'><strong>ipsi</strong></span> <span class='ocrx_word' id='word_1_608' title='bbox 901 3983 1091 4030; x_wconf 82' lang='lat' dir='ltr'><strong>tamen</strong></span> <span class='ocrx_word' id='word_1_609' title='bbox 1111 3992 1146 4028; x_wconf 88' lang='lat' dir='ltr'><strong>a</strong></span> <span class='ocrx_word' id='word_1_610' title='bbox 1170 3975 1309 4030; x_wconf 88' lang='lat' dir='ltr'><strong>solio</strong></span> <span class='ocrx_word' id='word_1_611' title='bbox 1333 3973 1525 4028; x_wconf 82' lang='lat' dir='ltr'><strong>arbitri</strong></span> <span class='ocrx_word' id='word_1_612' title='bbox 1549 3989 1661 4027; x_wconf 90' lang='lat' dir='ltr'><strong>non</strong></span> <span class='ocrx_word' id='word_1_613' title='bbox 1684 3973 2042 4039; x_wconf 89' lang='lat' dir='ltr'><strong>descendere,</strong></span> <span class='ocrx_word' id='word_1_614' title='bbox 2127 3984 2294 4034; x_wconf 84' lang='lat' dir='ltr'><strong>serat,</strong></span> <span class='ocrx_word' id='word_1_615' title='bbox 2319 3992 2572 4048; x_wconf 82' lang='lat' dir='ltr'><strong>quaerens</strong></span> <span class='ocrx_word' id='word_1_616' title='bbox 2589 3975 2854 4028; x_wconf 88' lang='lat' dir='ltr'><strong>dilectum</strong></span> <span class='ocrx_word' id='word_1_617' title='bbox 2881 3989 3066 4037; x_wconf 91' lang='lat' dir='ltr'><strong>suum,</strong></span> <span class='ocrx_word' id='word_1_618' title='bbox 3100 3988 3296 4025; x_wconf 89' lang='lat' dir='ltr'><strong>amore</strong></span> <span class='ocrx_word' id='word_1_619' title='bbox 3319 3969 3678 4040; x_wconf 80' lang='lat' dir='ltr'><strong>languidaznec</strong></span> 
     </span>
    </p>
   </div>
   <div class='ocr_carea' id='block_1_43' title="bbox 442 4054 3680 4137">
    <p class='ocr_par' dir='ltr' id='par_1_43' title="bbox 442 4054 3680 4137">
     <span class='ocr_line' id='line_1_43' title="bbox 442 4054 3680 4137; baseline -0.004 -17"><span class='ocrx_word' id='word_1_620' title='bbox 442 4065 696 4136; x_wconf 89' lang='lat' dir='ltr'><strong>quamvis</strong></span> <span class='ocrx_word' id='word_1_621' title='bbox 725 4065 1018 4119; x_wconf 87' lang='lat' dir='ltr'><strong>videantur</strong></span> <span class='ocrx_word' id='word_1_622' title='bbox 1044 4063 1156 4119; x_wconf 83' lang='lat' dir='ltr'><strong>una</strong></span> <span class='ocrx_word' id='word_1_623' title='bbox 1185 4081 1310 4119; x_wconf 91' lang='lat' dir='ltr'><strong>cum</strong></span> <span class='ocrx_word' id='word_1_624' title='bbox 1355 4061 1759 4135; x_wconf 89' lang='lat' dir='ltr'><strong>peccatoribus,</strong></span> <span class='ocrx_word' id='word_1_625' title='bbox 1791 4061 1950 4132; x_wconf 89' lang='lat' dir='ltr'><strong>quasi</strong></span> <span class='ocrx_word' id='word_1_626' title='bbox 1980 4061 2040 4115; x_wconf 88' lang='lat' dir='ltr'><strong>in</strong></span> <span class='ocrx_word' id='word_1_627' title='bbox 2125 4073 2314 4120; x_wconf 87' lang='lat' dir='ltr'><strong>tamen</strong></span> <span class='ocrx_word' id='word_1_628' title='bbox 2347 4082 2447 4137; x_wconf 90' lang='lat' dir='ltr'><strong>per</strong></span> <span class='ocrx_word' id='word_1_629' title='bbox 2475 4083 2534 4119; x_wconf 92' lang='lat' dir='ltr'><strong>se</strong></span> <span class='ocrx_word' id='word_1_630' title='bbox 2563 4063 2826 4119; x_wconf 87' lang='lat' dir='ltr'><strong>accedere</strong></span> <span class='ocrx_word' id='word_1_631' title='bbox 2853 4061 3145 4133; x_wconf 60' lang='lat' dir='ltr'><strong>prmsumit</strong></span> <span class='ocrx_word' id='word_1_632' title='bbox 3170 4061 3242 4114; x_wconf 88' lang='lat' dir='ltr'><strong>ad</strong></span> <span class='ocrx_word' id='word_1_633' title='bbox 3276 4077 3402 4114; x_wconf 88' lang='lat' dir='ltr'><strong>eum</strong></span> <span class='ocrx_word' id='word_1_634' title='bbox 3439 4055 3579 4130; x_wconf 85' lang='lat' dir='ltr'><strong>quasi</strong></span> <span class='ocrx_word' id='word_1_635' title='bbox 3603 4054 3680 4107; x_wconf 89' lang='lat' dir='ltr'><strong>im-</strong></span> 
     </span>
    </p>
   </div>
   <div class='ocr_carea' id='block_1_44' title="bbox 441 4146 3678 4227">
    <p class='ocr_par' dir='ltr' id='par_1_44' title="bbox 441 4146 3678 4227">
     <span class='ocr_line' id='line_1_44' title="bbox 441 4146 3678 4227; baseline -0.003 -19"><span class='ocrx_word' id='word_1_636' title='bbox 441 4156 608 4208; x_wconf 88' lang='lat' dir='ltr'><strong>terris</strong></span> <span class='ocrx_word' id='word_1_637' title='bbox 637 4154 824 4224; x_wconf 90' lang='lat' dir='ltr'><strong>positi,</strong></span> <span class='ocrx_word' id='word_1_638' title='bbox 856 4161 1060 4208; x_wconf 65' lang='lat' dir='ltr'><strong>nostra;</strong></span> <span class='ocrx_word' id='word_1_639' title='bbox 1089 4154 1212 4208; x_wconf 66' lang='lat' dir='ltr'><strong>vitae</strong></span> <span class='ocrx_word' id='word_1_640' title='bbox 1235 4153 1482 4208; x_wconf 88' lang='lat' dir='ltr'><strong>maculas</strong></span> <span class='ocrx_word' id='word_1_641' title='bbox 1518 4153 1744 4206; x_wconf 84' lang='lat' dir='ltr'><strong>deﬂere.</strong></span> <span class='ocrx_word' id='word_1_642' title='bbox 1782 4150 1890 4205; x_wconf 84' lang='lat' dir='ltr'><strong>Sed</strong></span> <span class='ocrx_word' id='word_1_643' title='bbox 1925 4150 2040 4204; x_wconf 89' lang='lat' dir='ltr'><strong>uti—</strong></span> <span class='ocrx_word' id='word_1_644' title='bbox 2121 4155 2339 4227; x_wconf 87' lang='lat' dir='ltr'><strong>pudica.</strong></span> <span class='ocrx_word' id='word_1_645' title='bbox 2377 4153 2506 4208; x_wconf 89' lang='lat' dir='ltr'><strong>Ideo</strong></span> <span class='ocrx_word' id='word_1_646' title='bbox 2531 4153 2780 4224; x_wconf 78' lang='lat' dir='ltr'><strong>supplex,</strong></span> <span class='ocrx_word' id='word_1_647' title='bbox 2815 4156 2945 4205; x_wconf 88' lang='lat' dir='ltr'><strong>ante</strong></span> <span class='ocrx_word' id='word_1_648' title='bbox 2975 4166 3034 4204; x_wconf 88' lang='lat' dir='ltr'><strong>se</strong></span> <span class='ocrx_word' id='word_1_649' title='bbox 3063 4150 3460 4203; x_wconf 88' lang='lat' dir='ltr'><strong>intercessores</strong></span> <span class='ocrx_word' id='word_1_650' title='bbox 3481 4153 3531 4200; x_wconf 90' lang='lat' dir='ltr'><strong>et</strong></span> <span class='ocrx_word' id='word_1_651' title='bbox 3556 4146 3678 4212; x_wconf 82' lang='lat' dir='ltr'><strong>lega-</strong></span> 
     </span>
    </p>
   </div>
   <div class='ocr_carea' id='block_1_45' title="bbox 440 4233 3675 4315">
    <p class='ocr_par' dir='ltr' id='par_1_45' title="bbox 440 4233 3675 4315">
     <span class='ocr_line' id='line_1_45' title="bbox 440 4233 3675 4315; baseline -0.004 -19"><span class='ocrx_word' id='word_1_652' title='bbox 440 4258 570 4296; x_wconf 90' lang='lat' dir='ltr'><strong>nam</strong></span> <span class='ocrx_word' id='word_1_653' title='bbox 589 4246 645 4295; x_wconf 88' lang='lat' dir='ltr'><strong>in</strong></span> <span class='ocrx_word' id='word_1_654' title='bbox 667 4241 826 4295; x_wconf 91' lang='lat' dir='ltr'><strong>nobis</strong></span> <span class='ocrx_word' id='word_1_655' title='bbox 843 4242 982 4296; x_wconf 89' lang='lat' dir='ltr'><strong>tales</strong></span> <span class='ocrx_word' id='word_1_656' title='bbox 995 4249 1201 4307; x_wconf 88' lang='lat' dir='ltr'><strong>essent,</strong></span> <span class='ocrx_word' id='word_1_657' title='bbox 1225 4258 1578 4313; x_wconf 88' lang='lat' dir='ltr'><strong>nequaquam</strong></span> <span class='ocrx_word' id='word_1_658' title='bbox 1603 4242 1775 4311; x_wconf 88' lang='lat' dir='ltr'><strong>igitur</strong></span> <span class='ocrx_word' id='word_1_659' title='bbox 1803 4239 2036 4294; x_wconf 85' lang='lat' dir='ltr'><strong>dixerim</strong></span> <span class='ocrx_word' id='word_1_660' title='bbox 2120 4253 2206 4299; x_wconf 82' lang='lat' dir='ltr'><strong>tos</strong></span> <span class='ocrx_word' id='word_1_661' title='bbox 2235 4245 2542 4315; x_wconf 80' lang='lat' dir='ltr'><strong>adjuratos,</strong></span> <span class='ocrx_word' id='word_1_662' title='bbox 2565 4243 2831 4296; x_wconf 83' lang='lat' dir='ltr'><strong>ardenter</strong></span> <span class='ocrx_word' id='word_1_663' title='bbox 2854 4240 3048 4309; x_wconf 86' lang='lat' dir='ltr'><strong>dirigit</strong></span> <span class='ocrx_word' id='word_1_664' title='bbox 3071 4247 3127 4293; x_wconf 90' lang='lat' dir='ltr'><strong>et</strong></span> <span class='ocrx_word' id='word_1_665' title='bbox 3151 4245 3396 4310; x_wconf 86' lang='lat' dir='ltr'><strong>ex0ptat.</strong></span> <span class='ocrx_word' id='word_1_666' title='bbox 3416 4235 3515 4292; x_wconf 92' lang='lat' dir='ltr'><strong>Sed</strong></span> <span class='ocrx_word' id='word_1_667' title='bbox 3540 4233 3675 4286; x_wconf 88' lang='lat' dir='ltr'><strong>mise-</strong></span> 
     </span>
    </p>
   </div>
   <div class='ocr_carea' id='block_1_46' title="bbox 441 4324 3680 4401">
    <p class='ocr_par' dir='ltr' id='par_1_46' title="bbox 441 4324 3680 4401">
     <span class='ocr_line' id='line_1_46' title="bbox 441 4324 3680 4401; baseline -0.003 -16"><span class='ocrx_word' id='word_1_668' title='bbox 441 4331 589 4401; x_wconf 88' lang='lat' dir='ltr'><strong>quod</strong></span> <span class='ocrx_word' id='word_1_669' title='bbox 619 4330 848 4399; x_wconf 87' lang='lat' dir='ltr'><strong>lugendi</strong></span> <span class='ocrx_word' id='word_1_670' title='bbox 878 4336 1064 4384; x_wconf 87' lang='lat' dir='ltr'><strong>essent</strong></span> <span class='ocrx_word' id='word_1_671' title='bbox 1098 4349 1109 4383; x_wconf 91' lang='lat'><strong>:</strong></span> <span class='ocrx_word' id='word_1_672' title='bbox 1143 4332 1322 4401; x_wconf 87' lang='lat' dir='ltr'><strong>magis</strong></span> <span class='ocrx_word' id='word_1_673' title='bbox 1359 4348 1490 4384; x_wconf 90' lang='lat' dir='ltr'><strong>vero</strong></span> <span class='ocrx_word' id='word_1_674' title='bbox 1527 4348 1621 4385; x_wconf 89' lang='lat' dir='ltr'><strong>eos</strong></span> <span class='ocrx_word' id='word_1_675' title='bbox 1655 4331 1865 4400; x_wconf 86' lang='lat' dir='ltr'><strong>lugent,</strong></span> <span class='ocrx_word' id='word_1_676' title='bbox 1897 4346 2196 4401; x_wconf 67' lang='lat' dir='ltr'><strong>quosnraa</strong></span> <span class='ocrx_word' id='word_1_677' title='bbox 2220 4333 2502 4387; x_wconf 85' lang='lat' dir='ltr'><strong>interdum</strong></span> <span class='ocrx_word' id='word_1_678' title='bbox 2533 4332 2754 4392; x_wconf 71' lang='lat' dir='ltr'><strong>animm.</strong></span> <span class='ocrx_word' id='word_1_679' title='bbox 2779 4330 2911 4383; x_wconf 90' lang='lat' dir='ltr'><strong>licet</strong></span> <span class='ocrx_word' id='word_1_680' title='bbox 2941 4330 3067 4383; x_wconf 73' lang='lat' dir='ltr'><strong>ﬁlim</strong></span> <span class='ocrx_word' id='word_1_681' title='bbox 3088 4329 3354 4382; x_wconf 86' lang='lat' dir='ltr'><strong>dicantur</strong></span> <span class='ocrx_word' id='word_1_682' title='bbox 3383 4326 3525 4387; x_wconf 89' lang='lat' dir='ltr'><strong>Sion,</strong></span> <span class='ocrx_word' id='word_1_683' title='bbox 3550 4324 3680 4376; x_wconf 84' lang='lat' dir='ltr'><strong>Jeru-</strong></span> 
     </span>
    </p>
   </div>
   <div class='ocr_carea' id='block_1_47' title="bbox 442 4413 2006 4490">
    <p class='ocr_par' dir='ltr' id='par_1_47' title="bbox 442 4418 2006 4490">
     <span class='ocr_line' id='line_1_47' title="bbox 442 4418 2006 4490; baseline 0.001 -18"><span class='ocrx_word' id='word_1_684' title='bbox 442 4420 793 4490; x_wconf 69' lang='grc' dir='ltr'><strong>πρεσϐυτέρους</strong></span> <span class='ocrx_word' id='word_1_685' title='bbox 831 4418 1009 4474; x_wconf 71' lang='lat' dir='ltr'><strong>Graeci</strong></span> <span class='ocrx_word' id='word_1_686' title='bbox 1033 4425 1249 4485; x_wconf 89' lang='lat' dir='ltr'><strong>vocant,</strong></span> <span class='ocrx_word' id='word_1_687' title='bbox 1294 4424 1331 4485; x_wconf 79' lang='grc' dir='ltr'>ι</span> <span class='ocrx_word' id='word_1_688' title='bbox 1350 4425 1539 4484; x_wconf 67' lang='lat'><strong>336</strong></span> <span class='ocrx_word' id='word_1_689' title='bbox 1566 4419 1662 4489; x_wconf 92' lang='lat' dir='ltr'><strong>qui</strong></span> <span class='ocrx_word' id='word_1_690' title='bbox 1693 4420 1845 4473; x_wconf 91' lang='lat' dir='ltr'><strong>nullo</strong></span> <span class='ocrx_word' id='word_1_691' title='bbox 1876 4435 2006 4473; x_wconf 90' lang='lat' dir='ltr'><strong>sene</strong></span> 
     </span>
    </p>
   </div>
   <div class='ocr_carea' id='block_1_48' title="bbox 2108 4413 3672 4490">
    <p class='ocr_par' dir='ltr' id='par_1_48' title="bbox 2121 4413 3672 4486">
     <span class='ocr_line' id='line_1_48' title="bbox 2121 4413 3672 4486; baseline -0.009 -8"><span class='ocrx_word' id='word_1_692' title='bbox 2121 4425 2293 4479; x_wconf 90' lang='lat' dir='ltr'><strong>salem</strong></span> <span class='ocrx_word' id='word_1_693' title='bbox 2324 4429 2380 4477; x_wconf 92' lang='lat' dir='ltr'><strong>et</strong></span> <span class='ocrx_word' id='word_1_694' title='bbox 2404 4423 2432 4477; x_wconf 92' lang='lat' dir='ltr'><strong>J</strong></span> <span class='ocrx_word' id='word_1_695' title='bbox 2441 4422 2566 4486; x_wconf 89' lang='lat' dir='ltr'><strong>uda,</strong></span> <span class='ocrx_word' id='word_1_696' title='bbox 2603 4421 2681 4475; x_wconf 91' lang='lat' dir='ltr'><strong>sic</strong></span> <span class='ocrx_word' id='word_1_697' title='bbox 2710 4437 2768 4475; x_wconf 90' lang='lat' dir='ltr'><strong>se</strong></span> <span class='ocrx_word' id='word_1_698' title='bbox 2793 4419 3063 4473; x_wconf 89' lang='lat' dir='ltr'><strong>hactenus</strong></span> <span class='ocrx_word' id='word_1_699' title='bbox 3105 4418 3438 4472; x_wconf 91' lang='lat' dir='ltr'><strong>delictorum</strong></span> <span class='ocrx_word' id='word_1_700' title='bbox 3473 4413 3672 4467; x_wconf 89' lang='lat' dir='ltr'><strong>circum-</strong></span> 
     </span>
    </p>
   </div>
   <div class='ocr_carea' id='block_1_49' title="bbox 441 4498 3673 4582">
    <p class='ocr_par' dir='ltr' id='par_1_49' title="bbox 441 4498 3673 4582">
     <span class='ocr_line' id='line_1_49' title="bbox 441 4498 3673 4582; baseline -0.004 -17"><span class='ocrx_word' id='word_1_701' title='bbox 441 4510 608 4566; x_wconf 88' lang='lat' dir='ltr'><strong>ctutis</strong></span> <span class='ocrx_word' id='word_1_702' title='bbox 639 4526 806 4582; x_wconf 91' lang='lat' dir='ltr'><strong>opere</strong></span> <span class='ocrx_word' id='word_1_703' title='bbox 836 4509 1190 4574; x_wconf 88' lang='lat' dir='ltr'><strong>decorantur,</strong></span> <span class='ocrx_word' id='word_1_704' title='bbox 1216 4508 1313 4562; x_wconf 90' lang='lat' dir='ltr'><strong>sed</strong></span> <span class='ocrx_word' id='word_1_705' title='bbox 1341 4507 1500 4579; x_wconf 90' lang='lat' dir='ltr'><strong>quasi</strong></span> <span class='ocrx_word' id='word_1_706' title='bbox 1552 4507 1692 4561; x_wconf 87' lang='lat' dir='ltr'><strong>fatui</strong></span> <span class='ocrx_word' id='word_1_707' title='bbox 1726 4514 2032 4579; x_wconf 88' lang='lat' dir='ltr'><strong>torpentes,</strong></span> <span class='ocrx_word' id='word_1_708' title='bbox 2119 4514 2256 4568; x_wconf 87' lang='lat' dir='ltr'><strong>dant</strong></span> <span class='ocrx_word' id='word_1_709' title='bbox 2283 4512 2510 4577; x_wconf 85' lang='lat' dir='ltr'><strong>exuviis,</strong></span> <span class='ocrx_word' id='word_1_710' title='bbox 2569 4517 2626 4564; x_wconf 89' lang='lat' dir='ltr'><strong>et</strong></span> <span class='ocrx_word' id='word_1_711' title='bbox 2656 4515 2902 4564; x_wconf 88' lang='lat' dir='ltr'><strong>mentem</strong></span> <span class='ocrx_word' id='word_1_712' title='bbox 2927 4507 3166 4562; x_wconf 86' lang='lat' dir='ltr'><strong>terrenis</strong></span> <span class='ocrx_word' id='word_1_713' title='bbox 3214 4506 3506 4561; x_wconf 86' lang='lat' dir='ltr'><strong>obvolvunt</strong></span> <span class='ocrx_word' id='word_1_714' title='bbox 3542 4498 3673 4555; x_wconf 88' lang='lat' dir='ltr'><strong>indu-</strong></span> 
     </span>
    </p>
   </div>
   <div class='ocr_carea' id='block_1_50' title="bbox 438 4587 3668 4673">
    <p class='ocr_par' dir='ltr' id='par_1_50' title="bbox 438 4587 3668 4673">
     <span class='ocr_line' id='line_1_50' title="bbox 438 4587 3668 4673; baseline -0.004 -22"><span class='ocrx_word' id='word_1_715' title='bbox 438 4598 497 4653; x_wconf 87' lang='lat' dir='ltr'><strong>in</strong></span> <span class='ocrx_word' id='word_1_716' title='bbox 520 4605 673 4654; x_wconf 88' lang='lat' dir='ltr'><strong>terra</strong></span> <span class='ocrx_word' id='word_1_717' title='bbox 693 4601 908 4667; x_wconf 89' lang='lat' dir='ltr'><strong>sedent,</strong></span> <span class='ocrx_word' id='word_1_718' title='bbox 935 4600 1070 4654; x_wconf 88' lang='lat' dir='ltr'><strong>dum</strong></span> <span class='ocrx_word' id='word_1_719' title='bbox 1117 4599 1358 4653; x_wconf 88' lang='lat' dir='ltr'><strong>terrenis</strong></span> <span class='ocrx_word' id='word_1_720' title='bbox 1405 4603 1461 4652; x_wconf 91' lang='lat' dir='ltr'><strong>et</strong></span> <span class='ocrx_word' id='word_1_721' title='bbox 1487 4597 1670 4652; x_wconf 85' lang='lat' dir='ltr'><strong>carnis</strong></span> <span class='ocrx_word' id='word_1_722' title='bbox 1693 4603 2039 4670; x_wconf 90' lang='lat' dir='ltr'><strong>occupantur</strong></span> <span class='ocrx_word' id='word_1_723' title='bbox 2119 4604 2343 4669; x_wconf 76' lang='lat' dir='ltr'><strong>mentiS,</strong></span> <span class='ocrx_word' id='word_1_724' title='bbox 2369 4601 2525 4673; x_wconf 76' lang='lat' dir='ltr'><strong>quaSi</strong></span> <span class='ocrx_word' id='word_1_725' title='bbox 2548 4616 2835 4672; x_wconf 87' lang='lat' dir='ltr'><strong>nunquam</strong></span> <span class='ocrx_word' id='word_1_726' title='bbox 2853 4599 3026 4652; x_wconf 90' lang='lat' dir='ltr'><strong>velint</strong></span> <span class='ocrx_word' id='word_1_727' title='bbox 3045 4613 3364 4666; x_wconf 85' lang='lat' dir='ltr'><strong>assurgere.</strong></span> <span class='ocrx_word' id='word_1_728' title='bbox 3389 4595 3489 4649; x_wconf 85' lang='lat' dir='ltr'><strong>Pro</strong></span> <span class='ocrx_word' id='word_1_729' title='bbox 3505 4587 3668 4662; x_wconf 79' lang='lat' dir='ltr'><strong>quibus</strong></span> 
     </span>
    </p>
   </div>
   <div class='ocr_carea' id='block_1_51' title="bbox 442 4679 3666 4762">
    <p class='ocr_par' dir='ltr' id='par_1_51' title="bbox 442 4679 3666 4762">
     <span class='ocr_line' id='line_1_51' title="bbox 442 4679 3666 4762; baseline -0.002 -21"><span class='ocrx_word' id='word_1_730' title='bbox 442 4687 723 4759; x_wconf 89' lang='lat' dir='ltr'><strong>cperibus.</strong></span> <span class='ocrx_word' id='word_1_731' title='bbox 767 4690 930 4744; x_wconf 88' lang='lat' dir='ltr'><strong>Tales</strong></span> <span class='ocrx_word' id='word_1_732' title='bbox 973 4689 1165 4762; x_wconf 87' lang='lat' dir='ltr'><strong>itaque</strong></span> <span class='ocrx_word' id='word_1_733' title='bbox 1215 4687 1452 4760; x_wconf 81' lang='lat' dir='ltr'><strong>plangit,</strong></span> <span class='ocrx_word' id='word_1_734' title='bbox 1482 4687 1674 4760; x_wconf 86' lang='lat' dir='ltr'><strong>quales</strong></span> <span class='ocrx_word' id='word_1_735' title='bbox 1718 4687 1774 4741; x_wconf 90' lang='lat' dir='ltr'><strong>in</strong></span> <span class='ocrx_word' id='word_1_736' title='bbox 1806 4687 2035 4742; x_wconf 80' lang='lat' dir='ltr'><strong>Daniele</strong></span> <span class='ocrx_word' id='word_1_737' title='bbox 2119 4710 2252 4750; x_wconf 87' lang='lat' dir='ltr'><strong>sane</strong></span> <span class='ocrx_word' id='word_1_738' title='bbox 2274 4709 2385 4748; x_wconf 91' lang='lat' dir='ltr'><strong>non</strong></span> <span class='ocrx_word' id='word_1_739' title='bbox 2418 4693 2541 4746; x_wconf 92' lang='lat' dir='ltr'><strong>dico</strong></span> <span class='ocrx_word' id='word_1_740' title='bbox 2571 4690 2862 4756; x_wconf 88' lang='lat' dir='ltr'><strong>Jeremias,</strong></span> <span class='ocrx_word' id='word_1_741' title='bbox 2894 4689 3133 4743; x_wconf 87' lang='lat' dir='ltr'><strong>fratrum</strong></span> <span class='ocrx_word' id='word_1_742' title='bbox 3165 4691 3402 4750; x_wconf 86' lang='lat' dir='ltr'><strong>amator,</strong></span> <span class='ocrx_word' id='word_1_743' title='bbox 3429 4696 3599 4736; x_wconf 84' lang='lat' dir='ltr'><strong>verum</strong></span> <span class='ocrx_word' id='word_1_744' title='bbox 3623 4679 3666 4731; x_wconf 79' lang='lat' dir='ltr'><strong>et</strong></span> 
     </span>
    </p>
   </div>
   <div class='ocr_carea' id='block_1_52' title="bbox 435 4766 3666 4850">
    <p class='ocr_par' dir='ltr' id='par_1_52' title="bbox 435 4766 3666 4850">
     <span class='ocr_line' id='line_1_52' title="bbox 435 4766 3666 4850; baseline -0.004 -16"><span class='ocrx_word' id='word_1_745' title='bbox 435 4791 604 4848; x_wconf 85' lang='lat' dir='ltr'><strong>super</strong></span> <span class='ocrx_word' id='word_1_746' title='bbox 621 4777 933 4833; x_wconf 89' lang='lat' dir='ltr'><strong>Susannam</strong></span> <span class='ocrx_word' id='word_1_747' title='bbox 951 4778 1224 4834; x_wconf 90' lang='lat' dir='ltr'><strong>insanisse</strong></span> <span class='ocrx_word' id='word_1_748' title='bbox 1245 4778 1502 4850; x_wconf 91' lang='lat' dir='ltr'><strong>legimus,</strong></span> <span class='ocrx_word' id='word_1_749' title='bbox 1535 4777 1603 4830; x_wconf 89' lang='lat' dir='ltr'><strong>de</strong></span> <span class='ocrx_word' id='word_1_750' title='bbox 1630 4776 1829 4848; x_wconf 90' lang='lat' dir='ltr'><strong>quibus</strong></span> <span class='ocrx_word' id='word_1_751' title='bbox 1853 4777 1990 4830; x_wconf 91' lang='lat' dir='ltr'><strong>dicit</strong></span> <span class='ocrx_word' id='word_1_752' title='bbox 2021 4793 2033 4830; x_wconf 90' lang='lat'><strong>:</strong></span> <span class='ocrx_word' id='word_1_753' title='bbox 2119 4782 2302 4838; x_wconf 82' lang='lat' dir='ltr'><strong>omnis</strong></span> <span class='ocrx_word' id='word_1_754' title='bbox 2325 4788 2647 4836; x_wconf 77' lang='lat' dir='ltr'><strong>sanctorum</strong></span> <span class='ocrx_word' id='word_1_755' title='bbox 2677 4780 2880 4834; x_wconf 83' lang='lat' dir='ltr'><strong>chorus</strong></span> <span class='ocrx_word' id='word_1_756' title='bbox 2905 4779 3034 4848; x_wconf 87' lang='lat' dir='ltr'><strong>jure</strong></span> <span class='ocrx_word' id='word_1_757' title='bbox 3055 4777 3258 4847; x_wconf 86' lang='lat' dir='ltr'><strong>plorat,</strong></span> <span class='ocrx_word' id='word_1_758' title='bbox 3287 4779 3570 4840; x_wconf 88' lang='lat' dir='ltr'><strong>nostraque</strong></span> <span class='ocrx_word' id='word_1_759' title='bbox 3586 4766 3666 4818; x_wconf 87' lang='lat' dir='ltr'><strong>im-</strong></span> 
     </span>
    </p>
   </div>
   <div class='ocr_carea' id='block_1_53' title="bbox 437 4856 3659 4942">
    <p class='ocr_par' dir='ltr' id='par_1_53' title="bbox 437 4856 3659 4942">
     <span class='ocr_line' id='line_1_53' title="bbox 437 4856 3659 4942; baseline -0.005 -18"><span class='ocrx_word' id='word_1_760' title='bbox 437 4868 738 4924; x_wconf 79' lang='lat' dir='ltr'><strong>Inveterati</strong></span> <span class='ocrx_word' id='word_1_761' title='bbox 758 4869 977 4921; x_wconf 84' lang='lat' dir='ltr'><strong>dierum</strong></span> <span class='ocrx_word' id='word_1_762' title='bbox 1008 4875 1307 4936; x_wconf 85' lang='lat' dir='ltr'><strong>malorum,</strong></span> <span class='ocrx_word' id='word_1_763' title='bbox 1339 4885 1490 4923; x_wconf 87' lang='lat' dir='ltr'><strong>nunc</strong></span> <span class='ocrx_word' id='word_1_764' title='bbox 1520 4873 1787 4921; x_wconf 70' lang='lat' dir='ltr'><strong>venerunt</strong></span> <span class='ocrx_word' id='word_1_765' title='bbox 1818 4873 2035 4934; x_wconf 73' lang='lat' dir='ltr'><strong>peccata</strong></span> <span class='ocrx_word' id='word_1_766' title='bbox 2117 4872 2447 4928; x_wconf 84' lang='lat' dir='ltr'><strong>manissima</strong></span> <span class='ocrx_word' id='word_1_767' title='bbox 2467 4870 2681 4942; x_wconf 86' lang='lat' dir='ltr'><strong>plangit</strong></span> <span class='ocrx_word' id='word_1_768' title='bbox 2707 4868 2944 4928; x_wconf 83' lang='lat' dir='ltr'><strong>excidia.</strong></span> <span class='ocrx_word' id='word_1_769' title='bbox 2981 4866 3126 4931; x_wconf 87' lang='lat' dir='ltr'><strong>Quia</strong></span> <span class='ocrx_word' id='word_1_770' title='bbox 3155 4871 3211 4919; x_wconf 93' lang='lat' dir='ltr'><strong>et</strong></span> <span class='ocrx_word' id='word_1_771' title='bbox 3232 4864 3279 4919; x_wconf 91' lang='lat' dir='ltr'><strong>si</strong></span> <span class='ocrx_word' id='word_1_772' title='bbox 3307 4867 3448 4917; x_wconf 89' lang='lat' dir='ltr'><strong>recte</strong></span> <span class='ocrx_word' id='word_1_773' title='bbox 3475 4856 3659 4942; x_wconf 82' lang='lat' dir='ltr'><strong>vellent,</strong></span> 
     </span>
    </p>
   </div>
   <div class='ocr_carea' id='block_1_54' title="bbox 437 4941 3660 5032">
    <p class='ocr_par' dir='ltr' id='par_1_54' title="bbox 437 4941 3660 5032">
     <span class='ocr_line' id='line_1_54' title="bbox 437 4941 3660 5032; baseline -0.01 -6"><span class='ocrx_word' id='word_1_774' title='bbox 437 4973 554 5026; x_wconf 64' lang='grc' dir='ltr'><strong>(Ιαε</strong></span> <span class='ocrx_word' id='word_1_775' title='bbox 584 4955 967 5024; x_wconf 67' lang='grc' dir='ltr'><strong>οΡθναδαηηήί</strong></span> <span class='ocrx_word' id='word_1_776' title='bbox 1007 4958 1149 5022; x_wconf 67' lang='lat' dir='ltr'><strong>(Dan</strong></span> <span class='ocrx_word' id='word_1_777' title='bbox 1224 4963 1360 5025; x_wconf 77' lang='grc' dir='ltr'><strong>κιιι).</strong></span> <span class='ocrx_word' id='word_1_778' title='bbox 1407 4958 1685 5012; x_wconf 65' lang='grc' dir='ltr'><strong>(ἷωῑθιύῐη</strong></span> <span class='ocrx_word' id='word_1_779' title='bbox 1733 4954 1860 5009; x_wconf 62' lang='lat' dir='ltr'><strong>mia?</strong></span> <span class='ocrx_word' id='word_1_780' title='bbox 1899 4953 2032 5008; x_wconf 74' lang='lat' dir='ltr'><strong>Sion</strong></span> <span class='ocrx_word' id='word_1_781' title='bbox 2116 4962 2319 5017; x_wconf 89' lang='lat' dir='ltr'><strong>amisso</strong></span> <span class='ocrx_word' id='word_1_782' title='bbox 2336 4941 2558 5032; x_wconf 85' lang='lat' dir='ltr'><strong>sponso,</strong></span> <span class='ocrx_word' id='word_1_783' title='bbox 2583 4965 2709 5032; x_wconf 91' lang='lat' dir='ltr'><strong>post</strong></span> <span class='ocrx_word' id='word_1_784' title='bbox 2727 4955 3142 5031; x_wconf 88' lang='lat' dir='ltr'><strong>persecutiones</strong></span> <span class='ocrx_word' id='word_1_785' title='bbox 3172 4941 3660 5024; x_wconf 84' lang='lat' dir='ltr'><strong>multiplicesetvul-</strong></span> 
     </span>
    </p>
   </div>
   <div class='ocr_carea' id='block_1_55' title="bbox 437 5035 3658 5122">
    <p class='ocr_par' dir='ltr' id='par_1_55' title="bbox 437 5035 3658 5122">
     <span class='ocr_line' id='line_1_55' title="bbox 437 5035 3658 5122; baseline -0.005 -21"><span class='ocrx_word' id='word_1_786' title='bbox 437 5063 560 5118; x_wconf 66' lang='lat' dir='ltr'><strong>quae</strong></span> <span class='ocrx_word' id='word_1_787' title='bbox 588 5051 1020 5116; x_wconf 87' lang='lat' dir='ltr'><strong>consperserunt</strong></span> <span class='ocrx_word' id='word_1_788' title='bbox 1048 5046 1234 5101; x_wconf 90' lang='lat' dir='ltr'><strong>cinere</strong></span> <span class='ocrx_word' id='word_1_789' title='bbox 1287 5046 1469 5118; x_wconf 78' lang='lat' dir='ltr'><strong>capita</strong></span> <span class='ocrx_word' id='word_1_790' title='bbox 1520 5064 1640 5113; x_wconf 90' lang='lat' dir='ltr'><strong>sua,</strong></span> <span class='ocrx_word' id='word_1_791' title='bbox 1677 5051 1733 5101; x_wconf 91' lang='lat' dir='ltr'><strong>et</strong></span> <span class='ocrx_word' id='word_1_792' title='bbox 1788 5043 2027 5116; x_wconf 86' lang='lat' dir='ltr'><strong>virgines</strong></span> <span class='ocrx_word' id='word_1_793' title='bbox 2111 5068 2264 5108; x_wconf 72' lang='lat' dir='ltr'><strong>nera,</strong></span> <span class='ocrx_word' id='word_1_794' title='bbox 2289 5056 2414 5122; x_wconf 82' lang='lat' dir='ltr'><strong>post</strong></span> <span class='ocrx_word' id='word_1_795' title='bbox 2442 5050 2756 5104; x_wconf 76' lang='lat' dir='ltr'><strong>nuditatem</strong></span> <span class='ocrx_word' id='word_1_796' title='bbox 2790 5054 2846 5102; x_wconf 84' lang='lat' dir='ltr'><strong>et</strong></span> <span class='ocrx_word' id='word_1_797' title='bbox 2875 5047 3142 5111; x_wconf 69' lang='lat' dir='ltr'><strong>maculas,</strong></span> <span class='ocrx_word' id='word_1_798' title='bbox 3178 5043 3406 5098; x_wconf 81' lang='lat' dir='ltr'><strong>forsitan</strong></span> <span class='ocrx_word' id='word_1_799' title='bbox 3435 5044 3485 5093; x_wconf 83' lang='lat' dir='ltr'><strong>et</strong></span> <span class='ocrx_word' id='word_1_800' title='bbox 3510 5035 3658 5090; x_wconf 89' lang='lat' dir='ltr'><strong>sinon</strong></span> 
     </span>
    </p>
   </div>
   <div class='ocr_carea' id='block_1_56' title="bbox 434 5133 3656 5211">
    <p class='ocr_par' dir='ltr' id='par_1_56' title="bbox 434 5133 3656 5211">
     <span class='ocr_line' id='line_1_56' title="bbox 434 5133 3656 5211; baseline -0.004 -17"><span class='ocrx_word' id='word_1_801' title='bbox 434 5138 766 5203; x_wconf 88' lang='lat' dir='ltr'><strong>Jerusalem,</strong></span> <span class='ocrx_word' id='word_1_802' title='bbox 800 5152 1017 5190; x_wconf 87' lang='lat' dir='ltr'><strong>necnon</strong></span> <span class='ocrx_word' id='word_1_803' title='bbox 1046 5143 1101 5192; x_wconf 90' lang='lat' dir='ltr'><strong>et</strong></span> <span class='ocrx_word' id='word_1_804' title='bbox 1130 5139 1376 5210; x_wconf 89' lang='lat' dir='ltr'><strong>virgines</strong></span> <span class='ocrx_word' id='word_1_805' title='bbox 1417 5141 1579 5206; x_wconf 87' lang='lat' dir='ltr'><strong>Juda,</strong></span> <span class='ocrx_word' id='word_1_806' title='bbox 1611 5141 1778 5195; x_wconf 89' lang='lat' dir='ltr'><strong>unius</strong></span> <span class='ocrx_word' id='word_1_807' title='bbox 1809 5140 2026 5211; x_wconf 89' lang='lat' dir='ltr'><strong>signiﬁ-</strong></span> <span class='ocrx_word' id='word_1_808' title='bbox 2110 5158 2236 5194; x_wconf 86' lang='lat' dir='ltr'><strong>mox</strong></span> <span class='ocrx_word' id='word_1_809' title='bbox 2265 5141 2552 5203; x_wconf 88' lang='lat' dir='ltr'><strong>dilectum,</strong></span> <span class='ocrx_word' id='word_1_810' title='bbox 2612 5139 2809 5192; x_wconf 83' lang='lat' dir='ltr'><strong>saltem</strong></span> <span class='ocrx_word' id='word_1_811' title='bbox 2864 5136 3006 5191; x_wconf 87' lang='lat' dir='ltr'><strong>ﬁlias</strong></span> <span class='ocrx_word' id='word_1_812' title='bbox 3047 5134 3352 5190; x_wconf 85' lang='lat' dir='ltr'><strong>Jerusalem</strong></span> <span class='ocrx_word' id='word_1_813' title='bbox 3383 5133 3656 5211; x_wconf 74' lang='lat' dir='ltr'><strong>sanctorum</strong></span> 
     </span>
    </p>
   </div>
   <div class='ocr_carea' id='block_1_57' title="bbox 431 5210 3656 5298">
    <p class='ocr_par' dir='ltr' id='par_1_57' title="bbox 431 5210 3656 5298">
     <span class='ocr_line' id='line_1_57' title="bbox 431 5210 3656 5298; baseline -0.004 -15"><span class='ocrx_word' id='word_1_814' title='bbox 431 5229 666 5283; x_wconf 89' lang='lat' dir='ltr'><strong>cationis</strong></span> <span class='ocrx_word' id='word_1_815' title='bbox 689 5243 810 5282; x_wconf 88' lang='lat' dir='ltr'><strong>esse</strong></span> <span class='ocrx_word' id='word_1_816' title='bbox 828 5225 1109 5290; x_wconf 87' lang='lat' dir='ltr'><strong>videntur,</strong></span> <span class='ocrx_word' id='word_1_817' title='bbox 1145 5229 1399 5298; x_wconf 84' lang='lat' dir='ltr'><strong>quamvis</strong></span> <span class='ocrx_word' id='word_1_818' title='bbox 1427 5230 1643 5285; x_wconf 88' lang='lat' dir='ltr'><strong>diversa</strong></span> <span class='ocrx_word' id='word_1_819' title='bbox 1675 5210 2030 5285; x_wconf 80' lang='lat' dir='ltr'><strong>introducan-</strong></span> <span class='ocrx_word' id='word_1_820' title='bbox 2109 5229 2320 5284; x_wconf 83' lang='lat' dir='ltr'><strong>scilicet</strong></span> <span class='ocrx_word' id='word_1_821' title='bbox 2340 5228 2684 5282; x_wconf 90' lang='lat' dir='ltr'><strong>invenissent</strong></span> <span class='ocrx_word' id='word_1_822' title='bbox 2712 5225 2948 5290; x_wconf 89' lang='lat' dir='ltr'><strong>animns,</strong></span> <span class='ocrx_word' id='word_1_823' title='bbox 2969 5241 3090 5296; x_wconf 66' lang='lat' dir='ltr'><strong>quae</strong></span> <span class='ocrx_word' id='word_1_824' title='bbox 3120 5223 3270 5277; x_wconf 90' lang='lat' dir='ltr'><strong>illam</strong></span> <span class='ocrx_word' id='word_1_825' title='bbox 3303 5220 3416 5274; x_wconf 89' lang='lat' dir='ltr'><strong>suis</strong></span> <span class='ocrx_word' id='word_1_826' title='bbox 3441 5210 3656 5298; x_wconf 65' lang='lat' dir='ltr'><strong>precibus</strong></span> 
     </span>
    </p>
   </div>
   <div class='ocr_carea' id='block_1_58' title="bbox 431 5297 3654 5388">
    <p class='ocr_par' dir='ltr' id='par_1_58' title="bbox 431 5297 3654 5388">
     <span class='ocr_line' id='line_1_58' title="bbox 431 5297 3654 5388; baseline -0.007 -14"><span class='ocrx_word' id='word_1_827' title='bbox 431 5324 528 5376; x_wconf 89' lang='lat' dir='ltr'><strong>tur</strong></span> <span class='ocrx_word' id='word_1_828' title='bbox 554 5318 800 5373; x_wconf 86' lang='lat' dir='ltr'><strong>nomina.</strong></span> <span class='ocrx_word' id='word_1_829' title='bbox 827 5315 970 5382; x_wconf 88' lang='lat' dir='ltr'><strong>Quia</strong></span> <span class='ocrx_word' id='word_1_830' title='bbox 986 5322 1312 5371; x_wconf 87' lang='lat' dir='ltr'><strong>renatorum</strong></span> <span class='ocrx_word' id='word_1_831' title='bbox 1339 5319 1558 5383; x_wconf 80' lang='lat' dir='ltr'><strong>animae,</strong></span> <span class='ocrx_word' id='word_1_832' title='bbox 1607 5319 1754 5374; x_wconf 90' lang='lat' dir='ltr'><strong>illius</strong></span> <span class='ocrx_word' id='word_1_833' title='bbox 1785 5321 2024 5375; x_wconf 76' lang='lat' dir='ltr'><strong>ccelestis</strong></span> <span class='ocrx_word' id='word_1_834' title='bbox 2109 5325 2164 5374; x_wconf 93' lang='lat' dir='ltr'><strong>et</strong></span> <span class='ocrx_word' id='word_1_835' title='bbox 2185 5319 2398 5374; x_wconf 88' lang='lat' dir='ltr'><strong>meritis</strong></span> <span class='ocrx_word' id='word_1_836' title='bbox 2423 5317 2558 5381; x_wconf 87' lang='lat' dir='ltr'><strong>suis,</strong></span> <span class='ocrx_word' id='word_1_837' title='bbox 2581 5317 2824 5388; x_wconf 90' lang='lat' dir='ltr'><strong>denique</strong></span> <span class='ocrx_word' id='word_1_838' title='bbox 2851 5314 3079 5370; x_wconf 90' lang='lat' dir='ltr'><strong>monitis</strong></span> <span class='ocrx_word' id='word_1_839' title='bbox 3100 5321 3156 5368; x_wconf 87' lang='lat' dir='ltr'><strong>et</strong></span> <span class='ocrx_word' id='word_1_840' title='bbox 3177 5309 3450 5381; x_wconf 84' lang='lat' dir='ltr'><strong>exemplis,</strong></span> <span class='ocrx_word' id='word_1_841' title='bbox 3466 5304 3526 5358; x_wconf 88' lang='lat' dir='ltr'><strong>ad</strong></span> <span class='ocrx_word' id='word_1_842' title='bbox 3551 5297 3654 5354; x_wconf 87' lang='lat' dir='ltr'><strong>dul-</strong></span> 
     </span>
    </p>
   </div>
   <div class='ocr_carea' id='block_1_59' title="bbox 431 5399 3650 5481">
    <p class='ocr_par' dir='ltr' id='par_1_59' title="bbox 431 5399 3650 5481">
     <span class='ocr_line' id='line_1_59' title="bbox 431 5399 3650 5481; baseline -0.006 -17"><span class='ocrx_word' id='word_1_843' title='bbox 431 5405 738 5464; x_wconf 87' lang='lat' dir='ltr'><strong>Jerusalem</strong></span> <span class='ocrx_word' id='word_1_844' title='bbox 769 5411 902 5460; x_wconf 88' lang='lat' dir='ltr'><strong>sunt</strong></span> <span class='ocrx_word' id='word_1_845' title='bbox 923 5405 1068 5473; x_wconf 60' lang='lat' dir='ltr'><strong>ﬁlia,</strong></span> <span class='ocrx_word' id='word_1_846' title='bbox 1095 5405 1194 5460; x_wconf 89' lang='lat' dir='ltr'><strong>sed</strong></span> <span class='ocrx_word' id='word_1_847' title='bbox 1226 5404 1434 5460; x_wconf 86' lang='lat' dir='ltr'><strong>habent</strong></span> <span class='ocrx_word' id='word_1_848' title='bbox 1485 5407 1828 5464; x_wconf 84' lang='lat' dir='ltr'><strong>diﬁ‘erentias</strong></span> <span class='ocrx_word' id='word_1_849' title='bbox 1868 5426 2017 5475; x_wconf 85' lang='lat' dir='ltr'><strong>suas,</strong></span> <span class='ocrx_word' id='word_1_850' title='bbox 2107 5409 2190 5463; x_wconf 90' lang='lat' dir='ltr'><strong>cia</strong></span> <span class='ocrx_word' id='word_1_851' title='bbox 2205 5407 2392 5481; x_wconf 92' lang='lat' dir='ltr'><strong>sponsi</strong></span> <span class='ocrx_word' id='word_1_852' title='bbox 2413 5407 2599 5462; x_wconf 87' lang='lat' dir='ltr'><strong>oscula</strong></span> <span class='ocrx_word' id='word_1_853' title='bbox 2630 5406 2979 5464; x_wconf 83' lang='lat' dir='ltr'><strong>reveherent,</strong></span> <span class='ocrx_word' id='word_1_854' title='bbox 3028 5403 3073 5459; x_wconf 91' lang='lat' dir='ltr'><strong>si</strong></span> <span class='ocrx_word' id='word_1_855' title='bbox 3104 5419 3163 5458; x_wconf 90' lang='lat' dir='ltr'><strong>se</strong></span> <span class='ocrx_word' id='word_1_856' title='bbox 3192 5402 3260 5455; x_wconf 85' lang='lat' dir='ltr'><strong>de</strong></span> <span class='ocrx_word' id='word_1_857' title='bbox 3287 5399 3498 5471; x_wconf 85' lang='lat' dir='ltr'><strong>pulvere</strong></span> <span class='ocrx_word' id='word_1_858' title='bbox 3523 5402 3650 5481; x_wconf 5' lang='lat' dir='ltr'><strong>expau-</strong></span> 
     </span>
    </p>
   </div>
   <div class='ocr_carea' id='block_1_60' title="bbox 430 5478 3648 5570">
    <p class='ocr_par' dir='ltr' id='par_1_60' title="bbox 430 5478 3648 5570">
     <span class='ocr_line' id='line_1_60' title="bbox 430 5478 3648 5570; baseline -0.006 -15"><span class='ocrx_word' id='word_1_859' title='bbox 430 5503 530 5555; x_wconf 87' lang='lat' dir='ltr'><strong>aut</strong></span> <span class='ocrx_word' id='word_1_860' title='bbox 555 5513 622 5553; x_wconf 81' lang='lat' dir='ltr'><strong>ex</strong></span> <span class='ocrx_word' id='word_1_861' title='bbox 648 5495 1026 5569; x_wconf 88' lang='lat' dir='ltr'><strong>speculatione</strong></span> <span class='ocrx_word' id='word_1_862' title='bbox 1071 5495 1274 5550; x_wconf 66' lang='lat' dir='ltr'><strong>divina:</strong></span> <span class='ocrx_word' id='word_1_863' title='bbox 1318 5497 1804 5568; x_wconf 88' lang='lat' dir='ltr'><strong>contemplationis</strong></span> <span class='ocrx_word' id='word_1_864' title='bbox 1828 5517 1838 5551; x_wconf 94' lang='lat'>:</span> <span class='ocrx_word' id='word_1_865' title='bbox 1883 5516 2021 5570; x_wconf 88' lang='lat' dir='ltr'><strong>quas</strong></span> <span class='ocrx_word' id='word_1_866' title='bbox 2103 5478 2308 5564; x_wconf 71' lang='lat' dir='ltr'><strong>terant,</strong></span> <span class='ocrx_word' id='word_1_867' title='bbox 2334 5505 2690 5568; x_wconf 90' lang='lat' dir='ltr'><strong>mentemque</strong></span> <span class='ocrx_word' id='word_1_868' title='bbox 2712 5513 2746 5549; x_wconf 91' lang='lat' dir='ltr'><strong>a</strong></span> <span class='ocrx_word' id='word_1_869' title='bbox 2764 5493 3003 5550; x_wconf 87' lang='lat' dir='ltr'><strong>terrenis</strong></span> <span class='ocrx_word' id='word_1_870' title='bbox 3023 5494 3318 5564; x_wconf 88' lang='lat' dir='ltr'><strong>erigerent.</strong></span> <span class='ocrx_word' id='word_1_871' title='bbox 3342 5485 3486 5542; x_wconf 90' lang='lat' dir='ltr'><strong>Unde</strong></span> <span class='ocrx_word' id='word_1_872' title='bbox 3500 5478 3648 5570; x_wconf 47' lang='lat' dir='ltr'><strong>adhuc</strong></span> 
     </span>
    </p>
   </div>
   <div class='ocr_carea' id='block_1_61' title="bbox 428 5564 3646 5660">
    <p class='ocr_par' dir='ltr' id='par_1_61' title="bbox 428 5564 3646 5660">
     <span class='ocr_line' id='line_1_61' title="bbox 428 5564 3646 5660; baseline -0.009 -14"><span class='ocrx_word' id='word_1_873' title='bbox 428 5587 571 5646; x_wconf 89' lang='lat' dir='ltr'><strong>bene</strong></span> <span class='ocrx_word' id='word_1_874' title='bbox 591 5587 652 5646; x_wconf 86' lang='lat' dir='ltr'><strong>in</strong></span> <span class='ocrx_word' id='word_1_875' title='bbox 675 5564 919 5644; x_wconf 63' lang='lat' dir='ltr'><strong>Danticis</strong></span> <span class='ocrx_word' id='word_1_876' title='bbox 930 5585 1205 5660; x_wconf 80' lang='lat' dir='ltr'><strong>languens</strong></span> <span class='ocrx_word' id='word_1_877' title='bbox 1220 5564 1562 5660; x_wconf 55' lang='lat' dir='ltr'><strong>animamus</strong></span> <span class='ocrx_word' id='word_1_878' title='bbox 1571 5602 1762 5643; x_wconf 86' lang='lat' dir='ltr'><strong>amore</strong></span> <span class='ocrx_word' id='word_1_879' title='bbox 1781 5564 1970 5660; x_wconf 76' lang='lat' dir='ltr'><strong>sponsi</strong></span> <span class='ocrx_word' id='word_1_880' title='bbox 2004 5605 2016 5643; x_wconf 89' lang='lat'><strong>:</strong></span> <span class='ocrx_word' id='word_1_881' title='bbox 2105 5592 2162 5644; x_wconf 91' lang='lat' dir='ltr'><strong>et</strong></span> <span class='ocrx_word' id='word_1_882' title='bbox 2180 5588 2308 5644; x_wconf 86' lang='lat' dir='ltr'><strong>ﬁliae</strong></span> <span class='ocrx_word' id='word_1_883' title='bbox 2325 5564 2752 5644; x_wconf 73' lang='lat' dir='ltr'><strong>vocanturJuda</strong></span> <span class='ocrx_word' id='word_1_884' title='bbox 2767 5589 2823 5640; x_wconf 91' lang='lat' dir='ltr'><strong>et</strong></span> <span class='ocrx_word' id='word_1_885' title='bbox 2836 5583 3166 5650; x_wconf 85' lang='lat' dir='ltr'><strong>Jerusalem,</strong></span> <span class='ocrx_word' id='word_1_886' title='bbox 3187 5586 3466 5653; x_wconf 85' lang='lat' dir='ltr'><strong>quatenus,</strong></span> <span class='ocrx_word' id='word_1_887' title='bbox 3487 5564 3646 5626; x_wconf 86' lang='lat' dir='ltr'><strong>audito</strong></span> 
     </span>
    </p>
   </div>
  </div>
