3960 6168
265 268 402 324 1125

942 266 1322 322 EXPOSITIO
1363 267 1439 322 IN
1479 265 2089 324 LAMENTATIONES
2129 263 2475 321 JEREMIE.
2519 298 2587 308 —
2625 269 2760 328 LIB.
2804 275 2875 329 II.

3397 245 3535 337 H26

257 391 506 459 nomine,
563 409 705 449 verae
753 392 884 449 fidei
923 393 1330 450 confessionem
1371 393 1664 467 recipiant,
1698 397 1756 448 et
1791 392 1923 453 adA
1943 392 2039 464 qui
2076 391 2344 447 deﬁciunt
2374 409 2384 445 :
2415 392 2548 464 quia
2574 401 2732 451 tanto
2760 400 2945 455 minus
2964 402 3412 474 concupiscibilia
3443 421 3532 460 ex-

252 481 526 537 visionem
559 484 711 555 pacis
742 483 1077 555 quandoque
1119 499 1220 553 per
1264 482 1467 536 bonam
1516 483 1860 538 voluntatem

253 569 574 635 intendant,
609 573 786 626 donec
812 588 1037 626 rursum
1069 587 1169 641 per
1195 571 1574 642 adoptionem.
1607 577 1859 626 contem-

251 660 563 732 plationem
593 663 792 717 divinae
821 661 1181 733 inspectionis
1217 661 1524 716 clementer
1562 661 1854 732 recipiant.

251 750 551 806 Moraliter
569 757 778 815 autem,
813 751 1002 805 anima
1030 766 1156 804 cum
1188 749 1448 820 spiritum
1478 749 1694 804 consilii
1724 749 1860 804 ami-

251 839 414 904 serit,
439 840 598 911 quasi
625 840 694 895 de
723 845 1010 894 senectute
1036 838 1346 908 gravitatis.
1372 843 1430 892 et
1455 837 1728 908 dignitate
1745 854 1861 892 ma-

249 932 400 982 turae
430 929 575 995 vitae,
627 929 687 983 in
735 929 976 983 terrenis
1022 927 1292 987 residens.
1339 927 1651 982 infatuatur
1683 945 1696 980 :
1729 926 1861 998 quia

250 1018 411 1072 nullo
441 1019 731 1090 sapientiae
770 1019 887 1072 sale
915 1017 1194 1082 conditur,
1227 1016 1360 1070 dum
1392 1023 1618 1070 terrena
1655 1017 1853 1082 inhiat,

247 1105 552 1177 carnisque
580 1113 830 1162 sectatur
857 1107 1148 1162 illecebras
1181 1125 1192 1160 :
1227 1112 1284 1161 et
1309 1106 1414 1160 hoc
1443 1112 1530 1160 est
1567 1122 1728 1160 senes
1776 1122 1859 1160 se-

247 1194 386 1248 dere
408 1195 470 1249 in
496 1200 668 1262 terra,
703 1213 899 1251 omnes
928 1196 1145 1250 consilii
1183 1195 1481 1267 cogitatus,
1525 1201 1581 1250 et
1610 1194 1855 1266 pruden-

243 1283 345 1338 tia
379 1290 558 1350 actus,
590 1285 648 1340 in
673 1285 1050 1357 voluptatibus
1088 1285 1258 1355 hujus
1294 1285 1438 1351 vitae,
1472 1289 1530 1340 et
1557 1284 1727 1339 lucris
1757 1301 1855 1338 sae-

245 1372 364 1428 culi
391 1374 621 1428 versari.
665 1373 880 1439 Quibus
924 1379 1399 1446 cum‘occupatur
1443 1374 1634 1428 anima
1680 1374 1849 1440 curis,

247 1463 634 1518 conticescunt
651 1464 800 1534 apud
815 1465 995 1519 Deum
1016 1479 1211 1518 omnes
1231 1463 1406 1517 animi
1427 1470 1675 1518 conatus.
1694 1463 1853 1519 Unde

240 1558 301 1606 et
321 1552 496 1607 David
510 1568 770 1624 gemens:
798 1555 1073 1622 Quoniam
1091 1557 1261 1618 tacui,
1284 1553 1489 1624 inquit,
1513 1556 1851 1608 inveterave-

239 1647 388 1696 runt
415 1657 534 1696 ossa
564 1658 706 1706 mea,
727 1644 862 1696 dum
891 1645 1193 1697 clamarem
1219 1647 1330 1697 tota
1359 1644 1446 1697 die
1479 1644 1641 1708 (Psal.
1671 1644 1845 1711 xxxx).

241 1731 393 1800 Ergo
425 1746 493 1785 ea
517 1747 640 1802 qua
667 1731 821 1786 intus
849 1731 1008 1803 quasi
1032 1731 1464 1797 inveterascunt,
1489 1731 1623 1786 dum
1643 1731 1846 1786 veteris
1868 1713 1913 1773 Β

240 1820 494 1874 hominis
538 1821 696 1875 lucra
741 1827 1046 1887 sectantur,
1089 1821 1224 1892 quid
1257 1820 1408 1874 aliud
1443 1837 1614 1891 quam
1644 1820 1845 1875 cariosi

243 1925 432 1974 senes,
477 1909 547 1964 de
589 1910 816 1981 specula
853 1910 1092 1966 caelestis
1137 1909 1266 1964 vitae
1309 1910 1554 1982 prolapsi
1582 1911 1640 1964 in
1671 1916 1842 1977 terra,

240 2000 629 2054 conticescunt
655 2015 690 2054 a
716 1999 876 2055 bonis
909 2019 921 2054 :
957 2005 1013 2054 et
1039 1999 1085 2054 si
1119 1999 1413 2054 videantur
1441 2005 1560 2054 tota
1592 1999 1699 2064 die,
1735 1999 1849 2052 im-

243 2089 674 2160 presentiarum
705 2089 983 2154 videlicet,
1017 2089 1242 2160 negotia
1262 2089 1387 2143 vita
1407 2088 1577 2159 hujus
1605 2089 1848 2142 clamare

245 2193 310 2231 ac
339 2177 673 2248 requirere?
715 2177 877 2232 Unde
905 2183 962 2232 et
1004 2178 1130 2233 ﬁliae
1171 2178 1322 2241 Sion,
1364 2177 1576 2231 scilicet
1621 2176 1842 2244 animae,

258 2270 500 2332 I838
529 2272 776 2321 mentem
800 2282 968 2338 quam
995 2267 1244 2338 polluere
1275 2265 1480 2319 talibus
1529 2281 1642 2319 non
1680 2265 1850 2335 perti-

243 2362 504 2411 mescunt
523 2356 757 2420 actibus,
773 2356 907 2427 quid
927 2356 1079 2411 aliud
1101 2372 1271 2427 quam
1297 2355 1523 2426 pulvere
1543 2359 1850 2426 aspergunt

245 2446 461 2516 caput?
504 2445 717 2500 Deinde
747 2445 1010 2501 vitiorum
1056 2445 1190 2500 setis
1219 2445 1638 2499 circumamicta
1669 2452 1726 2498 et
1754 2461 1850 2498 ca-

242 2550 480 2605 prarum
511 2534 637 2606 pilis
680 2535 938 2606 gloriam,
981 2551 1151 2607 quam
1190 2534 1247 2588 in
1287 2533 1604 2588 coelestibus
1643 2533 1848 2587 habere

242 2630 490 2695 poterat,
525 2629 712 2679 mente
755 2625 950 2695 jacens
981 2624 1038 2678 in
1078 2631 1233 2679 terra
1276 2623 1534 2689 devolvit,
1567 2622 1744 2676 donec
1789 2622 1848 2676 in

241 2714 535 2785 pulverem
566 2719 880 2768 revertatur
899 2730 1028 2769 caro
1056 2713 1203 2768 unde
1234 2718 1459 2784 sumpta
1497 2718 1601 2777 est,
1642 2717 1700 2766 et
1722 2711 1848 2766 finis

242 2803 368 2872 ejus
395 2802 660 2858 interitus
689 2804 789 2858 ﬁat
816 2803 1191 2874 sempiternus
1215 2802 1369 2873 (Gen.
1387 2815 1482 2869 IlI;
1509 2802 1712 2870 Philip.
1738 2804 1846 2870 III).

969 2961 1125 3001 CAPH.

1942 481 2116 535 terius
2137 481 2456 545 intendunt,
2469 490 2679 553 quanto
2710 485 2804 541 isti
2823 489 3111 546 ardentius
3131 491 3318 547 divina
3335 493 3536 549 intror—

1941 588 2036 625 sus
2074 575 2371 640 penetrant
2399 575 2456 625 et
2486 571 2827 644 intelligunt.
2856 578 3014 633 Unde
3043 585 3102 635 et
3129 580 3379 636 videntes
3407 599 3539 654 pro-

1939 658 2120 728 phetae
2144 664 2278 713 sunt
2301 659 2475 713 vocati
2490 661 2541 721 (Ι
2557 663 2676 729 Reg.
2695 666 2796 731 lx),
2814 681 2880 718 eo
2893 668 3038 738 quod
3053 668 3149 722 illa
3169 687 3292 741 qum
3309 675 3540 726 manent

1940 745 1998 800 in
2044 746 2256 816 Spiritu
2285 747 2676 819 .perspicacius
2728 755 3132 825 conspicerent.
3167 759 3540 832 Nequaquam

1939 831 2114 905 igitur
2141 851 2236 890 eos
2265 836 2440 891 otiose
2478 837 2742 895 defecisse
2788 841 3066 914 ingemuit
3104 863 3217 916 prae
3250 831 3537 920 lacrimis,

1941 921 2084 976 sicut
2110 929 2168 978 et
2197 924 2370 978 David
2402 928 2464 979 in
2486 929 2764 994 eloquium
2798 937 2954 986 tuum
2969 933 3204 988 addidit.
3236 935 3389 989 Felix
3419 937 3542 1008 qui-

1941 1011 2068 1065 dem
2095 1011 2349 1077 defectio,
2381 1029 2503 1083 quae
2536 1029 2646 1069 non
2675 1016 3097 1086 detrimentum,
3131 1023 3229 1076 sed
3261 1040 3535 1095 augmen-

1939 1106 2060 1154 tum
2092 1101 2258 1172 capit,
2294 1101 2427 1156 dum
2459 1103 2527 1156 ad
2555 1119 2621 1158 ea
2649 1107 2847 1161 crescit
2889 1111 3081 1165 oculus
3121 1128 3243 1182 quae
3271 1113 3535 1168 intendit.

1939 1190 2084 1260 Ergo
2135 1191 2419 1262 prophetae
2473 1193 2637 1258 oculi,
2693 1211 2820 1250 cum
2875 1197 3145 1254 deficiunt
3191 1218 3304 1272 prae
3352 1202 3538 1275 lacry-

1936 1280 2062 1345 mis,
2117 1286 2154 1345 1
2171 1283 2362 1346 339
2386 1296 2497 1335 non
2528 1281 2716 1338 minus
2763 1300 2831 1339 ea
2858 1294 3096 1344 cernunt
3120 1306 3242 1360 quae
3270 1290 3532 1362 diligunt,

1938 1387 2106 1443 quam
2136 1387 2259 1444 quae
2288 1371 2480 1426 dolent
2509 1377 2566 1426 et
2610 1373 2912 1444 plangunt.
2959 1377 3119 1431 Unde
3162 1385 3219 1432 et
3246 1380 3536 1437 ardentius

1936 1467 2092 1516 tanto
2115 1461 2254 1516 adeo
2283 1479 2342 1516 se
2361 1461 2632 1532 dirigunt,
2669 1479 2792 1534 qua:
2823 1471 3072 1527 manent,
3106 1473 3315 1538 quanto
3346 1470 3538 1526 vident

1933 1550 2140 1606 clarius
2181 1551 2462 1606 amariora
2491 1567 2612 1606 esse
2653 1556 2710 1606 et
2759 1552 2900 1608 dura
2942 1571 3044 1625 pro
3087 1556 3290 1626 quibus
3321 1557 3532 1614 dolent.

1931 1641 2197 1712 Alioquin
2221 1641 2429 1695 sanctis
2448 1657 2672 1712 semper
2699 1641 2889 1697 dulces
2919 1650 3053 1698 sunt
3075 1645 3355 1718 lacryme,
3379 1651 3438 1702 et
3465 1647 3538 1704 ad

1934 1729 2124 1784 omnia
2148 1731 2658 1802 impraesentiarum
2689 1738 3082 1802 congruentes.
3117 1735 3354 1808 Propter
3384 1737 3534 1810 quod

1930 1819 2124 1885 David,
2153 1821 2415 1884 Fuerunt,
2442 1819 2644 1891 inquit,
2670 1822 2815 1874 mihi
2838 1825 3101 1890 lacrymas
3119 1842 3245 1880 meae
3264 1843 3432 1893 panes
3445 1829 3534 1882 die

1927 1925 1993 1964 ac
2015 1915 2161 1964 nocte
2188 1911 2345 1963 (Psal.
2361 1922 2488 1974 xu),
2512 1908 2570 1962 in
2588 1910 2870 1981 prosperis
2901 1911 3157 1968 videlicet
3174 1920 3231 1968 et
3260 1915 3316 1970 in
3339 1915 3532 1970 adver-

1929 1999 2028 2066 sis,
2055 1997 2188 2069 quia
2215 1997 2359 2052 sicut
2389 1997 2548 2068 panis
2578 1997 2647 2051 ad
2678 1999 2886 2062 omnia,
2927 2017 3048 2072 quae
3079 2001 3135 2056 in
3169 2002 3362 2058 usibus
3404 2005 3532 2060 vite

1930 2087 2182 2149 veniunt,
2215 2086 2435 2140 videtur
2463 2103 2772 2157 congruere
2806 2107 2816 2141 ε
2850 2087 2928 2142 ita
2950 2089 3208 2162 lacrymze
3239 2093 3298 2146 in
3327 2092 3532 2148 dolori-

1933 2177 2034 2232 bus
2065 2182 2119 2231 et
2151 2175 2444 2246 angustiis,
2475 2175 2532 2230 in
2561 2176 2838 2247 pressuris
2877 2183 2934 2231 et
2963 2179 3436 2246 tribulationibus,
3473 2183 3534 2239 in

1931 2265 2210 2320 desiderio
2231 2273 2284 2319 et
2306 2267 2517 2319 fervore
2548 2266 2776 2330 amoris,
2797 2266 2964 2320 etiam
2986 2267 3044 2321 in
3074 2269 3283 2340 gaudio
3305 2278 3362 2326 et
3386 2288 3532 2327 com-

1931 2357 2232 2427 punctione
2258 2355 2459 2410 divinae
2488 2355 2914 2410 recordationis.
2948 2357 3149 2412 Fateor
3177 2361 3324 2432 quod
3345 2362 3534 2418 nullus

1931 2446 2136 2500 humor
2157 2445 2406 2516 corporis
2428 2450 2585 2498 tanto
2615 2445 2730 2498 sale
2754 2445 3032 2512 conditur,
3055 2463 3237 2518 neque
3269 2465 3334 2505 eo
3351 2451 3531 2523 magis

1931 2535 2142 2597 anima,
2174 2533 2423 2606 qualibet
2450 2534 2751 2589 afflictione
2782 2540 2935 2588 mota
2963 2538 3301 2593 consolatur.
3322 2540 3390 2594 Et
3403 2541 3533 2596 hinc

1933 2630 2017 2679 est
2047 2624 2195 2696 quod
2247 2623 2491 2677 Ecclesia
2540 2639 2654 2677 una
2695 2639 2823 2678 cum
2861 2625 3104 2678 Jeremia
3153 2627 3222 2681 ad
3252 2628 3531 2700 lacrymas

1933 2713 2093 2785 quasi
2115 2714 2186 2768 ad
2200 2720 2467 2767 consueta
2483 2712 2689 2766 doloris
2712 2712 2798 2766 sui
2821 2713 3253 2778 medicamenta,
3269 2718 3527 2786 recurrit,

1931 2819 2104 2874 seque
2128 2807 2301 2856 totam
2333 2818 2434 2873 pro
2463 2801 2580 2856 suis
2614 2802 2756 2856 male
2785 2803 3062 2874 perpessis
3092 2803 3357 2860 membris
3377 2805 3434 2859 in
3452 2805 3531 2861 la-

1931 2892 2139 2964 crymis
2166 2891 2488 2957 transfudit,
2516 2891 2595 2945 ita
2617 2896 2681 2944 ut
2716 2906 2844 2946 vere
2876 2908 3005 2946 cum
3036 2893 3312 2964 propheta
3339 2894 3489 2950 dicat
3513 2915 3527 2953 :

1929 2983 2250 3050 Defecerunt
2285 2985 2431 3035 oculi
2461 2983 2571 3034 mei
2593 2996 2709 3049 prae
2731 2984 3016 3048 lacrymis,
3041 2987 3088 3036 et
3109 2986 3297 3038 omnia
3323 2987 3532 3040 viscera

318 3091 647 3158 percarum
659 3091 1051 3158 ρνειαονψηίε
1069 3090 1216 3142 oculi
1233 3087 1702 3152 meimenmrbam
1717 3089 1851 3140 sunt
1870 3078 1914 3140 ί]
1931 3087 2050 3126 mea
2076 3071 2403 3125 conturbata
2434 3075 2584 3124 sunt.
2603 3069 2683 3124 De
2709 3069 2911 3140 quibus
2942 3070 3205 3126 nimirum
3232 3072 3534 3129 visceribus

244 3182 460 3232 viscera
504 3195 643 3244 mea,
677 3180 909 3245 effusum
936 3182 1009 3231 est
1053 3179 1111 3230 in
1143 3182 1293 3230 terra
1311 3180 1476 3244 jecur
1499 3192 1702 3230 meum.
1735 3176 1852 3232 Nec
1927 3162 2046 3233 iam
2079 3175 2251 3233 supra
2277 3159 2588 3232 Ριδηκθνθίς
2621 3159 2846 3230 quando
2866 3166 3116 3215 ventrem
3139 3179 3305 3216 suum
3337 3162 3536 3218 turba-

244 3263 506 3332 dubium,
541 3263 676 3336 quin
707 3264 898 3318 videns
929 3264 1200 3335 propheta
1219 3261 1613 3316 contritionem
1636 3263 1846 3335 populi,

245 3354 507 3425 nullique
536 3353 691 3407 sexui
719 3353 805 3407 vel
835 3353 984 3408 aetati
1018 3353 1207 3408 hostes
1239 3352 1296 3405 in
1321 3369 1455 3406 nece
1486 3369 1736 3423 parcere,
1759 3353 1850 3408 in-

245 3442 407 3514 genti
435 3441 628 3496 dolore
644 3442 925 3507 turbatus,
960 3443 1095 3496 fletu
1130 3442 1371 3495 maximo
1402 3442 1770 3512 deplorat,ita
1789 3448 1854 3496 ut

247 3533 399 3588 oculi
431 3548 546 3604 pne
571 3532 833 3603 lacrymis
865 3531 1186 3596 deficerent,
1220 3537 1278 3586 et
1315 3531 1498 3585 omnis
1522 3531 1852 3601 jucunditas

248 3621 651 3677 delectamenti
694 3626 943 3675 vertatur
984 3621 1040 3675 in
1079 3620 1419 3674 anxietatem
1469 3621 1670 3675 cordis.
1705 3621 1853 3686 Quid

249 3711 408 3766 enim
443 3710 625 3781 magis
654 3709 974 3775 dolendum,
1023 3727 1191 3780 quam
1235 3709 1381 3781 quod
1422 3708 1574 3763 natio
1621 3708 1856 3781 antiqua

249 3816 449 3856 semen
478 3799 926 3871 patriarcharum
957 3804 1126 3870 atque
1153 3798 1462 3854 amicorum
1496 3799 1617 3865 Dei,
1654 3798 1858 3854 divinis

250 3889 474 3960 legibus
537 3888 775 3955 erudita,
816 3893 872 3942 et
918 3888 1320 3960 prephetarum
1369 3888 1607 3942 oraculis
1655 3888 1858 3960 saepius

251 3978 586 4034 confortata.
642 3977 700 4030 in
743 3981 962 4031 tantam
1006 3977 1347 4048 apostasiam
1378 3976 1610 4041 venerit,
1655 3982 1719 4031 ut
1758 3978 1857 4033 Dei

253 4071 342 4125 sui
370 4069 567 4133 oblita,
599 4079 829 4142 propter
857 4067 1271 4122 immanitatem
1299 4067 1594 4128 scelerum,
1611 4065 1858 4120 tradere-

250 4166 349 4214 tur
371 4159 431 4214 in
456 4176 658 4214 manus
678 4157 960 4212 hostium?
990 4157 1132 4228 Ergo
1162 4156 1550 4228 spiritualiter,
1567 4153 1857 4219 Quomodo

254 4249 586 4304 defecerunt
606 4248 751 4303 oculi
771 4248 1057 4320 prophetae
1078 4264 1190 4319 pra;
1211 4245 1857 4318 lacrymis,nequaquam

1932 3256 2053 3304 tum
2086 3249 2315 3303 dolebat
2347 3266 2357 3301 :
2388 3247 2614 3320 quippe,
2647 3247 2779 3320 quia
2821 3247 2926 3302 hoc
2954 3257 3087 3304 suut
3117 3249 3352 3310 viscera.
3387 3250 3538 3323 quod

1931 3343 2145 3400 venter,
2169 3354 2235 3392 eo
2265 3337 2413 3409 quod
2439 3337 2588 3390 intra
2617 3337 2802 3408 ipsum
2831 3345 2964 3392 sunt
2990 3340 3149 3410 quasi
3182 3342 3532 3411 receptacula

1935 3428 2279 3483 colluvionis.
2312 3427 2417 3480 Per
2441 3442 2583 3498 quae,
2618 3434 2683 3480 ut
2705 3428 2822 3496 jam
2849 3427 3062 3482 dictum
3093 3433 3196 3491 est,
3231 3430 3535 3486 multitudo

1936 3518 2205 3583 ﬁdelium,
2232 3511 2354 3588 quae
2369 3515 2569 3569 divinis
2590 3515 2839 3585 quotidie
2861 3515 3006 3570 infra
3027 3523 3251 3571 uterum
3278 3519 3536 3576 Ecclesia:

1935 3606 2184 3678 repletur
2198 3604 2499 3670 alimentis,
2528 3603 2819 3674 accipitur.
2839 3604 2945 3659 Sed
2967 3611 3244 3660 commota
3269 3623 3536 3677 pressura

1936 3695 2283 3761 ten‘tationis,
2311 3698 2411 3747 aut
2437 3709 2538 3764 pro
2561 3691 2838 3746 cruditate
2867 3692 3152 3760 doctrinae,
3185 3701 3285 3748 aut
3313 3711 3536 3751 morum

1939 3785 2212 3858 pravitate
2243 3799 2370 3838 mox
2397 3781 2823 3847 conturbantur,
2851 3787 2908 3836 et
2935 3782 3086 3836 velut
3113 3799 3268 3838 mare
3299 3783 3535 3853 fervent,

1938 3892 2039 3948 pro
2071 3873 2271 3946 quibus
2294 3872 2622 3926 excelsiores
2637 3870 3236 3927 animaaindesinenter
3256 3888 3448 3928 curam
3481 3876 3539 3928 et

1939 3961 2367 4018 sollicitudinem
2396 3964 2622 4030 gerunt.
2652 3957 2812 4013 Unde
2842 3965 2900 4012 et
2927 3957 3188 4024 Ecclesia,
3223 3960 3383 4031 quasi
3413 3975 3539 4032 par-

1939 4052 2156 4108 turiens
2187 4070 2200 4106 :
2244 4050 2583 4106 Conturbala
2616 4052 2766 4114 sunt,
2812 4047 3013 4119 inquit,
3051 4051 3258 4102 viscera
3290 4066 3432 4116 mea,
3483 4056 3542 4106 et

1941 4144 2173 4209 eﬂ‘usum
2195 4145 2269 4194 est
2295 4141 2357 4193 in
2381 4145 2530 4192 terra
2541 4141 2704 4207 jecur
2725 4153 2929 4191 meum.
2954 4136 3098 4191 Nam
3119 4154 3220 4209 per
3233 4139 3415 4209 jecur,
3429 4139 3542 4196 exi-

1941 4231 2128 4296 stimo,
2153 4229 2234 4284 illi
2254 4234 2403 4283 recte
2427 4227 2821 4298 intelliguntur
2835 4226 2930 4298 qui
2953 4225 3255 4298 locupletes
3277 4227 3332 4282 in
3347 4228 3539 4284 Eccle-

255 4355 387 4394 reor
429 4315 1204 4410 simpliciteraccipiendum,
1237 4315 1341 4391 sed
1383 4335 1528 4390 sicut
1565 4333 1738 4388 David
1769 4349 1857 4388 ca—
1876 4404 1913 4410 _
1938 4321 2022 4376 δίει
2038 4319 2186 4375 curis
2214 4325 2272 4374 et
2290 4316 2669 4410 V°1qutib_u_s
2689 4315 3012 4410 deserViunl”
3035 4329 3046 4364 ⁵
3066 4315 3210 4372 Sicut
3233 4323 3289 4371 et
3316 4318 3537 4390 ΡῙἹΥείοί

255 4429 340 4483 nit
374 4448 387 4482 ε
423 4404 741 4495 οετεξεναηι
770 4404 1053 4482 oculi-mei
1084 4428 1146 4480 ίη
1160 4428 1439 4495 eloquium
1471 4429 1654 4491 mum,
1674 4404 1922 4478 (ἤρθη-,θ
1940 4411 2424 4484 philosophantur,
2458 4407 2606 4479 quod
2630 4407 2686 4461 in
2706 4407 2894 4478 jecore
2917 4406 3173 4477 voluptas
3202 4412 3260 4461 et
3279 4410 3542 4482 concupi-

259 4527 334 4576 tes
356 4540 372 4574 :
394 4520 625 4588 Quando
642 4520 1006 4574 consolaberis
1023 4535 1106 4572 me
1123 4520 1560 4589 ?(Psal.cxvm.)
1584 4515 1859 4570 Laudabi-
1940 4501 2154 4596 licentia
2179 4501 2368 4596 εθάεξω
2401 4497 2680 4596 habeant}
2719 4495 2875 4596 .‘m‘de
2903 4496 3270 4596 tales‘fnﬂPt
3304 4499 3541 4596 ΑΡοειτξ·

257 4610 327 4664 lis
355 4608 585 4682 quidem
616 4613 674 4664 et
695 4608 825 4663 felix
854 4607 1118 4672 defectus,
1147 4622 1259 4661 non
1286 4605 1514 4661 veniens
1540 4621 1604 4660 ex
1629 4601 1853 4660 inﬁrmi-

1941 4593 2029 4647 lus
2058 4589 2325 4656 revocari,
2359 4604 2429 4642 ne
2456 4591 2686 4658 sperent
2716 4585 2775 4639 in
2803 4585 3015 4639 incerto
3041 4584 3385 4652 divitiarum,
3415 4587 3534 4656 sed,

257 4675 393 4754 tate—
408 4697 611 4764 carnis,
645 4697 744 4752 sed
774 4715 841 4752 cx
870 4695 1196 4752 fortitudine
1240 4694 1504 4749 desiderii
1536 4713 1551 4752 :
1585 4695 1716 4766 quia
1745 4711 1853 4750 om-

1941 4683 2040 4752 qui
2066 4677 2500 4748 habent,inquit,
2523 4678 2602 4730 sic
2625 4677 2741 4730 sint
2755 4678 2919 4744 quasi
2939 4691 3049 4728 non
3068 4675 3348 4744 habentes;
3371 4683 3421 4732 et
3442 4680 3544 4748 qui

220 4803 223 4805 '
257 4789 396 4843 nino
423 4803 583 4842 mens
613 4792 955 4848 sanctorum.
983 4802 1114 4840 cum
1144 4801 1210 4840 ea
1239 4784 1528 4840 ardentius
1556 4784 1853 4839 intentius-

1942 4776 2187 4826 utunlur
2207 4769 2304 4822 hoc
2320 4766 2544 4832 mundo,
2571 4771 2840 4834 tanquam
2864 4779 2975 4819 non
2996 4768 3206 4820 utentes
3221 4769 3356 4832 sint;
3377 4773 3428 4822 et
3443 4770 3546 4839 qui

261 4895 370 4950 que
404 4877 648 4933 intendit
667 4893 789 4948 quae
824 4893 937 4930 non
964 4875 1226 4930 videntur
1251 4880 1308 4929 et
1335 4873 1677 4946 sempiterna
1705 4878 1853 4941 sunt,

1938 4861 2232 4932 possident,
2267 4863 2536 4926 tanquam
2558 4871 2669 4909 non
2687 4853 3017 4923 possidentes
3052 4855 3101 4922 (Ι
3119 4855 3240 4910 σον.
3264 4859 3361 4926 Vl).
3391 4857 3546 4914 Alio-

259 4943 455 5022 deﬁcit
482 4965 552 5022 ab
599 4943 811 5022 intuitu
856 4982 1049 5021 eorum
1097 4963 1360 5030 exterius,
1411 4943 1533 5036 quae
1571 4963 1864 5036 praesentis
1944 4949 2080 5021 qum
2093 4965 2220 5003 cum
2240 4947 2298 5002 hi
2319 4962 2378 5036 39
2399 4943 2695 5000 θίῗιιηάυηῖ
2711 4959 2811 5036 Pe?
2829 4943 2986 5036 ναῖ’ίὲ
3014 4943 3209 4998 mundi
3239 4944 3538 5036 d?§id9riﬁg

257 5057 386 5112 vitae
414 5062 471 5112 et
497 5073 642 5112 vana
669 5062 817 5112 sunt.
850 5055 1138 5127 Siquidem
1169 5054 1265 5109 alii
1291 5031 1535 5109 sunt—isti
1561 5031 1705 5108 oculi
1736 5069 1853 5107 car-

1945 5046 2002 5094 et
2046 5037 2300 5093 relaxant
2347 5035 2506 5089 frena
2556 5031 3157 5103 concupiscentiarum,
3203 5032 3336 5104 quid
3384 5033 3535 5089 aliud

260 5146 378 5214 nei,
416 5146 510 5200 alii
543 5145 638 5217 qui
684 5146 865 5217 aperti
915 5122 1065 5210 sunt,
1110 5144 1333 5216 quando
1380 5142 1560 5197 Adam
1595 5142 1742 5207 (Gen.
1771 5145 1854 5205 III)
1945 5146 2112 5202 quam
2135 5129 2296 5200 jecur
2317 5122 2574 5217 Εεειθεξω
2601 5123 2659 5217 il}
2691 5130 2842 5217 ἵξεται
2871 5122 3215 5217 θίτυῐξάίίῑξτῗ
3244 5124 3386 5176 Nam
3415 5123 3533 5192 (ἰαί,

255 5211 510 5309 gustavit
530 5211 954 5291 vetitae-arboris
985 5211 1212 5306 pomum
1238 5251 1250 5287 :
1280 5232 1394 5298 alii,
1430 5231 1525 5304 qui
1558 5231 1862 5286 laudantur
1942 5221 2088 5275 sicut
2115 5219 2278 5309 (1908*:
2303 5213 2602 5309 ΑΡοεῐίξιυε
2643 5211 2874 5309 hab-emo
2909 5218 2973 5309 Ψ
2998 5212 3078 5266 ita
3105 5212 3538 5309 dicf‘fngfopcu‘

257 5325 319 5380 in
349 5341 577 5397 sponsa,
599 5324 669 5379 de
707 5323 910 5396 quibus
937 5323 1141 5378 dicitur
1177 5322 1234 5377 in
1279 5319 1544 5386 Canticis,
1578 5321 1736 5376 Oculi
1775 5321 1862 5374 tui

259 5417 650 5470 columbarum
682 5414 858 5482 (Cant.
882 5413 944 5481 ι).
969 5412 1077 5468 Sed
1096 5428 1224 5467 cum
1245 5411 1340 5467 isti
1357 5410 1451 5482 qui
1476 5407 1864 5464 columbarum

257 5504 571 5560 laudantur
601 5501 866 5560 divinitus
908 5502 1195 5568 illustrati,
1227 5501 1425 5574 purius
1467 5506 1638 5572 atque
1667 5499 1866 5554 arden-

258 5593 374 5650 tius
403 5593 658 5652 coelestia
697 5593 1149 5666 contemplantur
1182 5591 1470 5658 mysteria,
1506 5603 1700 5645 omnes
1731 5586 1862 5643 reli-

1944 5308 2245 5384 piscentias
2265 5305 2433 5375 hujus
2462 5302 2584 5358 vitae
2602 5307 2659 5357 et
2678 5301 3008 5374 voluptates,
3039 5318 3134 5358 eas
3163 5299 3420 5357 videlicet
3449 5319 3538 5360 res

1946 5401 2004 5454 in
2033 5398 2235 5472 quibus
2256 5392 2705 5467 concupiscentia
2743 5391 2991 5446 nutritur
3032 5398 3066 5455 |
3085 5394 3276 5456 που
3296 5388 3385 5448 vix
3415 5391 3538 5448 sine

1945 5509 2050 5547 sua
2076 5489 2415 5546 relaxatione
2440 5487 2498 5541 in
2527 5492 2681 5541 terra
2702 5500 2770 5540 ea
2797 5483 2980 5537 valent
3010 5481 3294 5552 amplecti,
3328 5489 3539 5554 quanto

1945 5581 2126 5655 magis
2145 5597 2271 5639 cum
2285 5593 2480 5636 omnes
2498 5572 3076 5648 concupiscentiarum
3092 5569 3324 5629 habenas
3348 5572 3539 5630 laxan-
