3960 6168
479 234 617 318 1127
1233 224 1290 277 S.
1334 217 1710 275 PASCHASII
1751 216 2110 273 RADBERTI
2149 216 2455 274 ABBATIS
2495 217 2991 274 CORBEIENSIS.
3568 219 3687 279 1128

474 360 603 418 tur?
622 357 782 416 Unde
796 368 1027 428 gemens
1057 347 1320 413 Ecclesia,
1356 365 1457 420 pro
1488 346 1692 402 talibus
1712 350 1945 414 effusum
1976 352 2071 409 est,
2090 347 2140 407 Α
2158 347 2372 418 plateas
2410 348 2579 417 hujus
2617 347 2801 402 saeculi
2846 347 2991 401 male
3026 346 3263 417 dilapsa,
3301 364 3406 401 non
3432 354 3506 402 est
3524 366 3617 420 quo
3642 367 3692 405 se

474 452 574 515 ait,
590 453 751 519 jecur
773 460 955 498 meum
978 444 1039 494 in
1066 445 1235 493 terra.
1264 437 1332 491 Et
1352 438 1659 491 notandum
1682 436 1829 508 quod
1848 453 1956 490 non
1981 436 2076 489 he-
2158 442 2355 501 vertat,
2398 436 2505 490 nisi
2538 437 2607 490 ad
2636 437 2934 507 lacrymas,
2969 453 3031 490 ex
3061 436 3282 507 quibus.
3306 436 3429 490 licet
3452 439 3574 492 oculi
3593 455 3695 508 gra-

476 555 581 610 par
609 538 730 590 sine
752 533 878 587 felle
903 528 1183 584 habetur:
1217 527 1298 580 ita
1326 533 1383 580 et
1411 526 1637 589 divitiae,
1670 526 1859 579 nescio
1890 525 1937 578 si
1970 541 2074 578 un-
2157 532 2376 592 ventur,
2417 526 2616 579 saltem
2649 525 2873 579 ﬂetibus
2903 526 3245 579 consolatur.
3273 525 3423 580 Unde
3449 528 3692 597 sequitur:

476 641 644 697 quam
676 623 795 676 sine
812 617 1192 674 amaritudine
1212 615 1622 687 possideantur.
1648 614 1863 668 Dicitur
1887 619 2074 668 autem
2856 630 3056 668 Lauso.

475 713 622 785 quod
646 711 715 765 ad
741 728 799 765 se
824 710 1008 764 calore
1038 722 1139 760 suo
1168 721 1394 758 succum
1426 703 1675 757 ciborum
1710 704 1917 767 trahat,
1962 719 2078 755 ver—
2233 705 2501 757 Matribus
2522 706 2638 757 suis
2655 705 2957 757 dixerunt:
2986 703 3082 757 Ubi
3099 709 3177 757 est
3197 706 3440 757 triticum
3456 710 3501 758 rt
3518 708 3696 765 vinum,

473 808 670 872 tatque
695 800 751 853 in
783 796 1137 868 sanguinem.
1158 809 1324 865 quem
1353 809 1489 846 sane
1519 792 1588 845 ad
1620 808 1782 846 usum
1814 790 2075 862 pascendi
2160 808 2285 845 cum
2306 794 2761 861 deﬁcerentquast
2780 795 3065 846 vulnerati
3083 795 3700 860 inplateiscivitatis,cum

474 889 873 959 nutriendique
897 883 1133 954 singulis
1166 879 1430 936 membris
1454 880 1686 951 prazbet,
1719 886 1776 933 et
1803 880 1908 933 hoc
1935 880 2079 932 forte
2162 882 2485 934 exhalarent
2503 882 2865 934 animassuas
2886 883 3092 934 insinu
3110 886 3361 934 matrum
3377 883 3705 937 suarumtlu-

475 985 582 1039 est.
620 977 770 1049 quod
812 973 1113 1047 Apostolus
1143 972 1305 1026 docet
1334 989 1344 1023 :
1384 970 1445 1023 Et
1483 972 1583 1038 qui
1607 970 1825 1033 habent,
1857 971 1935 1022 sic
1964 970 2082 1021 sint
2164 968 2297 1023 deis
2330 968 2476 1039 quod
2502 968 2673 1022 etiam
2692 968 2969 1023 atrociora
2989 968 3334 1039 contigerint
3347 969 3477 1024 nulli
3491 968 3702 1024 dubium.

475 1072 638 1139 quasi
679 1082 793 1121 non
830 1066 1100 1125 habentes,
1145 1066 1209 1114 ut
1255 1060 1312 1113 in
1363 1057 1636 1128 sanguine
1676 1056 2081 1128 redemptionis
2163 1059 2369 1113 Nostra
2396 1074 2527 1111 vero
2547 1058 2859 1112 Jerusalem
2888 1074 3081 1112 amare
3110 1058 3316 1128 plorat,
3345 1059 3468 1129 quia
3496 1074 3709 1115 numero

477 1175 594 1214 sua:
625 1173 692 1210 ea
718 1159 958 1217 vertant,
987 1157 1043 1205 et
1071 1149 1306 1220 singulis
1337 1147 1591 1202 Ecclesia:
1617 1145 1900 1209 membris,
1921 1145 2081 1216 quasi
2162 1147 2278 1201 sior
2304 1148 2423 1216 ejus
2446 1164 2576 1217 pars
2591 1146 2883 1200 vulnerata
2906 1146 2964 1200 in
2979 1147 3182 1217 plateis
3200 1147 3487 1201 exhalatur
3503 1164 3614 1201 cum
3638 1165 3708 1203 re-

479 1265 544 1301 ex
568 1243 913 1300 abundantia
936 1238 1245 1309 sanguinis,
1270 1244 1492 1308 pastum
1515 1241 1572 1289 et
1595 1235 1925 1289 alimentum
1949 1251 2085 1305 pree-
2163 1236 2293 1290 licto
2314 1241 2553 1306 angusto
2575 1235 2919 1297 itinere,vias
2935 1235 3139 1306 arripit
3159 1235 3387 1290 latiores
3406 1237 3709 1303 (Matthvu).

480 1335 669 1390 beant.
696 1331 838 1387 Hinc
859 1326 1348 1401 quoquesequitur
1371 1344 1381 1378 :
1407 1324 1584 1393 Super
1611 1326 1993 1377 contritionem
2016 1322 2085 1393 ﬁ-
2165 1326 2320 1379 Inter
2357 1341 2496 1395 quas
2533 1324 2626 1378 illa
2652 1324 2919 1379 nimirum
2945 1325 3178 1388 corruit,
3212 1341 3338 1395 qua:
3367 1324 3711 1378 recordatasui

483 1426 571 1479 lia:
597 1424 788 1492 populi
817 1422 943 1483 mei,
979 1433 1105 1471 cum
1131 1418 1375 1481 deﬁceret
1404 1416 1673 1481 parvulus
1698 1418 1747 1466 et
1788 1416 1990 1466 lactens
2020 1416 2081 1465 in
2164 1413 2410 1479 foederis,
2451 1413 2509 1466 in
2540 1413 2805 1477 Canticis,
2837 1412 3197 1484 gemebunda
3223 1429 3486 1484 sponsum
3512 1413 3709 1484 quaerit:

473 1513 674 1583 plateis
696 1509 899 1578 oppidi.
918 1507 996 1559 Ac
1010 1504 1286 1557 sidiceret
1312 1522 1322 1556 :
1348 1504 1597 1569 E/I'usum
1627 1506 1699 1555 est
1711 1505 1875 1570 jecur
1896 1517 2083 1554 mrum
2167 1503 2417 1569 Quasiri.
2433 1502 2635 1573 inquit,
2657 1508 2865 1565 eum,ct
2883 1519 2993 1556 non
3016 1506 3229 1559 inveni.
3244 1505 3427 1557 vocari
3452 1508 3497 1555 et
3527 1518 3621 1555 non
3646 1518 3714 1555 re-

482 1604 545 1654 in
572 1606 743 1663 terra,
774 1612 939 1664 super
977 1596 1365 1648 contritionem
1396 1594 1525 1658 ﬁlia?
1551 1595 1744 1660 populi
1768 1593 1875 1643 mei
1906 1609 1921 1644 :
1952 1589 2046 1659 qui

2164 1593 2383 1659 spondit
2412 1595 2591 1654 mini;
2636 1608 2698 1644 ac
2737 1590 2940 1645 deinde
2969 1608 2980 1643 :
3023 1593 3367 1645 Invenerunt
3394 1607 3472 1644 me
3499 1591 3710 1653 custodes,

484 1687 729 1744 Ecclesia
760 1682 987 1747 Christi,
1024 1698 1145 1752 qua:
1176 1680 1293 1734 ﬁlia
1322 1686 1641 1733 sanctorum
1669 1680 1798 1750 jure
1831 1685 2077 1741 vocatur,
2098 1701 2144 1761 B
2165 1682 2265 1748 qui
2284 1683 2630 1733 circumeunt
2658 1683 2933 1733 civitatem
2954 1699 2970 1733 :
2986 1686 3380 1748 percusserunt
3402 1696 3495 1742 me,
3509 1684 3554 1732 et
3569 1683 3716 1732 ruins-

484 1783 619 1832 tunc
641 1773 953 1829 conteritur
979 1777 1035 1825 et
1053 1767 1731 1829 afﬁciturtentationibus,
1766 1767 1991 1839 quando
2002 1767 2084 1835 je-
2166 1774 2432 1821 raverunt
2466 1785 2568 1831 me,
2603 1770 2855 1822 tulerunt
2879 1771 3122 1836 pallium
3147 1785 3334 1821 meum
3364 1769 3502 1820 mihi
3523 1768 3716 1820 custodes

483 1864 792 1936 curipsius.
812 1860 1011 1915 divites
1032 1857 1287 1912 videlicet
1306 1864 1362 1911 et
1382 1864 1657 1928 potentes,
1691 1856 1746 1910 in
1770 1857 2009 1911 terrenis
2026 1872 2085 1910 se
2168 1872 2465 1909 murorum
2484 1858 2661 1922 (Cant.
2681 1856 2752 1923 5).
2778 1856 2911 1920 Quae
2929 1857 3199 1927 profecto,
3220 1857 3266 1911 si
3286 1856 3472 1928 sponsi
3485 1844 3717 1909 frueretur

484 1953 781 2009 ell‘undunt
804 1948 1114 2012 desideriis,
1131 1954 1188 2000 et
1206 1947 1325 2000 sola
1348 1963 1471 2017 qua;
1501 1946 1790 2017 praesentis
1810 1945 1935 1999 vitae
1956 1950 2088 1999 sunt
2168 1945 2321 1999 intus
2353 1945 2715 2016 amplexibus,
2736 1945 2870 1999 foris
2883 1946 3174 1999 vulnerata
3199 1963 3311 1999 non
3325 1950 3486 1999 esset.
3513 1944 3717 2015 Sedquia

482 2042 706 2099 inhiant
765 2040 922 2094 Tunc
948 2038 1140 2108 itaque
1184 2040 1457 2105 parvulus
1486 2041 1532 2087 et
1565 2039 1768 2088 lactens
1797 2038 1858 2087 in
1886 2036 2087 2102 plateis
2170 2034 2432 2104 parvulus
2452 2040 2509 2088 et
2539 2035 2769 2096 lactens,
2789 2039 2852 2088 ut
2883 2040 3122 2104 uterque
3142 2052 3311 2089 sexus
3331 2032 3717 2105 comprehenda-

485 2133 674 2202 oppidi
696 2129 985 2193 deﬁciunt,
1014 2124 1237 2197 quando
1263 2124 1405 2177 tales
1430 2123 1584 2176 omni
1614 2123 1878 2176 felicitate
1900 2121 2087 2175 saeculi
2170 2128 2282 2189 tur,
2314 2122 2540 2176 latiores
2568 2124 2692 2177 vita:
2726 2124 2843 2176 vias
2884 2129 3172 2194 expetunt,
3219 2129 3278 2178 et
3313 2122 3524 2193 longius
3550 2122 3719 2193 plateas

485 2219 774 2275 abundare
802 2217 1078 2271 videntur.
1102 2213 1201 2268 Sin
1231 2212 1389 2276 alias,
1411 2212 1515 2265 nisi
1550 2212 1762 2282 parvuli
1791 2217 1848 2265 et
1876 2212 2090 2264 lacten-
2170 2211 2339 2282 hujus
2358 2212 2542 2267 saeculi
2558 2212 2854 2283 requirunt
2893 2212 3254 2283 pervagando
3276 2228 3518 2266 unacum
3531 2210 3718 2281 prodigo

485 2316 572 2363 tes
602 2314 791 2362 essent
831 2306 889 2359 in
930 2304 1040 2358 ﬁde
1088 2308 1145 2357 et
1173 2301 1428 2355 doctrina
1472 2300 1696 2361 Christi,
1737 2317 1838 2371 pro
1884 2300 2089 2353 talibus
2171 2318 2235 2355 ex
2264 2302 2563 2372 Evangelio
2593 2301 2728 2361 ﬁlio.
2760 2301 3034 2355 universis
3066 2301 3457 2372 exspoliantur
3494 2299 3648 2363 bonis,
3680 2302 3721 2350 et

486 2412 778 2467 nunquam
808 2394 865 2447 in
911 2392 1109 2462 plateis
1138 2391 1459 2444 deﬁcerent.
1502 2389 1643 2443 Hinc
1669 2395 1727 2443 et
1756 2389 1951 2454 David,
1985 2390 2092 2442 Mei
2171 2390 2317 2444 fame
2340 2397 2577 2462 pereunt
2600 2392 2741 2451 (Luc.
2779 2396 2888 2445 xvi.
2916 2390 2983 2444 Et
3003 2390 3131 2443 hinc
3159 2397 3252 2444 est
3273 2390 3421 2461 quod
3450 2395 3719 2443 sanctorum

488 2492 695 2549 autem,
720 2482 925 2552 inquit,
939 2496 1071 2549 pene
1094 2483 1229 2532 moti
1249 2483 1379 2531 sunt
1410 2480 1584 2546 pedes,
1616 2495 1749 2547 pene
1769 2480 1927 2544 effusi
1960 2494 2052 2529 sur

2171 2479 2373 2533 chorus
2390 2481 2563 2549 luget.
2582 2480 2874 2543 Matribus,
2897 2478 3187 2549 inquiunt,
3200 2482 3320 2533 suis
3340 2480 3622 2532 dixerunt:
3650 2475 3721 2527 Ubi

488 2588 704 2644 gressus
729 2573 839 2624 mei
863 2571 1035 2638 (PsaI.
1067 2581 1258 2621 Lxxm.
1292 2566 1436 2630 Quia
1456 2566 1625 2619 zelavi
1648 2583 1816 2637 super
1845 2564 2086 2635 iniquos,
2171 2573 2244 2621 est
2279 2571 2532 2621 triticum
2557 2574 2603 2621 ct
2626 2570 2841 2627 vinum,
2864 2584 2989 2621 cum
3019 2569 3479 2636 deﬁcereniquasi
3492 2565 3723 2619 vulnerati

489 2678 686 2737 pacem
708 2663 1062 2732 peccatorum
1085 2655 1294 2708 videns.
1315 2654 1779 2725 Quandoquidem
1801 2660 2093 2707 moventur
2175 2659 2237 2709 in
2267 2659 2465 2725 plateis
2487 2662 2510 2709 ?
2539 2655 2645 2710 Sed
2697 2655 2914 2710 miserm
2944 2661 3171 2719 matres,
3212 2673 3337 2727 quae
3377 2656 3514 2709 ﬁlios
3541 2669 3652 2707 suos
3672 2649 3725 2703 ad

490 2753 661 2825 pedes
676 2767 804 2805 cum
823 2748 930 2802 ﬁde
951 2744 1187 2818 parvuli,
1212 2750 1268 2797 et
1288 2744 1443 2797 indm
1460 2745 1609 2796 trina
1628 2744 1864 2797 necdum
1884 2742 2088 2806 idonei,
2174 2751 2388 2798 tantam
2422 2744 2667 2815 inopiam
2696 2744 2859 2815 longe
2881 2761 2915 2799 a
2947 2752 3103 2815 patre
3134 2744 3513 2800 abduxerunt.

491 2839 676 2893 zelant
704 2851 898 2890 eorum
925 2833 1247 2887 felicitatem
1280 2830 1375 2899 qui
1404 2829 1643 2882 terrenis
1661 2829 1993 2883 incumbunt
2012 2828 2094 2881 lu-
2246 2834 2323 2887 Ex
2350 2851 2458 2904 quo
2487 2834 2793 2887 notandum
2827 2834 2974 2903 quod
3019 2835 3289 2903 parvulus
3335 2841 3391 2887 et
3432 2835 3621 2886 lactens
3643 2827 3724 2899 ipsi

490 2928 620 2994 eris,
672 2925 1053 2994 relinquentes
1095 2919 1239 2972 Viam
1284 2924 1603 2987 angustam.
1654 2936 1773 2987 qua?
1820 2920 1969 2971 ἀυστί
2017 2917 2094 2970 ad
2175 2930 2325 2983 sunt.
2359 2923 2767 2976 adolescentior
2804 2923 2971 2988 ﬁlius,
3008 2939 3301 2992 generosae
3350 2920 3632 2976 nobilitatis
3662 2917 3724 2970 in—

491 3020 666 3071 vitam
698 3014 911 3085 (Mallh.
940 3020 1052 3076 νη),
1084 3014 1289 3061 exeunt
1316 3007 1373 3060 in
1397 3007 1612 3077 plateis,
1643 3015 1699 3060 et
1720 3008 2013 3060 ell‘undunt
2033 3023 2091 3059 se
2110 3015 2154 3077 α
2173 3012 2345 3074 doles,
2381 3012 2477 3065 sed
2502 3028 2603 3065 sua
2630 3012 3026 3083 pervagatione
3047 3019 3104 3065 et
3131 3011 3553 3082 εοηεωηριίοηε
3576 3017 3725 3061 rerum

492 3110 559 3159 ut
588 3106 840 3174 pereant.
877 3101 1050 3154 Porro
1080 3096 1422 3168 tropologice
1454 3095 1593 3149 bene
1610 3096 1801 3149 anima
1829 3096 2084 3166 plorans:
2172 3100 2387 3170 inopes,
2416 3099 2565 3154 unde
2594 3107 2803 3153 norunt
2837 3099 3039 3170 quibus
3065 3100 3120 3153 in
3156 3100 3329 3153 domo
3350 3098 3518 3171 patris
3536 3096 3611 3150 usi
3625 3098 3725 3148 sunt

492 3194 837 3260 Defecerunt,
864 3187 1067 3257 inquit,
1096 3203 1209 3255 pra:
1236 3188 1502 3252 lacrymis
1534 3188 1680 3237 oculi
1708 3190 1834 3246 mei,
1868 3186 2091 3255 quando
2173 3188 2327 3243 cibis.
2365 3190 2487 3242 Non
2525 3189 2674 3242 enim
2714 3189 2909 3242 aiunt:
2943 3188 3047 3243 Ubi
3074 3194 3159 3242 est
3189 3189 3483 3250 hordeum,
3525 3187 3723 3251 I892

495 3295 687 3336 amore
716 3276 985 3347 languida
1015 3274 1164 3329 videt
1211 3273 1422 3327 viscera
1468 3289 1569 3326 sua
1607 3272 1843 3326 interius
1871 3281 2094 3328 contur-
2176 3285 2273 3331 aut
2296 3278 2529 3348 siliquae,
2563 3294 2685 3348 quae
2736 3277 2975 3330 famelici
3018 3282 3319 3346 gratanter
3344 3274 3622 3346 accipiunt,
3649 3266 3723 3322 sed

493 3368 637 3434 bari,
670 3385 773 3423 nec
810 3366 959 3419 valet
984 3362 1376 3434 conceptiones
1406 3362 1609 3415 mentis
1638 3379 1753 3416 suae
1783 3361 1852 3416 ad
1884 3379 1948 3416 ea
1971 3380 2093 3434 quae
2176 3369 2356 3420 ubiest
2379 3370 2627 3420 triticum
2651 3370 2911 3420 etvinum
2929 3368 3182 3420 ?Norunt
3200 3366 3395 3437 igitur,
3413 3363 3511 3417 etsi
3533 3362 3726 3430 degene-

497 3458 693 3515 oculus
739 3454 979 3510 intendit
1016 3453 1285 3522 dirigere.
1324 3451 1552 3505 Viscera
1581 3454 1786 3523 quippe
1815 3453 1935 3522 ejus
1962 3458 2096 3506 sunt
2176 3472 2266 3510 res
2310 3472 2411 3510 suo
2443 3455 2594 3519 vitio,
2624 3455 2816 3525 quales
2864 3472 2957 3509 eos
2998 3454 3244 3526 primum
3277 3459 3436 3527 pater
3469 3446 3721 3523 genuerit:

393 3552 404 3563 '
495 3546 885 3618 conceptiones
943 3542 1374 3613 cogitationum.
1440 3541 1591 3604 Quas
1650 3541 1839 3612 itaque
1902 3557 2091 3595 conce-
2175 3552 2473 3615 prOpterea
2490 3549 2544 3597 et
2564 3543 2832 3614 prodigus
2862 3543 2955 3596 ille
2978 3543 3125 3596 ﬁlius
3146 3542 3504 3614 concupierat
3523 3534 3723 3594 saturari

494 3637 715 3711 ptiones
766 3634 921 3689 videt
986 3631 1224 3686 interius
1281 3629 1604 3684 conturbari
1673 3631 1865 3685 oculus
1930 3637 2093 3686 recta;
2174 3634 2243 3687 de
2281 3633 2515 3704 siliquis,
2550 3649 2689 3703 quas
2720 3632 2870 3703 porci
2922 3632 3367 3689 manducabant.
3407 3631 3613 3699 Quanti,
3646 3624 3722 3687 ait,

491 3724 847 3790 intentionis,
869 3729 927 3778 et
953 3720 1142 3776 delicit
1169 3736 1283 3792 prae
1313 3718 1597 3790 lacrymis,
1626 3736 1728 3773 nec
1756 3719 1899 3773 valet
1920 3720 2095 3773 libere
2176 3725 2515 3776 mercenarii
2543 3724 2833 3775 abundant
2857 3723 3097 3790 panibus
3124 3724 3185 3775 in
3226 3724 3386 3775 domo
3415 3721 3579 3789 patris
3608 3715 3694 3768 mei
3709 3716 3726 3762 .’

493 3815 748 3871 contueri
770 3828 837 3867 ea
861 3829 983 3883 quae
1004 3810 1178 3881 cupit,
1202 3808 1393 3862 dolore
1423 3825 1647 3879 pressus
1676 3809 2088 3863 amaritudinis.
2178 3812 2359 3879 (lbid.)
2404 3810 2510 3865 Sed
2541 3816 2597 3863 et
2626 3811 2783 3864 Isaac
2818 3809 2887 3863 de
2916 3810 3030 3863 ﬁlio
3072 3826 3172 3864 suo
3204 3809 3377 3864 Jacob
3403 3828 3413 3861 :
3454 3807 3721 3863 Frumento,

495 3905 637 3971 Quia
661 3906 892 3972 effusum
910 3907 1004 3967 est,
1031 3898 1226 3970 inquit,
1266 3901 1329 3952 in
1361 3904 1512 3951 terra
1527 3902 1690 3966 jecur
1716 3915 1916 3959 meum,
1939 3897 1990 3950 id
2011 3904 2095 3951 est
2176 3901 2379 3971 inquit,
2414 3905 2463 3953 et
2493 3903 2622 3953 vino
2646 3900 2893 3952 stabilivi
2920 3916 3072 3956 cum.
3113 3898 3257 3963 Quia
3289 3898 3526 3970 profecto
3548 3891 3723 3948 duobus

495 3994 677 4050 omnis
710 3993 830 4062 ejus
878 3990 1133 4045 voluntas
1178 3992 1236 4042 et
1279 3986 1856 4057 concupiscentiarum
1907 3987 2089 4052 luxus,
2175 3989 2297 4043 istis
2326 3989 2556 4043 libertas
2583 3988 2847 4060 pascitur,
2879 3993 2944 4042 ut
2972 4004 3115 4059 pane
3146 3989 3508 4041 conﬁrmetur
3543 3999 3625 4037 cor
3648 3979 3723 4032 ho-

496 4099 737 4155 quarum
771 4079 1080 4135 colluvione
1101 4076 1271 4131 etiam
1295 4076 1353 4129 in
1380 4092 1446 4130 ea
1478 4074 1698 4129 divinus
1726 4075 1871 4146 ignis
1891 4076 2094 4129 exstin-
2177 4078 2343 4132 minis
2373 4084 2429 4132 et
2454 4079 2597 4142 vino,
2630 4078 2682 4130 id
2710 4084 2794 4131 est
2820 4077 3028 4147 gaudio
3060 4077 3306 4147 Spiritus
3334 4075 3508 4130 sancti
3546 4073 3725 4126 laetetur

494 4174 710 4244 guitur.
747 4170 815 4222 Et
838 4169 969 4238 quia
997 4166 1145 4236 ignis
1175 4164 1406 4218 humani
1435 4165 1684 4235 corporis
1707 4165 1763 4218 in
1789 4166 1995 4235 jecore,
2032 4172 2095 4219 ut
2175 4167 2411 4221 interius
2443 4168 2593 4233 (Gen.
2627 4172 2812 4235 xxvn).
2848 4167 2972 4219 Non
3011 4166 3163 4219 enim
3210 4166 3320 4220 alio
3367 4181 3503 4236 pane
3541 4160 3723 4214 libertas

497 4260 658 4314 aiunt
674 4255 1011 4327 philosophi,
1031 4254 1219 4307 sedem
1250 4253 1455 4307 habere
1485 4254 1749 4318 creditur,
1768 4253 1897 4308 inde
1916 4271 2094 4326 usque
2180 4262 2375 4311 nostra
2402 4258 2599 4315 utitur.
2632 4255 2739 4309 nisi
2773 4257 2952 4309 iJoan.
2982 4268 3098 4309 xxu
3171 4255 3267 4325 qui
3317 4255 3385 4308 de
3431 4266 3593 4323 grano
3632 4245 3722 4300 fru-

498 4347 570 4403 ad
594 4344 883 4400 cerebrum
919 4350 956 4409 ι
974 4348 1099 4408 39
1115 4348 1151 4405 |
1199 4341 1486 4395 subvolvat
1519 4360 1530 4394 ε
1573 4342 1775 4397 deinde
1814 4360 1989 4414 usque
2028 4345 2097 4398 ad
2120 4332 2164 4390 D
2187 4347 2385 4415 menti,
2406 4346 2553 4416 quod
2578 4345 2636 4398 in
2664 4351 2871 4398 terram
2893 4343 3111 4403 cecidit,
3131 4349 3187 4397 et
3209 4350 3486 4397 mortuum
3509 4338 3725 4400 fuit,con-

499 4438 711 4501 oculos,
738 4439 1080 4503 caeterosque
1096 4445 1295 4484 sensus
1315 4435 1372 4483 et
1389 4430 1467 4483 sic
1488 4447 1588 4501 per
1609 4432 1861 4486 membra
1890 4433 2097 4488 dit‘l‘un-
2180 4435 2385 4489 ﬁcitur.
2420 4435 2526 4498 Qui
2556 4434 2802 4505 profecto
2832 4433 2992 4504 panis
3016 4433 3085 4485 de.
3112 4433 3249 4487 ccelo
3274 4432 3485 4487 venisse
3504 4425 3721 4483 creditur»

498 4527 671 4583 ditur.
699 4524 859 4581 Unde
887 4523 1043 4594 (Gen.
1072 4522 1193 4589 vIn)
1222 4534 1350 4573 cum
1384 4535 1559 4590 prona
1588 4525 1673 4574 est
1702 4536 1860 4575 mens
1891 4529 1945 4577 et
1969 4541 2103 4578 con-
2185 4541 2368 4595 neque
2397 4524 2505 4578 alio
2535 4523 2687 4585 vino,
2717 4522 2824 4576 nisi
2848 4522 2993 4595 quod
3015 4522 3083 4576 de.
3110 4523 3273 4576 vinea
3303 4519 3521 4584 Sorech,
3549 4524 3596 4569 et
3621 4511 3718 4570 vite,

499 4614 841 4685 cupiscentia
864 4614 987 4684 eius
1018 4610 1076 4665 in
1110 4609 1341 4675 malum,
1376 4614 1432 4663 οἱ
1459 4608 1604 4679 ignis
1625 4609 1718 4663 ille
1748 4611 1815 4664 de
1837 4613 2026 4681 jecore
2045 4617 2100 4671 in
2185 4631 2307 4685 quae
2336 4613 2593 4668 Christus
2626 4617 2728 4675 est,
2777 4589 3156 4665 vindemiator
3203 4614 3383 4678 (Joan.
3415 4622 3501 4674 v1;
3549 4607 3640 4660 lsa.
3666 4614 3719 4662 V5

499 4709 654 4758 terra
677 4702 851 4756 effuso
882 4702 949 4756 ad
995 4700 1184 4756 oculos
1212 4714 1392 4771 usque
1435 4699 1732 4765 attollitur,
1780 4702 1910 4772 quid
1944 4704 2094 4759 aliud
2180 4706 2341 4758 Joan.
2371 4707 2480 4769 xv).
2517 4703 2634 4756 Hoc
2662 4701 2867 4773 quippe
2895 4700 3105 4763 vinum,
3140 4706 3197 4754 et
3224 4700 3371 4754 hunc
3399 4710 3599 4770 panem,
3626 4700 3721 4760 p81“

501 4806 672 4864 quam
691 4789 969 4844 defectum
992 4796 1155 4845 rectae
1174 4788 1502 4844 intentionis
1524 4788 1728 4844 inferre
1742 4791 2101 4849 crediturlEt
2181 4793 2343 4847 vulus
2370 4798 2427 4846 et
2455 4792 2666 4845 lactens
2694 4805 2727 4844 a
2761 4789 3035 4844 matribus
3066 4789 3362 4860 requirunt
3392 4800 3403 4834 :
3430 4783 3517 4840 sed
3548 4778 3660 4852 quin
3679 4773 3722 4826 in

500 4881 635 4937 hinc
662 4883 748 4933 est
776 4878 923 4948 quod
949 4879 1197 4949 plangit:
1236 4879 1558 4946 Defecerunt
1583 4881 1731 4933 oculi
1759 4883 1869 4933 mei
1886 4897 2003 4950 pra:
2026 4886 2103 4936 la-
2182 4881 2389 4954 plateis
2404 4898 2515 4935 non
2534 4879 2832 4944 invenitur,
2852 4894 3032 4949 neque
3055 4878 3329 4931 vulnerati
3347 4890 3466 4931 eum
3487 4872 3631 4941 digne
3649 4876 3719 4917 π’

503 4972 731 5040 crymis,
765 4966 899 5037 quia
926 4982 991 5019 ex
1025 4968 1217 5021 dolore
1247 4983 1356 5039 quo
1387 4968 1645 5039 lacrymaa
1685 4975 1993 5024 nascuntur
2011 4972 2103 5025 de-
2184 4971 2419 5042 cipiunt,
2455 4970 2722 5027 exhalant
2749 4969 2966 5023 animas
2993 4984 3123 5021 suas
3150 4968 3207 5020 in
3237 4968 3364 5021 sinu
3393 4971 3609 5018 matrum
3624 4966 3721 5042 sua-

503 5039 681 5117 fectus
710 5056 911 5111 divinae
938 5056 1424 5126 contemplationis
1452 5066 1775 5127 generatur.
1800 5058 1868 5113 Et
1898 5065 2100 5115 notan-
2185 5039 2329 5125 rum,
2358 5077 2480 5131 qua;
2504 5059 2627 5113 illos
2646 5059 2788 5112 male
2809 5058 3148 5121 aluerant,et
3169 5056 3223 5110 in
3248 5056 3371 5110 sinu
3389 5039 3717 5131 oblectationis

504 5151 638 5205 dum
670 5145 817 5220 quod
856 5143 1265 5214 elfusiojecoris
1284 5145 1354 5199 ad
1373 5150 1602 5213 terram,
1627 5164 1739 5202 non
1762 5148 1866 5203 nisi
1890 5149 1957 5204 de
1974 5167 2102 5206 con-
2184 5150 2423 5223 pessime
2453 5150 2745 5203 illexerant
2789 5147 3075 5201 Eruditior
3094 5145 3244 5201 enim
3276 5146 3367 5200 ille
3397 5126 3716 5223 ﬁliusqui}!d

504 5219 731 5296 tritione
759 5237 978 5293 animae.
1010 5250 1132 5306 quae
1162 5234 1278 5289 ﬁlia
1299 5243 1617 5293 sanctorum
1649 5256 1771 5295 esse
1800 5240 2010 5309 debuit,
2034 5260 2099 5297 eo
2183 5219 2401 5313 patrem
2430 5238 2680 5309 suspexit
2700 5253 2887 5308 egens,
2913 5252 3079 5308 quam
3097 5235 3187 5289 isti
3215 5235 3308 5306 qui
3338 5250 3371 5288 a
3398 5219 3716 5313 voluptatibus

505 5328 653 5402 quod
682 5327 1005 5383 conculcata
1034 5330 1121 5378 est
1153 5323 1224 5378 ab
1251 5323 1504 5381 hostibus
1532 5328 1718 5382 evenit
1758 5348 1769 5381 :
1806 5332 1954 5385 unde
1982 5338 2099 5387 tam
2182 5309 2364 5386 carnis
2413 5328 2572 5400 quasi
2622 5344 2654 5380 a
2698 5326 2973 5380 matribus
3010 5342 3076 5379 ea
3123 5324 3416 5397 requirunt
3440 5309 3711 5402 (ινα-ἣν

505 5416 749 5475 exterior
792 5431 1009 5480 sensus,
1066 5412 1247 5466 virore
1301 5412 1515 5483 gratiae,
1577 5418 1860 5485 parvulus,
1927 5437 2069 5490 quan

2182 5419 2446 5490 quoniam
2478 5423 2713 5488 paterna
2742 5421 2875 5469 sunt
2901 5415 3027 5468 ista.
3061 5414 3344 5484 Alioquin,
3372 5410 3414 5465 si
3442 5421 3553 5462 cum
3585 5400 3710 5490 Patre

506 5515 565 5571 et
589 5523 748 5565 mens
790 5507 1066 5565 intramus
1109 5503 1338 5570 lactens,
1372 5500 1589 5558 delecta
1632 5487 1961 5575 virtutibus,
1997 5524 2098 5581 per
2180 5487 2385 5575 essent,
2401 5487 2502 5562 aut
2520 5506 2589 5563 ad
2604 5506 2831 5561 Patrem
2850 5505 3078 5559 domum
3097 5503 3359 5570 redirent,
3376 5498 3570 5555 animas
3593 5487 3709 5542 fame
