3960 6168
227 203 332 263 1129
820 196 1201 255 EXPOSITIO
1240 198 1319 255 IN
1356 198 1966 261 LAMENTATIONES
2003 203 2348 264 JEREMIE.
2394 236 2460 252 -
2499 209 2635 268 LIB.
2679 212 2751 268 II.
3276 216 3423 279 1130

214 351 300 390 non
322 333 656 388 exhalarent:
682 329 780 385 Sed
812 327 947 401 quia
974 345 1105 384 caro
1136 344 1231 383 eos
1254 326 1476 400 decipit,
1507 334 1731 384 errant:
1755 332 2024 400 Aparabo
2053 338 2120 398 te,
2142 339 2224 390 vel
2252 339 2347 392 cui
2372 339 2694 394 assimilabo
2732 341 2799 405 te,
2832 338 2953 407 ﬁlia
2978 339 3301 402 Jerusalem.
3329 348 3423 400 cui

213 434 257 481 et
277 425 315 478 si
354 439 454 477 non
483 422 538 475 in
566 437 631 474 eo
660 420 800 491 quod
850 436 1052 490 panem
1081 418 1383 489 vinumque
1429 419 1742 489 requirunt,
1827 425 2109 490 emzquabo
2140 429 2206 490 te,
2239 429 2395 495 virgo
2420 430 2543 495 ﬁlia
2574 427 2747 483 Sion?
2789 427 2935 492 Quia
2970 428 3116 484 sicut
3159 432 3299 486 nulli
3340 438 3429 488 est

212 514 372 569 saltem
400 511 523 582 quia
548 510 604 563 in
637 525 798 563 carne
836 514 1145 579 torpentes.
1177 507 1247 561 ab
1275 523 1342 561 ea
1388 507 1497 561 ista
1525 513 1741 579 petunt.
1828 511 2149 567 mortalium
2168 513 2347 584 gloria
2370 516 2639 571 excelsior
2657 532 2872 583 earum,
2907 533 3031 589 quae
3055 526 3431 590 pervenerunt

211 600 437 660 Nesciunt
459 599 641 653 miseri
668 599 810 670 quod
837 599 931 670 qui
962 598 1018 652 in
1049 614 1216 652 carne
1239 603 1372 652 sunt
1393 598 1507 652 Deo
1529 599 1748 669 placere
1829 599 1901 651 aa’
1920 600 2176 655 bravium
2196 619 2446 672 superne
2465 608 2765 659 vocationis
2793 607 3011 675 (Philip.
3031 612 3119 676 In)
3144 625 3156 662 :
3184 608 3263 663 ita
3293 607 3436 663 nulli

211 708 296 746 non
323 694 537 761 possunt
569 690 714 755 (Rom
768 692 905 752 vm).
949 686 1159 742 Idcirco
1186 687 1245 741 in
1288 687 1413 742 sinu
1444 688 1628 742 carnis
1662 688 1751 742 in-
1834 693 1921 741 est
1946 691 2321 761 comparanda
2339 692 2648 763 ignominia
2667 699 2784 748 tam
2808 694 3229 753 immanissimas
3248 697 3441 753 confu-

209 784 411 844 terennt,
440 777 699 849 quoniam
725 776 784 830 hi
814 776 912 829 ﬁlii
946 775 1126 830 Patris
1148 782 1298 838 sunt,
1321 779 1422 846 qui
1445 793 1556 831 non
1583 794 1647 831 ea:
1667 794 1753 831 νο·
1835 774 2024 831 sionis.
2050 779 2191 832 Nam
2225 785 2280 834 et
2309 780 2458 835 trina
2487 782 2744 854 repetitio
2775 782 3068 839 verborum
3090 785 3307 841 diversa
3330 786 3436 842 sub

211 870 594 931 tuntatecarnis,
619 882 789 934 neque
803 883 871 919 eo:
889 869 1167 919 voluntate
1186 868 1317 928 viri,
1335 867 1498 920 sedes:
1514 868 1615 920 Deo
1632 868 1755 921 nati
1836 881 1950 919 una
1979 867 2405 937 significatione,
2439 870 2640 926 harum
2688 873 2882 938 trium,
2925 873 3146 929 videtur
3187 875 3436 947 lugendo

210 965 314 1011 sunt
333 958 497 1024 (lacn.
522 966 580 1015 Il.
616 955 906 1009 Moraliter
931 960 1142 1016 autem,
1173 971 1313 1025 pene
1343 954 1492 1009 idem
1518 961 1606 1009 est
1624 972 1755 1010 sen-
1839 971 2007 1009 unam
2022 958 2812 1031 colligere,ir.comparabilem
2824 963 3085 1018 amentiae
3097 963 3431 1031 cacitatem,

209 1063 283 1099 sus
309 1065 320 1099 :
346 1046 465 1116 quia
490 1044 699 1103 anima.
742 1043 938 1097 relicto
968 1043 1332 1097 districtionis
1374 1043 1595 1110 itinere,
1627 1060 1754 1098 cum
1839 1060 1962 1115 quae
1989 1045 2059 1099 de
2104 1051 2265 1101 tanta
2301 1048 2606 1103 vocationis
2650 1066 2765 1104 suae
2808 1049 3007 1120 gloria,
3040 1057 3100 1108 et
3139 1051 3434 1123 dignitatis

208 1134 394 1205 coeperit
411 1150 466 1188 se
497 1133 736 1188 dilatare
762 1132 1022 1196 exterius,
1047 1132 1208 1204 quasi
1236 1148 1338 1203 per
1365 1133 1579 1204 plateas
1603 1134 1756 1188 volu-
1838 1134 2100 1201 culmine,
2125 1151 2239 1190 non
2258 1134 2438 1191 dicam
2461 1136 2531 1192 de
2551 1137 2878 1209 angelorum
2911 1141 3210 1208 consortio,
3236 1156 3436 1198 verum

208 1223 343 1295 ptatis
360 1221 544 1293 arripit
565 1221 741 1276 latam
761 1228 820 1275 et
844 1222 1149 1292 spatiosam
1177 1221 1346 1287 viam,
1368 1236 1490 1293 qua
1510 1222 1665 1276 ducit
1685 1220 1755 1276 ad
1839 1229 1897 1277 et
1923 1223 2025 1278 Dei
2052 1223 2112 1278 in
2140 1224 2458 1280 coelestibus
2480 1230 2546 1281 ut
2563 1226 2878 1284 cohaeredes
2895 1235 3102 1297 essent,
3125 1229 3195 1285 ad
3214 1235 3434 1286 tantam

207 1318 420 1367 mortem.
453 1310 521 1365 Et
548 1310 681 1365 ideo
708 1310 983 1365 Dominus
1011 1324 1078 1365 ex
1115 1310 1414 1381 Evangelia
1447 1329 1458 1364 :
1494 1312 1637 1378 Esto,
1670 1312 1757 1365 in-
1839 1328 1900 1366 se
1927 1312 2170 1379 ruinam,
2203 1318 2263 1369 et
2288 1313 2690 1369 informitatem
2720 1315 3008 1374 dedecoris
3031 1319 3350 1391 projecerit,
3372 1324 3439 1376 ut

210 1398 318 1468 quit,
339 1401 668 1453 consentiens
700 1400 1019 1453 adversario
1060 1403 1172 1464 tuo,
1206 1401 1342 1454 dum
1376 1417 1426 1454 es
1455 1417 1581 1454 cum
1609 1417 1664 1455 eo
1698 1404 1758 1455 in
1840 1417 2001 1456 casus
2045 1417 2240 1456 earum
2270 1403 2477 1469 nescio,
2511 1403 2619 1458 nisi
2649 1403 2889 1473 diabolo,
2932 1406 3022 1461 cui
3074 1410 3318 1475 Im
3361 1408 3438 1463 sit

209 1490 277 1540 ria
300 1488 486 1555 (Matth.
515 1492 638 1556 vn),
668 1487 723 1541 id
753 1493 841 1541 est
864 1486 1028 1542 verbo
1066 1487 1372 1560 Evangelii,
1400 1489 1548 1560 quod
1568 1490 1759 1544 adver-
1840 1490 2250 1561 comparandus
2304 1491 2461 1546 Unde
2490 1492 2551 1547 in
2579 1492 2818 1548 Psalmis
2849 1513 2862 1548 :
2906 1494 3012 1564 Ego
3040 1495 3180 1563 dixi,
3213 1494 3313 1563 ait,
3345 1497 3440 1551 Dii

207 1576 293 1629 seri
319 1575 514 1631 videtur
532 1576 739 1630 vestris
760 1576 944 1647 pravis
976 1576 1288 1644 desideriis,
1315 1595 1381 1632 ne
1407 1580 1547 1647 forte
1573 1580 1759 1633 tradat
1840 1582 1983 1643 estis,
2013 1584 2062 1631 et
2092 1582 2201 1647 ﬁlii
2219 1580 2431 1635 Επειεί
2450 1597 2663 1647 omnes;
2697 1599 2786 1636 vos
2810 1589 2994 1637 autem
3023 1587 3165 1638 sicut
3194 1586 3443 1640 homines

208 1671 243 1717 te
263 1666 438 1732 judici,
484 1670 540 1719 et
577 1670 789 1719 cetera
833 1666 1048 1732 (Matth.
1090 1669 1164 1736 v).
1205 1666 1468 1738 Alioquin
1518 1668 2184 1740 parvuli,Bmoriemini,
2203 1674 2251 1722 et
2271 1672 2578 1724 sicutunus
2596 1670 2661 1723 de
2679 1673 3035 1741 principibus
3054 1674 3256 1727 cadetis
3270 1674 3441 1746 (Psal.

206 1754 434 1826 cogitatus
452 1755 643 1817 vestri,
671 1761 729 1809 et
762 1754 975 1809 lactens
996 1754 1196 1809 animae
1216 1755 1466 1823 scientia,
1491 1756 1537 1811 si
1563 1757 1634 1811 ad
1664 1775 1759 1811 ex-
1840 1758 2041 1819 Lxxxl).
2084 1756 2370 1827 Alioquin,
2405 1757 2500 1827 qui
2548 1757 2628 1810 dii
2674 1758 2917 1826 fuerant,
2949 1764 3006 1814 et
3050 1760 3149 1814 ﬁlii
3198 1761 3299 1815 Dei
3348 1761 3446 1817 ad-

204 1843 371 1897 teriora
392 1844 565 1898 carnis
585 1848 652 1899 et
673 1844 888 1915 plateas
910 1843 1296 1899 delectationis
1316 1861 1376 1900 se
1401 1847 1756 1917 projecerint,
1841 1844 2018 1916 optati
2044 1846 2217 1907 (Rom.
2238 1848 2363 1911 vn),
2390 1845 2498 1899 nisi
2519 1845 2589 1899 ad
2613 1845 2907 1902 hominum
2932 1848 3239 1903 carnalium
3269 1848 3442 1905 redis-

206 1948 293 1987 non
314 1932 502 1988 habent
536 1949 572 1988 a
610 1931 898 1987 matribus
928 1932 1058 2005 quid
1100 1940 1412 2005 reposcant,
1448 1935 1661 1989 scilicet
1690 1935 1760 1990 ab
1842 1938 1970 1988 sent
1995 1938 2171 1999 actus,
2196 1939 2253 1988 et
2280 1932 2486 1989 diaboli
2515 1933 2829 1990 imitatores
2857 1943 3044 1991 essent
3072 1937 3251 2009 magis
3268 1954 3438 2010 quam

206 2016 431 2074 illecebris
448 2020 550 2075 sibi
584 2021 743 2076 male
771 2020 1222 2086 blandientibus;
1255 2024 1520 2095 quoniam
1551 2025 1631 2079 eis
1662 2041 1763 2079 nec
1844 2022 1945 2077 Dei
1976 2022 2169 2089 (Galat.
2199 2035 2280 2088 Iv;
2309 2023 2500 2091 Ephes.
2525 2025 2587 2089 Ii,
2621 2038 2910 2095 nunquam
2951 2030 3014 2080 ut
3038 2025 3294 2082 homines
3325 2043 3443 2082 mo.

207 2108 332 2177 panis
355 2115 432 2163 est
457 2110 549 2181 qui
584 2126 692 2163 cor
714 2109 957 2164 hominis
984 2111 1298 2171 conﬁrmat,
1336 2112 1587 2167 doctrina
1617 2114 1764 2168 vide-
1844 2117 2124 2175 rerentur,
2158 2116 2215 2165 et
2244 2110 2404 2181 quasi
2432 2127 2581 2165 unus
2615 2111 2686 2165 de
2716 2111 3058 2185 principibus
3083 2120 3437 2170 corruerunt.

206 2196 305 2250 licet
326 2199 619 2268 spiritualis
652 2218 663 2251 :
696 2215 797 2252 nec
818 2198 1008 2252 vinum
1039 2200 1187 2269 quod
1212 2200 1492 2267 laetiﬁcat;
1520 2202 1762 2272 Spiritus
1845 2199 2006 2254 Nunc
2034 2205 2241 2259 autem.
2264 2199 2396 2270 quia
2416 2199 2486 2253 de
2514 2205 2674 2254 tanta
2691 2200 2871 2271 gloria
2899 2201 2980 2265 ad.
2998 2209 3116 2257 tam
3140 2204 3443 2258 nefandam

207 2286 344 2338 sancti
358 2287 862 2356 gratiaintus,qua
882 2292 1097 2341 mentes
1118 2287 1471 2343 inebriantur
1490 2290 1759 2344 ﬁdelium.
1846 2288 2068 2343 ruinam
2098 2288 2359 2359 prolapsa
2396 2295 2482 2343 est
2509 2305 2649 2359 gens
2677 2289 2791 2356 illa,
2838 2291 2921 2345 vel
2951 2292 3284 2359 Jerusalem,
3321 2310 3446 2364 quae

208 2372 259 2427 Et
273 2373 376 2428 ideo
400 2375 550 2441 bene,
575 2376 724 2429 dum
747 2374 1039 2445 requirunt
1060 2376 1129 2429 ab
1158 2377 1226 2430 iis
1253 2377 1309 2431 in
1339 2378 1541 2448 quibus
1560 2385 1615 2434 et
1636 2396 1763 2434 cum
1847 2377 1964 2431 ﬁlia
1991 2376 2089 2431 Dei
2119 2377 2420 2447 appellata,
2440 2394 2539 2432 seu
2566 2378 2828 2449 quaelibet
2856 2380 3065 2447 anima,
3092 2382 3290 2452 lugens
3309 2398 3443 2454 pro-

215 2466 414 2528 l393
430 2465 641 2535 quibus
661 2464 770 2518 ista
790 2480 1076 2535 nunquam
1100 2466 1482 2532 inveniuntur,
1505 2469 1768 2523 exhalant
1848 2466 2035 2535 pheta,
2057 2465 2143 2519 vel
2164 2466 2367 2520 chorus
2396 2466 2701 2522 electorum
2724 2468 2845 2535 Dei,
2870 2468 2940 2524 de
2967 2469 3066 2524 illa
3093 2487 3217 2542 quae
3238 2471 3450 2526 cecide-

207 2550 671 2624 animas,quitalia
686 2559 821 2607 sunt
839 2553 1000 2607 sicuti
1023 2553 1081 2607 in
1099 2553 1225 2608 sinu
1241 2555 1512 2625 gehennae
1532 2557 1602 2611 ad
1623 2573 1768 2611 mor-
1849 2555 1940 2619 rit,
1974 2554 2085 2608 ait:
2114 2555 2219 2608 Gai
2245 2558 2569 2624 comparabo
2601 2561 2666 2621 te,
2692 2558 2774 2610 vel
2801 2560 2896 2612 cui
2924 2562 2972 2611 te
2999 2562 3356 2613 assimitabo?
3381 2575 3448 2614 ac

210 2646 315 2701 tem,
336 2658 444 2711 quae
458 2643 584 2697 illas
605 2641 978 2712 genuit,dum
996 2659 1332 2714 caro,quam
1346 2646 1506 2715 quasi
1529 2651 1767 2700 matrem
1855 2642 1902 2696 si
1929 2643 2079 2698 dicat
2108 2662 2120 2696 :
2164 2643 2335 2710 Nulli,
2371 2643 2479 2698 nisi
2526 2645 2689 2715 cujus
2724 2661 2784 2699 es
2823 2644 3111 2713 imitatrix,
3140 2646 3222 2702 illi
3253 2652 3311 2702 te
3352 2663 3448 2702 co-

211 2729 540 2797 crediderunt,
557 2732 625 2785 in
657 2736 869 2785 terram
903 2731 1087 2785 rediit.
1123 2732 1281 2787 Unde
1310 2751 1477 2804 quam
1508 2734 1647 2789 bene
1672 2752 1772 2806 per
1852 2732 2060 2803 aequari
2083 2731 2270 2797 liceat,
2297 2732 2430 2802 quia
2448 2733 2620 2803 digna
2646 2739 2749 2788 est.
2772 2735 2938 2789 Nulla
2966 2739 3052 2789 est
3077 2736 3445 2807 comparatio,

215 2820 466 2887 quemdam
487 2820 811 2893 sapientem
832 2820 1152 2876 diciturzln
1170 2823 1255 2875 die
1278 2824 1651 2887 bonorum,ne
1670 2828 1773 2879 im-
1854 2821 1939 2876 vel
1985 2820 2332 2887 assimilatio,
2383 2820 2479 2876 ubi
2522 2822 2677 2876 nulla
2720 2823 2933 2895 species
2986 2824 3073 2879 vel
3128 2824 3449 2880 formositas

215 2924 387 2962 memor
410 2913 479 2963 sis
508 2913 799 2965 malorum
823 2909 1003 2971 (Eccli.
1026 2910 1130 2977 x1);
1157 2914 1215 2963 et
1236 2929 1249 2964 :
1272 2913 1467 2965 Beatus
1493 2914 1651 2967 homo
1674 2917 1774 2982 qui
1854 2910 2162 2979 invenitur;
2193 2910 2291 2964 sed
2319 2914 2501 2965 totum
2530 2911 2863 2977 informitas,
2887 2913 3106 2979 horror,
3131 2914 3364 2968 vastitas
3392 2918 3452 2970 et

218 3013 387 3064 semper
401 3005 469 3052 est
487 2999 764 3067 pavidus;
789 3000 922 3066 quia
944 3001 1043 3065 qui
1057 3002 1258 3053 mentis
1277 3006 1351 3055 est
1365 3003 1536 3066 durae,
1557 2999 2114 3059 corritethontritio
2144 2998 2409 3070 possidet,
2441 3003 2499 3054 et
2536 2999 2606 3053 ad
2646 3016 2760 3055 non
2803 3017 2926 3056 esse
2956 3002 3137 3057 tendit
3172 3020 3184 3057 :
3215 3008 3273 3056 et
3300 3002 3452 3074 quod

220 3087 268 3138 in
288 3092 475 3141 malum
500 3091 688 3143 (Prov.
722 3084 928 3157 xxvm).
961 3085 1120 3150 Quod
1150 3089 1282 3158 quia
1308 3105 1447 3159 gens
1477 3090 1573 3144 illa
1593 3091 1773 3145 noluit
1854 3089 1925 3142 ad
1970 3104 2083 3143 non
2127 3104 2249 3142 esse
2300 3087 2498 3155 tendit,
2544 3089 2793 3143 revocari
2841 3090 3031 3144 nescio
3075 3090 3122 3145 si
3164 3091 3342 3162 possit
3381 3091 3455 3146 ad

219 3174 415 3229 emolliri
439 3176 613 3247 digne
645 3175 713 3229 ad
746 3174 1154 3245 paenitentiam,
1190 3176 1504 3247 plangentis
1548 3179 1769 3245 affectu,
1856 3177 2264 3231 essentiam.Et
2283 3176 2407 3231 ideo
2427 3177 2519 3231 cui
2538 3178 3452 3253 comparentur,animaprolapsa,

218 3263 443 3334 propheta
461 3263 857 3336 gemebundus
879 3263 949 3317 ad
968 3263 1146 3335 ipsam
1166 3265 1497 3327 Jerusalem.
1520 3268 1776 3338 querelas
1858 3266 1943 3320 vel
1972 3266 2215 3320 Ecclesia
2255 3263 2327 3322 ab
2373 3280 2578 3335 sponso
2606 3265 2884 3333 oberrata,
2917 3283 3016 3323 seu
3061 3284 3201 3338 gens
3240 3269 3338 3323 illa
3383 3270 3455 3325 de

218 3365 323 3406 suas
347 3354 636 3420 convertit,
667 3352 859 3407 dicens
884 3370 898 3408 :
1859 3354 1997 3408 solio
2024 3353 2217 3422 gloriae
2235 3353 2472 3423 dejecta,
2496 3369 2608 3407 non
2640 3353 2802 3408 facile
2829 3354 3128 3409 invenitur.
3148 3356 3457 3428 Propterea

1859 3458 1971 3496 non
2000 3448 2085 3496 est
2113 3458 2179 3495 ex
2209 3458 2319 3513 quo
2350 3441 2583 3496 alterius
2610 3459 2767 3507 casu,
2802 3444 2884 3498 vel
2914 3444 3079 3498 ruina
3104 3445 3223 3500 ulla
3258 3462 3457 3501 earum

1859 3530 2196 3584 consoletur.
2223 3532 2430 3597 Magna
2459 3535 2555 3594 est,
2582 3530 2783 3601 inquit,
2814 3534 2963 3585 velut
2989 3548 3163 3599 mare,
3195 3536 3456 3587 contritio

278 3622 364 3673 Cui
388 3623 713 3692 comparabo
742 3626 808 3686 te,
845 3624 928 3675 vel
965 3623 1058 3674 cui
1093 3621 1411 3674 assimitabo
1443 3625 1508 3683 te,
1543 3623 1662 3688 ﬁlia
1687 3624 1777 3675 Je-
1862 3623 1977 3672 tua.
2004 3618 2164 3682 Quod
2184 3624 2373 3673 autem
2401 3618 2665 3672 contritio
2684 3618 2870 3689 gentis
2889 3619 3057 3687 illius,
3082 3627 3182 3674 aut
3199 3620 3456 3675 Ecclesia:

224 3714 443 3775 malem,
476 3715 572 3766 cui
624 3711 911 3778 aequabo
963 3714 1027 3775 te,
1076 3714 1125 3763 et
1172 3711 1486 3763 consolabor
1525 3715 1591 3774 te,
1623 3713 1778 3778 virgo
1859 3713 2133 3777 corruptae
2162 3708 2247 3762 vel
2294 3705 2493 3762 animus
2523 3707 2814 3777 prolapsae,
2850 3708 2997 3762 velut
3044 3724 3217 3776 mare,
3252 3725 3458 3779 magna

222 3796 316 3859 ﬁlia
348 3799 507 3854 Sion?
533 3801 776 3855 Certum
812 3797 957 3868 quod
1003 3798 1149 3851 sicut
1184 3796 1287 3851 sub
1325 3798 1461 3851 ccelo
1494 3798 1648 3851 nulla
1673 3798 1782 3852 fuit
1862 3795 2148 3866 plangitur
2180 3814 2191 3848 :
2228 3796 2358 3849 inde
2404 3801 2507 3860 est,
2571 3796 2718 3866 quod
2763 3812 2879 3849 una
2920 3812 3111 3851 earum
3159 3804 3458 3870 postquam

222 3886 487 3958 antiquitus
504 3905 653 3960 gens
677 3894 791 3942 tam
814 3886 1076 3957 gloriosa,
1103 3887 1184 3941 uti
1206 3886 1517 3941 Jerusalem
1539 3887 1635 3940 illa
1668 3903 1781 3958 prae
1865 3884 2117 3939 hostibus
2139 3883 2255 3938 suis
2276 3882 2578 3949 substrata,
2601 3884 2688 3937 vel
2707 3883 2958 3954 subjecta
2980 3885 3167 3945 fuerit,
3191 3902 3224 3940 a
3245 3886 3458 3940 fervore

221 3976 437 4031 omnibus
471 3977 668 4049 regnis
707 3975 916 4047 inclyta
959 3993 969 4029 :
1010 3975 1091 4029 ita
1142 3975 1297 4029 nulla
1354 3975 1570 4030 felicior
1612 3992 1780 4047 quam
1866 3972 2319 4036 conculcationis.
2353 3988 2417 4026 ac
2444 3972 2490 4025 si
2534 3988 2688 4026 mare
2717 3989 3004 4044 nunquam
3032 3974 3303 4046 quiescit;
3336 3974 3456 4042 sed,

223 4069 399 4135 nostra,
424 4084 545 4137 quae
592 4072 683 4119 est
728 4071 911 4118 mater
946 4064 1197 4119 omnium
1246 4071 1521 4129 nostrum,
1564 4071 1619 4118 et
1666 4063 1782 4117 ﬁlia
1865 4060 2013 4115 sicut
2040 4060 2179 4115 illud
2214 4060 2393 4131 magis
2414 4059 2691 4114 undarum
2719 4076 2949 4115 suarum
2973 4062 3237 4117 ﬂuctibus
3256 4061 3464 4118 indesi-

224 4153 422 4209 celestis
448 4154 671 4227 patriae,
714 4170 837 4225 quae
880 4170 1085 4225 sponsa
1114 4153 1319 4208 Christi
1363 4153 1643 4226 appellata
1674 4158 1776 4219 est,
1865 4156 2066 4205 nenter
2096 4148 2366 4215 alliditur,
2408 4149 2489 4203 ita
2518 4154 2573 4202 et
2604 4148 2744 4215 istm,
2786 4156 3082 4222 postquam
3112 4150 3170 4205 in
3201 4150 3463 4223 manibus

224 4245 268 4293 et
286 4244 483 4313 conjux,
516 4259 626 4298 nec
652 4258 765 4297 non
796 4247 853 4295 et
881 4242 1069 4296 anima
1099 4242 1156 4296 in
1176 4243 1297 4312 ejus
1324 4257 1556 4312 corpore
1585 4257 1846 4313 conse-n
1864 4237 2219 4293 inimicorum
2274 4241 2669 4308 provenerunt,
2716 4237 2897 4292 ruinis
2950 4244 3007 4294 et
3059 4239 3467 4295 tentationibus

226 4335 363 4395 creta,
391 4330 797 4403 gloriosissima
818 4330 1082 4396 creditur,
1105 4332 1266 4401 cujus
1297 4330 1356 4385 in
1384 4330 1521 4385 cmlo
1542 4330 1782 4386 munici-
1803 4329 1844 4345 "
1864 4330 2477 4395 fractaa,conteruntur:
2498 4344 2533 4382 a
2550 4329 2767 4385 fervore
2783 4330 2995 4401 peccati
3018 4346 3129 4385 non
3145 4332 3459 4404 quiescunt,

225 4413 349 4484 pium
393 4435 510 4475 esse
568 4435 687 4473 non
733 4417 1023 4473 dubitatur
1064 4423 1121 4473 et
1164 4417 1479 4474 hereditas.
1537 4417 1786 4482 Quarum
1870 4420 2047 4475 donec
2063 4418 2322 4490 gehenna
2349 4434 2444 4472 eos
2465 4417 2720 4489 excipiat.
2744 4418 2996 4490 Hincque
3015 4419 3301 4491 sequitur:
3332 4422 3465 4488 Quis

223 4503 528 4575 iustiﬁcatio,
570 4524 687 4563 non
732 4507 843 4562 nisi
884 4524 950 4561 ex
978 4507 1093 4562 Deo
1131 4507 1396 4573 creditur,
1427 4523 1552 4561 cum
1581 4523 1694 4561 una
1724 4523 1790 4561 ex
1874 4511 2178 4563 medebitur
2214 4513 2334 4562 tui?
2360 4508 2441 4561 Ac
2468 4507 2515 4560 si
2545 4507 2697 4561 dicat
2726 4525 2737 4559 :
2779 4507 2998 4573 Nullus,
3030 4508 3208 4563 donec
3235 4509 3306 4564 ad
3335 4525 3469 4566 eum

228 4595 450 4653 omnibus
468 4599 529 4653 in
547 4596 870 4653 coelestibus
882 4596 1073 4651 futura
1090 4595 1333 4651 Ecclesia
1347 4595 1706 4667 pradicatur:
1727 4602 1793 4651 ut
1872 4598 2088 4662 redeas,
2112 4612 2146 4650 a
2175 4612 2285 4667 quo
2314 4595 2601 4650 averteris.
2635 4596 2753 4649 Hoc
2780 4600 2969 4650 autem
2998 4595 3117 4651 loco
3142 4615 3154 4652 :
3185 4597 3343 4666 Quis,
3372 4605 3473 4656 aut

228 4680 287 4736 sit
299 4700 482 4759 corpus
502 4703 683 4742 unum
703 4702 831 4740 cum
855 4685 1035 4758 capite
1054 4702 1155 4740 suo
1180 4685 1325 4752 (Gen.
1348 4685 1434 4754 ιι).
1458 4685 1527 4739 de
1548 4700 1792 4740 carneex
1873 4703 1975 4758 pro
2013 4684 2466 4757 impossibilitate
2494 4683 2742 4754 ponitur,
2775 4699 2841 4738 eo
2879 4684 3028 4755 quod
3058 4685 3248 4758 aliqua
3276 4704 3474 4745 earum

934 3515 1046 3552 ME)!
1055 3539 1066 3552 .

230 4772 414 4830 ossibus
441 4778 564 4847 ejus
606 4775 667 4830 in
696 4775 806 4830 ﬁde
836 4781 894 4830 et
920 4775 1193 4830 charitate
1221 4774 1704 4846 compaginatum;
1737 4780 1795 4829 et
1873 4772 2251 4830 irrevocabilis
2280 4778 2409 4845 post
2447 4772 2665 4843 lapsum
2712 4771 3002 4844 probatur,
3040 4781 3140 4830 aut
3167 4793 3268 4849 pro
3296 4779 3474 4834 nimia

228 4859 349 4916 sicut
372 4864 427 4919 in
454 4865 610 4920 cmlis
638 4881 753 4920 una
785 4880 850 4919 ex
881 4863 1140 4920 omnibus
1170 4871 1256 4918 est
1292 4863 1486 4918 civitas
1525 4863 1789 4934 gloriosa,
1875 4863 2125 4927 raritate,
2150 4862 2280 4934 quia
2304 4860 2401 4932 qui
2426 4860 2641 4915 mederi
2670 4861 2846 4932 possit
2872 4866 3474 4937 corruptzemullusest

230 4965 332 5019 quas
358 4954 652 5027 colligitur,
677 4954 747 5008 de
770 4969 880 5024 qua
901 4953 1105 5008 David:
1132 4953 1396 5015 Gloriosa,
1419 4952 1622 5024 inquit,
1646 4954 1793 5007 dicta
1875 4952 1982 5007 nisi
2012 4968 2160 5006 unus
2190 4950 2285 5022 qui
2316 4958 2658 5022 peccaverat,
2694 4955 2752 5004 et
2782 4950 2887 5006 hoc
2914 4952 3144 5011 difﬁcile
3172 4962 3258 5010 est
3282 4962 3470 5008 utrum

229 5047 340 5093 sunt
365 5043 424 5096 de
453 5049 517 5102 te.
549 5047 744 5098 sicitas
774 5044 871 5098 ltci
904 5044 1075 5112 (Psal.
1108 5041 1346 5110 Lxxxvx),
1378 5041 1459 5096 ita
1485 5047 1540 5095 et
1567 5057 1681 5095 una
1709 5048 1796 5097 est
1876 5041 1995 5113 ipse
2027 5040 2178 5094 velit.
2212 5039 2462 5103 Quarum
2487 5038 2753 5094 nimirum
2790 5040 2969 5098 ruinae
2998 5060 3215 5109 causas,
3244 5046 3300 5094 et
3326 5037 3471 5092 difﬁ-

230 5124 312 5181 illa
340 5129 573 5203 Babylon
603 5149 637 5186 a
668 5131 892 5186 Christo
912 5148 1033 5202 quae
1055 5131 1358 5201 degenerat
1376 5136 1434 5184 et
1454 5130 1787 5188 fornicatur.
1879 5130 2142 5185 cultatem
2174 5127 2496 5195 curationis,
2525 5144 2651 5183 mox
2680 5130 2884 5203 aperit,
2917 5148 3045 5189 cum
3076 5126 3360 5200 subjungit
3384 5146 3397 5183 :

230 5214 370 5272 Unde
395 5237 493 5291 pro
523 5220 792 5276 brevitate
837 5221 1163 5291 legentium,
1198 5236 1365 5292 super
1393 5220 1591 5274 harum
1625 5218 1797 5275 trium

230 5306 421 5370 ruinas,
448 5320 636 5364 contra
657 5316 898 5382 cceptum
922 5309 1326 5381 explanationis
1351 5309 1602 5363 ordinem
1629 5327 1639 5361 :
1665 5309 1798 5379 quia

231 5409 355 5463 pene
384 5414 523 5452 unus
540 5407 626 5454 est
653 5415 834 5461 casus,
856 5414 1003 5453 unus
1025 5397 1375 5452 adhibendus
1401 5407 1486 5452 est
1512 5399 1714 5464 luctus,
1738 5403 1803 5453 ut
1951 5397 2227 5466 Propheta!
2273 5398 2359 5450 tui
2395 5400 2655 5453 viderunt
2703 5401 2805 5453 tibi
2843 5401 3007 5466 falsa,
3039 5400 3089 5452 et
3124 5398 3293 5453 stulta
3325 5414 3341 5451 :
3382 5409 3477 5451 nec

231 5480 431 5541 dicatur
446 5487 514 5543 de
531 5487 810 5555 omnibus,
832 5486 1053 5542 dicatur
1071 5486 1215 5542 etde
1240 5486 1511 5558 singulis:
1539 5488 1643 5543 Cui
1660 5503 1802 5542 com-
1880 5486 2199 5556 aperiebant
2229 5489 2585 5557 iniquitatem
2615 5492 2791 5552 tuam,
2820 5490 2884 5540 ut
2915 5491 2964 5538 te
2992 5485 3067 5539 ad
3094 5487 3472 5555 paenitentiam

489 5587 743 5647 PATROL.
773 5585 949 5648 CXX.
2971 5676 2977 5686 _
3151 5583 3227 5640 36

2607 5287 2745 5328 NUN.
