3960 6168
380 412 760 484 provocarent.
779 401 988 461 Habuit
1006 397 1232 471 quidem
1255 389 1568 448 Jerusalem
1587 401 1717 441 suos
1745 378 1981 455 pseudo-
1997 378 2044 437 Λ

387 470 709 575 prophetas,
735 500 801 550 ut
827 492 885 546 in
910 470 1169 562 plurimis
1197 478 1511 538 ostenditur
1535 474 1671 530 locis
1694 490 1706 526 :
1730 470 1901 526 habet
1927 472 1986 522 et

389 588 651 651 Ecclesia,
669 591 768 639 aut
788 579 1211 638 haereticos,aut
1241 566 1646 629 schismaticos,
1672 567 1770 617 aut
1787 574 1985 631 pravos

390 680 646 734 doctores
682 690 832 737 suos,
863 669 959 741 qui
1001 668 1244 732 I395
1284 658 1495 728 absque
1540 652 1985 723 temperamento

388 769 596 823 liniunt
623 735 914 836 parietem,
942 758 1105 827 juxta
1136 747 1500 807 Ezechielem,
1522 742 1617 814 qui
1650 737 1855 809 singuli
1885 735 1986 788 do-

390 860 523 913 losis
549 844 1146 925 argumentationibus,
1170 840 1253 894 vel
1283 837 1434 891 falsis
1463 829 1839 904 opinionibus,
1862 826 1991 878 sim-

391 918 823 1022 pliciumvcorda,
838 955 873 992 a
884 934 1117 990 veritate
1128 936 1291 984 recta;
1307 924 1457 986 ﬁdei,
1476 930 1533 978 et
1547 926 1697 975 statu
1713 918 1987 971 bonorum

392 1007 647 1109 bperum,
670 1029 1021 1090 subvertunt,
1043 1026 1188 1077 teste
1207 1020 1373 1073 Petro
1403 1011 1681 1086 apostolo:
1716 1007 1986 1067 Fuerunt,

393 1095 492 1189 ait,
512 1095 987 1194 pseudoprophctae
1007 1116 1070 1167 in
1088 1111 1306 1180 populo,
1327 1108 1468 1159 sicut
1490 1108 1537 1156 et
1566 1103 1631 1154 in
1657 1098 1803 1152 vobis
1823 1095 1989 1148 erunt

393 1214 656 1283 magistri
682 1184 986 1269 mendaces,
1006 1202 1105 1270 qui
1134 1198 1397 1252 inducent
1419 1197 1584 1246 sectas
1609 1184 1939 1258 perditionis
1971 1200 1985 1235 :

394 1311 442 1360 et
455 1319 581 1359 eum
593 1302 691 1372 qui
704 1299 834 1353 emit
848 1310 950 1359 eos,
969 1290 1269 1345 Dominum
1285 1286 1562 1350 negantes,
1575 1275 1990 1346 superducentes

393 1396 501 1450 sibi
527 1370 754 1446 celerem
777 1383 1164 1454 perditionem.
1187 1376 1254 1430 Et
1288 1373 1456 1426 multi
1483 1370 1781 1437 sequentur
1800 1375 1992 1416 eorum

396 1484 676 1545 luxurias,
697 1451 796 1546 per
814 1488 944 1544 quos
962 1473 1055 1524 via
1076 1465 1325 1520 veritatis
1348 1456 1813 1527 blasphemabitur
1834 1470 1849 1503 :
1870 1454 1917 1504 et
1932 1451 1994 1502 in

394 1571 641 1630 avaritia
664 1540 810 1634 fictis
821 1540 1013 1615 verbis
1043 1558 1106 1612 de
1134 1553 1280 1608 vobis
1310 1548 1762 1617 negotiabantur.
1789 1540 1993 1607 Quibus

389 1659 674 1731 judicium
686 1657 811 1723 jam
832 1651 968 1705 olim
995 1660 1108 1700 non
1131 1646 1316 1705 cessat,
1337 1644 1386 1693 et
1401 1635 1640 1707 perditio
1658 1646 1771 1685 non
1789 1629 1997 1683 dormi-

1175 272 1231 325 S.
1272 261 1652 323 PASCHASII
1690 251 2049 314 RADBERTI
2091 248 2394 304 ABBATlS
2434 240 2925 300 CORBEIENSIS.
3530 228 3663 286 113'!

2064 380 2121 429 et
2148 375 2337 430 futura
2354 369 2671 441 negliguut.
2696 364 2878 420 liabet
2905 368 2963 416 et
2989 359 3247 424 interius,
3269 371 3469 428 pravos
3489 353 3669 424 siqui-

2066 466 2191 520 dem
2223 462 2519 533 cogitatus,
2549 476 2613 513 ex
2643 452 2944 528 prudentia
2973 448 3158 505 carnis
3186 446 3406 517 genitos
3433 463 3445 497 :
3480 443 3582 513 qui
3614 448 3669 496 et

2066 556 2207 609 falsa
2234 553 2500 608 exhibent
2534 547 2742 603 nostris
2787 542 3075 598 obtutibus
3103 546 3163 593 et
3188 539 3379 592 stulta.
3418 536 3487 590 Hi
3516 533 3668 587 enim

2070 661 2235 717 quam
2267 642 2591 713 frequenter
2619 637 2825 690 damna
2849 632 3125 703 judicant,
3150 625 3416 697 quidquid
3450 625 3675 694 impre-

2070 734 2379 789 sentiarum
2413 745 2569 783 mens
2596 727 2665 780 de
2687 720 3062 793 voluptatibus
3084 718 3326 772 relaxat;
3356 730 3539 784 neque
3569 712 3674 765 ini-

2072 820 2345 892 quitatem
2373 832 2495 870 esse
2518 811 2903 885 pronuntiant.
2922 803 3191 878 quidquid
3212 810 3313 857 aut
3331 801 3668 871 acquiritur,

2074 915 2173 963 aut
2219 905 2460 961 inimicis
2500 900 2847 974 rependitur,
2890 896 3046 950 carni
3091 901 3316 947 censent
3368 888 3670 960 indulgeri,

2071 997 2327 1068 longiora
2355 993 2515 1049 nobis
2545 990 2885 1064 promittunt
2918 992 3196 1055 tempora,
3229 996 3423 1034 severa
3453 978 3557 1032 Dei
3585 994 3677 1031 ex-

2070 1091 2309 1142 tenuant
2329 1082 2560 1155 judicia,
2595 1087 2653 1133 et
2678 1078 2921 1151 plurima
2959 1090 3081 1144 qua:
3110 1071 3376 1125 dicuntur
3406 1084 3518 1121 non
3553 1083 3677 1120 esse

2070 1175 2279 1241 futura,
2310 1174 2401 1227 vel
2430 1172 2595 1226 aliter
2618 1185 2758 1234 esse,
2792 1181 2959 1236 quam
2990 1162 3272 1221 dicuntur,
3310 1157 3675 1230 pr0phelant.

2075 1264 2193 1318 Hoc
2207 1261 2435 1333 quidem
2453 1258 2629 1312 levius
2653 1256 2789 1320 fore,
2805 1252 2941 1306 illud
2958 1266 3086 1304 vero
3097 1247 3326 1320 gravius
3341 1249 3676 1316 suggerunt,

2074 1358 2131 1408 et
2154 1369 2258 1407 sua
2286 1365 2508 1420 semper
2536 1346 2745 1401 leviora
2770 1346 2972 1415 putant
3003 1340 3300 1407 faveatque
3334 1333 3677 1389 commissis.

2075 1442 2235 1498 Unde
2259 1438 2591 1512 Apostolus:
2619 1434 2943 1497 Prudentia,
2969 1427 3169 1499 inquit,
3199 1428 3409 1489 carnis,
3434 1439 3583 1477 mors
3605 1428 3683 1477 est

2075 1534 2208 1602 quia
2234 1532 2500 1597 cogitatus
2528 1530 2643 1594 ejus
2671 1524 2857 1577 vident
2884 1522 3118 1589 jugiter,
3148 1520 3249 1570 aut
3277 1516 3683 1583 assumptione:

2077 1598 2268 1688 falsas,
2301 1622 2400 1671 aut
2428 1615 2744 1684 dejectiones
2770 1611 2948 1682 (Rom.
2980 1609 3122 1674 vxn).
3155 1604 3366 1659 Rarum
3393 1600 3544 1672 quod
3574 1598 3683 1657 sibi

421 1688 674 1715 ιιωιυιιιυι
717 1688 811 1706 ωηο
832 1688 968 1705 νηη-
997 1688 1108 1700 ..νη
1132 1688 1316 1705 ---ν-η,
1339 1688 1381 1693 η
1401 1688 1479 1707 Γπ
1510 1688 1529 1689 ,,

399 1688 470 1803 iet
486 1748 565 1815 (II
575 1688 845 1809 Petrl.,n).
861 1736 977 1791 Nec
991 1725 1410 1799 dubium,quod
1431 1722 1598 1794 culpa
1615 1716 1991 1783 sacerdotum,
2016 1692 2061 1752 Β
2079 1709 2393 1780 ignoscant,
2438 1708 2503 1758 ut
2544 1700 2707 1757 alteri
2753 1695 3109 1752 consentiant
3138 1710 3152 1747 :
3200 1697 3258 1746 et
3285 1690 3435 1763 quod
3466 1688 3587 1754 uni,
3615 1694 3685 1747 ut

1534 1811 1545 1815 -
1685 1807 1718 1815 ’Δ
1907 1802 1942 1815 μ
2152 1795 2334 1815 ⁷“’¹““““
2358 1814 2364 1815 ’
2393 1793 2483 1815 u“
2511 1806 2729 1815 ·⁸·““·“¹“·“
2749 1797 2845 1815 ﬂ“
2868 1786 3204 1815 “vnn-inomni
3241 1787 3338 1815 an}
3360 1784 3658 1815 nccnmnnf

400 1802 461 1894 et
492 1802 690 1890 eorum
859 1825 919 1880 in
962 1823 1086 1893 lege
1116 1820 1429 1879 versantur,
1462 1811 1628 1866 ruina
1653 1807 1730 1861 sit
1756 1802 1947 1877 populi
1979 1819 1991 1854 :

401 1892 499 1998 qui
510 1926 611 1977 aut
628 1892 771 1974 falsa
783 1914 988 1970 docent
1000 1892 1209 1979 absque
1222 1901 1689 1974 temperamento,
1704 1892 1864 1965 quasi
1876 1906 1997 1962 quae

399 1981 646 2076 videant,
678 2010 779 2062 aut
804 2000 1164 2073 iniquitatem
1192 2009 1350 2050 suam
1377 1988 1604 2063 populo,
1636 2000 1737 2040 seu
1766 1981 1994 2046 scelera,

402 2099 636 2160 sollicite
678 2096 751 2150 ad
791 2087 1180 2165 paenitentiam
1224 2098 1353 2137 cum
1399 2079 1719 2152 provocent,
1752 2087 1866 2125 non
1894 2085 1998 2123 an-

400 2189 683 2249 nuntient.
705 2161 943 2253 Insuper
966 2182 1023 2232 et
1050 2174 1259 2248 plures,
1282 2165 1535 2242 quamvis
1566 2167 1718 2219 recte
1738 2161 1993 2222 doceant,

404 2298 473 2338 ea
504 2294 628 2351 que
653 2274 796 2329 bene
824 2246 1135 2330 docuerint,
1176 2261 1291 2317 suis
1331 2256 1516 2331 pravis
1562 2256 1695 2319 (non
1736 2250 1861 2303 dico
1893 2246 2000 2300 mi-

403 2338 580 2432 nima,
602 2378 799 2421 verum
826 2359 997 2414 etiam
1024 2359 1083 2409 et
1108 2351 1340 2422 majora)
1373 2342 1639 2415 exemplis
1666 2338 1994 2402 dissolvunt,

407 2464 464 2514 et
491 2454 699 2520 omnia,
731 2454 832 2505 aut
875 2444 1016 2501 lucri
1045 2457 1216 2498 causa
1252 2437 1480 2502 faciunt,
1512 2437 1614 2487 aut
1642 2427 1867 2492 erroris,
1900 2427 2001 2478 aut

400 2542 705 2618 jactantize,
737 2538 825 2593 vel
852 2533 1097 2590 desidiae.
1140 2532 1337 2599 Neque
1376 2523 1525 2579 enim
1563 2534 1755 2575 curam
1794 2517 2001 2586 gemat

407 2635 748 2694 animarum,
779 2626 877 2682 sed
905 2626 1107 2679 cuncta
1133 2618 1221 2674 sui
1249 2630 1420 2672 causa
1445 2610 1676 2674 faciunt,
1703 2604 1805 2660 sub
1830 2605 2003 2675 hypo-

407 2725 540 2782 crisi
567 2723 879 2793 loquentes,
901 2718 1125 2768 tantum
1154 2713 1218 2763 ut
1248 2722 1316 2761 ea
1335 2702 1626 2758 obtineant
1651 2713 1774 2768 quae
1794 2698 2007 2762 sectanf

562 2779 713 2867 Falsi
761 2779 882 2876 (lsa'.
918 2816 1001 2869 In,
1042 2814 1138 2865 vn,
1190 2794 1348 2864 mn)
1401 2791 1576 2861 igitur
1617 2784 1903 2858 prophetae
1946 2779 2006 2833 hi

408 2916 603 2957 omnes
632 2895 961 2969 probantur,
999 2888 1095 2959 qui
1124 2885 1271 2939 viam
1299 2880 1402 2936 Dei
1427 2879 1485 2932 in
1514 2876 1747 2929 veritate
1777 2885 1888 2924 non
1913 2868 2008 2922 do-

408 2995 554 3047 cent.
597 2961 759 3042 Uhde
803 2978 1105 3051 sequitur:
1160 2974 1419 3028 Viderunt
1465 2968 1567 3020 tibi
1610 2961 2007 3028 assumptiones

2078 1795 2367 1853 omnibus:
2390 1793 2488 1848 sed
2508 1806 2729 1862 semper
2748 1797 2847 1843 aut
2867 1786 3224 1856 exaggerant,
3240 1787 3341 1836 aut
3359 1784 3680 1842 assumunt,

2079 1891 2178 1942 aut
2204 1884 2496 1955 dejiciunt,
2529 1886 2587 1935 et
2612 1878 2976 1939 imminuunt,
3000 1881 3059 1928 et
3083 1889 3147 1926 ex
3176 1869 3299 1926 istis
3317 1868 3547 1941 quidem
3578 1866 3684 1921 sibi

2080 1971 2489 2037 obedientibus,
2502 1968 2908 2040 sempiternum
2925 1962 3226 2033 acquirunt
3236 1957 3598 2029 supplicium.
3616 1956 3687 2010 Et

2080 2062 2278 2119 exinde
2307 2059 2564 2132 sequitur
2598 2076 2608 2110 :

2773 2203 3002 2242 SAMECH.

2150 2333 2486 2389 Plauserunt
2524 2339 2687 2395 super
2726 2328 2771 2376 te
2810 2320 3090 2381 manibus,
3120 2331 3306 2370 omnes
3337 2318 3685 2369 transeuntes

2074 2439 2173 2494 per
2190 2423 2341 2476 viam
2362 2436 2373 2470 :
2393 2415 2757 2471 sibilaverunt
2777 2415 2823 2464 et
2842 2411 3130 2463 moverunt
3151 2410 3314 2474 caput
3334 2419 3503 2457 suum
3520 2416 3686 2473 super

2081 2490 2260 2581 filiam
2284 2508 2611 2563 Jerusalem.
2637 2500 2747 2556 Alii
2774 2498 3001 2570 quidem
3024 2511 3193 2566 super
3218 2494 3577 2564 Synagogam
3602 2490 3687 2545 vel

2087 2598 2410 2663 Ecclesiam,
2430 2598 2530 2648 aut
2543 2590 2811 2653 animam,
2836 2588 2984 2640 hunc
3001 2585 3286 2655 planctum
3306 2581 3687 2651 interpretan-

2086 2695 2176 2745 tes
2210 2703 2221 2735 :
2258 2702 2353 2741 eos
2374 2683 2467 2755 qui
2498 2680 2768 2753 plaudent
2797 2674 3055 2730 manibus
3085 2688 3255 2742 super
3282 2688 3398 2737 eas,
3431 2669 3690 2725 inimicos

2089 2794 2211 2834 esse
2230 2776 2511 2837 dixerunt,
2539 2768 2697 2841 quasi
2718 2784 2782 2822 ex
2815 2764 3073 2819 irrisione
3092 2768 3149 2815 et
3172 2760 3381 2830 gaudio
3415 2759 3691 2813 insultan-

2087 2871 2174 2920 tes
2205 2880 2217 2914 :
2248 2862 2344 2917 sed
2383 2877 2485 2915 nos
2527 2861 2748 2912 sanctos
2792 2855 2987 2907 Patres
3014 2867 3045 2905 e
3075 2850 3356 2904 contrario
3395 2864 3519 2902 esse
3549 2846 3690 2901 dici-

2090 2971 2235 3020 mus,
2277 2958 2333 3006 et
2378 2950 2606 3014 amicos,
2659 2946 2775 3000 zelo
2826 2948 2884 2997 et
2929 2940 3223 3002 charitate,
3272 2937 3449 2992 nimio
3499 2938 3693 2991 dolore

408 3027 554 3047 υῠυυι
604 3027 758 3042 υιιυιν
803 3027 1047 3051 νν-ι---νη-
1092 3027 1104 3031 -
1165 3027 1168 3028 ,
1798 3027 1809 3028 γ

408 3082 579 3148 falsas
609 3080 657 3130 et
686 3073 983 3141 ejectiones.
1017 3066 1161 3119 Nam
1198 3060 1255 3114 in
1286 3056 1451 3123 Isaia,
1486 3052 1581 3108 ubi
1612 3055 1803 3105 noster
1829 3048 2005 3101 inter-
2026 3044 2330 3107 Caffectos,
2358 3039 2453 3110 qui
2492 3035 2711 3108 quoties
2744 3048 2916 3088 unam
2945 3046 3138 3085 earum
3180 3028 3487 3099 projectam
3508 3044 3542 3080 a
3574 3027 3689 3080 Deo

1329 3146 1338 3148 ’
1490 3143 1502 3148 “
1526 3142 1569 3148 ”“
1643 3139 1653 3148 ‘
1765 3144 1772 3148 ·
1808 3138 1848 3148 “
2312 3146 2324 3148 ς
2352 3129 2446 3148 μὲΑΔ
2484 3144 2502 3148 -
2522 3124 2747 3148 ι---,.1.....ι
2764 3120 3022 3148 "nan"...
3061 3134 3170 3148 ...Α-ι.
3202 3115 3493 3148 ξοπιςΑΑ-τιῖο
3521 3115 3688 3148 Γαοοη-

408 3138 528 3238 pes,
566 3138 721 3217 onus
732 3154 1024 3213 transtth
1071 3146 1394 3220 Babylonis,
1422 3143 1509 3197 vel
1526 3139 1657 3212 Tyri
1683 3144 1783 3193 aut
1808 3138 2002 3191 Dama-

410 3254 509 3320 sci,
540 3250 688 3307 LXX
711 3249 849 3302 visio
885 3240 1117 3296 verbum
1155 3237 1435 3295 dixerunt,
1468 3227 1836 3301 Symmachus
1879 3240 2008 3278 vero

412 3347 470 3399 et
490 3315 801 3396 Theodotio
829 3330 1131 3399 assumptio
1154 3319 1510 3393 interpretati
1539 3321 1689 3372 sunt.
1713 3316 1782 3369 Et
1800 3315 1904 3367 hoc
1926 3316 2014 3367 est

413 3429 563 3504 quod
589 3425 716 3482 falsi
741 3421 1025 3495 propheta
1046 3413 1270 3487 quando
1292 3409 1477 3464 vident
1506 3422 1649 3461 onus
1668 3402 1878 3477 populi,
1903 3415 2012 3472 quo

412 3517 600 3584 verbo,
633 3491 862 3585 semper
882 3506 1069 3564 tristia
1095 3520 1218 3576 quae
1247 3503 1578 3571 sequuntur,
1609 3499 1666 3549 et
1709 3491 2012 3547 imminen-

413 3608 496 3664 tia
509 3583 840 3663 delictorum
855 3594 1131 3670 supplicia
1147 3590 1412 3661 levigare,
1431 3583 1591 3659 quasi
1609 3583 2014 3653 scripturarum

416 3694 709 3768 exemplis,
732 3696 790 3747 et
815 3668 1290 3745 consolationibus
1319 3677 1437 3732 suis
1461 3673 1825 3737 contendunt,
1852 3674 1909 3724 et
1926 3668 2019 3722 de-

412 3787 589 3859 jicere
618 3798 719 3838 suo
745 3777 956 3852 judicio
985 3791 1020 3829 a
1063 3773 1229 3827 dorso
1269 3771 1624 3840 peccatorum
1665 3776 1855 3826 onera,
1895 3774 2019 3830 quae

417 3852 694 3932 iabricata
720 3874 854 3925 sunt
884 3885 896 3920 :
941 3864 1038 3920 sed
1067 3867 1338 3930 utrasque
1363 3856 1540 3910 falsas.
1558 3852 1768 3917 vident,
1800 3863 2018 3903 assum-

420 3965 641 4038 ptiones
669 3957 929 4015 videlicet
955 3958 1010 4009 et
1039 3948 1379 4022 dejectiones
1411 3962 1423 3999 :
1458 3941 1591 4015 quia
1618 3955 1763 4011 saepe
1790 3953 1890 4009 pro
1921 3951 2021 3990 suo

422 4052 606 4117 libitu,
633 4064 701 4105 ex
741 4041 1043 4101 levioribus
1072 4037 1267 4109 culpis,
1300 4032 1560 4105 graviora
1589 4043 1780 4092 onera,
1811 4024 1898 4079 vel
1932 4039 2023 4077 as-

426 4114 773 4210 sumptiones
797 4128 1186 4205 pronuntiant,
1220 4129 1277 4180 et
1296 4123 1597 4194 imponunt
1628 4114 1852 4189 populo,
1881 4117 1938 4166 et
1961 4127 2026 4164 ex

425 4225 650 4299 gravior
677 4222 803 4276 ibus
849 4224 907 4273 et
947 4213 1279 4278 innumeris,
1331 4207 1672 4280 dejectiones
1718 4202 1887 4256 falsas
1942 4198 2027 4253 vel

2089 3129 2468 3203 cognoverint,
2484 3124 2749 3196 plaudent
2764 3120 3044 3183 manibus,
3061 3134 3173 3173 non
3202 3115 3495 3170 irridentis
3521 3115 3692 3171 fastu.

2091 3221 2189 3277 sed
2218 3217 2457 3274 dolentis
2478 3220 2537 3270 et
2556 3210 2871 3285 plangentis
2886 3209 3112 3272 aﬂ’ectu,
3130 3205 3280 3277 quod
3306 3204 3378 3259 de
3402 3210 3571 3258 tanto
3585 3203 3700 3258 cul-

2091 3310 2243 3365 mine
2271 3313 2328 3363 et
2367 3305 2567 3377 gloria,
2604 3303 2903 3374 Synagoga
2942 3298 3026 3353 vel
3066 3296 3327 3362 Ecclesia,
3362 3300 3466 3349 aut
3508 3294 3701 3349 anima

2095 3399 2373 3471 prolapsa,
2407 3394 2478 3448 ad
2504 3398 2721 3446 tantam
2751 3389 2936 3443 subito
2965 3393 3022 3441 et
3052 3385 3352 3457 improvise
3380 3382 3701 3455 pervenerit

2098 3488 2338 3542 ruinam.
2360 3483 2520 3539 Unde
2545 3486 2604 3536 et
2629 3481 2987 3534 transeuntes
3016 3475 3074 3529 hi
3103 3491 3204 3546 per
3234 3473 3379 3527 viam
3409 3472 3696 3528 dicuntur.

2097 3578 2375 3633 Caeterum
2403 3572 2594 3626 hostes
2623 3566 2901 3628 Ecclesiae,
2932 3570 3033 3619 aut
3072 3563 3392 3618 animarum
3435 3562 3522 3615 vel
3555 3561 3701 3632 Syn-

2098 3674 2670 3737 agogae,nequaquam
2683 3655 2939 3719 dixerim,
2952 3652 3101 3725 quod
3111 3656 3410 3707 transeunt
3419 3667 3522 3721 per
3532 3650 3696 3711 viam:

2100 3754 2232 3827 quia
2248 3756 2398 3807 viam
2417 3751 2572 3821 pacis
2583 3746 2905 3802 nescierunt
2924 3745 3085 3810 (Psat.
3104 3742 3244 3809 xm),
3259 3740 3360 3795 sed
3374 3739 3706 3795 oberrantes

2102 3861 2136 3899 a
2164 3843 2272 3909 via,
2313 3841 2424 3895 huc
2452 3838 2692 3908 illucque
2733 3837 2974 3901 I390
3013 3830 3448 3898 tumultuantes,
3489 3828 3561 3883 ad
3590 3828 3706 3883 ima

2103 3935 2393 3988 corruunt.
2424 3925 2585 3992 Quod
2612 3928 2802 3980 autem
2846 3920 2984 3977 dicit
3013 3935 3025 3968 :
3058 3918 3192 3991 quia
3224 3920 3619 3985 sibilaverunt,
3648 3920 3707 3970 et

2106 4023 2402 4077 moverunt
2411 4018 2597 4088 capita
2611 4029 2715 4068 sua
2732 4027 2903 4083 super
2921 4009 3096 4065 ﬁliam
3108 4006 3442 4071 Jerusalem,
3455 4005 3706 4062 subitum

2107 4116 2164 4164 et
2192 4106 2556 4179 improvisum
2586 4108 2703 4157 tam
2738 4099 2979 4155 dolentis
3005 4113 3171 4169 quam
3201 4094 3539 4151 admirantis
3568 4095 3704 4150 alie-

2109 4203 2260 4252 ctum
2308 4195 2562 4250 insinuat
2595 4205 2810 4254 earum,
2851 4187 2946 4258 qui
2987 4186 3057 4240 ad
3103 4184 3290 4238 divina
3328 4199 3555 4254 semper
3592 4190 3712 4236 ten-

427 4270 793 4382 fevigationes
850 4304 1010 4377 quasi
1065 4319 1132 4356 ex
1177 4299 1365 4354 divina
1397 4270 1753 4351 'auctoritate
1817 4289 2028 4344 faciunt
2044 4321 2095 4382 Β
2111 4288 2325 4341 dentes.
2347 4287 2580 4355 gemunt
2604 4285 2662 4335 et
2680 4278 3082 4347 obstupescunt
3100 4273 3231 4346 quid
3253 4272 3542 4336 acciderit,
3564 4270 3712 4343 quod

430 4362 480 4369 η
865 4362 887 4377 ι

430 4396 822 4476 peccantibus;
875 4400 934 4447 et
962 4390 1219 4446 nesciunt
1265 4385 1455 4440 miseri
1486 4383 1634 4455 quod
1662 4399 1741 4435 vae
1770 4379 1883 4434 illis
1920 4378 2026 4431 im-
2048 4362 2094 4382 υ
2113 4376 2181 4430 de
2205 4384 2319 4429 tam
2340 4370 2608 4426 ineffabili
2627 4366 2825 4438 gloria,
2849 4365 3150 4436 insperate,
3177 4362 3244 4416 ad
3269 4367 3489 4416 tantam
3518 4376 3713 4432 perve-

1762 4469 1773 4476 .
2011 4465 2024 4476 ι
2218 4465 2228 4475 ι
2283 4473 2289 4476 .
2456 4467 2466 4476 ι
2542 4459 2578 4476 σγ
2626 4454 2898 4476 ξμμ-..μηη
2939 4454 3127 4476 ολιΑηι
3152 4450 3504 4476 ..Α-..Ληηεμιέ
3530 4456 3713 4476 “At..-

432 4465 682 4557 inineat;
737 4484 870 4557 quia
901 4482 1029 4550 (Isa.
1070 4481 1118 4547 γ)
1170 4476 1363 4530 dicunt
1404 4473 1613 4526 bonum
1666 4469 1895 4533 malum,
1944 4465 2030 4521 vel

435 4580 648 4638 malum
671 4555 897 4632 bonum.
914 4570 984 4626 Et
1002 4573 1066 4624 ut
1083 4565 1287 4637 Aquila
1310 4564 1710 4632 interpretatus
1740 4564 1827 4613 est
1849 4555 2031 4611 mani-

436 4669 635 4724 festius
668 4685 680 4720 :
716 4682 793 4719 vae
811 4662 905 4735 qui
929 4660 1124 4714 dicunt
1144 4655 1288 4710 bono
1314 4673 1326 4706 :
1356 4652 1535 4706 Malus
1557 4667 1635 4713 es,
1662 4653 1719 4703 et
1739 4647 1884 4701 malo
1905 4644 2036 4717 quia

438 4758 637 4813 bonus.
670 4752 899 4809 Duobus
920 4766 1051 4819 ergo
1082 4746 1206 4801 istis
1240 4742 1460 4808 litteris,
1492 4739 1766 4811 propheta
1785 4736 2038 4790 doctores

440 4845 608 4902 simul
628 4859 827 4915 pravos
852 4846 909 4895 et
935 4837 1220 4893 auditores
1250 4830 1483 4904 plangit,
1512 4829 1672 4899 juxta
1699 4826 2035 4895 interpreta-

439 4936 653 4991 tionem
672 4928 997 4986 earumdem
1018 4926 1355 4986 litterarum,
1372 4926 1435 4975 ut
1457 4925 1488 4985 |
1507 4920 1698 4981 $90
1712 4914 1783 4967 sit
1805 4927 2030 4967 sensus:

438 5023 592 5105 quod
611 5038 679 5077 ex
698 5021 863 5082 Mem,
887 5016 944 5069 id
974 5019 1061 5067 est
1090 5028 1160 5066 ex
1189 5010 1313 5064 istis
1334 5007 1424 5079 qui
1461 5005 1607 5059 male
1633 5003 1851 5064 docent,
1878 5001 2033 5060 Nun,

442 5113 593 5188 quod
621 5119 707 5167 est
740 5104 1165 5176 sempiternum,
1197 5099 1278 5153 eis
1301 5098 1553 5167 utrisque
1584 5092 1880 5147 immineat
1903 5104 2038 5159 sup-

442 5202 691 5275 plicium,
709 5196 795 5251 vel
826 5191 961 5264 quia
988 5189 1080 5244 isti
1105 5204 1287 5260 prave,
1316 5202 1415 5258 pro
1439 5183 1655 5237 meritis
1677 5195 1892 5245 eorum,
1920 5193 2042 5248 pra-

445 5304 540 5343 vos
569 5290 770 5342 docent
802 5302 812 5337 :
846 5280 951 5345 vel,
993 5277 1128 5348 quia
1155 5276 1236 5329 illi
1268 5272 1685 5335 maledicentes,
1721 5269 1898 5322 malos
1928 5281 2042 5319 non

440 5377 749 5448 refugiunt.
782 5370 965 5427 liabet
1001 5367 1175 5439 igitur
1211 5371 1268 5418 et
1295 5363 1486 5417 anima
1529 5359 1697 5413 falsos
1737 5357 2039 5430 prophetas

442 5446 591 5524 suos—
602 5462 865 5529 exterius,
896 5474 1025 5515 cum
1062 5456 1185 5529 ipsa
1210 5470 1271 5508 se
1301 5452 1413 5507 illis
1435 5446 1750 5504 subdiderit
1785 5465 1797 5500 :
1840 5460 2038 5500 sensus

441 5554 699 5613 videlicet
726 5549 927 5616 carnis,
944 5546 1041 5621 qui
1070 5544 1121 5602 ei
1148 5556 1370 5614 semper
1396 5536 1696 5612 praesentia
1712 5534 2034 5601 ostendunt,

2112 4465 2301 4520 nerint
2314 4459 2608 4533 apostasia
2625 4454 2923 4511 insaniam.
2939 4454 3132 4509 Solent
3150 4467 3397 4522 namque
3411 4450 3507 4505 isti
3530 4456 3715 4504 motus

2115 4566 2388 4608 manuum
2425 4548 2511 4601 vel
2552 4544 2772 4617 capitis,
2816 4549 2874 4596 et
2900 4541 3113 4604 sibilus,
3144 4540 3393 4595 diversos
3421 4539 3596 4593 animi
3635 4538 3719 4593 af-

2118 4644 2295 4698 fectus
2344 4637 2657 4701 ostendere,
2720 4638 2777 4687 et
2830 4632 2955 4686 ideo
3003 4647 3116 4685 non
3171 4629 3359 4683 minus
3415 4644 3718 4684 maerorem

2119 4730 2305 4786 cordis
2342 4733 2399 4782 et
2424 4726 2673 4780 dolorem
2703 4721 2943 4777 dicimus
2970 4718 3304 4790 signiﬁcare,
3336 4734 3513 4788 quam
3546 4726 3605 4772 et
3631 4718 3718 4772 in-

2119 4816 2438 4875 sultationis
2449 4818 2506 4869 et
2516 4812 2707 4885 gaudii
2723 4828 2821 4865 seu
2840 4807 3416 4877 derisionis.Hincque
3430 4808 3716 4879 sequitur:

2116 4910 2359 4966 Haecine
2395 4910 2467 4959 est
2503 4905 2653 4969 urbs,
2688 4903 2940 4963 dicentes,
2984 4898 3212 4967 perfecti
3237 4898 3467 4961 decoris,
3511 4902 3561 4951 et
3589 4912 3724 4965 gau-

2118 5000 2277 5053 dium
2302 4997 2571 5049 universz
2592 4996 2785 5046 terra?
2810 4990 3176 5058 Nequaquam
3208 4984 3383 5054 igitur
3408 4985 3603 5040 hostes
3630 4986 3727 5040 Ec-

2122 5086 2302 5141 clesiae
2332 5083 2416 5137 vel
2444 5081 2783 5144 animarum,
2816 5094 2902 5148 per
2917 5075 3047 5130 fecti
3090 5073 3304 5128 decoris
3340 5089 3467 5127 eam
3501 5078 3721 5145 putant,

2122 5180 2221 5231 aut
2245 5172 2512 5245 gaudium
2543 5170 2817 5224 universae
2848 5176 3030 5228 terrae,
3069 5180 3195 5218 cum
3224 5164 3389 5216 ﬂoret
3418 5163 3476 5217 in
3509 5179 3719 5234 opere:

2123 5265 2216 5319 sed
2240 5262 2343 5316 soli
2372 5259 2548 5314 sancti
2573 5265 2707 5312 sunt
2733 5261 2791 5311 et
2819 5254 3008 5310 amici.
3028 5252 3124 5324 qui
3156 5268 3281 5306 eam
3308 5252 3544 5322 perfecti
3567 5252 3727 5306 deeo~

2120 5354 2199 5408 ris
2222 5367 2343 5407 esse
2367 5349 2621 5413 credunt,
2648 5346 2731 5401 uti
2761 5344 3067 5418 prophetae,
3095 5358 3195 5396 seu
3220 5347 3480 5395 auctores
3515 5341 3726 5396 divina-

2119 5460 2246 5499 rum
2265 5440 2702 5512 Scripturarum,
2716 5435 2775 5490 in
2792 5431 3220 5506 quamplurimis
3237 5430 3373 5487 locis
3395 5429 3722 5495 decantant,

2120 5536 2179 5587 et
2194 5529 2466 5602 gaudium
2485 5524 2761 5582 universae
2780 5528 2946 5579 terrae
2966 5518 3352 5577 indubitanter
3363 5518 3716 5579 asseverant.
