3960 6168
261 299 411 355 1133
956 295 1334 353 EXPOSITIO
1374 296 1451 351 ΙΝ
1490 293 1880 351 LAMEN'I‘AT

1965 292 2098 348 NES
2131 292 2476 349 JEREMIIE.
2522 326 2585 337 —
2625 295 2762 350 LIB.
2805 297 2876 351 ΙΙ.
3399 300 3533 362 1134

264 421 376 476 Sed
397 418 1005 493 quantogloriosiorem
1020 427 1078 476 et
1092 420 1467 493 pulchriorem
1480 436 1604 475 eam
1616 423 1873 474 constare
1889 426 1939 486 Α
1956 417 2269 489 respondit.
2291 417 2482 474 dicens
2514 437 2527 473 :
2560 421 2857 476 Dimittam
2881 424 3053 491 juxta
3085 422 3313 479 uerbum
3349 428 3546 492 tuum;

265 509 615 581 gaudebant.
646 514 806 563 tanto
835 510 1013 581 magis
1045 510 1399 565 admirantur
1426 516 1483 564 et
1510 510 1721 580 lugent,
1741 524 1868 562 cum
1948 512 2354 573 verumtamen,
2388 511 2451 562 in
2474 510 2563 563 die
2577 511 2809 564 ultionis
2823 511 3054 565 uisitabo
3068 515 3119 565 et
3147 509 3244 566 hoc
3263 518 3545 581 peccatum

266 616 398 653 eam
429 605 945 669 constupratam.et
969 598 1240 670 dejectam
1273 600 1329 653 in
1353 598 1869 653 manibushostium

265 689 609 743 vident.Non
632 687 779 741 enim
804 688 1042 742 haeccine
1054 689 1311 759 est,quod
1325 688 1848 760 aiunt,percunctan

264 779 362 839 tis,
378 785 479 832 aut
506 777 749 831 laetantis
771 778 1086 837 animo.sed
1106 777 1444 843 conﬁtentis,
1473 778 1631 848 quasi
1648 778 1764 831 haec
1786 780 1872 830 est

268 873 330 921 et
340 866 683 938 plangentis:
705 866 900 921 dicunt
934 872 995 921 ut
1034 871 1305 938 quantum
1324 867 1667 921 hilarescunt
1683 863 1867 919 cuncti

266 955 342 1010 de
370 955 491 1019 illa,
524 955 654 1027 quia
675 961 866 1009 manet
898 975 909 1008 :
943 961 1164 1009 tantum
1195 956 1444 1026 lugeant,
1478 955 1611 1026 quia
1630 954 1870 1008 findatur

265 1044 550 1110 sordibus,
570 1050 627 1098 et
640 1044 706 1098 ad
737 1044 852 1098 ima
872 1045 1003 1099 ruit.
1025 1045 1235 1100 Verum
1255 1051 1575 1099 sanctorum
1594 1044 1869 1115 gemitum

267 1151 446 1206 super
473 1151 593 1187 eam
621 1133 894 1206 propheta
923 1138 976 1187 et
1009 1135 1126 1204 ipse
1154 1149 1383 1205 gemens
1409 1130 1675 1195 exhibuit,
1723 1147 1871 1186 nunc

270 1224 345 1278 de
365 1223 721 1278 inimicorum
746 1222 953 1294 gaudio
975 1228 1031 1277 et
1056 1223 1420 1278 insultatione
1440 1221 1826 1293 plorans,dicit
1854 1239 1866 1274 :

1013 1363 1104 1404 AIN
1114 1389 1124 1401 .

344 1462 385 1515 Α
391 1461 703 1529 paruerunt
717 1471 882 1525 super
897 1455 1172 1526 te,inquit,
1197 1472 1253 1509 os
1272 1471 1439 1510 suum
1456 1471 1641 1511 omnes
1650 1458 1879 1511 inimici

274 1551 385 1613 tui,
409 1547 776 1601 sibitaeerunt
787 1549 834 1598 et
845 1545 1221 1611 frenduerunt
1237 1545 1507 1610 dentibus,
1524 1548 1572 1598 et
1588 1546 1874 1600 dixerunt:

276 1637 695 1693 Deoorabimus.
718 1634 796 1689 Ex
829 1632 1084 1704 utrisque
1120 1649 1254 1703 ergo
1291 1633 1564 1704 propheta
1586 1633 1831 1689 afﬁcitur
1859 1651 1872 1688 :

1950 612 2140 650 eorum
2193 598 2377 659 (Exod.
2427 599 2615 664 xxxii).
2653 597 2778 652 Non
2812 597 2960 670 qu‘od
2989 599 3048 654 in
3096 615 3210 655 uno
3239 600 3548 672 eodemque

1952 690 2180 755 peccato
2202 685 2473 740 Dominus
2495 686 2750 756 judicare
2776 687 3036 744 debuerit
3062 688 3122 742 in
3149 689 3242 743 die
3270 689 3502 744 ultionis
3529 706 3543 742 :

1952 772 2083 842 quia
2107 789 2220 827 non
2236 773 2454 843 judicat
2477 773 2561 828 bis
2592 774 2649 828 in
2673 775 2936 847 idipsum,
2953 776 3051 831 sed
3074 777 3209 848 quia
3228 777 3333 848 ipsi
3353 777 3424 831 ab
3445 777 3552 833 hoc

1952 860 2281 916 idololatria:
2312 867 2537 933 peccato
2568 879 2855 935 nunquam
2900 863 3143 936 perfecte
3190 872 3550 922 cessaverunt

1950 950 2036 1004 vel
2066 951 2474 1022 pmnituerunt.
2506 953 2719 1008 Idcirco
2748 959 2806 1009 et
2841 954 2900 1009 in
2928 955 3021 1009 die
3043 955 3413 1021 ultionis,hoc
3434 971 3549 1011 non

1952 1039 2138 1094 minus
2160 1056 2329 1111 quam
2358 1046 2417 1095 et
2454 1041 2512 1095 in
2536 1040 2744 1110 futuro,
2766 1042 2823 1096 in
2866 1059 2963 1097 eos
2990 1043 3083 1113 qui
3109 1044 3546 1115 permanserint,

1952 1128 2224 1183 Dominus
2237 1129 2698 1185 visitaredicitur.
2725 1132 2793 1186 Et
2822 1132 2951 1185 hinc
2979 1139 3066 1186 est
3086 1132 3235 1203 quod
3262 1149 3412 1188 nunc
3440 1132 3540 1187 ait:

1956 1217 2094 1270 Fecit
2126 1219 2390 1271 Dominus
2428 1235 2545 1287 qua:
2572 1223 2827 1288 cogitavit
2855 1225 2903 1274 et
2935 1224 3217 1289 complevit
3242 1237 3551 1277 sernwnem

1954 1321 2141 1373 suum,
2170 1322 2331 1375 quem
2346 1315 2673 1376 praceperat
2699 1323 2735 1361 a
2753 1309 2943 1362 diebus
2967 1310 3244 1364 destruxit
3266 1315 3317 1365 et
3334 1327 3448 1366 non
3456 1326 3553 1380 pc-

1952 1396 2147 1461 percit,
2179 1394 2403 1465 quando
2431 1394 2626 1466 plagas
2654 1410 2777 1467 quae
2804 1394 2865 1449 in
2891 1394 3014 1467 lege
3034 1412 3099 1450 ac
3126 1397 3415 1468 prophetis
3434 1397 3550 1453 fre-

1959 1487 2200 1552 quenter
2225 1483 2619 1538 comminando
2634 1483 2983 1555 predixerat,
2998 1485 3227 1540 tandem
3244 1485 3320 1540 ad
3337 1486 3557 1541 iracun-

1956 1570 2108 1624 diam
2138 1577 2489 1643 provocatus,
2522 1587 2695 1644 super
2723 1587 2821 1627 eos
2862 1572 3102 1628 induxit.
3158 1573 3322 1639 Quod
3348 1574 3403 1629 si
3438 1574 3558 1630 hac

1969 1666 2008 1725 Ι
2022 1665 2216 1727 399
2228 1661 2709 1732 inimici'corporei
2721 1666 2919 1717 contra
2926 1662 3239 1718 Jerusalem
3257 1662 3413 1719 illam
3424 1668 3560 1719 tunc

275 1724 532 1835 vf’ljlui“
734 1720 1502 1835 εξ
1763 1739 1877 1835 “nia
1893 1743 1938 1803 Β
1957 1720 2227 1817 tce—erunt,
2252 1749 2383 1821 quid
2416 1720 2735 1821 spirituales
2772 1751 3058 1821 nequitiae,
3088 1757 3146 1806 et
3171 1752 3418 1835 ministri
3452 1769 3558 1809 an-

275 1815 474 1869 civitas
502 1812 821 1882 colligitur:
847 1812 930 1865 vel
964 1811 1096 1882 quia
1120 1811 1334 1866 inimici
1348 1812 1607 1867 derident
1620 1818 1675 1867 et
1699 1813 1878 1868 insul-

283 1908 412 1958 tant
429 1918 530 1974 pro
559 1918 627 1956 ea
654 1901 725 1955 de
753 1900 865 1954 illis
890 1918 1012 1971 quae
1033 1900 1312 1955 ceciderit.
1346 1904 1697 1970 Aperuerunt
1715 1919 1880 1971 super

280 1999 354 2056 te,
386 1990 589 2063 inquit,
609 2007 665 2045 os
683 2007 849 2044 suum
872 2006 1055 2043 omnes
1072 1992 1212 2043 inim
1222 1991 1500 2055 ieitm'.Os
1521 1990 1878 2060 ergoinimici

270 2088 413 2136 tunc
458 2080 516 2134 in
559 2078 719 2134 nobis
762 2077 1042 2150 aperiunt,
1074 2094 1202 2133 cum
1234 2079 1411 2133 multa
1448 2085 1583 2133 sunt
1621 2079 1690 2133 de
1717 2079 1878 2135 nobis

272 2170 428 2225 mala
456 2185 579 2240 qum
605 2168 1088 2222 dicuntur.Aliter
1114 2172 1305 2223 autem
1338 2168 1486 2238 apud
1511 2168 1759 2239 judicem
1781 2169 1878 2240 qui

273 2258 338 2313 in
367 2257 524 2311 nullo
552 2256 769 2310 fallitur
797 2256 1054 2310 clausum
1100 2261 1268 2320 esset,
1299 2255 1408 2310 nisi
1429 2272 1494 2310 ex
1523 2256 1687 2311 nobis
1706 2257 1877 2311 innu-

276 2363 439 2402 mera
468 2346 652 2400 forent
665 2345 875 2400 scelera
899 2349 956 2398 et
975 2349 1225 2415 peccata,
1246 2344 1424 2398 hostis
1447 2361 1571 2415 quae
1591 2344 1878 2415 objiceret.

276 2436 625 2507 Aperiebant
638 2451 772 2505 ergo
790 2439 984 2488 contra
999 2434 1308 2488 Jerusalem
1325 2434 1600 2503 dejectam
1618 2452 1681 2489 os
1694 2452 1879 2502 suum;

279 2524 549 2597 aperiunt
575 2529 633 2577 et
652 2529 846 2577 contra
868 2522 1167 2576 Ecclesiam
1189 2522 1628 2593 delinquentem,
1648 2539 1752 2577 nec
1770 2539 1884 2577 non

280 2618 482 2668 contra
510 2612 780 2673 animam,
812 2610 871 2665 in
909 2610 1184 2679 sanguine
1233 2616 1593 2681 peccatorum
1650 2627 1883 2666 suorum

308 2709 343 2767 I
364 2705 557 2768 ,οδ
584 2699 986 2753 conculcatam.
1006 2699 1150 2752 Hinc
1167 2715 1390 2769 quoque
1406 2699 1601 2763 David,
1623 2701 1780 2765 Deus,
1798 2700 1887 2754 in-

287 2790 433 2861 quit,
456 2791 675 2843 Iaudem
694 2804 808 2841 mea
818 2805 868 2840 in
885 2804 950 2841 ne
963 2791 1358 2856 tacueris,quia
1373 2805 1427 2841 os
1442 2792 1736 2856 peccatoris
1756 2795 1805 2843 et
1834 2805 1889 2843 os

295 2881 474 2933 dolosi
501 2894 667 2946 super
693 2893 778 2930 me
798 2882 1052 2945 apertum
1073 2881 1166 2929 est.
1192 2878 1699 2945 (Psat.cvm).Felix
1728 2894 1890 2931 nam-

288 2985 402 3039 que
419 2968 504 3021 cui
520 2966 625 3020 etsi
636 2966 753 3020 sint
765 2966 1089 3036 culpaa,quze
1107 2966 1465 3035 objiciantur,
1481 2973 1615 3020 sunt
1627 2972 1685 3020 et
1697 2966 1891 3021 laudes

289 3074 396 3130 pro
424 3073 489 3111 ea
505 3072 627 3127 quae
646 3055 925 3110 dicantur.
940 3054 1339 3115 Sibitarerunt.
1358 3055 1617 3126 inquit,et
1636 3057 1894 3123 frendue-

289 3152 433 3200 runt
461 3147 732 3209 dentibus,
759 3145 919 3215 quasi
947 3145 1159 3203 leones.
1183 3144 1434 3215 inquam.
1456 3144 1603 3198 avidi
1624 3145 1696 3199 ad
1723 3145 1891 3199 devo-

286 3234 536 3291 randum
567 3253 579 3288 :
609 3234 743 3305 quia
770 3232 914 3288 sicut
937 3233 1211 3287 charitate
1240 3250 1359 3288 com
1369 3234 1556 3305 puncti
1576 3240 1746 3305 atque
1769 3239 1892 3289 stu-

288 3340 429 3397 pore
457 3324 696 3396 permoti
721 3340 892 3395 supra
920 3323 1172 3377 sibilasse
1217 3323 1480 3378 dicuntur
1507 3323 1779 3388 dolentes,
1810 3323 1892 3377 ita

288 3413 387 3468 isti
418 3413 749 3484 plaudentes
770 3418 827 3466 et
840 3412 1157 3477 irridentes,
1191 3413 1416 3483 quando
1439 3412 1686 3467 viderint
1713 3428 1888 3466 unum

289 3519 488 3558 eorum
519 3502 813 3567 corruisse,
847 3502 946 3555 Dei
988 3500 1191 3555 auxilio
1221 3507 1279 3555 et
1302 3501 1486 3571 gratia
1531 3500 1885 3555 destitutum.

289 3591 455 3646 Unde
475 3590 757 3661 sequitur:
782 3590 865 3644 En
885 3593 992 3644 ista
1009 3594 1083 3644 est
1107 3592 1219 3644 dies
1235 3606 1405 3658 quam
1428 3591 1884 3658 exspectabamus,

288 3684 632 3745 invenimus,
650 3680 768 3732 vidi
774 3695 912 3732 mus.
939 3678 1099 3733 Illam
1126 3677 1277 3732 enim
1293 3677 1442 3732 diem
1461 3694 1686 3749 semper
1696 3678 1888 3733 hostes

287 3768 472 3825 nostri
503 3773 827 3839 exspectant
851 3767 1061 3831 venire,
1095 3783 1207 3839 qua
1238 3767 1403 3822 liceat
1433 3767 1516 3822 eis
1560 3784 1673 3822 non
1700 3768 1887 3823 minus

288 3860 543 3915 animam
574 3857 1032 3928 uniuscujusque,
1049 3872 1220 3927 quam
1243 3862 1301 3911 et
1317 3861 1496 3911 totam
1517 3856 1686 3911 simul
1709 3857 1890 3911 Eccle-

287 3949 458 4014 siam,
495 3946 653 4018 quasi
684 3946 740 4000 in
769 3946 956 4017 gladio
983 3946 1215 4000 ultionis
1246 3945 1464 4012 divinae,
1492 3947 1577 3999 vel
1616 3946 1889 4017 perditio-

288 4038 379 4093 nis
408 4037 695 4091 devorare.
731 4036 838 4090 Sed
874 4035 1007 4106 quia
1036 4035 1139 4089 hoc
1182 4034 1413 4091 minime
1446 4035 1737 4107 provenire
1790 4051 1889 4106 po-

284 4132 421 4189 test,
457 4125 560 4180 nisi
619 4141 718 4195 pro
764 4123 1125 4178 multitudine
1154 4124 1506 4195 impietatum
1546 4130 1887 4191 nostrarum,

286 4215 564 4271 Dominus
590 4214 744 4283 justo
774 4230 875 4268 suo
887 4213 1099 4283 judicio
1125 4213 1247 4267 ﬁeri
1279 4214 1615 4285 permiserit,
1638 4213 1800 4268 sicuti
1833 4219 1891 4268 et

1959 1838 2104 1909 tiqui
2160 1839 2337 1894 hostis
2394 1840 2595 1894 facturi
2642 1847 2776 1896 sunt
2813 1857 2947 1913 erga
2976 1839 3299 1910 Ecclesiam,
3330 1842 3558 1914 quando

1961 1944 2084 1982 eam
2120 1943 2220 1999 pro
2246 1929 2363 1983 suis
2395 1928 2808 2000 iniquitatibus,
2829 1930 2935 1985 sibi
2955 1947 2990 1985 a
3005 1932 3245 1987 Domino
3262 1932 3556 2000 traditam,

1963 2017 2143 2088 penis
2174 2021 2230 2071 et
2259 2017 2546 2073 doloribus
2566 2018 3032 2076 circumdabunt?
3050 2021 3339 2093 Siquidem
3358 2036 3471 2077 non
3486 2022 3559 2079 de

1959 2107 2055 2161 illa
2082 2106 2225 2171 dico,
2260 2106 2525 2163 adversus
2551 2124 2718 2179 quam
2758 2114 2929 2178 porta
2958 2112 3137 2177 inferi
3163 2125 3275 2165 non
3299 2112 3563 2179 prmio-

1962 2198 2100 2251 bunt
2127 2196 2339 2258 (Matth.
2384 2203 2516 2265 XVI),
2549 2197 2648 2251 sed
2676 2197 2746 2251 de
2794 2197 2883 2251 his
2909 2197 3006 2268 qui
3032 2204 3368 2253 corruerunt
3398 2199 3557 2255 intus

1960 2284 2179 2339 ferisve.
2198 2284 2279 2338 De
2308 2284 2510 2356 quibus
2528 2286 2772 2340 Joannes
2791 2285 2959 2340 dicit:
2993 2286 3077 2341 Ea:
3102 2288 3254 2341 nobis
3278 2288 3559 2355 exierunt,

1964 2375 2055 2428 sed
2086 2390 2197 2429 non
2226 2376 2461 2442 fuerunt
2502 2390 2566 2428 ea:
2595 2377 2750 2429 nobis
2810 2377 2853 2445 (ι
2881 2377 3042 2430 Joan.
3097 2380 3229 2447 xxx).
3279 2377 3569 2432 Emattam't

1966 2462 2172 2533 inquit,
2202 2479 2377 2517 cornu
2402 2463 2643 2517 hostium
2662 2464 3057 2536 suorum,quia
3072 2481 3202 2519 cum
3243 2465 3570 2521 inﬁrmatur

1965 2551 2211 2605 Ecclesia
2228 2551 2434 2606 Christi
2447 2557 2596 2612 .tunc
2613 2568 2786 2607 cornu
2798 2552 3156 2608 inimicorum
3180 2555 3567 2625 ejus,regnum

1967 2638 2224 2694 videlicet
2251 2641 2335 2695 vel
2364 2642 2634 2712 potentia,
2658 2642 2902 2713 amplius
2921 2649 3118 2697 contra
3136 2660 3262 2697 eam
3286 2645 3568 2700 exaltatur

1972 2735 2029 2783 et
2057 2729 2338 2799 praevalet.
2366 2731 2662 2785 Terribilia
2688 2738 2823 2785 sunt
2849 2730 3009 2786 valde
3043 2746 3166 2803 quae
3196 2733 3564 2803 planguntur,

1972 2818 2195 2888 quando
2226 2818 2414 2873 anima
2442 2820 2501 2873 in
2530 2824 2807 2891 potestate
2839 2819 3087 2875 traditur
3125 2820 3392 2875 hostium.
3430 2821 3567 2885 Qua

1971 2907 2157 2977 longe,
2189 2907 2246 2961 in
2268 2908 2358 2962 die
2382 2908 2683 2974 felicitatis,
2709 2908 2891 2963 noluit
2903 2909 3207 2981 praevidere
3228 2909 3567 2980 futuraque

1974 2996 2348 3051 imminebant
2376 2998 2524 3052 mala
2548 3016 2561 3066 ;
2601 2998 2808 3052 idcirco
2836 2998 3071 3069 impegit
3096 2998 3245 3053 diem
3273 3013 3445 3070 quam
3478 2998 3570 3054 sui

1909 3063 1954 3124 θ
1974 3101 2197 3156 semper
2225 3063 2621 3157 exspectabant
2652 3085 2861 3152 hostes,
2893 3063 3120 3157 quando
3141 3063 3411 3141 Dominus
3442 3085 3574 3141 fecit

1973 3178 2032 3228 et
2057 3173 2357 3245 complevit
2380 3191 2696 3229 sermonem
2724 3191 2910 3241 suum,
2942 3176 3105 3245 juxta
3132 3175 3282 3246 quod
3308 3175 3367 3229 in
3395 3175 3572 3231 sacris

1972 3262 2176 3317 litteris
2206 3262 2531 3334 praedictum
2549 3269 2688 3317 erat.
2712 3264 2873 3319 Unde
2902 3265 3194 3332 Dominus,
3208 3264 3266 3319 in
3285 3270 3424 3337 typo
3438 3280 3571 3337 per-

1973 3350 2133 3404 iturae
2163 3350 2497 3416 Jerusalem,
2545 3349 2737 3404 videns
2777 3350 3025 3405 animam
3053 3350 3377 3421 hujusmodi
3405 3352 3571 3408 malis

1971 3438 2323 3503 circumdari,
2338 3438 2510 3503 ﬂevit,
2532 3438 2750 3492 dicens:
2770 3441 2912 3506 Quia
2931 3442 2984 3493 si
2999 3442 3330 3507 cognovisses
3345 3445 3395 3494 et
3414 3446 3497 3507 tu,
3513 3446 3565 3495 et

1971 3529 2193 3597 quidem
2206 3530 2270 3581 in
2293 3528 2396 3582 hac
2414 3529 2500 3581 die
2516 3535 2757 3595 tumque:
2773 3529 2849 3581 ad
2858 3543 3042 3597 pacem
3066 3530 3187 3593 tibi,
3203 3542 3354 3583 nunc
3371 3532 3562 3584 autem

1970 3618 2289 3671 abscondita
2302 3620 2434 3670 sunt
2454 3618 2524 3670 ab
2538 3618 2710 3670 oculis
2731 3619 2844 3670 tuis
2867 3634 2884 3670 :
2897 3618 3032 3684 quia
3042 3618 3265 3671 venient
3278 3618 3393 3670 dies
3407 3620 3472 3671 in
3494 3623 3562 3683 te,

1970 3711 2019 3760 et
2035 3706 2457 3759 circumdabant
2478 3710 2525 3759 te
2541 3706 2762 3759 inimici
2776 3707 2862 3759 tui
2872 3706 3041 3773 vallo,
3062 3710 3114 3758 et
3127 3706 3561 3760 circumdabunt

1972 3799 2036 3859 te,
2060 3799 2110 3848 ct
2138 3795 2580 3863 coangustabunt
2614 3799 2661 3847 te
2680 3793 3091 3862 undique(Luc.
3111 3791 3245 3860 xIx).
3270 3792 3442 3848 Suam
3473 3808 3565 3847 er-

1967 3899 2040 3953 go
2050 3883 2196 3938 diem
2211 3882 2382 3937 habet
2401 3882 2590 3937 anima
2614 3897 3025 3954 perversaque
3044 3879 3388 3936 transitoriis
3405 3881 3564 3937 leta-

1970 3977 2065 4026 tur
2075 3972 2364 4028 bonis.Cui
2387 3988 2454 4027 ea
2474 3988 2597 4043 qua:
2616 3977 2770 4037 sunt,
2795 3970 2865 4024 ad
2879 3985 3072 4042 pacem
3089 3974 3249 4037 sunt;
3282 3970 3414 4042 quia
3427 3970 3565 4028 dum

1972 4078 2037 4115 ex
2064 4061 2230 4116 rebus
2248 4060 2649 4133 temporalibus
2681 4060 2908 4131 gaudet,
2926 4058 3060 4113 dum
3077 4057 3381 4113 honoribus
3394 4060 3565 4115 extol-

1974 4151 2127 4216 litur,
2154 4152 2288 4204 dum
2309 4151 2366 4204 in
2389 4150 2574 4204 carnis
2597 4150 2880 4220 voluptate
2910 4148 3375 4213 resolvitur,dum
3407 4149 3565 4204 nulla

1975 4246 2220 4294 venturae
2249 4255 2423 4311 perna:
2454 4238 2750 4293 formidine
2772 4242 3038 4303 terretur,
3081 4252 3274 4308 pacem
3306 4238 3477 4293 habet
3503 4237 3566 4294 in

284 4304 615 4398 Jerusalem
629 4303 823 4398 fecisse
843 4302 1132 4374 probatur,
1164 4303 1430 4357 continuo
1459 4303 1734 4374 plangens
1763 4319 1889 4374 pro-
1907 4378 1953 4398 ᾗ
1972 4329 2063 4382 die
2091 4302 2342 4398 sua,q‘um
2380 4343 2549 4397 grave
2578 4324 2959 4381 damnationis
2986 4302 3313 4380 εωξιάδιυω
3334 4327 3566 4383 habebit

287 4394 467 4465 pheta
492 4390 783 4462 subjungit
808 4411 820 4447 :

1034 4512 1163 4554 PHE.

355 4607 505 4663 Fecit
532 4607 802 4662 Dominus
828 4624 946 4675 qua
974 4609 1249 4675 cogitavit,
1278 4609 1562 4675 complevit
1577 4621 1883 4660 sermonem

286 4713 647 4765 suun,quem
666 4702 991 4766 praeceperat
1011 4712 1043 4749 a
1070 4697 1257 4749 diebus
1277 4698 1528 4765 antiquis
1551 4713 1562 4748 :
1592 4695 1882 4760 destruxit,

287 4792 338 4840 et
361 4802 477 4840 non
495 4788 751 4854 pepercit.
776 4791 825 4838 et
843 4788 1137 4852 tati/ieavit
1157 4801 1321 4853 super
1343 4790 1390 4838 te
1415 4787 1889 4849 inimicum,ea~al-

289 4878 433 4929 tavit
459 4890 633 4928 cornu
659 4875 900 4928 hostium
926 4879 1170 4927 tuorum.
1193 4873 1406 4945 Saepius
1426 4889 1561 4942 ergo
1591 4874 1890 4944 Synagoga

286 4961 637 5027 Iudaeorum,
650 4961 947 5015 Dominum
973 4961 1201 5015 irritans
1231 4961 1392 5015 malis
1421 4960 1537 5015 suis
1550 4960 1889 5031 jamdudum

283 5053 499 5122 justam
525 5051 929 5121 promeruisset
958 5067 1200 5122 pmnam,
1218 5050 1324 5104 nisi
1345 5049 1663 5105 Conditoris
1679 5049 1765 5103 sui
1788 5049 1886 5103 bo-

284 5140 462 5201 nitas,
490 5139 585 5193 diu
609 5140 874 5206 tolerans,
896 5139 991 5193 diu
1013 5145 1072 5194 et
1114 5139 1395 5211 patienter
1438 5138 1798 5193 sustinuisset
1816 5138 1887 5192 ad

286 5229 706 5300 pcrnitentiam.
732 5229 840 5283 Sed
868 5229 997 5298 quia
1026 5229 1275 5282 converti
1308 5228 1488 5282 noluit
1519 5233 1645 5298 post
1673 5227 1885 5298 culpas,

288 5335 393 5372 nec
438 5334 660 5371 cessare
688 5334 722 5370 a
757 5317 1009 5389 nequitia
1044 5336 1054 5371 :
1093 5324 1315 5372 tantum
1349 5317 1655 5371 secundum
1689 5316 1891 5370 merita

286 5407 559 5476 sua,quia
575 5406 703 5459 vicit
726 5406 1028 5460 sceleribus
1055 5407 1153 5460 Dei
1176 5407 1528 5478 patientiam,
1555 5405 1888 5475 condignam

287 5494 568 5548 ultionem
616 5494 857 5564 recepit;
900 5494 983 5548 uti
1035 5494 1167 5549 olim
1200 5495 1271 5548 ad
1323 5495 1571 5564 Moysem
1601 5493 1893 5559 Dominus,

289 5582 522 5661 quando
534 5599 638 5655 pro
655 5584 862 5655 populo
873 5583 943 5639 ad
958 5582 1331 5639 idololatriam
1350 5580 1893 5653 converso,rogabat,

1907 4378 1955 4436 D

1973 4416 2030 4470 in
2058 4416 2148 4471 die
2179 4416 2522 4476 aliena,cum
2552 4431 2652 4487 pro
2668 4416 2785 4469 suis
2814 4413 3223 4485 iniquitatibus,
3243 4414 3359 4468 suis
3378 4415 3564 4469 trado-

1969 4513 2065 4560 tur
2100 4506 2451 4571 adversariis,
2483 4492 2578 4575 qui
2608 4505 2725 4559 suis
2762 4519 2887 4557 eam
2917 4502 3346 4557 circumdabunt
3381 4504 3561 4574 penis

1971 4599 2028 4647 et
2074 4593 2441 4661 cruciatibus;
2500 4608 2602 4647 nec
2622 4593 2743 4663 jam
2788 4597 2923 4645 tunc
2945 4590 3163 4660 juvabit
3204 4591 3473 4662 quidquid
3501 4592 3564 4647 in

1968 4683 2266 4755 praeteritis
2281 4681 2492 4753 aliquid
2504 4681 2574 4735 de
2592 4686 2817 4735 terrena
2837 4680 3100 4734 felicitate
3127 4680 3342 4748 habuit,
3358 4680 3456 4735 sed
3483 4681 3564 4736 ibi

1970 4771 2273 4842 aﬂligenda
2300 4779 2385 4825 est
2408 4770 2504 4825 ubi
2530 4770 2670 4841 justi
2699 4769 3039 4823 ltetabuntur
3071 4787 3082 4823 :
3115 4775 3174 4823 et
3201 4778 3403 4825 cuncta
3437 4786 3564 4842 qua

1970 4862 2136 4916 modo
2156 4862 2207 4915 ei
2227 4861 2297 4915 ad
2328 4876 2521 4931 pacem
2544 4865 2695 4923 sunt,
2720 4866 2855 4912 tunc
2884 4858 2944 4913 in
2987 4859 3423 4914 amaritudinem
3441 4865 3564 4916 tor-

1970 4957 2290 5005 mentorum
2316 4955 2607 5003 vertentur
2640 4949 2906 5018 Tuncque
2936 4947 3104 5002 rixari
3122 4964 3312 5003 secum
3333 4948 3566 5021 incipiet

1969 5057 2071 5094 cur
2090 5038 2507 5093 damnationem
2536 5053 2704 5108 quam
2735 5038 2950 5108 patitur
2988 5053 3100 5091 non
3129 5039 3428 5109 expaverit,
3463 5054 3566 5092 cur

1971 5147 2006 5184 a
2058 5128 2458 5200 prospiciendis
2505 5127 2668 5181 malis
2708 5126 3071 5197 sequentibus
3121 5128 3310 5182 oculos
3357 5126 3563 5181 mentis

1972 5219 2254 5273 clauserit.
2286 5217 2444 5272 Unde
2462 5216 2670 5270 dicitur
2698 5216 2749 5270 ei
2781 5234 2793 5269 :
2826 5218 2993 5271 Nunc
3018 5220 3210 5271 autem
3235 5218 3560 5271 abscondita

1971 5317 2103 5366 sunt
2127 5311 2197 5364 ab
2225 5313 2397 5364 oculis
2429 5313 2565 5363 tuis:
2595 5309 2729 5380 quia
2745 5326 2903 5364 mens
2931 5309 3305 5382 voluptatibus
3318 5309 3569 5366 resoluta

1978 5400 2272 5454 abscondit
2290 5400 2390 5454 sibi
2413 5400 2562 5453 mala
2581 5401 2894 5471 sequentia,
2918 5400 3054 5456 dum
3076 5401 3263 5454 videre
3274 5400 3567 5457 futurare-

1979 5490 2146 5561 fugit,
2180 5506 2305 5560 quae
2334 5489 2668 5561 perturbant
2690 5489 3289 5561 prmsentemltetitiam
3318 5509 3329 5543 :
3363 5496 3422 5545 et
3443 5506 3573 5545 cum

1980 5596 2047 5635 ea
2066 5577 2369 5651 prmvidere
2385 5579 2637 5652 negligit,
2659 5579 2791 5634 facit
2812 5579 3084 5635 Dominus
3102 5577 3290 5634 subito
3320 5595 3442 5650 qua:
3468 5579 3568 5634 diu
