3960 6168
545 351 676 409 1135
1296 354 1351 407 S.
1394 351 1769 407 PASCHASII
1811 351 2170 405 RADBERTI
2212 350 2515 403 ABBATIS
2554 349 3044 404 CORBEIENSIS.
3623 355 3745 410 1136

535 468 2133 549 Exspectansdeliberavit,etcompletsermonesquosprae-
2152 478 2200 536 A
2220 474 2432 546 absque
2463 475 2578 529 ulla
2630 474 2841 545 requie,
2896 474 3149 527 nolentes
3206 475 3384 530 luctus
3426 478 3501 531 sui
3559 477 3743 531 sibimet

533 566 702 637 cepit.
735 567 872 621 dum
909 582 977 620 ea
1017 566 1202 619 venire
1220 564 1385 635 jubet
1425 569 1668 629 I400
1697 581 1819 634 quae
1850 564 2121 634 praedixit.
2207 564 2375 617 tinem
2417 563 2722 633 imponere,
2759 578 3049 633 quousque
3060 563 3229 631 judex
3263 564 3439 619 veniat
3462 565 3546 636 qui
3564 566 3742 620 abster-

532 656 835 720 Destruxit,
858 660 917 709 et
936 670 1047 709 non
1074 654 1301 725 partim,
1325 669 1397 706 ne
1416 668 1639 724 semper
1655 653 1915 724 peccandi
1945 653 2109 708 facul-
2203 659 2379 722 geret.
2414 652 2713 721 Absterget
2732 658 2921 706 autem
2953 652 3100 706 Deus
3124 668 3344 706 omnem
3376 654 3646 725 lacrymam
3672 672 3745 708 eo-

524 748 613 798 tas
642 749 903 797 maneat:
939 748 997 796 et
1018 758 1142 811 quae
1170 741 1275 794 sibi
1306 757 1532 812 parcere
1578 740 1823 811 neglexit
1867 740 2119 795 hostibus
2205 757 2350 804 rum,
2384 741 2479 812 qui
2534 740 2757 795 sibimet
2789 757 3017 810 parcere
3067 741 3383 797 noluerunt.
3423 743 3580 798 Erant
3615 744 3738 798 enim

526 832 913 904 decipiendam
944 830 1137 884 tradit.
1172 830 1241 885 Et
1270 830 1374 883 hoc
1420 834 1507 884 est
1545 830 1790 884 exaltare
1815 846 1987 883 cornu
2020 845 2116 883 eo-
2199 830 2343 883 oculi
2373 846 2587 893 eorum,
2620 836 2685 883 ut
2712 830 2770 883 in
2802 830 3014 900 psalmo
3042 831 3283 893 canitur,
3331 848 3540 903 semper
3563 832 3626 886 ad
3650 833 3741 887 Do-

524 938 675 983 rum,
692 925 1024 992 potestatem
1047 919 1127 974 eis
1146 919 1395 973 tribuere
1414 917 1742 972 dominandi
1766 935 1937 989 super
1966 934 2111 982 eam,
2199 918 2434 984 minum,
2450 921 2591 972 sicut
2611 922 2760 972 oculi
2787 922 3009 973 ancilia:
3040 922 3100 973 in
3132 922 3390 974 manibus
3412 923 3624 975 domin:
3648 939 3737 976 sue

434 1056 437 1057 ν
524 1027 648 1082 quia
675 1026 736 1065 se
755 1010 977 1080 dejugo
1004 1008 1359 1064 inimicorum
1390 1008 1572 1063 noluit
1594 1008 1830 1079 eripere.
1855 1007 2008 1063 Unde
2025 1024 2108 1061 se-
2202 1010 2363 1075 (Psal.
2398 1012 2586 1075 cxxu),
2612 1008 2788 1062 donec
2836 1007 2955 1078 ipse
2987 1007 3250 1062 misertus
3276 1008 3601 1079 abstergeret
3619 1026 3647 1062 a
3678 1010 3741 1063 la-

522 1099 717 1171 quitur
750 1117 762 1153 :
2198 1096 2605 1168 crymisoculos
2630 1097 2924 1151 eorum.Et
2942 1096 3066 1150 ideo
3085 1115 3195 1151 non
3219 1098 3581 1153 cessanduma
3598 1098 3737 1164 luctu,

1235 1203 1388 1243 sane.
2197 1203 2489 1258 quousque
2518 1186 2788 1241 Dominus
2811 1185 3099 1257 absterget
3112 1203 3337 1242 omnem
3368 1188 3643 1259 lacrymam
3663 1204 3738 1243 eo-

585 1280 860 1335 Gtamavit
879 1293 972 1331 cor
990 1292 1181 1330 eorum
1199 1278 1273 1330 ad
1285 1279 1585 1331 Dominum
1601 1291 1765 1344 super
1786 1290 1974 1328 muros
1985 1278 2112 1335 ﬁlia
2194 1291 2340 1335 rum.
2361 1276 2456 1346 qui
2475 1275 2542 1329 ad
2561 1292 2688 1330 eum
2709 1275 2877 1329 corde
2900 1274 3326 1346 ingemiscunt.l
3334 1295 3426 1348 pse
3444 1279 3647 1349 quidem
3663 1276 3738 1331 ab-

510 1365 667 1421 Sion.
697 1367 923 1422 Clamor
962 1365 1053 1419 hic
1084 1364 1265 1436 magis
1303 1364 1672 1420 intentionem
1704 1363 1906 1429 cordis,
1936 1380 2107 1435 quam
2191 1368 2404 1435 sterget
2432 1371 2494 1419 ut
2541 1364 2895 1431 misereatur,
2929 1371 2987 1419 et
3014 1381 3122 1419 non
3179 1372 3236 1419 te
3283 1372 3344 1420 tu
3367 1368 3633 1437 justiﬁces.
3659 1374 3737 1421 aut

511 1455 940 1511 exsultationem
962 1454 1112 1508 vocis
1134 1453 1672 1507 insinuat.Clamant
1687 1452 1835 1506 enim
1859 1451 2106 1522 perversi
2190 1459 2414 1525 torpeas
2461 1461 2519 1508 et
2558 1454 2895 1525 requiescas.
2925 1454 2994 1508 Et
3040 1454 3163 1509 ista:
3192 1462 3327 1510 sunt
3357 1472 3492 1510 verae
3535 1456 3729 1527 justitize

511 1544 791 1612 homines,
820 1548 920 1597 aut
959 1542 1267 1597 invisibiles
1294 1541 1507 1595 inimici
1536 1557 1706 1613 super
1736 1557 1926 1595 muros
1978 1539 2104 1594 tiliae
2190 1542 2528 1614 animaeque
2557 1560 2658 1615 per
2686 1543 2833 1598 Sans
2869 1543 3116 1598 litteram
3155 1544 3552 1614 signiﬁcantur.
3586 1546 3733 1613 Neque

510 1632 664 1695 Sion,
689 1632 893 1687 animae
923 1631 1179 1685 videlicet
1197 1630 1284 1684 vel
1314 1629 1589 1695 Ecclesiae,
1608 1646 1735 1684 cum
1766 1634 2103 1700 potestatem
2189 1636 2361 1686 taceat
2383 1635 2604 1701 pupilla
2635 1636 2785 1686 oculi
2816 1636 2903 1686 tui
2927 1650 2938 1684 ;
2972 1649 3085 1686 non
3114 1634 3266 1703 quod
3298 1634 3499 1705 pupilla
3517 1633 3644 1688 oculi
3673 1633 3732 1686 lo-

506 1738 618 1793 qua
645 1720 1010 1776 dominantur
1039 1719 1121 1774 eis
1142 1736 1258 1774 suae
1277 1718 1568 1773 ascribunt
1596 1718 1857 1789 potentiae
1885 1734 1998 1772 non
2016 1719 2104 1787 ju-
2128 1792 2133 1793 γ
2186 1719 2283 1789 qui
2301 1719 2522 1785 debeat,
2539 1721 2637 1775 sed
2660 1721 2791 1792 quia
2810 1720 2931 1792 ipsa
2952 1737 3079 1775 cum
3100 1721 3730 1793 compungitur,exdivina

503 1792 649 1867 dicio
678 1809 1061 1881 permissionis
1089 1808 1308 1864 divinae.
1336 1808 1584 1872 Quorum
1608 1807 1955 1878 blasphemia
1968 1807 2101 1877 quia
2122 1792 2167 1852 Β
2185 1807 2947 1880 inspiratione,magisquam
2968 1792 3255 1881 loquentis
3273 1792 3727 1882 verba,inpetrandi

499 1905 694 1955 contra
723 1901 900 1954 Deum
931 1899 1157 1963 clamat,
1177 1898 1454 1968 condigna
1467 1913 1579 1951 non
1600 1897 1831 1967 effugiet
1846 1902 2096 1951 tormen-
2182 1897 2440 1953 eﬂ'ectum
2468 1898 2691 1953 habeat.
2735 1900 2877 1953 Hinc
2906 1915 3130 1970 quoque
3162 1900 3339 1955 David
3391 1900 3446 1955 in
3486 1900 3688 1955 Psalmis
3715 1917 3725 1952 :

496 1993 583 2057 ta;
616 2004 748 2043 nam
777 1988 922 2043 sicut
944 2003 1139 2043 murus
1166 1987 1412 2058 protegit
1443 1992 1501 2040 et
1523 1986 1792 2051 defendit,
1808 1985 1889 2040 ita
1918 1991 1976 2039 et
2003 2002 2098 2056 po-
2180 1987 2501 2053 Defecerunt
2541 1990 2690 2042 oculi
2738 1991 2849 2042 mei
2874 1990 2938 2042 in
2969 1992 3251 2057 eloquium
3294 1994 3451 2043 tuum
3489 1992 3688 2043 dicentes
3714 2007 3723 2038 :

495 2076 674 2132 tentia
700 2076 888 2131 divina
910 2093 1049 2147 quos
1075 2076 1360 2130 munierit.
1386 2075 1496 2130 Sed
1526 2091 1654 2129 cum
1679 2090 1845 2129 suum
1875 2073 2093 2129 subtra-
2179 2076 2409 2142 Quando
2426 2078 2791 2130 consolaberis
2812 2093 2897 2130 me
2929 2079 3089 2141 (Psat.
3111 2086 3325 2144 cxvm),
3354 2095 3417 2132 ac
3445 2077 3488 2132 si
3509 2077 3686 2131 diceret
3710 2095 3720 2129 :

492 2166 640 2221 xerit
666 2165 956 2225 auxilium.
979 2165 1169 2219 hostes
1197 2180 1366 2235 super
1396 2180 1587 2218 muros
1615 2179 1810 2217 eorum
1841 2179 1980 2233 quos
2008 2163 2096 2217 di-
2176 2162 2437 2217 Dicentes
2465 2165 2689 2234 quando
2710 2164 3087 2219 consolaberis
3116 2182 3227 2231 me,
3262 2172 3324 2220 ut
3342 2166 3608 2236 abstergas
3621 2181 3723 2220 ocu-

492 2255 712 2326 ripiunt
732 2254 976 2308 clamare
996 2253 1261 2307 dicuntur
1287 2258 1485 2307 contra
1511 2251 1832 2317 Dominum,
1856 2268 1985 2305 cum
2012 2256 2095 2305 to-
2175 2251 2258 2305 los
2288 2268 2323 2305 a
2351 2252 2635 2324 lacrymis,
2659 2252 2919 2308 libertate
2947 2254 3196 2325 perfecta
3225 2255 3440 2310 reddita
3469 2274 3481 2309 :
3512 2254 3627 2325 quia
3645 2253 3722 2307 im-

493 2349 617 2399 tum
645 2343 752 2398 sibi
771 2342 1308 2413 ascribunt,suaaque
1338 2340 1601 2412 potentiae
1632 2341 1907 2405 tribuunt,
1927 2340 2091 2412 quid-
2176 2341 2600 2411 praesentiarum
2619 2342 2776 2396 nulla
2794 2348 2881 2397 est
2895 2359 2931 2397 a
2950 2343 3194 2398 miseriis
3221 2344 3499 2401 relevatio.
3529 2360 3586 2398 eo
3607 2341 3721 2413 quod

494 2433 629 2505 quid
658 2437 855 2488 contra
883 2448 978 2487 eos
1006 2437 1242 2502 possunt
1260 2448 1272 2483 :
1290 2431 1381 2485 cui
1402 2430 1557 2501 prius
1579 2429 1680 2484 Dei
1695 2428 2094 2484 muniebantur
2178 2430 2414 2484 necdum
2436 2431 2699 2502 completi
2721 2438 2855 2486 sunt
2870 2432 2989 2487 dies
3008 2433 3569 2506 luctus,quousquetu
3584 2432 3719 2486 ﬁnem

491 2523 720 2588 auxilio,
769 2523 929 2593 quasi
982 2538 1077 2576 eos
1135 2520 1451 2592 nequiverit
1487 2518 1746 2581 liberare,
1781 2519 2092 2590 praesertim
2178 2518 2340 2573 malis
2373 2519 2648 2590 imponas,
2682 2527 2747 2575 ut
2798 2527 3027 2576 maneat
3066 2522 3545 2594 perseverantibus
3570 2522 3719 2575 futura

495 2629 625 2667 cum
654 2628 767 2667 non
806 2611 878 2665 de
906 2609 1289 2665 imbecillitate
1308 2608 1552 2676 virtutis,
1584 2608 1680 2663 sed
1704 2607 1773 2662 de
1802 2608 2015 2662 ultione
2035 2614 2093 2661 et
2173 2608 2499 2663 consolatio.
2535 2610 2605 2663 Et
2632 2610 2964 2670 notandum.
2996 2611 3043 2664 si
3076 2628 3192 2666 non
3220 2613 3333 2666 alia
3361 2612 3434 2666 sit
3450 2610 3634 2681 pupilla
3650 2607 3715 2661 in-

490 2701 688 2774 judicii
716 2701 982 2773 aequitate
1018 2700 1189 2754 venit.
1221 2698 1527 2770 Propterea
1556 2702 1614 2751 et
1642 2697 1912 2768 propheta
1944 2697 2093 2751 inter
2172 2696 2350 2749 terius
2379 2696 2437 2750 in
2465 2713 2531 2751 eo
2560 2698 2741 2762 oculo,
2767 2698 2837 2751 de
2868 2714 2978 2769 quo
3022 2698 3300 2753 Dominus
3328 2700 3383 2753 in
3409 2696 3627 2754 Canticis
3650 2695 3713 2748 lo-

493 2797 698 2846 cmtera
727 2789 1056 2862 plorationis
1084 2805 1199 2844 sua:
1242 2788 1508 2848 lamenta,
1541 2786 1712 2840 etiam
1745 2786 1851 2839 ista
1883 2786 2091 2839 deﬂere
2175 2784 2402 2853 quitur:
2430 2786 2740 2839 Vulnerasti
2768 2803 2861 2839 cor
2884 2803 3087 2852 meum,
3109 2804 3271 2841 soror
3292 2804 3427 2851 mea,
3449 2784 3709 2841 vulnerasti

490 2895 603 2933 non
634 2878 864 2932 omittit.
888 2875 1275 2930 Etnotandum
1300 2874 1445 2944 quod
1461 2874 1576 2927 haec
1604 2873 1853 2927 clausula
1878 2888 2086 2935 versus,
2172 2888 2265 2925 cor
2295 2889 2483 2927 meum
2514 2876 2579 2928 in
2603 2890 2715 2928 uno
2738 2878 3025 2928 oculorum
3046 2882 3279 2930 tuorum
3314 2877 3482 2939 (Cant.
3511 2870 3710 2936 iV).Quia

488 2966 669 3036 magis
699 2967 821 3035 lege
871 2964 1037 3019 metri
1075 2964 1145 3017 ad
1178 2963 1471 3033 superiora
1500 2978 1667 3033 quam
1698 2962 1768 3014 ad
1798 2962 2091 3033 sequentia
2170 2976 2378 3032 sponsa
2393 2962 2599 3016 Christi
2612 2979 2738 3017 cum
2752 2964 2826 3017 sit
2839 2964 3194 3035 plenaoculis
3218 2970 3414 3019 anteet
3430 2970 3566 3017 retro
3582 2959 3713 3015 habet

486 3054 734 3124 respicit.
762 3053 870 3117 Qui
892 3052 1113 3123 quoties
1126 3068 1237 3105 uno
1267 3057 1557 3121 nequeunt
1581 3067 1743 3104 versu
1764 3050 1849 3104 vel
1869 3050 2088 3106 duobus
2169 3042 2589 3116 tamen'unum,
2625 3052 2682 3105 in
2714 3068 2825 3122 quo
2855 3069 3077 3123 semper
3102 3053 3313 3108 clarior
3337 3054 3478 3124 viget
3509 3051 3709 3106 obtutus.

484 3142 706 3212 explere
735 3156 961 3195 sensum
993 3145 1374 3210 transponunt
1403 3138 1735 3192 necessitate
1757 3140 1992 3210 poetica,
2028 3145 2086 3194 et
2109 3138 2346 3211 cCujus
2398 3139 2667 3194 nimirum
2699 3140 2912 3211 pupilla
2946 3156 3241 3211 nunquam
3278 3150 3459 3197 tacens
3484 3140 3608 3203 silet,
3635 3133 3707 3190 sed

480 3230 541 3285 iu
571 3229 805 3284 alterius
835 3228 1018 3284 medio
1047 3234 1147 3283 aut
1177 3226 1468 3298 principio.
1504 3243 1729 3281 sensum
1754 3235 2085 3299 conceptum
2168 3227 2345 3281 stillat
2368 3244 2608 3298 semper,
2633 3236 2698 3283 ut
2724 3229 2857 3282 alibi
2889 3229 3114 3299 legitur,
3163 3232 3232 3285 ad
3266 3231 3545 3286 Dominum
3576 3246 3587 3280 :
3613 3240 3707 3295 qua

482 3319 784 3391 explicant,
803 3324 861 3373 et
889 3317 1019 3372 hinc
1039 3324 1126 3372 est
1145 3316 1295 3388 quod
1314 3316 1387 3371 ad
1409 3316 1591 3387 ipsam
1622 3317 1932 3372 Jerusalem
1955 3335 2082 3372 mox
2166 3331 2294 3370 cum
2320 3317 2721 3388 compungitur
2738 3318 2909 3384 intus,
2925 3319 3173 3374 exterius
3187 3320 3579 3391 tunclacrymas
3598 3316 3705 3369 bene

482 3424 667 3463 sermo
698 3407 957 3462 vertitur:
981 3408 1159 3462 Deduc
1175 3408 1337 3476 quasi
1367 3410 1664 3460 torrentem
1695 3407 1973 3474 lacrymas
1982 3423 2084 3476 per
2165 3406 2443 3475 producit,
2477 3406 2742 3477 quoniam
2769 3410 3028 3477 ﬂuminis
3056 3412 3295 3479 impetus
3315 3411 3534 3476 lati/teat
3554 3407 3702 3460 civita-

480 3497 629 3551 diem
658 3502 707 3551 et
737 3501 966 3561 noctem,
1013 3511 1125 3549 non
1161 3496 1251 3549 des
1288 3496 1535 3564 requiem
1570 3496 1690 3557 tibi,
1715 3511 1888 3564 neque
1909 3500 2083 3550 taceat
2170 3498 2277 3547 tem
2312 3497 2429 3560 Dei,
2461 3501 2511 3548 et
2547 3498 2858 3563 sanctiﬁcat
2879 3499 3303 3553 tabernaculum
3338 3514 3492 3553 suum
3520 3494 3697 3551 Altissi-

476 3587 699 3655 pupilla
717 3588 866 3639 acuti
885 3587 991 3639 tui.
1009 3584 1200 3639 Multis
1222 3583 1497 3654 prOpheta
1521 3583 1880 3639 miseriarum
1903 3586 2086 3656 exple-
2169 3582 2889 3657 mus(Psat.XLv).Alioquin
2914 3584 3025 3640 ista
3045 3586 3419 3651 exterior,etsi
3438 3585 3625 3639 videtur
3640 3580 3698 3634 la-

481 3675 556 3730 tis
575 3674 836 3729 lamentis
856 3678 914 3728 et
933 3672 1282 3728 enumeratis
1296 3688 1423 3743 quae
1441 3671 1763 3727 acciderant
1774 3674 2084 3737 malis,ver-
2165 3686 2388 3742 crymas
2420 3679 2611 3727 coacte
2639 3674 2966 3744 producere,
2998 3675 3129 3729 silet
3158 3692 3253 3731 eas
3275 3675 3480 3730 steriles
3504 3679 3554 3727 et
3571 3666 3693 3741 quasi

480 3764 554 3819 tit
581 3781 641 3819 se
665 3765 736 3819 ad
757 3764 959 3835 ipsam,
984 3768 1042 3817 et
1070 3762 1329 3817 hortatur
1348 3762 1509 3833 quasi
1536 3767 1844 3817 torrentem
1872 3762 1943 3817 ad
1962 3763 2077 3834 pla-
2160 3767 2351 3815 mutus
2373 3777 2667 3832 generare.
2690 3762 2849 3817 Unde
2878 3780 3101 3835 semper
3144 3765 3241 3819 ille
3284 3771 3365 3821 est
3393 3762 3563 3819 oculus
3587 3773 3690 3830 pur-

478 3853 718 3909 candum
734 3853 910 3908 Deum
924 3868 1024 3923 pro
1040 3852 1156 3907 suis
1187 3850 1465 3905 erratibus
1484 3850 1758 3905 deducere
1777 3852 2071 3922 lacrymas.
2156 3850 2397 3920 gandus,
2439 3851 2539 3905 illa
2580 3858 2820 3917 [40¢
2849 3852 2971 3923 ejus
2998 3853 3215 3924 pupilla
3243 3850 3570 3925 requirenda,
3594 3860 3686 3917 qua

481 3943 627 4008 Quia
646 3941 985 3998 torrentium
1012 3957 1209 3996 cursus
1236 3957 1347 3995 non
1377 3956 1599 4011 semper
1627 3956 1741 3995 uno
1768 3941 2077 4011 eodemque
2162 3945 2226 3993 ut
2258 3944 2481 3993 torrens
2531 3940 2602 3995 de
2630 3939 2917 3996 montibus
2947 3947 3004 3996 et
3039 3942 3335 3998 altioribus
3358 3943 3525 3997 ﬂuunt
3544 3936 3683 3992 locis:

481 4033 696 4103 impetu
720 4031 863 4095 ﬂuit,
895 4030 991 4085 sed
1015 4032 1171 4100 justa
1189 4029 1337 4100 quod
1358 4028 1651 4083 inundatio
1678 4029 1991 4100 pluviarum
2006 4031 2076 4085 de
2160 4026 2241 4081 ita
2287 4027 2358 4082 de
2386 4029 2644 4099 supernis
2687 4029 2966 4084 inebriata
3001 4030 3299 4096 imbribus,
3330 4030 3525 4086 nesciat
3540 4026 3681 4086 silere,

482 4120 620 4173 caelo
645 4119 863 4173 venerit
894 4138 906 4172 :
932 4119 1011 4173 ita
1039 4125 1097 4173 et
1123 4119 1384 4190 lacrymaa
1413 4134 1525 4172 non
1547 4117 1655 4172 nisi
1683 4134 1749 4171 ex
1778 4118 1969 4173 divina
1986 4119 2075 4173 in-
2159 4116 2372 4171 nesciat
2400 4117 2750 4189 requiescere
2780 4135 2961 4189 neque
2991 4119 3256 4176 deorsum
3294 4119 3573 4177 intendere,
3611 4108 3682 4165 sed

482 4206 786 4279 spiratione
824 4214 883 4262 et
910 4207 1336 4278 compunctione
1355 4206 1538 4261 cordis
1562 4212 1937 4277 generantur;
1963 4224 2076 4263 non
2155 4205 2370 4275 jugiter
2423 4206 2493 4261 ad
2542 4208 2718 4262 Deum
2748 4207 3027 4262 indefessa
3055 4208 3319 4263 clamare.
3368 4206 3466 4263 Sed
3493 4203 3617 4275 quia.
3636 4200 3681 4251 ut

483 4295 629 4367 quod
659 4300 832 4350 tantm
862 4312 985 4350 esse
1013 4295 1246 4366 possint,
1273 4302 1337 4350 ut
1354 4302 1597 4359 torrens,
1631 4296 1760 4351 licet
1786 4313 1888 4368 per
1909 4314 2077 4369 exag—
2160 4293 2296 4358 dixi,
2327 4312 2492 4350 nemo
2536 4296 2632 4367 qui
2657 4312 2880 4367 semper
2916 4312 3031 4351 uno
3060 4297 3274 4369 impetu
3302 4302 3461 4368 queat
3479 4292 3677 4348 afﬂuere,

477 4384 829 4457 gerationem
859 4384 1044 4439 dicere
1074 4383 1350 4446 videatur,
1401 4384 1495 4438 sed
1541 4390 1608 4439 ut
1636 4401 1860 4457 semper
1879 4393 2076 4458 parata
2158 4384 2283 4439 ideo
2312 4386 2648 4457 temperavit
2672 4386 2929 4458 egregius
2958 4387 3334 4459 lacrymarum
3361 4387 3547 4444 doctor,
3565 4370 3677 4433 atad

477 4475 554 4531 sit
579 4490 755 4542 mens,
780 4480 838 4529 et
864 4474 1012 4529 oculi
1042 4473 1114 4527 ad
1141 4472 1468 4527 effusionem
1490 4472 1886 4545 lacrymnrum,
1913 4477 2076 4546 juxta
2092 4475 2140 4535 D
2159 4492 2285 4529 eum
2316 4475 2494 4530 stillet
2521 4476 2768 4547 ﬂagrans
2812 4492 2877 4529 ex
2902 4475 3183 4531 desiderio
3212 4470 3672 4548 impraesentiarum.
3818 4464 3821 4549 ς

477 4564 718 4636 gratiam
740 4564 941 4620 divine
969 4561 1373 4635 inspirationis.
1407 4561 1477 4616 Et
1494 4561 1612 4617 haec
1632 4579 1747 4617 una
1760 4565 2073 4621 exhortatio
2157 4564 2215 4618 in
2246 4565 2410 4635 cujus
2439 4581 2550 4619 non
2597 4565 2745 4620 valet
2772 4564 3180 4622 irreverberata
3219 4566 3333 4621 acie
3359 4565 3487 4619 ﬁxus
3506 4566 3673 4630 permi‘
3816 4578 3817 4613 ι

478 4658 566 4707 est
592 4652 867 4719 omnibus,
901 4651 1285 4707 indesinenter
1326 4650 1461 4705 ﬂere
1508 4650 1565 4705 in
1598 4652 1879 4723 prosperis
1926 4663 1983 4709 et
2010 4654 2070 4710 in
2154 4669 2287 4709 nere
2313 4652 2561 4710 obtutus.
2589 4654 2843 4726 Hincque
2870 4654 3162 4726 sequitur:

474 4741 741 4806 adversis,
792 4759 894 4797 nec
939 4744 1113 4798 ullam
1182 4740 1432 4812 requiem
1487 4741 1754 4797 adhibere
1819 4748 1857 4808 ι
1893 4749 2052 4810 ιθι

471 4828 736 4885 ﬂetibus:
768 4847 882 4885 non
935 4831 1085 4901 quod
1132 4831 1281 4886 ullus
1326 4831 1646 4886 mortalium
1695 4848 1919 4902 semper
1943 4832 2064 4888 sine

471 4919 784 4976 cessatione
823 4919 879 4973 id
932 4920 1112 4973 valeat
1149 4919 1427 4985 exhibere,
1482 4920 1579 4975 sed
1625 4926 1688 4975 ut
1725 4936 1888 4975 nemo
1928 4921 2062 4977 dum
2218 4921 2695 4989 ConsurgeJauda
2724 4926 2787 4976 in
2808 4929 2958 4978 nocte
2988 4925 3051 4979 in
3076 4923 3350 4994 principio
3369 4917 3658 4987 vigiliarum.

467 5010 621 5069 vivit.
655 5007 762 5063 sibi
790 5013 985 5079 parcat
1006 5013 1071 5062 ut
1106 5013 1347 5079 torpeat,
1397 5008 1557 5079 quasi
1599 5010 1718 5079 jam
1759 5010 2062 5064 securitate
2144 5010 2374 5077 E/I‘unde
2403 5014 2542 5064 sicut
2575 5028 2782 5081 aquam
2810 5028 2901 5067 cor
2928 5017 3089 5068 tuum
3117 5020 3242 5068 ante
3265 5011 3565 5078 conspectum
3584 5000 3657 5052 00-

467 5104 714 5171 accepta,
743 5098 842 5152 sed
873 5097 993 5151 sine
1042 5097 1253 5167 requie,
1303 5095 1513 5168 absque
1562 5099 1680 5152 ulla
1721 5098 2058 5153 determina-
2142 5102 2310 5153 mini.
2326 5100 2629 5171 Consurgit
2655 5100 2713 5154 in
2746 5102 3027 5173 nocte.qui
3047 5102 3117 5158 de
3144 5099 3479 5157 tribulatione
3506 5089 3655 5173 velan-

462 5189 637 5255 tione,
691 5187 890 5242 saltem
932 5186 987 5240 in
1033 5192 1222 5240 mente
1247 5186 1636 5257 paenitentiam
1664 5194 1850 5257 gerat,
1879 5187 2056 5242 donec
2136 5187 2323 5258 gustia
2364 5189 2653 5258 praesentis
2683 5189 2804 5244 vitae
2841 5171 3210 5263 spellevatus,
3232 5198 3487 5259 torporem
3512 5171 3651 5263 πιδείξ-

460 5278 529 5332 ad
558 5278 709 5331 illam
742 5290 928 5331 veram
959 5275 1211 5346 requiem
1247 5276 1581 5347 quandoque
1612 5275 1766 5330 ﬁnito
1797 5277 1948 5331 luctu
1973 5294 2057 5332 se-
2135 5276 2454 5347 gentiarum
2498 5277 2705 5333 excutit
2729 5295 2762 5333 a
2783 5260 2954 5343 se,‘et
2982 5280 3287 5335 indefessus
3313 5282 3485 5331 contra
3502 5260 3648 5322 omni“

458 5382 626 5421 curus
656 5365 963 5436 perveniat.
994 5363 1154 5418 Unde
1198 5379 1364 5433 quam
1414 5364 1554 5419 bene
1603 5365 1659 5419 in
1717 5367 2051 5438 Apocalypsi
2135 5365 2241 5419 sibi
2271 5366 2642 5434 adversantia,
2675 5369 2834 5439 quasi
2886 5368 3045 5424 miles
3065 5369 3333 5425 accinctus
3358 5363 3417 5418 ad
3446 5352 3645 5431 praelium

455 5453 661 5509 dicitur
691 5470 703 5507 ε
735 5456 1008 5523 Absterget
1037 5454 1180 5508 Deus
1202 5468 1418 5505 0man
1448 5455 1757 5521 lacrymam
1787 5457 1856 5508 ab
1876 5460 2048 5510 oculis
2131 5456 2572 5526 pugnat,deinde
2588 5463 2788 5511 cuncta
2805 5456 3377 5528 qumacciderintdura
3398 5457 3448 5504 et
3470 5452 3639 5528 aspere:

452 5559 643 5600 eorum
673 5542 1030 5613 (Αροοριχι).
1074 5543 1153 5597 Ac
1189 5541 1236 5596 si
1279 5540 1532 5596 diceret:
1576 5542 1664 5598 Illi
1709 5544 1844 5599 dum
1872 5543 2039 5613 irent,
2128 5561 2350 5615 semper
2370 5545 2545 5600 Deum
2572 5527 2949 5603 laudat.Unde
2969 5553 3179 5604 monet:
3205 5527 3639 5615 Consurgectlavda

449 5639 647 5692 euntes
675 5638 733 5690 et
754 5636 1031 5689 mittentes
1058 5635 1272 5689 semina
1290 5647 1394 5688 sua
1427 5632 1596 5702 (Psal.
1621 5634 1802 5703 cxxv),
1830 5631 2042 5690 ﬂebant
2123 5638 2188 5689 in
2214 5613 2495 5704 principio
2511 5637 2846 5704 vigiliarum
2864 5635 3258 5702 tuarum.Quia
3284 5626 3440 5687 hostis
3456 5613 3636 5679 ωηίάυε

2860 4811 3003 4855 COPH
3010 4839 3023 4852 .
