3960 6168
379 246 513 306 H37

1040 245 1422 304 EXPOSITIO
1461 250 1540 306 IN
1578 250 2185 310 LAMENTATIONES
2223 251 2569 309 JEREMIE.
2602 280 2677 331 λ-
2717 251 2851 311 LIB.
2896 254 2969 310 Ιῐ.

3506 252 3642 313 H38

360 373 581 445 quoties
600 373 1059 445 ﬂagellaingerit,
1083 373 1260 428 Deum
1283 390 1408 429 mox
1424 373 1813 448 blasphemare
1832 394 1954 450 per—
1970 380 2022 441 Α
2037 379 2407 452 compitorum
2443 379 2502 449 (Α
2514 394 2643 433 mos.
2676 379 2815 448 vm).
2841 378 3105 451 Alioquin
3134 379 3241 434 nisi
3271 379 3330 435 in
3358 380 3462 435 viis
3491 384 3548 435 et
3575 379 3635 434 in

360 463 578 518 suadet.
612 463 772 528 Quod
807 462 950 520 bene
979 462 1082 517 Job
1120 462 1455 534 intelligens,
1493 466 1716 537 quando
1753 466 1957 521 mulier

357 551 409 606 ei
438 552 716 623 persuasit
744 572 755 606 :
787 554 1011 606 Benedic
1038 554 1277 621 Deum'et
1299 570 1508 608 morere
1529 556 1662 620 (Job.
1687 570 1725 608 II
1755 600 1765 619 ,
1794 556 1952 627 quasi

355 655 474 694 una
497 641 568 694 de
612 639 1022 712 insipientibus.
1055 640 1359 711 respondit,
1410 648 1467 696 et
1492 642 1713 697 seniora
1742 644 1956 699 consilii

354 728 528 784 verba
554 746 664 784 non
694 730 905 784 tacuit:
929 731 1217 794 Dominus,
1248 730 1450 801 inquit,
1484 734 1650 798 dedit,
1690 734 1956 788 Dominus

346 819 580 872 abstulit
613 822 789 873 :sicut
821 820 1052 873 Domino
1079 820 1313 886 placuit,
1357 825 1437 872 ita
1463 820 1677 887 factum
1712 828 1788 875 cst
1824 841 1835 875 :
1881 827 1954 879 sit

354 922 558 961 nomen
593 909 818 962 Domini
854 909 1195 962 benedictum
1228 911 1343 976 (Job
1374 913 1432 972 ι).
1484 909 1551 963 Et
1586 910 1691 964 hoc
1724 916 1811 965 est
1836 912 1954 967 lau-

349 995 489 1051 dare
519 997 693 1050 Deum
725 996 782 1050 in
813 996 1084 1068 principio
1106 996 1440 1067 vigiliarum.
1462 998 1652 1053 omnia
1683 1016 1806 1070 quae
1831 1002 1951 1071 agi-

343 1101 477 1139 mus
502 1091 601 1140 aut
616 1086 877 1156 patimur.
904 1085 975 1139 ad
996 1085 1231 1156 gloriam
1250 1092 1306 1139 et.
1328 1086 1549 1141 laudem
1569 1089 1811 1143 nominis
1829 1091 1951 1160 ejus

339 1172 575 1238 referre,
609 1190 681 1228 ne
705 1174 761 1228 in
791 1174 1065 1246 principio
1086 1180 1375 1246 torpentes
1404 1177 1589 1247 operis
1620 1194 1817 1232 somno
1847 1195 1947 1250 op-

344 1263 663 1336 primamur
691 1263 1053 1333 deceptionis.
1092 1265 1167 1317 De
1197 1281 1306 1335 quo
1336 1266 1637 1336 Apostolus
1672 1285 1683 1319 :
1721 1268 1942 1334 Omnia,

338 1352 547 1423 inquit,
580 1355 642 1406 in
662 1356 904 1420 gloriam
936 1355 1031 1407 Dei
1049 1354 1213 1421 facite
1236 1356 1289 1422 (Ι
1303 1354 1423 1409 Cor.
1448 1363 1523 1415 x).
1545 1355 1613 1409 Et
1633 1362 1696 1410 ut
1725 1358 1944 1428 explere

338 1441 621 1514 possimus
639 1457 762 1513 quae
772 1441 936 1512 jubet
953 1441 1148 1496 doctor
1164 1442 1440 1513 egregius,
1458 1444 1591 1516 quia
1605 1450 1739 1499 sunt
1753 1463 1806 1499 in
1815 1447 1943 1503 ultae

335 1530 627 1602 vigiliae,in
648 1529 851 1602 quibus
878 1530 1028 1585 Deus
1056 1531 1370 1586 laudandus
1397 1541 1500 1597 est,
1536 1533 1780 1588 maxime
1808 1535 1943 1607 vigi-

334 1620 546 1674 liarum
574 1619 633 1674 in
663 1619 938 1691 principio
968 1620 1408 1690 praecavendum,
1441 1638 1512 1676 ne
1536 1622 1679 1677 forte
1706 1640 1846 1695 opus
1874 1642 1941 1680 ex

335 1708 504 1764 initio
556 1708 886 1763 intentionis
932 1709 1378 1765 condemnetur?
1422 1715 1478 1765 et
1513 1727 1640 1767 cum
1679 1711 1821 1767 bene
1865 1714 1935 1769 ad
1962 1695 2004 1754 Β

330 1798 560 1854 laudem
576 1797 857 1852 Creatoris
869 1814 1008 1869 opus
1023 1798 1305 1870 incipitur,
1322 1804 1538 1854 restant
1551 1801 1799 1873 reliquae,
1820 1804 1939 1874 qui-

330 1887 441 1944 bus
470 1887 539 1942 ad
561 1888 731 1942 tinem
756 1887 814 1942 in
841 1888 1079 1959 gloriam
1105 1888 1283 1960 ipsius
1313 1888 1452 1944 bene
1490 1898 1930 1948 consummetur.

329 1978 584 2044 E/I‘unde,
619 1976 824 2048 inquit,
845 1981 987 2030 sicut
1015 1994 1222 2047 aquam
1252 1994 1343 2032 cor
1374 1985 1552 2033 tuum.
1580 1980 1679 2035 Ille
1699 1997 1833 2052 ergo
1862 1982 1935 2036 ef-

329 2063 522 2119 fundit
538 2065 685 2120 sicut
722 2083 927 2137 aquam
955 2083 1051 2121 cor
1079 2084 1242 2122 suum
1273 2073 1403 2122 ante
1440 2075 1799 2141 conspectum
1830 2072 1935 2126 Do-

331 2151 494 2208 mini.
519 2154 615 2225 qui
648 2171 713 2209 ex
737 2154 935 2209 intimo
964 2156 1165 2210 affectu
1184 2157 1367 2211 cordis
1387 2158 1643 2228 producit
1656 2159 1932 2232 lacrymas

327 2243 797 2313 compunctionis,
822 2245 955 2315 quia
983 2247 1327 2316 sacriﬁcium
1350 2248 1451 2300 Deo
1479 2250 1712 2315 spiritus
1727 2252 1931 2303 contri-

329 2332 570 2397 butatus,
589 2350 682 2386 cor
707 2337 1009 2387 contritum
1032 2339 1082 2388 et
1101 2335 1467 2389 humiliatum
1489 2336 1630 2390 Deus
1659 2353 1769 2391 non
1785 2354 1931 2407 sper-

329 2422 596 2486 nit(Psat.
620 2426 696 2486 L).
719 2421 826 2476 Sed
854 2439 979 2477 cum
1003 2429 1195 2477 tantus
1220 2423 1595 2495 lacrymarum
1621 2424 1802 2480 imber
1816 2443 1928 2481 non

325 2508 572 2567 aﬂ'uerit.
595 2527 951 2582 nequaquam
974 2528 1099 2566 mox
1116 2512 1550 2584 desperandum.
1580 2514 1738 2568 Unde
1754 2515 1924 2570 David

325 2614 395 2652 ex
427 2614 666 2669 persona
694 2599 1015 2671 pcenitentis
1036 2618 1047 2653 :
1086 2608 1118 2666 |
1135 2606 1326 2666 403
1346 2602 1485 2669 Quia
1503 2609 1814 2671 persecutus
1830 2610 1922 2673 est,

324 2684 531 2757 inquit,
552 2689 817 2742 inimicus
845 2692 1098 2743 animam
1120 2706 1319 2752 meam,
1339 2690 1661 2744 humiliarit
1690 2694 1753 2745 in
1774 2697 1926 2746 terra

324 2778 499 2829 vitam
532 2792 710 2830 meam
734 2778 900 2843 (Psat.
926 2783 1091 2844 cxu),
1109 2779 1190 2832 vel
1211 2784 1412 2833 caetera
1431 2795 1554 2850 qua:
1574 2786 1919 2851 sequuntur;

323 2871 382 2919 et
414 2866 580 2936 paulo
605 2872 730 2937 post
759 2884 771 2919 :
806 2868 1064 2937 Expandi
1095 2884 1299 2922 manus
1340 2886 1485 2924 meas
1515 2871 1591 2923 ad
1620 2875 1684 2935 te,
1727 2873 1923 2925 anima

324 2970 446 3006 mea
475 2960 617 3009 sicut
645 2960 795 3009 terra
824 2960 942 3010 sine
967 2973 1113 3026 aqua
1145 2948 1273 3011 tibi;
1302 2958 1565 3012 Animam
1598 2976 1730 3030 ergo
1757 2977 1921 3015 aren-

2035 469 2216 540 capite
2238 468 2607 537 compitorum
2637 467 2899 531 exissent,
2934 485 3045 523 non
3076 469 3221 524 fame
3249 468 3334 523 vel
3363 468 3456 524 siti
3480 467 3632 524 labo-

2037 564 2272 610 rassent.
2292 555 2606 615 Revocandi
2630 561 2763 610 sunt
2789 572 2921 625 ergo
2942 556 3011 610 de
3030 556 3208 610 triviis
3230 561 3287 610 et
3315 558 3631 628 platearum

2037 633 2294 707 exitibus,
2329 661 2396 699 ex
2421 645 2603 715 capite
2633 644 2884 698 omnium
2915 645 3307 717 compitorum,
3342 646 3411 699 ad
3441 644 3634 699 convi-

2037 734 2185 787 vium
2220 735 2288 788 ad
2326 734 2618 805 prandium
2663 733 2881 787 Domini
2914 735 3131 803 (Matth.
3178 736 3337 803 xxn),
3383 750 3456 789 ne
3488 732 3634 788 fame

2038 839 2216 894 usque
2246 823 2314 876 ad
2346 824 2515 877 tinem
2546 822 2937 894 periclitentur
2955 822 3173 878 inediae;
3204 824 3478 878 Levandaa
3501 826 3636 877 sunt

2035 929 2255 975 manus,
2291 917 2354 966 ut
2382 912 2636 965 vincatur
2663 912 2950 973 Amalech,
2986 928 3056 966 ne
3088 912 3302 982 parvuli
3333 917 3632 966 conteran-

2036 1006 2153 1057 tur.
2194 1000 2353 1055 Unde
2392 1001 2684 1071 propheta,
2715 1017 2785 1054 ne
2832 999 2974 1054 forte
3010 1000 3145 1054 dum
3179 1000 3303 1054 aliis
3341 1000 3629 1071 praedicat,

2031 1089 2153 1161 ipse
2184 1090 2455 1161 reprobus
2494 1090 2810 1143 inveniatur
2850 1090 2900 1150 (I
2921 1089 3042 1143 Cor.
3074 1092 3169 1157 ιν),
3201 1095 3497 1160 postquam
3525 1087 3635 1141 mi-

2033 1196 2218 1233 seram
2259 1178 2543 1233 civitatem
2592 1177 2920 1241 Jerusalem,
2952 1177 3269 1255 vel'potius
3309 1176 3633 1241 Ecclesiam,

2032 1275 2131 1322 aut
2159 1268 2408 1323 animam
2432 1266 2875 1337 uniuscujusque
2901 1265 2971 1319 ad
2996 1266 3338 1336 paenitentiae
3358 1271 3412 1319 et
3435 1264 3639 1319 oratio-

2026 1357 2114 1411 nis
2142 1358 2416 1429 lacrymas
2445 1360 2791 1427 provocarat,
2824 1370 2950 1408 mox
2979 1355 3049 1408 ad
3076 1354 3260 1424 ipsum
3290 1354 3614 1419 Dominum,

2025 1445 2072 1500 si
2090 1462 2199 1517 quo
2220 1446 2384 1501 modo
2408 1462 2535 1500 eum
2557 1462 2591 1500 a
2610 1444 2850 1500 vindicta
2872 1444 3165 1515 culparum
3189 1447 3429 1510 revocet,
3454 1440 3621 1497 verba

2024 1535 2446 1608 supplicationis
2476 1535 2768 1601 convertit,
2810 1533 3003 1589 dicens
3038 1548 3050 1585 :

2628 1683 2872 1745 I404
2897 1694 3015 1732 RES-

2103 1804 2243 1870 Vide,
2258 1804 2508 1871 Domine,
2521 1808 2570 1856 et
2584 1805 2866 1857 considera
2889 1819 3050 1872 quem
3073 1804 3501 1858 vindemiast
3514 1804 3615 1857 ita.

2019 1892 2217 1946 Nescio
2254 1892 2302 1946 si
2353 1892 2502 1947 ullus
2552 1907 2701 1945 nunc
2756 1892 3027 1963 temporis
3058 1897 3229 1963 queat
3262 1890 3618 1946 considerare

2017 1986 2261 2035 mentem
2288 1980 2594 2052 prophetae,
2629 1996 2751 2051 qua:
2778 1985 3006 2051 propter
3033 1980 3451 2034 multitudinem
3480 1980 3615 2034 cha-

2014 2070 2198 2124 ritatis
2212 2070 2283 2123 ad
2299 2069 2519 2123 diversa
2541 2068 2757 2140 rapitur
2780 2089 2792 2123 :
2816 2085 2965 2123 nunc
2979 2085 3114 2140 ergo
3132 2068 3317 2140 gentis
3333 2084 3446 2122 sum
3467 2068 3617 2122 mala

2014 2158 2208 2213 dolens
2238 2158 2490 2230 replicat,
2518 2173 2666 2211 nunc
2685 2162 2910 2228 peccata
2938 2157 3112 2228 luget,
3146 2173 3294 2211 nunc
3317 2155 3464 2211 bona
3490 2173 3614 2228 qua;

2013 2247 2213 2302 habuit
2243 2247 2398 2318 prius
2429 2246 2757 2317 ingeminat,
2779 2252 2837 2301 et
2864 2245 3050 2300 omnia
3073 2244 3463 2301 desiderabilia
3490 2246 3612 2315 ejus

2014 2352 2137 2407 quae
2166 2336 2428 2408 perdidit,
2455 2336 2596 2389 ﬂens
2626 2340 3046 2401 commemorat,
3072 2351 3222 2390 nunc
3244 2335 3421 2389 Deum
3444 2334 3614 2390 offen-

2011 2442 2135 2479 sum
2169 2425 2343 2493 dolet,
2361 2441 2463 2479 nec
2483 2430 2673 2480 tamen
2695 2441 2795 2497 pro
2815 2425 2895 2479 eis
2923 2424 2995 2479 ad
3014 2441 3141 2480 eum
3165 2440 3357 2496 preces
3376 2423 3611 2478 fundere

2009 2520 2208 2569 cessat.
2241 2515 2544 2586 Propterea
2566 2520 2624 2569 ct
2647 2530 2797 2569 nunc
2819 2513 2899 2568 ait
2923 2532 2934 2567 :
2977 2515 3117 2577 Vide,
3148 2514 3394 2577 Domine,
3419 2518 3466 2566 et
3488 2527 3611 2567 con-

2006 2606 2209 2658 sidera.
2243 2604 2430 2674 Rogat
2465 2620 2598 2673 ergo
2629 2603 2817 2658 videre
2851 2602 2947 2673 qui
2976 2606 3177 2656 cuncta
3212 2600 3498 2671 conspicit,
3553 2606 3611 2655 et

2005 2707 2136 2746 eum
2168 2692 2322 2746 nulla
2352 2692 2529 2746 latent
2556 2692 2738 2757 (Hebr.
2765 2693 2832 2756 ιν)
2865 2708 2876 2743 :
2909 2706 3021 2744 non
3052 2689 3201 2761 quod
3228 2688 3448 2759 ignoret
3475 2689 3610 2759 quia

2004 2780 2173 2845 videt,
2198 2781 2295 2835 sed
2324 2786 2389 2835 ut
2416 2780 2770 2851 implorando
2797 2796 2924 2833 eum
2950 2778 3021 2833 ad
3048 2777 3487 2832 misericordiam
3513 2778 3608 2831 ﬂe-

2005 2874 2137 2924 ctat.
2173 2870 2342 2924 Novit
2389 2869 2563 2941 igitur
2591 2885 2718 2923 eum
2769 2869 3102 2923 clementem
3134 2870 3358 2932 natura,
3393 2868 3452 2920 et
3478 2865 3603 2920 ideo

2004 2959 2359 3013 considerare
2415 2958 2595 3030 poscit
2622 2957 2770 3011 mala
2822 2957 3006 3027 gentis
3043 2973 3157 3011 suae
3212 2971 3338 3026 quae
3374 2954 3599 3023 tolerat,

318 3046 461 3108 tem,
490 3042 635 3098 sicut
662 3050 872 3098 terram
895 3044 1015 3099 sine
1035 3062 1198 3116 aqua,
1221 3046 1444 3117 penitus
1472 3064 1660 3102 coram
1691 3049 1919 3103 Domino
1938 3050 1979 3109 C
2002 3050 2426 3101 vindemiaveris
2458 3050 2558 3113 ita,
2581 3063 2647 3100 ac
2670 3046 2717 3100 si
2739 3045 2922 3100 dicat:
2949 3045 3092 3109 Quia
3114 3044 3260 3098 sicut
3284 3043 3441 3098 nulla
3462 3059 3602 3115 gens

318 3130 604 3200 expandit,
625 3137 689 3185 ut
716 3131 830 3185 suis
860 3132 1058 3202 irriget
1078 3133 1368 3202 imbribus.
1390 3135 1485 3206 qui
1508 3135 1650 3190 sicca
1682 3136 1750 3190 de
1780 3154 1919 3209 rupe

317 3232 498 3289 aquas
525 3235 750 3274 manare
774 3222 946 3290 jussit
981 3222 1331 3289 (Eccamxvm.
1354 3225 1429 3277 At
1458 3241 1585 3279 vero
1606 3242 1702 3279 cor
1730 3226 1916 3280 altiori

312 3308 504 3378 gratia
516 3309 800 3379 perfusum
819 3311 965 3365 sicut
979 3328 1126 3382 aqua
1145 3312 1471 3379 elfunditur,
1496 3314 1720 3383 quando
1743 3315 1915 3385 lique-

314 3396 548 3463 factum,
572 3414 685 3468 prae
705 3415 897 3453 amore
918 3400 1018 3454 Dei
1044 3405 1100 3454 et
1128 3400 1384 3471 proximi,
1417 3404 1575 3472 quasi
1602 3402 1809 3472 glacies
1847 3419 1913 3458 ex

314 3485 502 3540 calore
525 3487 833 3542 resolvitur.
871 3489 937 3543 Et
969 3489 1095 3543 hinc
1126 3495 1212 3544 est
1240 3491 1387 3561 quod
1409 3490 1698 3561 subjungit
1729 3511 1741 3545 :
1783 3493 1911 3547 Lera

311 3576 389 3627 ad
414 3588 543 3628 eum
571 3592 773 3630 manus
804 3582 925 3630 tuas
952 3594 1052 3647 pro
1080 3580 1376 3632 animabus
1398 3583 1769 3647 parvulorum
1797 3585 1911 3633 tuo-

310 3667 573 3733 rum,qui
584 3666 893 3732 defecerunt
917 3668 977 3720 in
1002 3669 1148 3734 fame
1174 3672 1222 3719 ct
1240 3670 1354 3732 siti,
1384 3670 1447 3720 in.
1466 3670 1640 3736 capite
1656 3671 1909 3723 omnium

308 3756 676 3821 compitorum
711 3754 886 3820 (Cant.
915 3756 984 3824 v).
1010 3756 1182 3809 Levat
1211 3772 1347 3826 ergo
1376 3772 1474 3827 pro
1496 3756 1583 3809 his
1614 3772 1812 3811 manus
1837 3757 1908 3812 ad

306 3840 614 3912 Deum,qui
627 3858 798 3913 opera
810 3843 1199 3899 misericordiae
1211 3862 1310 3915 pro
1321 3844 1628 3898 humilibus
1642 3850 1699 3899 et
1709 3861 1907 3916 parvu-

303 3929 378 3983 lis
395 3930 600 3985 Christi
623 3931 907 3999 membris,
930 3932 1075 3987 fame
1099 3939 1156 3987 et
1173 3934 1267 3987 siti
1294 3950 1695 4005 usquequaque
1716 3935 1774 3988 in
1794 3941 1903 3989 ter-

301 4018 461 4072 renis
490 4019 890 4085 laborantibus,
915 4038 1107 4075 curam
1138 4021 1383 4088 adhibet,
1418 4039 1482 4076 ex
1513 4023 1732 4076 sincera
1759 4023 1903 4077 dile-

299 4106 493 4161 ctione
517 4108 774 4178 proximi.
812 4110 879 4164 Et
907 4110 1023 4165 hmo
1064 4116 1149 4165 est
1178 4111 1423 4182 perfecta
1467 4111 1731 4178 charitas,
1760 4117 1825 4167 ut
1850 4118 1907 4168 et

299 4212 405 4251 cor
436 4198 596 4268 quasi
624 4214 772 4269 aqua
814 4199 1082 4253 fundatur
1120 4199 1188 4253 ad
1221 4200 1397 4254 Deum
1445 4217 1509 4254 ex
1540 4217 1733 4256 amore
1763 4218 1904 4256 verae

297 4286 642 4349 dilectionis,
675 4294 732 4341 et
760 4304 959 4342 manus
1001 4289 1254 4342 leventur
1300 4289 1565 4360 proximo,
1626 4306 1738 4343 una
1774 4307 1901 4345 cum

296 4376 499 4446 Moyse
543 4376 773 4447 parvulo
791 4376 1062 4443 Ecclesiae,
1084 4377 1167 4430 vel
1194 4377 1395 4431 animae
1418 4379 1603 4449 exigui
1626 4380 1903 4451 cogitatus

299 4465 602 4519 vincantur
620 4465 691 4518 ab
715 4464 984 4520 hostibus.
1010 4467 1088 4520 Ex
1112 4483 1221 4538 quo
1242 4468 1337 4522 illa
1357 4467 1413 4521 in
1445 4468 1709 4526 Canticis.
1739 4485 1772 4523 a
1793 4486 1905 4540 qua

297 4570 544 4626 sponsus
557 4554 931 4609 declinaverat
946 4561 1114 4626 atque
1134 4556 1459 4611 transierat:
1476 4558 1791 4626 Liquefacta
1807 4564 1898 4624 est,

294 4643 506 4714 inquit,
537 4646 735 4698 anima
766 4660 902 4710 mea,
937 4650 995 4698 ut
1036 4649 1248 4699 locutus
1283 4651 1376 4700 est.
1431 4648 1683 4715 Quaesivi,
1711 4652 1760 4701 et
1790 4663 1900 4702 non

296 4735 497 4786 inveni
512 4735 705 4797 illum;
729 4736 931 4798 vocavi,
953 4739 1001 4787 et
1014 4751 1122 4787 non
1141 4736 1419 4803 respondit
1435 4736 1595 4788 mihi.
1613 4736 1736 4790 Non
1751 4735 1899 4790 enim

295 4837 397 4876 cor
422 4827 522 4876 aut
539 4822 730 4876 anima
758 4821 1071 4894 liquefacta,
1107 4828 1254 4876 recte
1286 4829 1347 4877 ut
1366 4840 1513 4894 aqua
1542 4825 1838 4879 resolvitur
1866 4842 1900 4879 a

292 4911 508 4981 frigore
538 4910 902 4976 inﬁdelitatis,
928 4910 1033 4965 nisi
1057 4928 1119 4965 ex
1137 4912 1320 4967 calore
1347 4912 1547 4967 divina:
1576 4913 1897 4985 inspiratio-

291 5000 409 5055 nis.
443 5000 512 5054 Et
535 4999 660 5054 ideo
707 5016 928 5071 semper
953 5000 1226 5054 orandum
1258 5006 1321 5055 ut
1348 5007 1545 5073 surgat
1569 5003 1776 5074 aquilo,
1810 5020 1897 5057 ve-

291 5089 418 5145 niat
445 5096 655 5155 auster,
674 5089 852 5143 ﬂuant
876 5095 1133 5143 aromata
1170 5089 1323 5144 illius
1354 5105 1370 5141 z‘
1390 5091 1523 5162 quia
1549 5098 1684 5146 tunc
1713 5094 1898 5147 ﬂuunt

290 5174 554 5232 aromata
573 5176 888 5233 orationum
922 5176 1094 5243 intus,
1118 5194 1241 5231 cum
1272 5195 1428 5233 mens
1455 5180 1641 5235 divino
1671 5181 1898 5235 amatur

289 5264 515 5337 spiritu.
563 5265 671 5321 Sed
706 5282 777 5321 ne
806 5266 927 5320 sola
954 5265 1054 5320 Dei
1084 5265 1306 5321 dilectio
1358 5268 1613 5322 sufﬁcere
1644 5269 1898 5324 videatur

290 5354 414 5409 sine
453 5354 750 5409 dilectione
779 5353 1014 5425 proximi
1048 5356 1199 5425 (Luc.
1245 5359 1393 5423 xvm)
1428 5374 1440 5409 :
1486 5356 1732 5413 levandae
1764 5364 1899 5413 sunt

291 5460 521 5512 manus,
559 5449 626 5497 ut
652 5442 782 5509 dixi,
815 5449 872 5496 et
898 5458 1035 5496 cura
1053 5443 1429 5514 impendenda
1443 5460 1544 5516 pro
1559 5444 1822 5515 parvulis,
1842 5451 1899 5498 et

288 5532 376 5588 his
406 5532 506 5605 qui
542 5531 691 5586 fame
719 5530 869 5586 verbi
918 5531 1308 5604 periclitantur
1337 5532 1394 5587 in
1428 5532 1610 5607 capite
1645 5534 1897 5589 omnium

2001 3141 2105 3201 est,
2126 3136 2216 3191 cui
2247 3141 2405 3191 tanta
2434 3133 2738 3189 contuleris
2759 3133 3046 3199 beneﬁcia,
3067 3132 3145 3187 sic
3162 3132 3318 3186 nulla
3342 3130 3513 3202 justis
3534 3148 3601 3185 ex

1998 3225 2202 3291 causis,
2233 3225 2324 3279 cui
2351 3231 2512 3279 tanta
2540 3224 2790 3294 irrogata
2819 3223 2935 3277 sint
2964 3221 3238 3294 supplicia
3269 3238 3280 3274 :
3330 3220 3464 3292 quia
3497 3228 3599 3292 pro

1997 3313 2117 3367 uvis
2145 3316 2274 3381 fecit
2314 3317 2616 3369 labruscas.
2651 3320 2708 3368 et
2754 3329 2854 3383 pro
2892 3312 3077 3367 fructu
3127 3310 3317 3382 spinas
3358 3311 3488 3377 (lsa.
3519 3314 3594 3379 v).

1995 3402 2119 3456 Non
2152 3402 2301 3456 enim
2328 3418 2495 3473 quem
2515 3399 3221 3457 vindemiaveritDominus
3250 3400 3347 3463 ita,
3364 3399 3475 3453 nisi
3503 3400 3598 3471 qui

1995 3490 2114 3560 ejus
2145 3490 2442 3545 imitantur
2461 3491 2734 3562 exempla.
2753 3492 2801 3544 A
2824 3489 3023 3561 quibus
3045 3488 3277 3542 abstulit
3301 3488 3489 3542 omnia
3514 3487 3595 3542 le-

1991 3579 2078 3650 gis
2097 3584 2153 3633 et
2176 3578 2660 3645 caeremoniarum,
2676 3595 2799 3649 quae
2819 3578 3100 3648 leguntur,
3124 3580 3474 3640 ornamenta,
3490 3591 3592 3631 sua

1992 3668 2373 3739 responsionis
2401 3667 2647 3720 oracula.
2686 3667 2786 3720 Vel
2830 3666 2959 3737 quid
2992 3664 3212 3734 longius
3259 3678 3587 3734 prosequar,

1990 3772 2117 3811 cum
2149 3772 2278 3810 eum
2326 3755 2689 3827 peremerint.
2721 3754 2816 3826 qui
2863 3753 2942 3807 eis
2973 3757 3173 3806 cuncta
3203 3750 3543 3821 praestiterat
3564 3750 3590 3804 ?

1989 3844 2317 3900 Amiserunt
2338 3843 2528 3899 omnia
2544 3843 2780 3898 interius
2808 3846 2865 3896 et
2889 3840 3152 3904 exterius,
3177 3839 3416 3893 caelestis
3438 3839 3582 3906 vitaz,

1989 3940 2047 3989 et
2074 3940 2426 3988 terrenarum
2457 3949 2646 3987 rerum
2670 3930 2815 3986 bona
2839 3929 3134 4003 praesentia
3156 3933 3211 3982 et
3230 3928 3421 3982 futura
3451 3944 3462 3979 :
3488 3930 3585 3999 qui

1988 4022 2057 4076 de
2088 4029 2242 4077 tanto
2272 4038 2462 4077 amore
2509 4022 2611 4076 Dei
2655 4021 2888 4075 mercati
2937 4025 3071 4074 sunt
3099 4019 3387 4082 offensam,
3422 4022 3478 4070 et
3514 4018 3584 4071 de

1987 4116 2145 4166 tanta
2162 4112 2343 4182 gloria
2369 4110 2656 4165 dedecoris
2676 4108 3061 4181 ignominiam.
3093 4108 3162 4162 Et
3184 4108 3309 4160 ideo
3334 4105 3584 4161 conside-

1984 4217 2111 4255 rare
2140 4206 2301 4271 rogat
2328 4201 2526 4263 Deum,
2560 4215 2672 4253 non
2710 4204 2775 4253 ut
2812 4198 2994 4253 acrius
3048 4197 3345 4260 excruciet,
3378 4195 3476 4250 sed
3518 4200 3585 4250 ut

1987 4289 2119 4360 quia
2164 4290 2343 4344 iratus
2391 4293 2492 4353 est,
2530 4287 2971 4343 misericordiam
3002 4286 3288 4356 recogitet.
3331 4285 3474 4353 Ergo
3517 4301 3583 4339 ne

1984 4378 2264 4432 comedent
2292 4379 2553 4431 mulieres
2572 4379 2823 4445 fructum
2854 4393 3040 4442 suum,
3067 4391 3132 4429 ac
3160 4374 3399 4429 sidicat:
3430 4373 3582 4437 Quo-

1985 4467 2151 4521 modo
2180 4467 2299 4522 ista:
2330 4466 2561 4532 faciunt,
2586 4466 2733 4538 quod
2756 4472 2812 4521 et
2838 4466 2896 4520 in
2926 4466 3143 4536 Regum
3172 4463 3454 4517 volumine
3485 4480 3581 4517 eas

1985 4556 2181 4609 fecisse
2200 4555 2457 4626 legimus,
2482 4562 2539 4609 et
2562 4556 2664 4611 sub
2678 4556 2804 4611 Tito
2829 4554 3095 4609 accidisse
3110 4552 3383 4624 Josephus
3400 4558 3579 4607 testa-

1983 4652 2097 4699 tur:
2112 4649 2371 4713 parvulos
2392 4646 2467 4699 ad
2488 4661 2829 4711 mensuram,
2844 4649 2918 4710 et,
2936 4649 2997 4697 ut
3013 4642 3109 4697 alii
3122 4642 3339 4696 codices
3361 4658 3580 4713 expres-

1982 4732 2100 4787 sius
2122 4732 2348 4799 habent,
2373 4734 2447 4787 ad
2464 4737 2665 4802 palma
2690 4730 3185 4795 mensuram.Quid
3206 4730 3382 4801 igitur
3402 4729 3578 4785 incre-

1981 4820 2151 4876 dibile
2187 4821 2335 4892 quod
2365 4838 2460 4876 eos
2497 4820 2566 4875 ad
2606 4821 2805 4892 palma;
2844 4835 3166 4874 mensuram
3207 4818 3573 4884 comederint,

1979 4908 2128 4964 inter
2166 4926 2305 4982 quas
2360 4915 2519 4964 tanta
2571 4914 2692 4964 erat
2738 4909 2917 4964 victus
2947 4908 3201 4980 penuria,
3234 4912 3299 4962 ut
3356 4908 3426 4962 ad
3473 4908 3576 4963 hoc

1979 4999 2282 5069 necessitas
2300 5005 2357 5053 et
2369 4998 2646 5068 angustia,
2671 5002 2744 5061 et,
2763 5002 2828 5053 ut
2848 4997 3046 5068 magis,
3062 4998 3265 5055 dicam,
3289 4996 3576 5051 dementia

1980 5104 2074 5142 eos
2099 5087 2431 5159 compulerit
2456 5087 2479 5141 7
2510 5087 2573 5142 Si
2600 5090 2871 5142 occiditur
2895 5091 2959 5142 in
2999 5088 3322 5142 sanctuario
3347 5086 3575 5138 Domini

1977 5178 2224 5230 sacerdos
2248 5181 2294 5230 et
2311 5178 2590 5246 propheta.
2606 5176 2714 5231 Ubi
2738 5176 3071 5241 ostenditur,
3101 5174 3232 5247 quia
3256 5172 3394 5227 illud
3415 5170 3572 5243 prius

1977 5265 2301 5338 polluerunt
2312 5264 2585 5334 sanguine
2597 5265 3013 5337 prOphetarum,
3023 5261 3244 5335 quando
3261 5260 3387 5314 illos
3398 5258 3570 5314 etiam

1978 5355 2127 5408 inter
2153 5354 2424 5424 templum
2456 5352 2783 5409 occidebant
2824 5360 2882 5408 et
2907 5354 3103 5415 altare,
3137 5354 3193 5404 et
3244 5347 3572 5420 lapidabant

1979 5444 2073 5514 qui
2103 5442 2172 5496 ad
2207 5458 2303 5495 eos
2331 5440 2485 5494 missi
2516 5448 2680 5496 erant
2695 5443 2916 5510 (Matth.
2947 5450 3025 5509 Il).
3053 5438 3264 5493 Idcirco
3286 5438 3444 5508 justo
3477 5437 3569 5491 Dei

1973 5531 2183 5602 judicio
2203 5530 2272 5585 de
2291 5530 2728 5603 reciprocatione
2748 5529 2973 5601 dignam
2988 5526 3195 5582 ibidem
3213 5536 3569 5582 messuerunt
