3960 6168
322 236 475 349 1439

324 506 516 565 minus
542 504 801 563 Ecclesiae
830 506 1035 562 Christi
1060 522 1227 577 quam
1259 510 1316 560 et
1334 506 1535 561 animae
1565 507 1879 579 pavendum
1906 526 1917 560 :

320 594 764 668 _quia.quidquid
797 596 907 651 illis
945 595 1147 650 accidit
1183 593 1254 648 ad
1284 594 1553 658 litteram.
1586 595 1746 651 nobis
1785 614 1924 669 quo-

331 684 437 740 ties
474 691 714 751 [405
730 684 931 738 divinis
961 683 1265 754 mancipati
1292 683 1489 738 ofﬁciis
1509 684 1646 739 talia
1673 686 1925 740 commit-

332 773 525 840 timus,
562 774 757 829 eadem
786 772 844 826 in
871 772 999 827 sinu
1041 772 1372 827 remetietur
1398 774 1626 839 offensa,
1660 779 1717 828 et
1743 774 1926 829 omnis

330 862 527 933 religio
558 866 752 917 nostra
778 861 1125 932 profanatur.
1166 861 1430 916 Mulieres
1469 880 1692 935 quoque
1728 863 1928 919 anima:

333 950 587 1007 videlicet
612 950 1079 1019 delinquentium,
1106 950 1176 1004 ad
1210 967 1528 1006 mensuram
1557 953 1756 1022 palmae
1787 952 1929 1007 ﬁlios

330 1039 476 1094 uteri
504 1038 591 1095 sui
620 1039 914 1094 comedent
943 1058 955 1093 :
990 1040 1256 1112 quoniam
1287 1040 1557 1112 quidquid
1588 1058 1652 1095 ex
1682 1058 1741 1095 se
1770 1042 1931 1095 vitio-

332 1143 461 1182 rum
483 1134 821 1198 genuerunt,
852 1128 926 1183 ad
957 1145 1278 1184 mensuram
1294 1146 1529 1201 operum
1546 1146 1773 1185 suorum
1796 1131 1933 1185 reci-

332 1216 517 1289 piunt,
546 1217 775 1289 suisque
803 1215 1208 1272 saturabuntur
1234 1216 1589 1272 miseriarum
1621 1217 1921 1275 fructibus.

333 1305 494 1375 Unde
530 1306 711 1377 magis
759 1306 1070 1376 lugendum
1117 1321 1316 1361 censeo
1354 1323 1455 1378 pro
1504 1305 1709 1362 talibus
1753 1323 1925 1380 quam

335 1392 728 1451 exsultandum
750 1411 761 1446 :
788 1409 859 1450 ne
886 1392 1030 1448 forte
1047 1393 1179 1465 quia
1196 1394 1433 1449 exaltavi
1461 1411 1639 1467 usque
1660 1395 1730 1450 ad
1759 1396 1928 1450 caelos

334 1498 437 1553 pro
452 1481 725 1552 religione
744 1481 1084 1549 extollimur,
1110 1482 1258 1553 apud
1285 1483 1666 1555 aequissimum
1682 1484 1928 1556 judicem

334 1587 436 1643 pro
452 1570 762 1625 innumeris
782 1570 952 1624 etiam
968 1570 1318 1641 gravioribus
1340 1573 1518 1645 culpis
1538 1572 1782 1629 atrocius
1795 1590 1929 1628 con-

337 1658 695 1719 demnemur.
735 1659 1004 1731 Sequitur
1032 1679 1045 1714 :

1086 1854 1191 1892 ειη.

409 2019 715 2072 Iacuerunt
730 2019 793 2071 in
814 2020 966 2071 terra
980 2016 1123 2084 foris
1134 2032 1274 2086 puer
1289 2023 1338 2071 et
1352 2034 1535 2086 senex,
1550 2022 1794 2088 virgines
1814 2036 1937 2075 mea:

338 2110 388 2173 et
422 2108 663 2176 juvenes
697 2107 808 2158 mei
841 2106 1154 2160 ceciderunt
1195 2108 1257 2161 in
1296 2109 1500 2176 gladio.
1548 2108 1752 2163 Omnia
1789 2109 1938 2163 mala

338 2210 535 2251 eorum
565 2193 726 2265 quasi
757 2210 861 2249 sua
888 2194 1103 2267 plangit
1128 2196 1406 2268 propheta
1446 2216 1457 2249 :
1502 2196 1635 2266 quia
1663 2197 1936 2252 charitate

336 2282 617 2359 perfusus,
650 2282 806 2339 novit
834 2283 1091 2354 deripere
1117 2284 1387 2356 quidquid
1418 2284 1475 2340 in
1506 2285 1772 2340 membris
1802 2286 1935 2340 mali

339 2370 623 2439 acciderit.
653 2372 742 2426 Sic
770 2378 827 2426 et
862 2372 1042 2427 ﬁdelis
1074 2372 1306 2446 quisque
1335 2380 1400 2429 ut
1427 2374 1722 2429 dilectione
1746 2374 1845 2429 Dei
1884 2380 1941 2428 et

332 2459 579 2533 proximi
608 2459 897 2526 induatur,
922 2459 1089 2516 debet
1107 2462 1177 2516 ad
1197 2462 1382 2517 omnia
1416 2480 1477 2535 se
1505 2463 1822 2527 extendere,
1848 2479 1941 2517 no-

338 2552 571 2620 straque
600 2549 921 2605 communia
950 2550 1097 2606 mala
1125 2551 1281 2623 quasi
1313 2551 1536 2624 propria
1567 2554 1721 2607 ﬂere.
1754 2553 1943 2607 Inten-

341 2637 427 2719 dit
444 2645 515 2717 ’ut
546 2639 750 2707 videat,
779 2638 826 2694 si
856 2639 952 2711 qui
983 2656 1049 2695 ex
1081 2639 1259 2708 nobis,
1281 2643 1376 2712 qui
1399 2641 1655 2696 videmur
1679 2640 1941 2719 Ecclesiae

324 2714 622 2797 ,membra,
670 2729 863 2803 quales
906 2736 963 2785 et
1004 2731 1200 2802 quanti
1239 2732 1465 2801 jaceant
1491 2730 1550 2785 in
1588 2736 1758 2796 terra,
1807 2714 1942 2784 foris

342 2823 556 2882 scilicet
582 2819 822 2881 terrenis
864 2820 1117 2892 occupati
1154 2820 1394 2890 negotiis
1428 2838 1438 2872 :
1474 2820 1615 2888 Quia
1643 2835 1799 2873 nemo
1828 2820 1937 2871 mi-

334 2918 518 2985 litans
580 2913 706 2976 Deo,
768 2910 1020 2979 implicat
1065 2925 1122 2963 se
1176 2911 1404 2976 negotiis
1450 2910 1804 2985 saecularibus
1857 2908 1940 2975 (Il

351 3006 499 3077 Tim.
536 3002 620 3070 Il).
651 2997 810 3053 Foris
839 2997 1065 3068 quidem
1097 2998 1306 3066 jacent,
1340 2995 1435 3067 qui
1460 2984 1667 3049 exeunt
1693 3012 1724 3048 a
1759 2994 1937 3060 nobis,

345 3096 405 3146 et
447 3105 561 3147 non
604 3090 939 3160 permanent
971 3086 1031 3139 in
1075 3085 1205 3139 ﬁdei
1256 3083 1560 3156 operibus:
1613 3084 1710 3138 sed
1753 3084 1943 3155 plures

345 3177 508 3250 quasi
548 3176 702 3229 intus
749 3178 899 3239 sunt,
953 3175 1050 3244 qui
1099 3173 1266 3227 etiam
1314 3189 1442 3227 cum
1482 3178 1938 3243 corrumpuntur,

347 3265 497 3338 apud
520 3263 771 3319 divinum
801 3261 1074 3317 arbitrum
1103 3261 1307 3334 perditi
1335 3267 1754 3333 computantur.
1784 3261 1942 3316 Unde

347 3371 508 3428 puer,
533 3353 667 3426 quia
685 3352 837 3423 jacet
863 3351 923 3407 in
957 3355 1110 3407 terra
1147 3351 1352 3406 virtute
1390 3367 1606 3415 senum,
1640 3366 1752 3404 non
1778 3349 1942 3405 robo-

334 3449 510 3503 ratur
535 3461 547 3498 :
582 3447 640 3503 et
665 3458 834 3497 senex
855 3457 998 3512 puer
1025 3446 1247 3496 centum
1269 3456 1575 3505 annorum,
1595 3439 1943 3494 maledictio-

349 3532 517 3589 nibus
540 3532 814 3587 multatur
844 3534 969 3599 Usa.
1003 3530 1133 3599 va)
1165 3547 1179 3583 :
1221 3528 1464 3600 virgines
1492 3534 1550 3582 et
1573 3529 1814 3599 juvenes
1842 3529 1946 3583 ﬂo-

349 3621 489 3695 ridae
499 3619 695 3677 aetatis.
710 3618 897 3691 gladio
912 3618 1359 3673 adversariorum
1377 3618 1635 3672 inanimo
1648 3616 1943 3681 feriuntur;

236 3740 245 3753 ι
351 3714 410 3768 et
437 3710 587 3783 quod
616 3714 702 3764 est
725 3708 951 3778 gravius
981 3725 992 3762 :
1028 3709 1376 3775 lnter/ecisti,
1410 3706 1508 3772 ait,
1544 3709 1609 3761 in
1628 3708 1715 3760 die
1735 3707 1949 3774 furoris

356 3804 459 3856 tui.
489 3799 633 3865 Quia
661 3798 813 3854 aliud
856 3802 943 3852 est
986 3797 1303 3853 interficere
1343 3802 1499 3852 vetus
1539 3795 1709 3850 homo
1758 3798 1949 3849 noster

353 3894 419 3961 ut
444 3893 689 3955 corruat,
728 3892 786 3943 et
816 3892 1077 3958 resurgat
1121 3902 1314 3949 novus,
1350 3885 1503 3940 aliud
1533 3885 1591 3939 in
1620 3883 1710 3939 die
1740 3883 1947 3938 furoris

353 3980 441 4035 sui
470 3983 761 4052 percutere
790 3983 847 4033 et
888 3977 1161 4041 occidere,
1210 3975 1306 4047 qui
1340 3974 1670 4030 videbantur
1698 3980 1849 4028 stare
1886 3979 1950 4028 ut

353 4074 607 4142 pereant,
638 4084 741 4122 nec
769 4066 1038 4122 misereri.
1062 4065 1222 4121 Unde
1251 4064 1504 4136 nascitur
1532 4065 1698 4117 ﬂetus
1724 4062 1951 4117 irreme-

355 4156 574 4213 diabilis
605 4174 617 4208 :
659 4156 790 4227 quin
812 4156 1158 4227 planguntur
1187 4153 1244 4208 hi
1275 4153 1371 4225 qui
1399 4153 1757 4217 nesciuntur;
1786 4152 1948 4223 plan-

354 4249 570 4315 guntur
581 4260 645 4296 eo
665 4243 815 4314 quod
842 4243 1029 4313 gladio
1049 4242 1254 4297 furoris
1272 4242 1372 4297 Dei
1386 4242 1504 4311 jam
1522 4241 1637 4296 sint
1650 4240 1945 4314 perempti,

348 4347 471 4401 non
484 4330 631 4402 quod
643 4332 765 4401 ejus
775 4329 1007 4384 arbitrio
1018 4330 1329 4402 praescripti
1344 4330 1413 4384 ad
1429 4337 1697 4385 aeternam
1709 4335 1948 4383 mortem

357 4420 732 4495 pervenerint,
759 4419 857 4474 sed
879 4418 1007 4490 quia
1036 4418 1142 4474 sibi
1170 4435 1294 4473 eam
1324 4418 1582 4472 manibus
1612 4424 1669 4472 et
1696 4418 1835 4473 votis
1863 4434 1952 4472 su-

359 4528 460 4585 per
483 4528 545 4566 se
581 4509 934 4567 attraxerint.
967 4508 1125 4564 Unde
1155 4508 1286 4580 quia
1306 4522 1416 4561 non
1446 4507 1741 4573 revocavit,
1772 4507 1953 4561 inter-

359 4601 555 4655 fecisse
577 4601 704 4656 illos
724 4599 1030 4674 plangitur.

1096 250 1154 347 s.
1194 246 1577 347 iJAsansn
1613 246 1976 350 magna
2013 249 2319 350 nam
2354 262 2850 350 ’CORBEIENSIS.

322 384 521 483 reatus
1099 388 1302 489 quibus
1332 414 1576 488 profecto
1602 417 1784 485 malis,
1809 384 1989 482 non‘A

3460 289 3619 350 1140

2714 432 2888 472 THAU.

2042 504 2049 507 ⁷
2090 500 2412 567 Vocasti,ait,
2440 502 2603 568 quasi
2621 500 2694 553 ad
2721 500 2865 553 diem
2884 502 3200 566 solemnem,
3235 503 3272 566 Ι
3288 501 3483 563 40¢
3506 501 3622 567 qui

2006 594 2274 645 terrerent
2296 591 2629 643 mecircuitu
2647 594 2721 642 :et
2742 605 2853 644 non
2872 591 2985 657 fuit
3004 590 3063 642 in
3083 589 3171 641 die
3189 590 3401 655 furoris
3422 589 3625 642 Domi-

2006 683 2088 747 ni,
2114 682 2212 748 qui
2236 681 2491 748 e/I‘ugerrt
2529 684 2575 731 et
2602 680 3014 748 relinqueretur
3064 676 3338 731 Describit
3362 677 3521 731 enim
3556 676 3627 731 in

2009 769 2192 838 ﬁgura
2219 767 2433 822 ultimae
2456 766 2815 838 captivitatis.
2845 773 2902 821 et
2929 767 3101 820 deﬂet
3126 783 3237 820 non
3269 766 3449 819 solum
3486 782 3632 836 pro.

2009 858 2194 930 pheta,
2232 873 2423 911 verum
2457 857 2709 911 omnium
2740 857 3043 911 electorum
3084 857 3305 918 chorus,
3336 855 3633 926 reprobo-

2011 963 2136 1001 rum
2158 946 2416 1001 ultimam
2447 946 2697 999 omnium
2716 944 3105 1017 perditionem.
3130 945 3195 999 In
3224 962 3331 1015 quo
3360 944 3638 997 iumento

2011 1037 2172 1091 Tum
2194 1036 2385 1089 littera
2406 1033 2802 1106 praetitulatur,
2824 1039 2887 1088 ut
2911 1032 2966 1086 in
2989 1032 3265 1087 frontibus
3283 1031 3642 1103 genentium

2012 1141 2077 1179 ac
2130 1124 2439 1178 dolentium
2487 1123 2813 1193 consignata
2860 1122 3178 1177 inveniatur
3222 1123 3427 1187 lEzech.
3496 1126 3581 1187 ix)
3624 1139 3639 1173 :

2012 1213 2262 1285 alioquin
2290 1212 2347 1267 in
2365 1212 2567 1282 quibus
2589 1229 2700 1266 non
2727 1212 2951 1266 inventa
2966 1212 3153 1273 fuerit,
3173 1228 3282 1265 non
3305 1210 3597 1281 effugiant
3620 1228 3639 1275 ;

2008 1302 2104 1357 sed
2139 1306 2459 1356 statuentur
2485 1300 2543 1356 in
2573 1300 2777 1365 medio,
2809 1299 3051 1354 inimicis
3083 1299 3331 1371 undique
3347 1298 3522 1370 quasi
3554 1298 3640 1352 ad

2009 1391 2157 1446 diem
2192 1390 2498 1445 solemnem
2541 1389 2913 1461 congregatis.
2958 1389 3039 1443 De
3071 1406 3182 1460 qua
3212 1405 3384 1460 supra
3421 1387 3645 1442 hostes

2009 1481 2269 1536 dixerant
2297 1480 2444 1534 enim
2473 1497 2484 1531 :
2527 1481 2639 1535 Ista
2667 1485 2752 1534 est
2781 1478 2899 1533 dies
2930 1495 3096 1550 quam
3129 1476 3639 1549 exspectabamus,

2011 1569 2344 1635 invenimus,
2379 1569 2637 1623 vidimus.
2676 1568 2808 1623 Dies
2849 1584 2982 1639 ergo
3007 1568 3273 1622 solemnis
3302 1583 3507 1621 eorum
3544 1565 3639 1619 id-

2014 1658 2158 1713 circo
2202 1658 2427 1725 dicitur,
2460 1674 2572 1713 non
2619 1658 2768 1729 quod
2811 1656 2926 1711 Deo
2968 1657 3065 1711 illa
3104 1657 3469 1729 complaceat,
3520 1655 3640 1710 sed

1948 1749 2145 1831 Bquia
2172 1763 2368 1802 eorum
2395 1751 2529 1802 tunc
2570 1745 2785 1814 laetitia,
2816 1763 2987 1818 quam
3024 1762 3248 1817 semper
3290 1746 3633 1816 cupierant,

2018 1836 2258 1911 perditio
2296 1836 2507 1891 scilicet
2543 1835 2797 1890 omnium
2828 1834 3215 1907 reproborum,
3259 1834 3636 1906 implebitur.

2017 1927 2104 1982 Ad
2132 1926 2292 1997 cujus
2319 1924 2690 1979 solemnitatis
2719 1923 2888 1990 diem,
2921 1924 2978 1978 id
3008 1928 3094 1979 est
3123 1923 3414 1991 examinis,
3440 1923 3643 1978 etiam

2020 2021 2245 2070 satanas
2283 2014 2352 2068 de
2405 2030 2625 2067 carcere
2672 2013 2940 2069 solvetur.
2990 2014 3060 2068 Et
3099 2014 3205 2068 hoc
3242 2021 3327 2067 est
3368 2012 3532 2084 quod
3571 2013 3645 2067 in

2020 2105 2324 2159 electorum
2353 2102 2582 2174 planctu
2611 2102 2819 2158 dicitur
2851 2121 2863 2155 :
2928 2104 3132 2157 Vocasti
3170 2105 3330 2172 quasi
3366 2103 3441 2155 ad
3472 2104 3645 2155 diem

2018 2194 2333 2256 solemnem,
2364 2193 2463 2260 qui
2492 2196 2759 2244 terrerent
2784 2209 2864 2245 me
2894 2194 2957 2247 in
2978 2194 3223 2245 circuitu
3246 2208 3263 2242 :
3295 2190 3439 2255 Quia
3472 2191 3647 2246 vide-

2019 2280 2160 2336 bunt
2187 2297 2282 2334 eos
2313 2278 2481 2334 etiam
2522 2280 2684 2335 electi
2724 2281 2972 2351 undique
3022 2286 3375 2352 aggregatos,
3403 2279 3649 2335 visione

2021 2368 2272 2424 horribili
2298 2374 2355 2422 et
2386 2368 2689 2440 perterriti.
2721 2369 2779 2423 in
2808 2370 2899 2423 die
2928 2370 3133 2424 furoris
3162 2369 3385 2423 Domini
3416 2385 3650 2440 purga-

2023 2457 2249 2524 buntur,
2268 2474 2369 2512 nec
2399 2457 2508 2511 erit
2530 2458 2626 2529 qui
2648 2458 2897 2529 ell‘ugiat,
2923 2465 3021 2512 aut
3040 2458 3134 2530 qui
3161 2459 3529 2528 relinquatur
3554 2457 3651 2512 in-

2024 2547 2327 2601 discussus.
2370 2547 2437 2601 Et
2474 2547 2604 2601 hinc
2647 2557 2733 2600 est
2781 2547 2928 2617 quod
2964 2546 3322 2618 gemebunda
3364 2546 3649 2601 omnium

2024 2642 2345 2691 sanctorum
2368 2653 2468 2690 vox
2488 2636 2761 2707 deplorat,
2777 2653 2877 2708 pro
2901 2635 3168 2691 membris
3187 2636 3291 2690 sibi
3315 2636 3650 2707 ademptis.

2025 2728 2163 2797 Quos
2193 2726 2421 2778 educavi
2458 2723 2749 2796 disciplina
2786 2725 3069 2796 tyrocinii,
3100 2731 3151 2779 et
3179 2728 3432 2779 enutriti
3486 2726 3654 2779 lacte

2023 2812 2291 2868 doctrinae
2317 2812 2370 2884 (1
2398 2816 2520 2870 Cor.
2568 2827 2660 2879 in;
2699 2815 2861 2868 Hebr.
2908 2818 2961 2886 ν)
2992 2828 3005 2863 :
3038 2814 3172 2884 quia
3208 2830 3320 2868 non
3350 2831 3655 2886 pervene-

2022 2908 2156 2956 runt
2184 2902 2240 2955 in
2269 2902 2449 2956 virum
2482 2902 2808 2974 perfectum,
2842 2908 2907 2957 ut
2930 2903 3264 2957 dimicarent
3291 2910 3498 2958 contra
3532 2904 3656 2959 im-

2023 2990 2379 3045 manissimos
2400 2992 2607 3057 hostes,
2624 2991 2720 3063 qui
2741 2992 2918 3046 vocati
2934 2992 3197 3047 dicuntur
3210 2992 3371 3064 quasi
3384 2993 3455 3047 ad
3474 2993 3651 3048 diem

2023 3078 2352 3147 solemnem,
2377 3097 2548 3152 seque
2572 3080 2886 3135 coelestibus
2905 3081 3268 3136 defenderent
3291 3081 3490 3146 armis,
3526 3086 3655 3137 ini.

2026 3173 2200 3223 mirus
2226 3187 2377 3223 meus
2398 3173 2734 3238 consumpsit
2748 3188 2851 3224 eos.
2868 3171 3081 3242 thuia
3101 3172 3257 3244 prius
3274 3174 3657 3244 consumpsit

2027 3274 2122 3312 eos
2169 3257 2415 3313 virorum
2455 3258 2899 3324 oblectamentis,
2942 3260 3067 3314 ideo
3098 3261 3286 3315 nullus
3312 3267 3400 3316 est
3427 3278 3656 3318 eorum

2027 3346 2121 3416 qui
2152 3347 2399 3417 ell‘ugiat,
2424 3348 2531 3402 nisi
2560 3347 2608 3402 is
2639 3348 2733 3419 qui
2762 3349 2925 3419 signa
2939 3350 3097 3403 Thau
3126 3350 3329 3405 litterae
3357 3350 3414 3404 in
3442 3351 3659 3408 fronte

2028 3436 2363 3507 praesignata
2391 3436 2602 3491 tulerit.
2627 3437 2788 3492 Uude
2811 3443 2867 3492 et
2892 3438 3163 3493 Dominus
3200 3457 3210 3490 :
3244 3441 3350 3508 Qui
3379 3444 3533 3510 vult,
3562 3443 3661 3497 in-

2029 3524 2167 3596 quit,
2196 3530 2314 3594 post
2332 3542 2414 3578 me
2438 3528 2641 3591 venire,
2673 3528 2896 3595 abneget
2916 3532 3282 3597 semetipsum,
3306 3531 3463 3583 tollat
3500 3548 3663 3586 cru—

2030 3630 2141 3667 cem
2172 3630 2529 3685 suam,quam
2558 3631 2778 3670 crucem
2810 3617 2975 3688 plane
3003 3633 3104 3688 per
3140 3618 3298 3672 Thau
3329 3634 3509 3690 supra
3564 3622 3661 3676 di.

2031 3702 2212 3757 ximus
2240 3702 2543 3773 significari
2571 3710 2623 3758 et
2664 3710 2928 3774 sequatur
2966 3723 3049 3759 me
3074 3707 3226 3776 (Luc.
3260 3706 3353 3775 rx).
3408 3709 3656 3782 Reliqui

2030 3808 2159 3846 vero
2186 3808 2380 3846 omnes
2416 3809 2527 3847 non
2560 3794 2846 3865 effugient,
2878 3794 2934 3849 in
2967 3794 3169 3867 quibus
3196 3813 3308 3851 non
3339 3805 3656 3868 repertum

2028 3880 2200 3935 fuerit
2229 3880 2333 3934 hoc
2360 3881 2643 3947 vexillum,
2672 3900 2704 3936 a
2726 3883 2914 3954 gladio
2937 3884 3141 3939 furoris
3164 3885 3294 3939 Dei:
3321 3885 3499 3940 etiam
3529 3889 3657 3960 ipsi

2032 3987 2171 4042 quos
2219 3969 2461 4024 Ecclesia
2497 3970 2730 4042 peperit,
2765 3972 3023 4027 educavit
3056 3977 3114 4027 et
3160 3974 3447 4040 enutrivit,
3494 3994 3657 4049 quos

2029 4059 2287 4114 inimicus
2333 4059 2510 4131 culpis
2538 4062 2965 4134 consumpserit.
3018 4062 3087 4116 Et
3122 4062 3228 4116 hoc
3265 4068 3368 4129 est,
3400 4080 3465 4117 ex
3524 4082 3651 4137 quo

2032 4149 2363 4203 Sanctorum
2417 4149 2600 4203 omnis
2652 4150 2787 4203 ordo
2820 4151 3004 4221 plorat
3040 4157 3208 4223 atque
3239 4152 3435 4223 gemit,
3482 4157 3655 4225 quod

2033 4236 2293 4292 inimicus
2318 4238 2663 4309 consumpsit
2703 4256 2815 4294 eos.
2868 4239 2976 4293 Sed
3007 4241 3138 4311 quia
3170 4240 3398 4294 domum
3448 4242 3655 4299 luctus

2035 4325 2385 4391 intravimus,
2400 4326 2616 4380 diversa
2643 4327 3108 4382 lamentationum
3129 4346 3339 4401 genera
3360 4331 3655 4404 introspe-

2036 4415 2215 4469 ximus
2235 4415 2593 4488 diversasque
2617 4433 2885 4487 personas
2911 4436 2923 4470 :
2950 4418 3208 4489 explicito
3228 4419 3472 4473 secundo
3490 4420 3655 4475 litte-

2034 4522 2223 4559 rarum
2255 4504 2553 4576 alphabeto
2579 4504 2705 4559 libri
2730 4506 2982 4575 secundi,
3010 4516 3266 4562 votorum
3292 4510 3464 4564 ﬁnem
3494 4510 3654 4564 ﬂeti-

2033 4594 2137 4649 bus
2167 4594 2510 4649 abluendum
2547 4600 2922 4667 congruenter
2946 4596 3306 4669 imponimus.

1363 4916 1606 4980 ηοω
1654 4911 2065 4975 PROLOGUS
2107 4912 2317 4974 LIBRI
2359 4910 2641 4972 TERTII.

430 5158 556 5212 Non
600 5153 779 5210 nostri
821 5153 1005 5224 operis
1029 5159 1132 5217 est,
1163 5154 1339 5209 frater
1366 5160 1425 5210 et
1453 5169 1749 5218 consenex,
1782 5153 1952 5207 falsas

357 5251 651 5319 poetarum
678 5242 897 5299 fabulas
918 5242 1035 5312 jam
1066 5243 1365 5309 revolvere,
1388 5243 1472 5298 vel
1498 5242 1744 5298 Milesias
1775 5260 1785 5294 :
1820 5258 1953 5313 quo-

357 5335 511 5391 niam
541 5339 735 5399 nostra
761 5330 1040 5387 institutio
1069 5330 1209 5386 alios
1237 5331 1481 5402 reposcit
1504 5348 1688 5387 mores
1714 5350 1727 5399 ;
1769 5347 1951 5401 neque

356 5423 817 5497 philosophorum
839 5420 1179 5495 perscrutari
1198 5419 1392 5486 libros,
1416 5420 1547 5491 quia
1573 5420 1634 5475 in
1662 5421 1838 5474 altero
1869 5420 1949 5473 lu-

358 5514 467 5569 dus
508 5516 565 5567 et
600 5511 896 5567 oblectatio
926 5516 1055 5566 est:
1091 5509 1150 5564 in
1177 5508 1354 5565 altero
1397 5524 1528 5588 vero
1565 5508 1865 5564 difﬁcultas
1894 5512 1951 5563 et

359 5601 656 5658 sudoribus
681 5601 955 5657 admistus
984 5599 1160 5655 labor.
1181 5598 1392 5654 Verum
1415 5597 1592 5670 magis
1609 5597 1824 5653 tlirenis
1846 5615 1949 5653 nos

2034 5152 2194 5207 decet
2220 5158 2278 5208 et
2305 5151 2565 5207 lamentis
2593 5151 2978 5206 indesinenter
3000 5149 3281 5217 insistere,
3306 5150 3355 5204 si
3378 5149 3524 5205 forte
3557 5152 3644 5216 (ut

2032 5240 2092 5295 in
2115 5241 2376 5296 Judicum
2404 5241 2635 5313 legitur)
2652 5244 2913 5296 monente
2952 5245 3012 5295 et
3037 5244 3407 5295 enumerante
3435 5241 3640 5309 angelo

2034 5332 2184 5386 mala
2214 5348 2336 5402 quze
2361 5330 2658 5403 gessimus,
2684 5347 2797 5384 una
2819 5346 2945 5384 cum
2972 5346 3038 5384 eo
3060 5328 3130 5383 ad
3156 5328 3341 5383 locum
3373 5329 3635 5384 ﬂentium

2028 5420 2099 5474 de
2149 5420 2383 5491 Galgala
2421 5421 2627 5485 (Judic.
2664 5418 2752 5486 ιι),
2783 5418 2838 5472 id
2872 5424 2958 5471 est
2987 5418 3058 5472 de
3111 5416 3404 5471 volutabra
3459 5434 3636 5489 usque

2030 5507 2405 5562 ascendimus.
2431 5506 2538 5561 Ubi
2562 5523 2691 5561 cum
2717 5507 3053 5581 loqueretur
3072 5504 3145 5561 ad
3174 5521 3401 5583 omnem
3434 5505 3630 5583 Israel,

2030 5598 2387 5653 elevaverunt
2415 5612 2605 5651 vocem
2634 5596 2692 5650 hi
2727 5600 2783 5650 et
2822 5596 3113 5650 ﬂeverunt.
3162 5582 3323 5650 Unde
3372 5582 3631 5650 vocatum
