3960 6168
368 309 499 369 1141

1019 315 1401 376 EXPOSITIO
1438 321 1517 377 IN
1554 322 2162 381 LAMENTATIONES
2199 324 2546 381 JEREMIE.
2588 356 2655 369 -
2695 325 2831 382 LIB.
2872 327 2974 382 III.

3490 330 3637 391 1142

359 440 670 527 estnomen
696 436 801 491 loci
829 436 1000 506 illius,
1023 439 1279 497 flentium
1303 444 1384 498 vel
1407 445 1802 519 lacrymarum.
1820 449 1954 515 Quae
1973 452 2025 512 Α
2040 466 2154 505 non
2183 450 2263 505 ita
2288 450 2347 505 in
2374 448 2557 505 tribus
2588 450 2881 523 Sapphicis
2907 458 3127 509 constat
3151 453 3481 527 alphabetis.
3523 458 3635 517 Sed

359 524 495 596 quia
522 524 709 580 tristia
736 530 887 592 sunt,
919 528 1168 599 diﬁlcile,
1197 531 1310 586 imo
1349 533 1692 606 impossibile
1720 543 1806 593 est
1834 539 1959 611 pla-

356 630 487 668 cere
514 615 774 670 omnibus
824 617 933 670 Sed
977 619 1109 689 quia
1153 622 1280 675 novi
1309 624 1467 694 cujus
1496 626 1571 680 sit
1614 642 1780 682 omne
1808 628 1956 698 quod

352 704 616 769 vivimus,
660 705 785 760 ideo
815 706 945 761 huic
974 724 1064 762 me
1102 710 1287 765 studio
1319 717 1499 767 totum
1539 715 1764 779 tradidi,
1798 718 1957 788 quasi

354 793 417 848 in
457 794 699 865 quadam
739 796 945 850 mentis
975 800 1200 868 specula
1237 802 1432 856 mundi
1471 803 1641 874 hujus
1680 805 1953 871 turbines,

352 882 509 938 inter
534 883 641 938 ista
666 901 788 955 quae
805 886 1144 956 plangimus,
1169 893 1226 943 et
1250 891 1546 962 naufragia
1565 895 1741 947 nostri
1769 896 1957 950 saeculi

356 989 487 1027 cum
514 973 727 1044 gemitu
758 992 824 1029 ac
852 975 1045 1031 dolore
1065 980 1313 1032 cernere.
1340 981 1498 1035 Unde
1528 982 1597 1035 ad
1629 984 1858 1037 tertium
1880 984 1958 1038 al-

356 1062 665 1133 phabetum
698 1064 855 1134 quasi
887 1066 956 1120 ad
988 1068 1257 1138 quosdam
1296 1070 1514 1124 decrevi
1545 1072 1790 1127 calentes
1834 1089 1958 1144 pro-

353 1151 542 1223 phetae
572 1153 774 1220 fontes,
816 1156 949 1226 quia
976 1157 1283 1213 excelsiora
1316 1165 1448 1213 sunt
1475 1160 1577 1214 sub
1605 1162 1837 1216 alterius
1864 1179 1959 1233 ge~

352 1257 494 1296 nere
526 1244 711 1304 metri,
744 1260 811 1297 ea
839 1261 961 1315 quae
991 1252 1260 1317 aptantur
1290 1248 1569 1315 trimetro,
1600 1251 1955 1323 promulgata

351 1329 691 1407 profundius
721 1348 951 1387 manum
982 1334 1226 1389 mittere.
1259 1337 1321 1390 In
1353 1353 1462 1407 quo
1494 1337 1758 1393 nimirum
1787 1356 1954 1411 opere

349 1420 506 1475 terni
538 1437 731 1476 versus
758 1438 873 1477 una
909 1424 1217 1496 eademque
1260 1426 1538 1498 incipiunt
1566 1428 1772 1495 littera,
1805 1429 1954 1500 quod

2042 538 2176 609 quia
2204 538 2460 610 quaedam
2488 538 2559 592 de
2586 538 2832 593 Ecclesia
2848 546 3000 607 sunt,
3024 546 3082 595 et
3107 542 3288 597 multa
3314 542 3392 596 ibi
3421 560 3545 614 qua;
3563 545 3635 599 de

2040 627 2299 698 passione
2324 627 2532 681 Christi
2560 628 2730 682 altius
2758 628 3109 699 aperiuntur,
3136 631 3304 685 altior
3324 637 3413 687 est
3438 648 3635 689 sensus

2041 715 2432 784 requirendus,
2465 716 2596 769 licet
2625 731 2737 769 non
2785 716 3022 770 inveniri
3060 734 3223 788 posse
3261 719 3483 773 credam
3512 720 3635 775 sine

2039 804 2281 858 fletibus.
2310 805 2617 875 Propterea
2647 806 2807 876 quasi
2837 806 3077 877 desuper
3103 808 3261 861 asino
3289 808 3488 864 sedens
3518 825 3637 864 car-

2039 893 2126 946 nis
2155 893 2459 959 indomitae,
2490 910 2523 947 a
2550 900 2607 948 te
2632 911 2908 949 consenex
2930 911 3096 965 posco
3120 915 3131 948 :
3159 896 3288 967 quia
3311 897 3447 951 mihi
3475 914 3635 953 aren-

2038 987 2151 1036 tem
2179 983 2452 1037 Dominus
2480 983 2637 1038 dedit
2659 984 2841 1038 cordis
2872 1001 3090 1054 agrum,
3116 985 3228 1039 tuis
3254 986 3515 1056 precibus
3538 988 3636 1041 ob-

2040 1072 2223 1125 tineas
2244 1076 2301 1125 et
2328 1072 2595 1143 deposcas
2613 1073 2936 1142 gemitibus,
2963 1074 3010 1127 si
3041 1091 3152 1129 non
3177 1074 3449 1146 irriguum
3472 1091 3634 1147 supe-

2041 1160 2178 1229 rius,
2209 1161 2407 1215 saltem
2448 1161 2698 1227 inferius,
2735 1163 2859 1233 pius
2887 1164 3154 1218 concedat
3184 1164 3467 1231 medicus;
3500 1179 3635 1236 qua-

2036 1254 2201 1304 tenus
2229 1250 2324 1321 qui
2355 1256 2676 1304 nostrorum
2709 1251 3042 1321 ejulantium
3077 1252 3238 1322 attigi
3268 1268 3458 1320 venas,
3488 1252 3634 1307 infra

2036 1340 2265 1393 domum
2306 1338 2540 1393 lamenti
2575 1339 2727 1394 fonte
2763 1339 2997 1395 devotus
3032 1341 3118 1394 vel
3154 1356 3279 1395 sero
3307 1341 3505 1396 abluar
3548 1341 3632 1398 la-

2036 1444 2357 1500 crymarum
2372 1475 2385 1487 .

1127 1586 2218 1601 .._—._.__.,——————._—__.._

1462 1700 1709 1764 I408
1791 1689 2072 1761 LIBER
2153 1689 2585 1763 TERTIUS.

420 1942 708 2007 Quantum
749 1944 1028 2016 conspicio
1069 1946 1128 2000 in
1178 1946 1282 2000 hac
1320 1947 1482 2019 quasi
1518 1946 1740 2002 funebri
1774 1947 1949 2002 totius
1969 1949 2016 2008 B
2034 1951 2127 2001 vir
2143 1949 2333 2002 videns
2350 1952 2730 2016 paupertatem
2750 1963 2949 2015 meam,
2967 1948 3325 2003 excellentius
3346 1951 3540 2003 tamen
3557 1948 3632 2005 de

344 2032 602 2103 corporis
645 2033 1067 2100 lamentatione,
1115 2036 1480 2107 profundiore
1518 2036 1589 2091 de
1631 2037 1851 2092 Christo
1892 2041 1951 2091 et

345 2122 473 2191 ejus
517 2138 750 2193 corpore
794 2124 1126 2195 aperiuntur
1153 2127 1420 2197 mysteria
1454 2144 1466 2180 :
1501 2126 1582 2180 ita
1613 2132 1677 2180 ut
1703 2126 1948 2180 vicissim

344 2210 607 2265 luctuosa
637 2218 887 2267 vertatur
925 2214 1124 2277 oratio,
1157 2231 1265 2269 nuc
1289 2215 1356 2268 ad
1387 2216 1764 2286 Synagogam,
1796 2230 1949 2269 nunc

341 2300 666 2371 specialiter
684 2302 754 2355 ad
778 2302 1100 2363 Ecclesiam.
1119 2320 1268 2357 nunc
1287 2304 1357 2357 ad
1383 2304 1696 2374 passionem
1712 2303 1941 2369 Christi,

340 2404 496 2443 nunc
518 2390 686 2444 simul
715 2391 785 2445 de
809 2392 1033 2447 Christo
1056 2398 1114 2447 et
1141 2394 1262 2463 ejus
1291 2409 1543 2464 corpore,
1566 2399 1631 2448 ut
1657 2393 1811 2465 prior
1837 2394 1944 2447 hu-

334 2479 436 2548 jus
456 2479 689 2534 lamenti
709 2496 903 2535 versus
922 2481 1203 2535 insinuat:
1230 2498 1379 2536 nunc
1398 2486 1457 2536 et
1475 2482 1711 2536 moralia
1724 2482 1941 2548 miscet,

341 2567 586 2623 luctiﬁca
615 2574 808 2624 tamen
835 2586 901 2624 ex
932 2570 1208 2635 omnibus,
1242 2571 1290 2625 si
1331 2587 1442 2642 quo
1472 2571 1637 2625 modo
1678 2570 1945 2625 mmstitia

338 2655 529 2711 cordis
556 2662 849 2728 augeatur,
873 2664 938 2713 ut
966 2675 1066 2729 pro
1095 2659 1182 2713 his
1212 2660 1308 2731 qui
1338 2659 1609 2715 labuntur
1633 2660 1703 2715 de
1734 2660 1943 2715 Christi

338 2761 595 2817 corpore,
618 2751 719 2802 aut
742 2747 837 2818 qui
863 2748 1004 2819 lapsi
1026 2754 1160 2803 sunt
1184 2748 1243 2802 in
1267 2749 1579 2809 Judaismo.
1602 2754 1702 2804 aut
1726 2765 1826 2820 pro
1849 2749 1937 2815 iis,

339 2834 440 2906 qui
470 2836 615 2889 ﬁunt
640 2836 700 2890 in
739 2837 940 2908 capite,
967 2842 1067 2892 aut
1097 2854 1197 2909 pro
1228 2839 1389 2892 malis
1417 2837 1619 2909 quibus
1648 2838 1943 2910 patiuntur

339 2924 614 2990 membra,
630 2926 715 2979 vel
736 2925 903 2980 etiam
928 2944 1029 2997 pro
1044 2927 1131 2990 iis,
1150 2927 1352 2997 quibus
1368 2929 1639 2982 hactenus
1657 2928 1946 2999 privamur

338 3012 521 3066 bonis.
555 3013 664 3067 Sed
704 3020 766 3067 ut
803 3015 919 3069 hinc
948 3032 1071 3087 quae
1108 3016 1177 3069 ad
1214 3022 1383 3087 caput
1414 3016 1716 3087 pertinent,
1750 3032 1939 3087 quaeve

2033 2036 2256 2092 Christo
2271 2036 2694 2108 pronuntiatur:
2715 2038 2984 2108 quoniam
3000 2037 3146 2091 sicut
3153 2037 3633 2093 excelluntomnia

2031 2127 2092 2181 in
2120 2141 2187 2179 eo
2218 2141 2341 2196 quas
2364 2125 2433 2179 de
2462 2125 2558 2178 illo
2587 2130 2740 2189 sunt,
2768 2124 2849 2179 ita
2878 2129 2938 2178 et
2959 2125 3077 2179 haec
3099 2125 3237 2180 visio
3257 2125 3625 2197 paupertatis.

2030 2215 2295 2286 Alioquin
2317 2213 2452 2285 quid
2477 2212 2704 2278 mirum,
2726 2212 2774 2267 si
2803 2213 2990 2268 videat
3015 2214 3218 2285 aliquis
3238 2219 3628 2285 paupertatem

2027 2321 2209 2370 suam,
2226 2319 2337 2375 qua
2358 2318 2499 2374 pene
2520 2302 2704 2356 omnis
2726 2302 3026 2357 multitudo
3045 2303 3341 2374 afﬂigitur:
3360 2303 3458 2358 sed
3482 2303 3630 2359 sicut

2028 2400 2115 2448 est
2140 2392 2437 2463 gloriosior
2466 2392 2583 2446 haec
2629 2397 2932 2462 paupertas
2973 2392 3200 2459 Christi,
3231 2397 3290 2447 et
3318 2392 3630 2448 mirabilior

2028 2481 2289 2537 omnibus
2316 2479 2524 2535 divitiis
2547 2480 2756 2547 saeculi,
2773 2483 2875 2548 qui
2894 2496 3008 2535 non
3028 2484 3293 2550 rapinam
3314 2483 3627 2536 arbitratus

2027 2577 2101 2625 est
2134 2587 2239 2625 esse
2265 2586 2320 2624 se
2345 2570 2610 2639 aqualem
2639 2570 2762 2635 Deo,
2792 2570 2885 2623 sed
2911 2573 3261 2638 semetipsum
3289 2572 3622 2637 erinanivit,

2024 2663 2271 2727 formam
2298 2661 2445 2713 servi
2471 2661 2745 2727 accipiens
2773 2659 2993 2726 (Philip.
3017 2660 3078 2728 II)
3106 2676 3119 2712 :
3148 2659 3230 2712 ita
3255 2663 3313 2713 et
3341 2658 3460 2713 hec
3487 2658 3624 2714 visio

2023 2748 2373 2820 paupertatis
2417 2746 2761 2819 profundior.
2808 2747 2967 2801 Unde
3007 2763 3119 2801 non
3160 2746 3623 2819 qualitercunque

2023 2837 2430 2908 accipiendum,
2457 2836 2554 2891 sed
2584 2852 2714 2890 cum
2742 2851 2952 2906 magno
2976 2836 3185 2891 intuitu
3205 2837 3411 2891 mentis
3433 2836 3621 2907 legen-
3685 2840 3695 2849 '

2026 2926 2161 2980 dum
2190 2932 2250 2980 et
2275 2942 2483 2996 magna
2508 2925 2691 2980 cordis
2718 2925 3031 2980 intentione
3057 2925 3439 2997 cogitandum,
3469 2928 3621 2998 quod

2025 3014 2108 3069 ait
2132 3034 2144 3068 :
2178 3016 2288 3083 Ego
2316 3018 2409 3069 vir
2435 3016 2627 3069 videns
2644 3018 3028 3083 paupertatem
3048 3031 3249 3069 meam.
3266 3015 3446 3079 Quam
3475 3015 3619 3070 bene

335 3102 407 3155 ad
443 3117 644 3172 corpus
674 3103 877 3157 melius
903 3104 1314 3167 discernantur,
1340 3106 1832 3160 commemoranda
1853 3110 1940 3159 est
2020 3103 2193 3157 David
2223 3107 2612 3174 paupertatem
2633 3102 2692 3157 in
2711 3102 2912 3174 spiritu
2930 3104 3241 3174 praevidens
3259 3104 3473 3159 aiebat:
3501 3106 3621 3160 Bea-

328 3190 435 3244 illa
466 3192 680 3261 regula,
734 3209 901 3262 quam
931 3193 1233 3248 Tichonius
1262 3210 1433 3249 unam
1464 3194 1533 3249 de
1570 3201 1785 3267 septem
1815 3210 1937 3248 esse
2021 3197 2109 3245 tus
2123 3195 2223 3260 qui
2243 3194 2508 3260 intelligit
2522 3207 2686 3261 super
2699 3207 2931 3260 egenum
2950 3198 2999 3246 et
3014 3208 3314 3262 pauperem
3331 3196 3614 3260 (Psat.n.).

328 3279 513 3334 voluit
531 3280 707 3348 (Aug.
736 3283 800 3334 de
825 3284 969 3335 Doct.
1003 3282 1250 3352 Christ),
1284 3299 1349 3337 ex
1379 3283 1580 3354 quibus
1605 3284 1776 3338 etiam
1806 3299 1937 3337 eru-
1954 3269 1996 3330 C
2018 3280 2162 3344 Quia
2190 3296 2303 3334 non
2331 3280 2441 3334 nisi
2467 3280 2753 3335 intellectu
2782 3279 3022 3352 capitur,
3053 3282 3143 3336 sin
3170 3282 3311 3337 alias
3339 3283 3458 3339 haec
3484 3299 3619 3355 pau-

330 3367 601 3422 ditissimi
627 3369 698 3423 ad
726 3369 1120 3440 intelligendas
1149 3372 1468 3443 Scripturas
1497 3372 1801 3442 plurimum
1833 3370 1935 3425 ad-
2017 3376 2206 3440 pertas
2246 3369 2561 3423 communis
2594 3374 2775 3435 esset,
2822 3386 2991 3425 sensu
3036 3371 3234 3426 sentiri
3279 3388 3346 3426 ac
3372 3372 3617 3429 discerni

320 3459 618 3528 juvantur.
636 3458 886 3523 Quarum
914 3461 1098 3531 prima
1117 3466 1203 3515 est
1229 3461 1353 3532 ipsa
1381 3461 1450 3515 de
1479 3462 1703 3515 Christo
1724 3466 1778 3515 et
1810 3462 1933 3531 ejus
2016 3463 2256 3528 poterat,
2281 3464 2340 3512 et
2366 3474 2479 3512 non
2507 3457 2828 3513 intellectus
2857 3459 3228 3529 requirendus
3255 3469 3420 3516 esset.
3452 3463 3616 3518 Nunc

327 3561 586 3617 corpore,
620 3547 844 3617 quando
872 3563 906 3601 a
934 3548 1116 3618 capite
1144 3548 1264 3602 sine
1294 3548 1708 3619 permutatione
1737 3564 1930 3618 perso-
2014 3552 2204 3601 autem
2234 3563 2299 3601 ex
2345 3547 2450 3601 hoc
2476 3546 2765 3601 beatitudo
2794 3549 3226 3618 repromittitur.
3269 3549 3385 3605 Nec
3421 3551 3613 3622 itaque

326 3650 419 3688 nae
450 3634 519 3688 ad
550 3651 771 3706 corpus,
796 3636 880 3689 vel
910 3653 944 3689 a
968 3653 1200 3708 corpore
1230 3638 1506 3691 transitur
1534 3637 1605 3690 ad
1632 3642 1819 3707 caput,
1847 3637 1932 3691 vel
2014 3637 2239 3700 mirum,
2265 3636 2310 3690 si
2340 3642 2643 3707 paupertas
2673 3637 2883 3691 Christi
2906 3637 3155 3706 gloriosa
3181 3641 3238 3691 et
3264 3638 3612 3693 admirabilis

326 3723 559 3794 quando
589 3724 712 3795 ipsa
739 3725 1048 3796 eademque
1079 3726 1358 3780 sententia
1383 3743 1494 3780 non
1526 3726 1712 3780 minus
1738 3726 1925 3796 capiti,
2011 3726 2277 3791 creditur,
2301 3741 2428 3779 cum
2459 3730 2516 3779 et
2543 3726 2843 3796 Apostolus
2873 3731 3195 3779 sanctorum
3218 3731 3610 3796 paupertatem

328 3828 505 3883 quam
536 3817 594 3867 et
619 3814 837 3884 corpori
884 3830 1191 3884 congruere
1221 3817 1440 3871 videtur
1467 3834 1478 3869 :
1513 3833 1615 3871 nec
1642 3822 1834 3870 tamen
1859 3815 1929 3869 ab
2010 3814 2343 3867 altissimam
2377 3813 2639 3884 praedicat
2670 3819 2727 3867 et
2750 3812 2964 3867 divitiis
2988 3813 3341 3883 locupletem.
3366 3812 3502 3876 Qum
3526 3813 3608 3868 ni-

323 3916 447 3955 una
468 3900 775 3973 eademque
798 3918 1036 3973 persona
1056 3905 1352 3967 receditur,
1374 3904 1537 3959 sicuti
1559 3905 1614 3959 in
1637 3906 1931 3975 quamplu-
2011 3902 2218 3957 mirum
2265 3918 2377 3956 non
2409 3902 2570 3956 facile
2599 3901 2669 3955 ab
2708 3900 2967 3955 omnibus
3008 3901 3361 3971 intelligitur,
3396 3906 3606 3972 quanto

322 3990 493 4044 rimis
532 3990 668 4045 locis
698 3992 1117 4064 Scripturarum
1159 3999 1308 4048 recte
1337 3995 1625 4065 probatur,
1657 3994 1755 4048 sed
1785 3999 1843 4048 et
1869 3993 1929 4048 in
2011 3992 2191 4062 magis
2220 3991 2318 4045 illa
2339 3992 2409 4045 de
2434 4007 2545 4061 qua
2568 3996 2628 4044 et
2653 3990 2838 4061 angeli
2869 3990 3165 4055 mirantur,
3189 3996 3248 4045 et
3275 3990 3460 4044 omnis
3481 3989 3607 4046 bea-

322 4080 438 4133 hac
464 4080 870 4136 lamentatione
897 4082 1181 4143 interdum
1210 4084 1509 4151 invenitur,
1540 4090 1605 4139 ut
1628 4089 1729 4139 est.
2010 4081 2193 4136 titudo
2216 4086 2410 4135 nostra
2437 4080 2719 4134 nascitur?
2747 4079 2893 4143 Quia
2920 4079 3025 4135 etsi
3052 4084 3187 4134 sunt
3214 4078 3362 4134 beati
3391 4096 3605 4152 paupe-

1968 4222 1971 4227 .
2010 4186 2120 4236 res,
2136 4186 2201 4224 eo
2214 4169 2415 4241 spiritu
2425 4168 2572 4223 beati
2589 4168 2895 4223 creduntur
2906 4175 2963 4222 et
2977 4168 3353 4239 praedicantur
3365 4185 3474 4241 quo
3495 4168 3605 4226 ista

1026 4239 1228 4280 ΑῙιεΡΗυ
2008 4239 2357 4327 intelligitur,
2395 4257 2660 4329 quoniam
2696 4273 2809 4311 non
2838 4257 2949 4311 nisi
2981 4256 3193 4328 Spiritu
3221 4239 3414 4313 sancto
3445 4275 3604 4314 rese-

398 4348 513 4416 Ego
538 4352 630 4403 vir
653 4351 844 4403 videns
872 4356 1251 4419 paupertatem
1282 4367 1457 4404 meam
1489 4354 1550 4404 in
1577 4353 1736 4418 virga
1774 4351 1925 4404 indi-
2008 4353 2169 4401 rante
2199 4346 2710 4418 comprehenditur.
2727 4347 3032 4417 Propterea
3051 4346 3253 4400 horum
3272 4347 3448 4402 trium
3476 4364 3601 4402 ver-

319 4440 614 4505 gnationis
636 4443 779 4507 ejus;
807 4444 863 4492 et
881 4439 1049 4492 illud:
1090 4440 1356 4493 Vetustam
1377 4442 1505 4507 fecit
1524 4443 1719 4507 pellem
1744 4456 1925 4493 meam
2007 4452 2171 4490 suum
2200 4436 2470 4507 principia
2505 4435 2655 4507 apud
2688 4435 2968 4502 Hebraeos,
3000 4441 3066 4490 ut
3092 4436 3282 4491 ferunt
3309 4435 3380 4490 ab
3407 4437 3600 4492 ALEPH

306 4532 375 4580 “et
397 4542 627 4580 carnem
648 4543 849 4588 meam,
865 4530 1124 4581 contrivit
1139 4544 1257 4581 ossa
1281 4528 1703 4592 mea.Quoniam
1722 4528 1923 4583 horum
1941 4552 1988 4611 D
2006 4524 2298 4597 incipiunt.
2319 4526 2501 4597 Aleph
2524 4524 2770 4597 quidem,
2789 4530 2853 4579 ut
2872 4541 3046 4595 supra
3063 4524 3195 4588 dixi,
3226 4525 3480 4579 doctrina
3516 4525 3601 4580 in-

320 4620 529 4682 un'm'h,
554 4616 807 4686 quamvis
836 4616 987 4670 omni
1018 4617 1235 4687 corpori
1265 4616 1575 4683 conveniat,
1604 4617 1807 4671 melius
1835 4624 1922 4671 ta-
2003 4619 2366 4685 terpretatur.
2418 4614 2566 4668 Reor
2602 4613 2752 4684 quod
2792 4614 2972 4667 multa
3011 4612 3263 4667 doctrina
3307 4619 3471 4683 egeat
3512 4614 3600 4669 hic

322 4721 461 4759 men
492 4704 680 4776 capiti,
711 4705 951 4760 alterum
992 4723 1120 4760 vero
1164 4705 1466 4765 membris:
1498 4716 1563 4761 ut
1592 4723 1692 4777 per
1719 4707 1919 4778 pellem

322 4798 387 4848 et
405 4809 631 4848 carnem
651 4800 820 4865 atque
840 4811 969 4848 ossa
996 4794 1072 4848 illi
1096 4795 1500 4865 intelligantur,
1530 4794 1625 4866 qui
1649 4795 1799 4848 intra
1829 4796 1925 4850 Ec-

322 4883 558 4937 clesiam
590 4888 863 4938 vetustate
892 4884 1239 4955 contagionis
1270 4883 1607 4949 efﬁciuntur,
1639 4889 1697 4937 et
1732 4889 1922 4939 conte-

326 4980 537 5047 runtur
572 4974 851 5044 pressuris
888 4973 1335 5027 tribulationum.
1370 4974 1511 5027 Nam
1554 4974 1701 5044 quod
1740 4974 1875 5027 dicit
1905 4992 1916 5026 :

323 5064 442 5130 Ego
479 5066 570 5115 vir
596 5065 785 5116 videns
818 5067 1199 5131 paupertatem
1240 5077 1435 5115 meam.
1480 5061 1610 5115 licet
1639 5062 1921 5132 prophetae

336 5154 589 5219 I40.
618 5138 903 5223 plangenti
933 5166 1242 5221 congruere
1271 5150 1543 5215 videatur,
1570 5151 1921 5204 manifestius

322 5248 521 5296 tamen
546 5240 755 5295 Christi
783 5257 883 5294 vox
912 5257 1034 5295 esse
1062 5239 1415 5309 intelligitur,
1450 5239 1546 5310 qui
1575 5238 1633 5292 in
1664 5238 1922 5293 manibus

324 5330 734 5402 prophetarum
760 5329 1101 5384 assimilatus
1121 5334 1223 5394 est,
1250 5334 1307 5382 et
1335 5343 1529 5382 omnes
1549 5327 1758 5397 colligit
1785 5327 1842 5381 in
1863 5345 1922 5383 se

326 5419 857 5491 pergenerationem
889 5427 945 5472 et
954 5423 1241 5489 aggregat,
1258 5422 1323 5471 ut
1343 5433 1703 5471 occurramus
1718 5416 1923 5487 singuli

326 5509 388 5563 in
420 5507 599 5563 virum
630 5507 936 5579 perfectum
966 5514 1021 5561 et
1048 5506 1459 5579 plenitudinem
1496 5505 1746 5577 corporis
1776 5507 1917 5577 ejus.

327 5597 558 5663 Idcirco,
591 5596 724 5652 licet
759 5595 1008 5653 omnium
1037 5595 1292 5652 videatur
1329 5611 1451 5651 esse
1481 5595 1629 5668 quod
1657 5594 1739 5651 ait
1770 5608 1780 5642 ε
1812 5597 1922 5665 Ego

2004 4719 2220 4769 sensus,
2250 4703 2320 4757 de
2365 4718 2475 4773 quo
2503 4718 2759 4757 summus
2786 4707 2983 4756 auctor
3015 4701 3309 4772 gloriatur,
3355 4707 3414 4756 et
3437 4704 3600 4775 quasi

2004 4791 2305 4862 singularis
2329 4792 2402 4845 sit
2429 4791 2525 4861 qui
2561 4790 2747 4845 videat
2769 4796 2828 4844 et
2852 4790 3148 4862 intelligat,
3171 4790 3253 4846 ita
3282 4791 3453 4847 dicit:
3489 4792 3598 4862 Ego

2004 4884 2095 4936 vir
2114 4884 2300 4935 ridens
2318 4884 2695 4950 paupertatem
2710 4895 2906 4943 meam;
2926 4896 2992 4934 ac
3009 4880 3057 4934 si
3076 4881 3228 4934 dicat
3244 4899 3257 4935 :
3274 4880 3400 4951 Ego
3410 4898 3596 4937 meam

2003 4975 2162 5029 video
2196 4978 2606 5045 paupertatem,
2638 4974 2727 5027 cui
2767 4972 2962 5027 insunt
2998 4989 3195 5028 omnes
3222 4974 3475 5029 thesauri
3503 4991 3597 5029 sa-

2002 5063 2226 5135 pientiae
2256 5068 2313 5116 et
2347 5061 2609 5129 scientiae,
2648 5077 2818 5133 quam
2846 5068 3044 5133 sponte
3069 5079 3172 5133 pro
3202 5062 3326 5116 aliis
3352 5062 3590 5133 suscepi,

2004 5168 2169 5222 quam
2200 5151 2306 5223 ipsi
2335 5149 2544 5215 miseri,
2578 5165 2691 5204 non
2722 5149 2846 5204 dico
2875 5166 2999 5204 eam
3031 5150 3362 5220 intelligere,
3397 5164 3593 5203 verum

2001 5256 2103 5294 nec
2127 5257 2287 5294 suam
2318 5239 2472 5294 omni
2495 5255 2702 5310 genere
2731 5239 3086 5293 miseriarum
3116 5238 3458 5304 convulsam,
3494 5252 3593 5292 vo-

2002 5328 2130 5382 lunt
2155 5328 2598 5383 animadvertere
2626 5329 2711 5382 vel
2741 5344 3093 5399 cognoscere.
3128 5328 3351 5381 Interea
3377 5332 3434 5380 et
3459 5341 3593 5382 san-

2004 5429 2219 5471 ctorum
2258 5417 2509 5471 omnium
2551 5433 2653 5471 vox
2692 5417 2802 5471 ista
2831 5434 2953 5472 esse
2986 5420 3186 5487 potest,
3219 5421 3494 5486 quantum
3533 5415 3594 5469 in

2004 5521 2235 5577 corpore
2247 5505 2454 5560 Christi
2464 5513 2598 5561 sunt
2607 5512 2650 5572 ι
2662 5511 2724 5572 4
2734 5513 2779 5573 ι
2789 5513 2854 5572 0
2863 5506 3089 5572 uniti,et
3096 5510 3372 5576 quantum
3384 5503 3592 5561 imitati

2004 5594 2213 5650 fuerint
2226 5594 2481 5651 eamdem
2502 5600 2912 5667 paupertatem,
2927 5598 3315 5669 quantumque
3329 5594 3388 5652 in
3408 5594 3591 5651 virum
