3960 6168
482 266 619 368 ms
1249 304 1312 362 s.
1348 300 1727 360 pnscnssn
1768 295 2130 355 meum
2167 294 2472 352 ABBATIS
2508 292 3004 351 consumere.
3585 298 3700 359 un

477 430 810 505 perfectum,
840 429 951 486 ﬁde
978 433 1147 501 atque
1173 424 1436 499 operibus
1456 420 1869 479 collecti.Unde
1894 417 2341 492 sequi-Alucem
2369 435 2383 473 :
2416 416 2685 488 quoniam
2714 418 2894 490 magis
2938 434 3064 474 eam
3100 419 3170 475 ad
3203 419 3412 476 luctum
3440 426 3494 476 et
3531 425 3705 479 moesti-

479 527 577 576 tur
598 539 610 575 :
633 522 701 576 In
731 523 892 587 uirga
920 518 1329 585 indignationis
1349 518 1485 583 ejus.
1508 512 1689 566 Aliam
1712 509 1937 581 quidem
1958 525 2080 564 esse
2159 508 2321 573 tiam,
2353 523 2522 577 quam
2561 506 2631 560 ad
2673 506 2924 563 laetitiam
2961 514 3021 563 et
3054 509 3325 580 gaudium
3352 511 3562 566 vocavit.
3592 512 3706 569 Hinc

481 614 620 681 puto
638 609 852 679 virgam
877 606 1085 661 furoris
1108 604 1229 667 Dei,
1249 603 1418 657 aliam
1438 599 1764 655 directionis
1785 599 2084 669 virgam,et
2162 602 2249 652 est
2276 596 2425 667 quod
2456 596 2714 667 sequitur
2746 612 2761 651 :

480 698 694 768 virgam
708 696 864 767 regni
879 696 1001 765 ejus
1016 713 1029 760 ;
1053 694 1223 748 aliam
1236 707 1368 746 vero
1383 687 2081 759 indignationis,quoniam

481 787 597 842 alia
615 792 701 841 est
724 785 820 839 illa
846 784 1029 837 ferrea
1043 780 1369 836 reﬂexibilis
1389 796 1501 851 qua
1520 776 2076 848 conterunturimpii,

481 881 753 946 tanquam
783 888 914 926 vasa
940 877 1120 926 testea
1148 869 1206 924 in
1239 869 1324 923 ira
1351 867 1557 923 furoris
1587 866 1687 922 Dei
1710 882 1721 914 :
1750 866 1860 920 alia
1889 881 2000 936 qua
2022 865 2081 919 in
2238 863 2479 918 Tantum
2496 866 2561 917 in
2581 880 2665 917 me
2678 866 2840 919 vertit
2855 870 2905 919 et
2921 869 3188 919 convertit
3213 881 3445 920 manum
3459 882 3603 922 suam
3623 874 3710 923 tota

482 963 746 1033 equitate
772 960 951 1016 sancti
980 964 1258 1030 reguntur
1285 957 1463 1012 donec
1491 955 1820 1028 perveniant
1845 956 1919 1008 ad
1958 956 2081 1008 bra-
2162 954 2269 1006 die.
2290 953 2424 1016 Quae
2444 952 2714 1007 nimirum
2738 970 2839 1007 vox
2865 970 3023 1024 aeque
3045 954 3114 1008 ad
3134 960 3308 1026 caput
3333 961 3389 1009 et
3412 956 3476 1009 ad
3503 958 3713 1012 membra

482 1054 639 1104 vium
658 1064 908 1118 supernae
927 1051 1227 1103 vocationis
1248 1048 1475 1115 (Philip.
1501 1044 1609 1115 III);
1637 1044 1746 1098 alia
1766 1044 1863 1098 illa
1880 1044 1949 1097 de
1970 1060 2081 1115 qua
2100 1090 2104 1095 .
2163 1042 2404 1096 refertur
2429 1060 2440 1095 :
2475 1042 2739 1113 quoniam
2770 1041 2866 1113 qui
2896 1043 3089 1098 volunt
3111 1046 3201 1114 pie
3236 1043 3414 1098 vivere
3439 1044 3492 1098 in
3512 1046 3709 1112 Christo,

480 1138 794 1192 Jerusalem
822 1137 1094 1191 Dominus
1124 1151 1135 1185 :
1179 1138 1249 1191 In
1278 1136 1684 1203 indignatione.
1724 1132 1927 1203 inquit,
1962 1147 2082 1185 mea
2162 1147 2357 1184 omnes
2386 1130 2828 1201 persecutionem
2858 1133 3170 1202 patiuntur,
3205 1138 3265 1187 et
3295 1133 3417 1187 ideo
3446 1134 3600 1189 totius
3622 1152 3712 1189 cor-

475 1228 727 1297 percussi
738 1232 805 1291 te,
821 1230 871 1279 et
886 1228 949 1280 in
969 1226 1412 1280 reconciliatione
1437 1239 1559 1277 mea
1586 1224 1844 1277 misertus
1858 1223 2082 1274 sumtui
2165 1220 2316 1290 poris
2345 1236 2448 1274 vox
2475 1226 2560 1274 est
2584 1239 2595 1274 :
2637 1221 2872 1275 Tantum
2901 1224 2964 1275 in
2991 1238 3074 1276 me
3102 1225 3268 1276 vertit
3289 1226 3338 1276 et
3368 1226 3606 1277 convertit
3626 1240 3713 1277 ma-

486 1315 612 1385 (Isa.
642 1317 751 1383 ιχ).
780 1313 895 1369 Sub
918 1314 1024 1368 hac
1051 1313 1203 1368 enim
1231 1313 1407 1383 virga,
1432 1312 1505 1366 ad
1533 1312 1638 1366 hoc
1663 1310 1905 1382 percutit
1932 1310 2082 1364 Deus
2165 1324 2303 1362 num
2330 1324 2492 1363 suam
2503 1327 2522 1388 ί
2555 1308 2689 1380 quia
2708 1325 2848 1380 quos
2868 1309 3164 1382 disciplina
3183 1310 3315 1365 fidei
3342 1328 3449 1365 non
3468 1313 3710 1377 convertit,

481 1409 547 1459 ut
578 1403 947 1458 misereatur:
973 1401 1045 1456 ad
1072 1402 1176 1456 hoc
1201 1400 1460 1454 vulnerat
1476 1405 1542 1454 ut
1570 1402 1746 1453 sanet.
1784 1398 1863 1452 De
1888 1413 2000 1469 qua
2027 1402 2085 1451 et
2163 1396 2338 1452 libere
2360 1396 2513 1452 abire
2538 1397 2809 1468 permisit,
2833 1404 2891 1452 et
2918 1415 3380 1471 unumquemque
3405 1400 3602 1471 ingredi
3624 1402 3712 1455 vias

484 1491 743 1548 Christus
769 1491 1097 1546 vulneratus
1116 1495 1221 1556 est,
1243 1505 1356 1543 non
1376 1488 1525 1559 quod
1552 1487 1609 1541 in
1631 1503 1696 1541 eo
1725 1486 1914 1558 aliqua
1935 1485 2082 1540 indi-
2165 1502 2313 1541 suas.
2334 1485 2634 1540 Ecclesiam
2655 1503 2808 1551 vero,
2835 1503 3002 1557 quam
3031 1488 3100 1542 de
3129 1488 3342 1544 Judaeis
3361 1496 3457 1543 aut
3481 1489 3543 1543 de
3565 1490 3711 1559 genti-

483 1581 768 1655 gnationis
804 1584 1009 1645 essent,
1066 1578 1163 1634 sed
1220 1581 1449 1650 propter
1505 1576 1685 1632 scelus
1722 1576 1913 1649 pOpuli
1972 1574 2083 1629 mei
2166 1574 2270 1630 bus
2298 1575 2530 1640 vocavit,
2562 1574 2753 1630 multis
2781 1575 3205 1647 disciplinarum
3234 1577 3435 1649 aﬂligit
3462 1578 3711 1649 angoribus

483 1669 734 1745 percussi
763 1684 914 1735 eum,
942 1668 1123 1725 virum
1153 1667 1411 1723 dolorum
1450 1672 1509 1722 et
1550 1665 1818 1721 scientem
1847 1664 2142 1745 inﬁrmi-_
2167 1671 2225 1720 et
2248 1664 2452 1720 erudit.
2478 1664 2622 1720 Hinc
2642 1670 2729 1719 est
2749 1665 2898 1737 quod
2928 1664 3038 1721 ait:
3073 1667 3315 1721 Tantum
3338 1670 3401 1721 in
3429 1683 3506 1721 me
3523 1670 3657 1721 rerlit
3674 1674 3710 1721 et

484 1737 662 1816 tatem
688 1760 821 1831 (lea.
855 1757 984 1829 un).
1019 1757 1137 1813 Hoc
1159 1761 1248 1811 est
1277 1755 1426 1827 quod
1456 1754 1622 1810 dicit:
1644 1754 1754 1822 Ego
1783 1756 1874 1809 vir
1898 1737 2147 1808 vidensB
2164 1757 2431 1809 convertit
2462 1769 2697 1809 manum
2720 1770 2899 1809 suam.
2932 1754 3116 1809 Vertit
3144 1755 3373 1826 quidem
3401 1756 3469 1809 ad
3491 1756 3711 1825 castigan-

484 1852 866 1921 paupertatem
890 1861 1068 1901 meam
1088 1849 1154 1900 in
1174 1848 1335 1914 virga
1364 1845 1771 1913 indignationis
1789 1845 1925 1912 ejus.
1941 1840 2087 1906 Quia
2164 1843 2300 1898 dum
2345 1859 2575 1898 manum
2613 1859 2773 1898 suam
2802 1844 2889 1910 (ll
2919 1844 3056 1898 Tim.
3101 1842 3184 1916 ut)
3221 1864 3234 1897 :
3273 1844 3404 1916 quia
3437 1846 3648 1915 flagellat
3671 1848 3713 1899 et

2866 754 3043 795 ALEPH
3052 782 3062 794 .

486 1937 557 1993 ob
577 1936 1022 2007 indignationem
1042 1934 1318 1990 scelerum
1335 1936 2081 2003 nostrorum,paupertatem
2164 1932 2398 2004 corripit
2439 1948 2654 1987 omnem
2685 1934 2871 1999 ﬁlium
2909 1949 3071 2001 quem
3106 1936 3307 2001 recipit
3340 1935 3508 2000 (Hebr.
3539 1936 3637 2002 ιη),
3670 1940 3713 1987 et

486 2024 764 2098 passionis
792 2023 1077 2089 sustinuit,
1110 2029 1176 2078 ut
1213 2022 1385 2078 livore
1419 2023 1543 2093 ejus
1573 2038 1768 2076 omnes
1794 2037 2078 2075 sanemur.
2164 2019 2437 2075 convertit
2476 2020 2799 2081 clementer,
2833 2025 2898 2074 ut
2924 2020 3266 2076 misereatur
3293 2023 3434 2092 ejus,
3466 2038 3613 2093 quam
3636 2038 3710 2093 pa-

486 2115 664 2186 Cujus
691 2130 826 2169 sane
854 2112 1203 2185 paupertatis
1231 2110 1583 2183 mysterium,
1631 2110 1836 2176 nescio,
1869 2109 1916 2164 si
1949 2124 2082 2164 san-
2164 2115 2326 2165 terno
2352 2109 2552 2164 alfectu
2581 2113 2914 2179 coangustat
2933 2110 3128 2165 multis
3156 2110 3572 2166 tribulationum
3592 2127 3711 2182 pres-

485 2209 706 2280 cto_rum
743 2202 820 2257 sit
857 2201 953 2273 qui
999 2200 1188 2255 videat
1215 2201 1283 2255 ad
1328 2200 1578 2271 plenum,
1622 2203 1834 2270 quanta
1862 2198 2083 2253 bonitas
2165 2198 2329 2253 suris.
2377 2199 2714 2254 Convertere
2764 2214 3009 2269 namque
3053 2199 3124 2253 de
3177 2204 3423 2271 utroque
3470 2199 3708 2271 accipitur,

486 2292 610 2356 Dei,
642 2295 855 2362 quanta
876 2290 1100 2344 dilectio
1124 2306 1295 2362 super
1320 2288 1466 2344 ﬁlios
1493 2288 1609 2353 iraa,
1637 2293 1959 2360 quantaque
1984 2287 2084 2341 mi-
2166 2287 2388 2358 quando
2420 2303 2647 2341 manum
2680 2287 2751 2341 ad
2783 2287 3095 2343 feriendum
3128 2289 3400 2355 extendit,
3430 2289 3508 2344 vel
3533 2288 3709 2359 quando

489 2378 794 2435 sericordia
820 2379 878 2433 in
912 2378 1058 2433 ﬁlios
1102 2376 1572 2432 reconciliationis
1610 2393 1669 2431 se
1710 2376 1994 2439 infuderit,
2029 2380 2087 2430 et
2165 2376 2236 2431 ad
2266 2376 2668 2440 defensionem,
2702 2376 2786 2430 vel
2810 2377 3331 2433 remunerationem
3351 2376 3712 2433 clementerad-

486 2467 613 2523 ideo
641 2467 803 2539 quasi
830 2467 1003 2522 solius
1022 2483 1124 2521 vox
1152 2472 1239 2521 est
1266 2466 1387 2536 ejus
1414 2482 1538 2521 cum
1566 2464 1735 2519 dicit:
1765 2465 1873 2533 Ego
1894 2467 1985 2518 vir
2008 2466 2086 2517 τί·
2167 2465 2362 2520 mittit.
2379 2463 2561 2518 Vertit
2578 2464 2729 2518 enim
2754 2464 2902 2520 Deus
2925 2482 3158 2520 manum
3188 2484 3353 2521 suam
3377 2475 3490 2522 tota
3516 2468 3610 2530 die,
3622 2472 3713 2520 tan-

486 2558 619 2611 dens
639 2560 1019 2625 paupertatem
1050 2571 1247 2609 meam.
1271 2554 1439 2609 Videt
1456 2554 1607 2609 enim
1626 2570 1787 2607 suam
1808 2553 1867 2607 in
1894 2570 1953 2607 se
1976 2554 2082 2607 mi-
2164 2560 2284 2608 tum
2306 2559 2371 2608 ut
2393 2569 2564 2624 supra
2583 2552 2839 2607 membra
2859 2554 2982 2624 ejus
3002 2570 3126 2625 quae
3146 2555 3490 2631 eolliguntur
3507 2555 3558 2608 in
3574 2554 3710 2608 virum

485 2660 608 2700 ram
639 2650 699 2699 et
723 2643 1083 2708 ineffabilem,
1106 2643 1258 2698 videt
1285 2642 1665 2697 membrorum
1693 2658 1923 2697 suorum
1950 2658 2084 2713 pau-
2165 2642 2493 2714 perfectum,
2511 2647 2570 2695 et
2588 2658 2909 2696 mensuram
2932 2642 3303 2713 plenitudinis
3328 2644 3526 2699 Christi
3548 2644 3708 2711 ιΕμΙιεε.

484 2739 960 2807 pertatem,quam
975 2738 1033 2788 et
1045 2731 1151 2804 ipsi
1161 2732 1612 2803 complectuntur
1626 2748 1725 2802 spe
1740 2731 2078 2801 gaudentes:
2167 2734 2263 2799 1v),
2288 2735 2352 2785 ut
2374 2745 2442 2785 ea
2461 2730 2757 2796 excruciet,
2784 2731 3065 2795 emendet,
3089 2739 3151 2787 et
3177 2734 3425 2804 corrigat
3450 2734 3712 2804 impraesen-

482 2823 614 2879 facti
643 2822 957 2878 imitatores
983 2821 1179 2893 ipsius,
1203 2821 1442 2876 scientes
1467 2820 1615 2892 quod
1644 2819 1917 2890 patientia
1944 2834 2085 2889 pau-
2166 2822 2373 2875 tiarum
2409 2820 2541 2874 dum
2593 2819 2811 2883 vivitur,
2854 2826 2912 2874 et
2952 2822 3235 2876 convertit
3265 2823 3551 2894 parcendo,
3588 2820 3711 2875 auxi-

482 2928 682 2985 perum
708 2928 821 2967 non
851 2910 1053 2983 peribit
1081 2910 1141 2964 in
1184 2910 1353 2963 ﬁnem
1393 2910 1564 2981 (Psal.
1597 2912 1707 2976 lx).
1746 2907 1905 2963 Unde
1934 2912 2083 2961 recte
2164 2907 2353 2961 liando
2381 2906 2441 2961 in
2483 2907 2691 2973 futuro,
2724 2913 2789 2962 ut
2828 2907 3181 2963 misereatur.
3221 2910 3493 2965 Caeterum
3519 2908 3568 2963 hi
3595 2906 3712 2962 nullo

482 3016 597 3056 una
633 3016 732 3055 vox
759 3005 847 3054 est
872 2998 1072 3070 capitis
1098 3014 1164 3053 ac
1191 2997 1471 3068 corporis:
1497 2997 1607 3064 Ego
1626 2999 1715 3049 vir
1733 2997 1921 3049 videns
1944 3011 2083 3065 pau-
2165 2996 2265 3050 Dei
2319 3002 2633 3066 tanguntur
2680 2995 2927 3062 verbere,
2975 2997 3182 3067 quibus
3215 3014 3328 3053 non
3377 3004 3450 3053 est
3495 3002 3709 3067 respectus

477 3094 749 3159 perlatam
763 3103 942 3141 meam
959 3089 1194 3153 invirga
1206 3086 1613 3153 indignationis
1627 3082 2143 3152 ejus.Quiacasti-C
2164 3088 2334 3139 morti
2362 3101 2555 3138 eorum
2588 3087 2751 3152 (Psal.
2786 3090 2973 3154 Lxxn).
2999 3085 3065 3140 In
3097 3087 3293 3143 labore
3332 3087 3601 3143 hominum
3625 3099 3709 3138 non

482 3180 577 3244 gat
598 3177 739 3229 Deus
774 3189 991 3228 omnem
1017 3175 1202 3239 ﬁlium
1232 3188 1391 3241 quem
1421 3173 1635 3241 recipit,
1660 3176 1718 3225 et
1741 3175 1985 3242 ﬂagellat
2011 3172 2081 3226 ad
2164 3178 2318 3228 sunt.
2346 3178 2404 3227 et
2428 3189 2555 3227 cum
2574 3172 2896 3229 hominibus
2918 3191 3030 3230 non
3051 3176 3501 3247 ﬂagellabuntur.
3518 3174 3629 3230 Ideo
3652 3179 3709 3226 te-

481 3263 655 3318 vitam
688 3278 830 3334 quos
858 3259 1043 3316 erudit
1064 3262 1247 3323 (Hebr.
1279 3264 1398 3329 κη).
1431 3260 1576 3315 Nam
1606 3260 1880 3332 prolepsis
1909 3267 1996 3316 est
2022 3261 2081 3316 in
2164 3262 2291 3317 nuit
2309 3278 2404 3317 eos
2429 3262 2711 3334 superbia,
2730 3263 2911 3334 operti
2931 3270 3066 3319 sunt
3084 3265 3386 3337 iniquitate
3405 3264 3710 3334 etimpietate

479 3352 586 3408 hoc
616 3352 759 3415 loco,
784 3350 838 3405 id
869 3354 957 3405 est
977 3349 1338 3422 praesumptio
1365 3365 1554 3404 rerum
1581 3354 1990 3414 secutul'arum,
2014 3367 2080 3405 eo
2173 3357 2285 3419 l4
2302 3358 2341 3418 ι
2358 3358 2417 3417 2
2442 3368 2563 3415 sua,
2589 3367 2689 3406 seu
2707 3360 2909 3407 caetera
2936 3369 3059 3424 qua:
3082 3360 3417 3425 sequuntur.
3441 3352 3581 3418 Quod
3601 3350 3707 3405 bene

481 3441 631 3514 quod
658 3440 717 3496 in
749 3439 1022 3512 principio
1044 3439 1213 3510 hujus
1234 3437 1650 3493 lamentationis
1668 3437 1748 3493 sic
1776 3439 1898 3509 ejus
1925 3438 2077 3505 dicit,
2163 3441 2233 3495 de
2277 3440 2488 3511 templo
2529 3440 2844 3495 Salomonis
2871 3442 3080 3497 dicitur
3106 3459 3236 3497 cum
3267 3443 3613 3497 aedificaretur
3634 3439 3711 3505 (ΙΙΙ

480 3530 642 3603 quasi
667 3528 838 3585 fuerit
856 3527 1208 3601 praemissum
1240 3528 1398 3597 cujus
1426 3526 1544 3582 vice
1571 3526 1851 3582 sustinere
1879 3526 2081 3583 debue-
2162 3531 2284 3598 Reg.
2306 3531 2379 3597 γι)
2420 3548 2431 3583 :
2465 3530 2592 3584 Non
2621 3535 2707 3584 est
2733 3530 2961 3585 auditus
2989 3531 3049 3585 in
3080 3548 3147 3586 eo
3176 3533 3415 3586 malleus
3442 3538 3497 3585 et
3521 3526 3704 3589 securis,

478 3619 553 3674 rit
586 3634 599 3672 :
633 3617 767 3691 quia
795 3616 1055 3672 omnibus
1084 3615 1351 3670 membris
1383 3621 1577 3671 notum
1611 3632 1734 3671 esse
1764 3631 1875 3670 non
1904 3617 2080 3671 ambi-
2162 3617 2290 3689 quia
2318 3618 2511 3672 omnia
2532 3617 2613 3673 sic
2637 3624 2835 3690 parata
2858 3626 2989 3674 sunt
3017 3621 3267 3677 exterius
3288 3627 3345 3676 et
3373 3617 3707 3691 compaginata

474 3708 578 3780 git,
611 3706 760 3779 quod
788 3706 959 3762 Pater
988 3705 1194 3762 Filium
1234 3704 1509 3777 passionis
1535 3704 1694 3775 virga
1718 3709 2075 3776 percusserit.
2161 3706 2278 3762 suis
2323 3707 2793 3779 percussionibus,
2847 3714 2913 3763 ut
2957 3708 3183 3781 singula
3224 3710 3416 3765 dolata
3460 3707 3564 3763 suis
3601 3704 3705 3760 bene

478 3797 639 3854 Unde
681 3811 796 3862 non
836 3796 1064 3861 mirum,
1090 3794 1139 3850 si
1177 3800 1236 3848 et
1272 3794 1395 3865 ipsa
1424 3793 1678 3848 membra
1705 3794 1847 3865 ejus,
1881 3794 2077 3849 eadem
2159 3801 2558 3867 coaptarentur
2579 3796 2974 3867 juncturarum
3004 3797 3158 3854 locis.
3199 3799 3271 3853 Et
3313 3799 3413 3853 hoc
3438 3802 3515 3851 est
3541 3794 3701 3851 dicere.

477 3885 825 3959 percutimur
873 3885 1030 3956 virga
1084 3882 1507 3954 indignationis,
1549 3883 1620 3937 ad
1672 3882 2076 3937 correctionem
2159 3889 2321 3939 vertit
2343 3901 2579 3939 manum
2600 3901 2761 3939 suam
2788 3886 2981 3940 omnia
3002 3885 3276 3953 limando,
3300 3879 3702 3949 caedendo,acfe-

478 3980 763 4048 perpetua
793 3972 1068 4039 sanitatis,
1103 3978 1168 4027 ut
1194 3972 1270 4027 sit
1299 3971 1551 4027 omnium
1579 3988 1682 4027 vox
1709 3986 1858 4026 unus
1885 3972 1944 4027 in
1972 3972 2077 4027 hac
2158 3974 2374 4040 riendo,
2414 3974 2494 4028 sic
2522 3974 2848 4046 producere,
2877 3981 2942 4031 ut
2972 3976 3187 4047 possint
3218 3976 3278 4031 in
3323 3982 3584 4031 structura
3606 3984 3703 4024 con:

478 4064 621 4119 valle
648 4063 1025 4135 lacrymarum
1044 4061 1292 4133 gemitus
1311 4066 1370 4116 et
1395 4061 1664 4132 ploratus.
1681 4059 1824 4116 Hinc
1852 4077 2075 4132 quoque
2157 4063 2365 4129 venire,
2385 4067 2443 4117 et
2470 4064 2747 4118 convertit
2769 4063 2839 4119 ab
2868 4064 2956 4118 his
2977 4065 3249 4120 cessando
3274 4082 3397 4121 cum
3422 4061 3701 4135 justificatos

476 4153 734 4224 sequitur
764 4167 774 4199 ί
2156 4151 2272 4207 suis
2295 4152 2576 4206 instaurat
2602 4153 2759 4219 locis,
2782 4158 2841 4208 et
2858 4160 3084 4225 coaptat
3104 4154 3481 4210 mansionibus
3498 4169 3527 4206 a
3540 4146 3696 4205 saeculo

1178 4251 1373 4294 sanun.
2156 4240 2486 4313 praeparatis
2531 4243 2741 4299 tMatth.
2784 4244 2859 4313 v).
2911 4243 3160 4307 Quorum
3198 4244 3390 4316 itaque
3428 4247 3696 4296 sanctorum

549 4329 634 4383 Me
652 4328 912 4390 minavit,
935 4332 983 4381 et
1001 4328 1237 4381 adduxit
1257 4330 1320 4380 in
1340 4330 1608 4396 tenebras,
1629 4334 1677 4382 et
1702 4333 1745 4394 ι
1758 4331 1815 4392 4
1830 4332 1870 4394 ι
1899 4332 1934 4392 Ι
1964 4342 2073 4381 ηοη
2092 4402 2113 4404 ᾼ

2156 4335 2439 4387 structura
2458 4348 2573 4388 una
2585 4338 2690 4397 est,
2714 4348 2826 4387 una
2845 4338 2902 4387 et
2925 4349 3199 4404 compago
3221 4332 3594 4393 membrorum,
3611 4340 3695 4381 una

477 4421 543 4473 in
573 4418 770 4472 iucem.
796 4415 1030 4481 Quando
1068 4414 1244 4470 voluit
1270 4431 1396 4470 eum
1426 4422 1714 4471 conterere
1745 4416 1806 4471 in
1832 4414 2068 4471 infirmi-
2090 4402 2136 4460 D
2154 4437 2276 4484 vox,
2310 4436 2565 4492 unusque
2593 4421 2863 4492 ploratus.
2895 4421 2965 4476 Et.
2993 4402 3119 4476 ideo
3134 4402 3360 4477 ‘Christi
3390 4418 3619 4474 Ecclesia
3637 4413 3696 4466 sic

475 4511 613 4574 tate,
653 4507 816 4578 juxta
840 4504 1045 4562 Isaiam
1074 4504 1404 4576 prophetam
1434 4521 1447 4559 :
1481 4504 1614 4576 quia
1657 4509 1951 4576 reputatus
1986 4510 2073 4560 est
2151 4515 2445 4581 coaptatur
2468 4526 2689 4581 corpus,
2718 4516 2784 4565 ut
2809 4527 2955 4566 unus
2983 4510 3059 4566 sit
3086 4511 3309 4584 integer
3327 4509 3577 4567 Christus.
3604 4502 3695 4560 Mo-

477 4595 639 4667 quasi
680 4596 952 4667 leprosus,
985 4599 1042 4650 et
1068 4608 1366 4666 percussus
1404 4610 1438 4648 a
1475 4593 1591 4649 Deo
1618 4597 1789 4664 atque
1816 4593 2075 4651 humilia—
2154 4599 2350 4653 raliter
2375 4604 2583 4665 autem,
2611 4600 2843 4671 spiritus
2870 4600 2966 4671 qui
2992 4605 3078 4655 est
3100 4600 3159 4655 in
3191 4600 3414 4656 homine
3442 4599 3593 4662 solus,
3615 4591 3697 4649 scit

479 4688 575 4738 tus
606 4684 731 4752 (Isa.
765 4692 906 4754 ιιιι).
936 4690 1071 4740 tunc
1098 4683 1294 4756 utique
1318 4682 1478 4756 quasi
1499 4683 1771 4739 adductus
1798 4689 1886 4741 est
1910 4683 1966 4738 in
1992 4688 2072 4738 te-
2158 4704 2280 4758 quae
2309 4692 2443 4741 sunt
2488 4686 2748 4754 hominis,
2782 4692 2840 4743 et
2876 4688 3001 4744 ideo
3030 4688 3250 4760 quoties
3287 4688 3465 4743 divino
3493 4684 3696 4753 tangitur

481 4770 704 4836 nebras,
729 4776 786 4826 et
815 4789 927 4828 non
954 4774 1013 4828 in
1042 4773 1245 4839 lucem,
1273 4778 1328 4828 et
1357 4771 1601 4828 tenebrae
1629 4789 1759 4828 eum
1789 4789 1897 4827 non
1920 4788 2075 4827 com-
2156 4776 2360 4847 Spiritu
2389 4782 2778 4847 paupertatem
2810 4793 2969 4832 suam
3004 4778 3342 4849 intelligens,
3374 4793 3491 4831 mox
3516 4769 3693 4827 ﬂetibus

483 4859 921 4933 prehenderunt.
956 4861 1102 4926 Quid
1135 4868 1325 4918 autem
1360 4861 1460 4930 ait,
1492 4861 1622 4933 quia
1654 4863 1892 4915 minacit
1922 4878 2072 4926 eum,
2157 4865 2388 4920 atl‘ectus
2412 4865 2609 4936 gemit,
2637 4866 2826 4922 dicens
2859 4884 2871 4921 :
2904 4868 3014 4935 Ego
3044 4870 3132 4921 uir
3160 4869 3346 4921 videns
3373 4864 3692 4936 paupertatem

482 4965 597 5005 non
623 4947 806 5003 solum
832 4949 905 5003 ad
940 4966 1067 5005 eum
1097 4950 1327 5023 respicit
1355 4953 1535 5019 (Joan.
1560 4955 1622 5018 ι),
1649 4964 1816 5021 quem
1843 4950 2075 5004 terrori-
2159 4970 2338 5008 meam
2359 4957 2421 5008 in
2445 4958 2606 5022 virga
2618 4957 3030 5024 indignationis
3050 4959 3197 5025 ejus;
3222 4955 3350 5028 quia
3370 4969 3485 5010 cum
3506 4949 3591 5006 Dei
3603 4960 3693 5000 ver-

481 5037 588 5097 bus
606 5036 795 5092 saeculi
816 5041 872 5091 et
891 5037 1242 5109 passionibus
1265 5040 1429 5094 Pater
1450 5038 1701 5105 tradidit,
1715 5055 1905 5106 verum
1927 5044 1987 5092 et
2006 5038 2078 5092 ad
2162 5042 2388 5097 beratur
2412 5043 2631 5113 ﬂagello
2658 5048 2722 5099 ut
2746 5043 3025 5098 afficiatur
3047 5045 3106 5100 in
3130 5045 3303 5109 luctu,
3326 5042 3496 5097 subito
3514 5034 3629 5093 nihil
3644 5032 3688 5086 in

483 5143 709 5182 omnem
729 5126 1051 5189 Ecclesium,
1073 5143 1238 5197 quam
1261 5127 1366 5182 sibi
1385 5128 1554 5183 minis
1575 5126 1813 5198 subjecit
1829 5133 1886 5182 et
1896 5118 2079 5182 'terro-
2159 5147 2220 5186 se
2259 5132 2595 5187 remansisse
2620 5131 2818 5186 virium
2859 5134 3162 5204 cognoscit,
3194 5134 3325 5188 dum
3356 5130 3496 5186 nulla
3517 5130 3590 5181 est
3608 5121 3689 5174 vir-

483 5215 657 5279 ribus,
676 5221 725 5270 et
752 5216 987 5270 adduxit
1018 5230 1127 5270 non
1154 5217 1218 5269 in
1247 5219 1419 5270 lucem
1449 5217 1619 5287 hujus
1647 5216 1770 5272 vita:
1796 5218 2078 5290 prosperi-
2160 5219 2298 5275 tutis
2339 5221 2609 5290 operatio,
2642 5221 2709 5275 de
2756 5238 2867 5292 qua
2904 5222 3160 5277 videatur
3188 5234 3520 5294 praesumere.
3548 5214 3687 5268 Nemo

483 5304 637 5370 tatis,
664 5304 760 5359 sed
791 5308 854 5359 in
885 5304 1132 5358 tenebras
1160 5304 1546 5374 angustiarum
1575 5322 2078 5380 pressurarumque
2159 5308 2335 5379 igitur
2363 5314 2686 5365 sanctorum
2716 5310 2856 5364 bene
2885 5310 3164 5381 gloriatur
3187 5327 3245 5365 se
3277 5314 3476 5364 castum
3513 5318 3593 5357 cor
3615 5300 3688 5352 ha.

481 5391 832 5448 afflictiones.
865 5393 1040 5464 Cujus
1071 5391 1262 5465 itaque
1292 5409 1389 5447 vox
1420 5400 1506 5449 est
1544 5410 1628 5448 me
1656 5398 1913 5463 minavit,
1948 5399 2080 5469 quia
2159 5395 2310 5464 here,
2337 5398 2460 5453 ideo
2484 5398 2772 5454 humiliter
2790 5415 2915 5453 cum
2939 5399 3164 5455 ﬂetibus
3186 5400 3493 5456 conﬁtetur:
3515 5392 3605 5459 Ego
3620 5388 3688 5440 vir

480 5480 673 5537 multis
702 5496 826 5535 eam
871 5480 1179 5554 disciplinis
1224 5481 1411 5536 erudit
1454 5487 1625 5552 atque
1666 5485 1938 5554 provehit.
1977 5485 2081 5541 Ve-
2160 5489 2347 5542 videns
2382 5493 2715 5558 pauperlam
2748 5505 2955 5553 meam;
2989 5490 3122 5561 quia
3148 5490 3218 5545 de
3243 5505 3300 5543 se
3326 5487 3379 5542 in
3414 5482 3548 5539 nullo
3574 5489 3682 5550 ρΓε·

480 5574 800 5626 rumtamen
843 5569 1346 5643 impraesentiarum
1394 5569 1453 5626 in
1499 5570 1760 5626 tenebras
1795 5578 1989 5629 etnon
2020 5575 2077 5629 in
2164 5575 2353 5644 sumit,
2387 5576 2627 5631 maxime
2655 5593 2783 5632 cum
2814 5577 2965 5649 virga
2994 5576 3384 5651 indignationis
3411 5571 3499 5628 Dei
3521 5565 3682 5623 intrin-
