3960 6168
262 299 403 359 1145

916 271 1297 359 ΕχΡοειΤιο
1337 303 1415 360 IN
1453 305 1858 363 LAMENTAT]

1941 305 2064 363 RES
2103 305 2449 362 JEREMIE.
2496 336 2561 348 -
2600 306 2739 362 LIB.
2780 307 2880 363 III.

3400 294 3537 355 1146

253 444 417 484 secus
440 430 512 484 ad
541 430 948 503 correptionem
978 427 1307 500 castigatur.
1329 428 1490 484 Unde
1508 428 1617 483 ait:
1649 431 1731 484 Me
1760 433 1864 483 mi-
1881 432 1923 491 A
1947 446 2089 484 meos
2110 430 2273 488 (Psal.
2290 432 2390 496 v1).
2422 429 2606 486 Habet
2633 432 2806 503 igitur
2833 432 2919 486 vir
2942 430 3070 493 iste,
3096 429 3283 485 videns
3299 439 3535 495 pauper-

258 522 439 581 navil,
469 524 518 573 et
537 521 772 573 adduxit
802 522 865 572 in
893 519 1160 583 tenebras,
1192 523 1240 571 et
1268 533 1378 571 non
1420 521 1482 571 in
1511 522 1706 573 lucem.
1731 519 1861 572 Pro-

255 608 405 661 fecto
430 607 563 678 quia
585 608 767 661 omnis
797 607 987 661 anima
1032 623 1158 660 cum
1215 607 1542 661 recordatur
1578 608 1858 662 minarum

253 696 381 761 Dei,
395 701 453 750 et
472 703 716 751 terrores
731 696 959 751 discutit
973 696 1312 765 judiciorum
1328 697 1471 766 ejus,
1495 714 1709 766 suaque
1728 705 1860 751 ante

256 785 452 839 oculos
472 786 639 841 facta.
672 785 831 856 quasi
862 785 916 846 in
948 785 1128 839 exitus
1152 786 1288 838 hora
1311 785 1489 856 ponit.
1521 802 1580 839 se
1609 802 1719 839 non
1753 786 1861 840 nisi

255 874 596 928 maeroribus
620 874 879 929 infectam
913 874 970 929 in
1022 873 1283 928 tenebras
1337 875 1545 928 versari
1590 874 1760 929 videt.
1796 875 1863 929 Et

255 966 368 1021 hoc
398 973 483 1021 est
512 967 718 1028 dicere.
752 967 970 1038 quoties
999 967 1153 1022 intus
1203 984 1430 1022 suorum
1472 967 1702 1022 discutit
1730 985 1863 1038 pau-

249 1061 534 1126 pertatem
562 1056 890 1112 meritorum
917 1056 974 1111 in
1007 1056 1162 1126 virga
1191 1056 1594 1126 indignationis
1618 1057 1738 1122 Dei,
1777 1074 1861 1112 me

252 1147 501 1199 minavit
526 1151 575 1198 et
600 1147 841 1199 adduxit
868 1148 929 1199 in
987 1147 1233 1199 tenebras
1266 1164 1281 1199 :
1314 1145 1445 1216 quia
1489 1146 1630 1199 nihil
1676 1146 1746 1199 de
1801 1163 1861 1200 se

251 1233 368 1287 nisi
400 1233 626 1289 inﬁrma
657 1235 851 1301 sentit,
882 1239 940 1289 et
966 1234 1099 1288 dum
1132 1250 1193 1288 se
1216 1233 1532 1288 considerat
1559 1244 1615 1289 et
1633 1235 1862 1289 revolvit

251 1339 321 1377 se
341 1323 643 1377 adductam
673 1329 737 1378 ut
765 1340 825 1378 se
851 1322 1190 1394 conspicere,
1217 1323 1378 1395 quasi
1404 1323 1459 1377 in
1490 1324 1771 1389 tenebras,
1807 1331 1865 1380 et

251 1426 373 1466 non
429 1412 489 1466 in
533 1411 734 1478 lucem,
774 1411 1007 1483 plangit.
1059 1412 1209 1467 Talis
1247 1412 1454 1484 quippe
1518 1412 1709 1467 anima
1735 1430 1861 1468 cum

246 1502 470 1570 virgam
500 1500 862 1555 discussionis
917 1500 1037 1565 Dei,
1065 1506 1123 1555 et
1178 1501 1371 1555 omnia
1426 1501 1707 1557 minarum
1739 1504 1862 1572 ejus

250 1587 483 1660 eloquia
511 1587 665 1643 intus
689 1589 1103 1659 contemplatur
1127 1594 1184 1643 et
1212 1589 1472 1657 intendit,
1497 1607 1710 1663 suaque
1739 1608 1860 1647 ma-

1945 524 2107 572 talem
2138 535 2321 576 suam.
2357 520 2556 590 pellem
2593 528 2650 575 et
2676 538 2903 576 carnem
2932 524 3208 573 vetustam
3236 533 3250 581 ;
3283 514 3453 568 habet
3480 518 3535 567 et

1943 608 2114 679 pelles
2133 609 2372 662 arietum
2397 609 2705 664 rubricatas
2723 611 2793 663 ad
2815 609 3179 680 operiendam
3211 603 3536 659 tabernacu-

1942 696 2056 751 lum
2079 713 2265 759 suum,
2288 697 2451 752 habet
2472 699 2526 752 in
2544 700 2934 770 hyacinthinas
2954 699 3023 752 ad
3057 699 3312 751 decorem
3337 699 3393 747 et
3412 692 3534 745 lau-

1941 785 2067 840 dem
2097 786 2337 840 nominis
2386 787 2472 841 sui
2505 790 2692 847 (Exod.
2724 804 2831 842 xxv
2880 794 2927 843 et
2977 792 3122 853 xm)
3193 784 3301 838 Sed
3332 783 3388 836 in
3415 779 3536 834 istis

1942 891 2176 945 pauper,
2213 892 2336 945 quae
2368 883 2639 930 vetustate
2664 878 2986 931 afﬁciuntur
3018 895 3028 929 :
3063 875 3120 929 in
3150 874 3261 929 illis
3288 887 3418 924 vero
3451 868 3537 923 di-

1944 980 2056 1021 ves.
2086 980 2207 1033 quae
2237 965 2305 1017 ad
2336 964 2592 1019 decorem
2641 968 2889 1021 nominis
2936 968 3077 1036 ejus.
3111 961 3384 1032 sanguine
3416 976 3539 1030 pro-

1944 1052 2066 1123 prio
2097 1052 2473 1117 rubricantur,
2518 1062 2618 1109 aut
2645 1057 2765 1110 caeli
2812 1055 3088 1110 coloribus
3116 1054 3532 1121 comparantur.

1944 1141 2070 1194 Pori
2087 1157 2119 1195 ο
2150 1142 2323 1212 pelles
2343 1143 2584 1198 arietum
2611 1144 2901 1199 rubricata:
2921 1158 3151 1215 corpora
3174 1146 3306 1194 sunt
3323 1144 3540 1191 sancto-

1946 1246 2069 1284 rum
2096 1232 2366 1302 martyrio
2404 1241 2440 1297 ]
2458 1238 2514 1297 4
2538 1240 2569 1295 |
2588 1240 2639 1297 4
2669 1233 2942 1298 dedicata,
2966 1233 3035 1285 de
3057 1230 3258 1302 quibus
3277 1227 3498 1281 canitur
3521 1242 3532 1276 :

1945 1319 2147 1386 A/I‘erte
2166 1322 2297 1374 Dom
2307 1324 2420 1386 ino,
2429 1325 2486 1384 ﬁl
2494 1324 2539 1374 ii
2563 1323 2869 1389 Ilei,a/ferte
2885 1324 3118 1376 Domino
3134 1323 3274 1387 ﬁlios
3293 1321 3537 1371 arietum

1949 1410 2116 1478 (Psal.
2163 1416 2369 1475 xxvm).
2419 1410 2809 1481 Hyacinthinze
2865 1426 2995 1464 vero
3016 1415 3150 1464 sunt
3176 1422 3366 1462 eorum
3399 1420 3538 1475 quos

1944 1497 2235 1567 virginitas
2257 1498 2324 1552 ad
2340 1498 2465 1553 coeli
2486 1500 2726 1570 speciem
2746 1499 3026 1570 provexit:
3049 1497 3181 1569 quia
3199 1495 3337 1549 tales
3360 1508 3540 1564 neque

1944 1586 2159 1640 nubent
2194 1604 2377 1657 neque
2409 1586 3037 1658 nubentur(Evangelio
3066 1589 3252 1647 teste),
3282 1582 3376 1637 sed
3408 1585 3540 1635 sunt

249 1677 316 1731 la
341 1677 509 1743 facta,
534 1683 600 1732 ut
620 1678 796 1733 David
828 1680 993 1746 (Psal.
1023 1682 1100 1748 ι),
1128 1695 1315 1734 coram
1346 1696 1407 1734 se
1436 1696 1659 1752 semper
1686 1680 1856 1754 repli-
1880 1666 2088 1731 Bsicut
2112 1676 2297 1747 angeli
2326 1677 2385 1730 in
2414 1677 2551 1731 casio
2569 1679 2718 1737 (Luc.
2746 1694 2860 1733 xx;.
2894 1677 3053 1732 Unde
3082 1680 3139 1730 et
3167 1675 3223 1728 in
3274 1672 3540 1728 taberna-

248 1781 413 1831 cans,
430 1765 564 1837 quid
593 1766 745 1821 aliud
778 1783 944 1839 quam
974 1783 1034 1821 se
1065 1768 1365 1822 adductam
1390 1768 1448 1822 in
1474 1768 1756 1832 tenebras,
1797 1776 1858 1825 et

248 1870 373 1910 non
405 1854 464 1909 in
487 1855 667 1910 lucem
698 1861 847 1910 recte
873 1856 1085 1911 credit?
1111 1857 1198 1910 Ad
1219 1856 1325 1910 hoc
1354 1857 1561 1928 quippe
1591 1874 1650 1912 se
1679 1858 1859 1913 addu-

248 1948 408 1998 ctam
439 1943 498 1997 in
524 1943 807 2009 tenebras,
839 1951 905 1999 ut
945 1962 1004 2000 se
1058 1945 1369 2016 perpendat
1420 1946 1593 2011 novit,
1627 1963 1697 2001 ne
1725 1948 1860 2001 dum

250 2031 405 2087 bene
433 2048 594 2087 mens
612 2033 682 2087 de
711 2050 771 2087 se
801 2034 945 2088 elata
975 2034 1284 2105 praesumit,
1315 2035 1716 2094 humilitatem.
1737 2053 1859 2109 quae

246 2127 448 2176 custos
501 2128 588 2176 est
639 2123 891 2176 omnium
946 2122 1242 2187 virtutum,
1274 2124 1519 2191 amittat,
1577 2130 1634 2178 et
1670 2141 1862 2196 super-

246 2210 463 2265 biendo
490 2211 703 2266 incidat
727 2211 784 2266 in
807 2211 1081 2282 judicium
1114 2212 1343 2270 diaboli.
1376 2218 1434 2266 et
1472 2220 1585 2278 ιιι
1604 2221 1635 2277 |
1654 2219 1715 2279 3
1733 2214 1859 2268 ideo

244 2300 391 2372 quia
420 2301 563 2353 beati
588 2316 850 2368 pauperes
902 2303 1109 2368 spiritu
1143 2301 1537 2371 praedicantur.
1568 2302 1713 2356 Bene
1742 2303 1857 2374 spi-

242 2388 401 2442 ritus
428 2388 808 2459 humilis,qua3
829 2389 983 2443 novit
1007 2405 1209 2461 eaquae
1233 2396 1367 2444 sunt
1394 2390 1449 2443 in
1472 2390 1853 2462 homine,pau-

241 2481 531 2549 pertatem
554 2494 715 2532 suam
742 2494 964 2549 semper
996 2478 1187 2532 videns
1215 2479 1613 2543 contremiscit,
1634 2480 1766 2534 dum
1797 2496 1857 2533 se

243 2567 442 2621 adhuc
473 2565 682 2620 versari
709 2566 814 2621 sub
834 2567 990 2637 virga
1019 2567 1424 2637 indignationis
1454 2568 1557 2622 Dei
1587 2585 1699 2622 non
1743 2586 1858 2622 am-

244 2654 419 2726 bigit.
471 2654 684 2720 Quibus
739 2656 985 2726 proferto
1044 2656 1223 2726 plagis
1253 2657 1633 2719 correctionis,
1669 2657 1861 2712 anima

248 2743 424 2814 quasi
455 2742 727 2797 minatam
750 2760 811 2797 se
839 2750 890 2797 et
917 2743 1217 2798 adductam
1238 2751 1303 2798 ut
1326 2745 1395 2798 ad
1425 2761 1485 2799 se
1516 2745 1858 2815 rediretjure

242 2829 524 2899 intelligit
551 2848 562 2883 :
592 2836 649 2884 et
678 2830 794 2885 hac
823 2837 910 2885 est
937 2832 1209 2896 doctrina,
1231 2849 1355 2903 quae
1388 2850 1487 2904 per
1513 2833 1859 2904 Alephmtns

244 2919 306 2972 in
337 2918 534 2972 anima
558 2925 842 2991 operatur,
868 2926 932 2975 ut
945 2938 1168 2992 semper
1197 2921 1256 2976 in
1284 2939 1345 2976 se
1373 2930 1641 2987 versetur,
1661 2939 1720 2977 se
1733 2940 1858 2977 sua-

1941 1765 2067 1819 culo
2096 1765 2465 1836 proximiores
2486 1766 2624 1820 caelo
2649 1767 2816 1823 ﬁunt.
2870 1767 3175 1837 Propterea
3202 1766 3261 1817 et
3297 1758 3542 1817 Ecclesia

1944 1855 2179 1925 loquens
2210 1856 2280 1909 de
2306 1872 2365 1909 se
2394 1855 2450 1909 in
2477 1855 2721 1910 Canticis
2755 1875 2765 1909 :
2819 1858 3001 1924 Nigra
3041 1870 3185 1917 sum,
3219 1851 3422 1923 inquit.
3451 1850 3542 1903 sed

1942 1945 2203 2011 formosa,
2264 1947 2394 2013 ﬁlia?
2434 1947 2760 2011 Jerusalem,
2792 1948 2932 1999 sicut
2966 1945 3321 1998 tabernacula
3347 1940 3537 2002 Cedar,

1941 2035 2081 2086 sicut
2106 2037 2264 2102 pellis
2292 2033 2605 2089 Salomonis
2648 2034 2807 2091 (Cant
2858 2037 2920 2087 Ii.
2974 2034 3096 2087 Non
3144 2031 3293 2085 enim
3351 2029 3419 2081 de
3444 2027 3538 2081 illo

1944 2120 2266 2180 Salomone.
2296 2122 2391 2176 sed
2420 2122 2490 2176 de
2516 2122 2738 2177 Christo
2772 2128 2921 2177 recte
2948 2120 3353 2191 accipiendum,
3378 2117 3538 2186 cujus

1942 2211 2115 2281 pelles
2134 2218 2267 2266 sunt
2290 2228 2484 2266 omnes
2505 2213 2702 2271 sancti.
2726 2212 2820 2283 qui
2841 2229 2900 2266 se
2920 2210 3399 2265 mortiﬁcaveruut
3416 2221 3542 2259 cru-

1941 2300 2215 2371 ciﬁgendo
2244 2318 2369 2356 cum
2404 2302 2626 2356 Christo
2656 2318 2879 2357 carnem
2910 2318 3093 2365 suam,
3119 2298 3188 2353 ad
3220 2297 3398 2350 instar
3414 2295 3534 2365 pel-

1941 2389 2076 2443 lium
2103 2396 2475 2453 mortuorum,
2498 2391 2601 2445 sub
2631 2391 2833 2462 quibus
2858 2396 3130 2461 teguntur
3156 2386 3348 2441 vitalia
3365 2384 3539 2439 totius

1939 2479 2189 2550 corporis
2221 2480 2492 2541 membra,
2524 2487 2802 2550 quatenus
2841 2480 3057 2551 possint
3100 2478 3157 2532 in
3219 2493 3278 2531 se
3330 2471 3539 2529 Christi

1940 2573 2167 2638 portare
2196 2567 2624 2622 similitudinem
2658 2568 2952 2639 passionis.
2988 2569 3050 2623 In
3080 2567 3238 2635 cujus
3268 2563 3535 2618 nimirum

1940 2673 2179 2727 persona
2207 2656 2585 2712 introducitur
2615 2658 2900 2720 Salomon,
2925 2657 3019 2729 qui
3064 2656 3324 2727 paciﬁcus
3362 2653 3539 2706 inter-

1939 2750 2211 2816 pretatur,
2236 2747 2395 2815 cujus
2418 2746 2738 2817 quicunque
2768 2746 2929 2817 pellis
2956 2761 3076 2799 esse
3105 2741 3391 2805 meruerit,
3417 2756 3542 2811 pro-

1938 2834 2026 2888 cul
2060 2833 2230 2888 dubio
2258 2833 2567 2889 continebit
2593 2835 2651 2889 in
2674 2834 2982 2889 recessibus
3022 2833 3243 2891 animae.
3277 2830 3360 2885 uti
3391 2829 3537 2882 infra

1939 2928 2131 2977 sancta
2157 2929 2476 2978 sanctorum
2503 2924 2690 2978 divina
2704 2923 2911 2978 summi
2940 2923 3087 2994 regis
3118 2920 3403 2992 mysteria.
3439 2918 3537 2971 Est

246 3024 366 3079 que
390 3017 645 3062 retexens
676 3010 882 3079 lugeat,
916 3009 1094 3065 donec
1138 3010 1382 3065 illustret
1426 3027 1549 3065 eam
1579 3016 1761 3067 oriens
1791 3027 1918 3088 exc
1938 3018 2126 3066 autem
2154 3012 2396 3067 Ecclesia
2416 3018 2480 3067 ut
2496 3012 2858 3067 tabernacula
2872 3012 3073 3075 Cedar,
3090 3010 3184 3083 qui
3211 3008 3539 3063 tenebrosus

240 3097 387 3163 alto,
420 3096 515 3167 qui
545 3098 693 3152 venit
720 3098 1030 3153 illuminari
1060 3099 1129 3153 iis
1167 3103 1267 3169 qui
1304 3100 1489 3153 sedent
1532 3104 1595 3153 in
1626 3103 1858 3155 tenebris

244 3191 296 3239 et
313 3186 524 3239 umbra
557 3190 752 3241 mortis
775 3188 928 3254 (Luc.
961 3186 1019 3242 I‘.
1056 3188 1324 3259 Sequitur
1352 3204 1365 3235 =
1405 3191 1643 3243 Tantum
1673 3192 1735 3242 in
1774 3206 1858 3243 me

242 3278 441 3341 uertit,
473 3281 520 3328 et
565 3280 830 3330 convertit
867 3293 1101 3331 manum
1130 3294 1291 3332 suam
1323 3283 1432 3332 tota
1454 3279 1560 3332 die.
1603 3279 1857 3333 Materno

244 3363 483 3435 quidem
496 3364 696 3419 aﬁ‘ectu
722 3365 870 3420 Dcus
889 3366 1191 3437 aliquando
1206 3367 1451 3421 animam
1473 3367 1701 3438 exponit
1731 3373 1856 3422 ten-

241 3450 564 3506 tationibus
592 3459 650 3507 et
677 3452 891 3523 abjicit,
924 3455 1226 3526 aliquando
1255 3456 1323 3509 ad
1361 3472 1420 3509 se
1448 3457 1762 3528 plorantem
1793 3472 1858 3510 ac

245 3541 542 3596 dolentem
566 3540 717 3596 intus
753 3542 811 3596 in
825 3543 1009 3598 sinum
1032 3545 1290 3610 retrahit,
1309 3551 1365 3599 et
1393 3545 1478 3599 lac
1505 3544 1773 3600 doctrinae
1800 3545 1856 3599 in

238 3628 420 3684 corde
452 3630 724 3700 suggerit,
747 3648 961 3703 suaque
990 3633 1386 3687 consolationis
1405 3632 1571 3687 verba
1592 3634 1850 3705 inspirat,

240 3725 301 3774 et
320 3719 671 3789 sempiterna
689 3720 987 3791 promittit.
1017 3721 1087 3776 Et
1103 3722 1207 3776 hoc
1224 3728 1310 3776 est
1327 3722 1531 3787 dicere,
1557 3725 1617 3776 in
1641 3740 1724 3776 me
1742 3739 1859 3776 cer-

241 3811 311 3862 tit
344 3812 400 3860 et
421 3811 689 3863 convertit
705 3825 939 3864 manum
955 3827 1112 3865 suam
1134 3816 1250 3865 tota
1274 3814 1380 3877 die,
1406 3811 1539 3865 dum
1556 3827 1679 3865 eam
1703 3811 1857 3866 omni

236 3903 506 3969 tempore
535 3898 827 3969 praesentis
857 3899 986 3954 vitae
1035 3916 1185 3954 nunc
1228 3900 1395 3954 minis
1425 3907 1482 3954 et
1518 3900 1849 3967 terroribus,

241 4003 403 4042 nunc
420 3987 831 4042 tentationibus
888 3995 946 4043 et
989 3989 1286 4060 pressuris,
1318 3989 1486 4044 etiam
1519 3990 1849 4045 delictorum

254 4075 438 4130 afﬁcit
464 4076 659 4147 spinis,
684 4093 834 4132 nunc
862 4094 992 4131 vero
1034 4077 1400 4149 inspiratione
1428 4079 1618 4133 divina
1664 4084 1721 4132 et
1763 4096 1858 4133 re-

252 4164 462 4220 mediis
486 4165 557 4219 ad
585 4182 646 4220 se
673 4165 934 4226 inritans,
962 4165 1246 4221 beneﬁciis
1265 4168 1863 4223 exhortaturinnume-

250 4254 336 4309 ris
371 4272 383 4306 :
416 4261 695 4325 quatenus
727 4255 782 4310 in
814 4256 967 4310 nullo
990 4256 1306 4318 insolescat,
1339 4256 1395 4311 in
1449 4257 1602 4311 nullo
1635 4257 1861 4328 franga-

251 4347 355 4397 tur
386 4342 728 4409 discrimine,
761 4345 858 4399 sed
887 4344 1139 4415 subjecta
1168 4345 1225 4399 in
1279 4346 1556 4412 omnibus,
1588 4346 1861 4417 quidquid

1940 3117 2147 3155 mceror
2173 3101 2596 3172 interpretatur,
2621 3102 2844 3172 quando
2866 3117 2961 3155 eos
2973 3100 3068 3172 qui
3099 3100 3167 3153 de
3187 3096 3435 3153 tenebris
3456 3112 3541 3149 er-

1940 3206 2130 3244 rorum
2154 3196 2557 3245 convertuntur
2571 3208 2685 3246 sua:
2708 3187 3392 3254 consolationisdoctrina,
3409 3201 3541 3239 mm-

1939 3284 2128 3333 rentes
2164 3278 2268 3333 sub
2308 3280 2414 3333 alis
2439 3280 2556 3334 suis
2599 3281 2833 3352 suscipit
2876 3280 3236 3350 pmnitentes.
3278 3277 3376 3330 Est
3395 3280 3452 3329 et
3481 3278 3542 3329 ut

1938 3367 2100 3438 pellis
2122 3367 2455 3422 Salomonis.
2481 3368 2704 3439 quando
2726 3369 2873 3423 intra
2900 3385 2960 3422 se
2997 3367 3333 3422 orthodoxos
3361 3363 3541 3419 conti-

1939 3462 2037 3509 net
2066 3457 2229 3520 viros,
2263 3462 2316 3510 et
2347 3457 2533 3510 omnia
2558 3457 2653 3511 illa
2676 3474 2798 3528 qua
2828 3457 2882 3510 in
2908 3456 3268 3511 tabernaculo
3289 3456 3538 3526 ﬁguran-

1940 3550 2053 3598 tur.
2089 3545 2195 3599 Sed
2228 3546 2359 3615 quia
2387 3545 2573 3600 varius
2602 3546 2827 3617 pellium
2876 3547 3126 3609 effectus,
3160 3545 3216 3599 in
3266 3544 3390 3597 aliis
3419 3543 3539 3615 qui-

1939 3634 2064 3688 dem
2088 3634 2448 3705 pulchritudo
2479 3634 2760 3697 laudatur,
2788 3634 2844 3688 in
2873 3635 2999 3688 aliis
3033 3633 3383 3705 profunditas
3414 3649 3537 3702 my-

1939 3723 2236 3779 steriorum
2256 3723 2357 3778 Dei
2381 3728 2645 3794 coaperta
2667 3724 2894 3794 tegitur,
2922 3723 2976 3776 in
2996 3722 3118 3776 aliis
3133 3721 3359 3775 defensa
3372 3717 3534 3774 Chri-

1938 3814 2010 3869 sti
2034 3813 2279 3868 Ecclesia
2300 3820 2357 3868 et
2386 3813 2604 3867 munita
2624 3813 2868 3867 exterius
2897 3820 2960 3868 ut
2992 3813 3165 3868 Satan
3204 3811 3285 3865 ait
3322 3809 3393 3864 ad
3423 3808 3533 3863 Do-

1938 3902 2174 3963 minum,
2208 3901 2561 3957 ostenditur:
2596 3904 2789 3956 Pellem
2838 3917 2937 3970 pro
2976 3903 3134 3970 pelle,
3182 3906 3233 3954 et
3272 3903 3535 3954 universa

1935 4008 2054 4061 qua?
2076 3992 2231 4044 habet
2258 3991 2435 4048 homo.
2465 3991 2615 4043 dabit
2641 4005 2743 4057 pro
2771 3992 2969 4043 anima
2997 4004 3100 4042 sua
3126 3988 3262 4054 (Job.
3295 3986 3356 4059 Ι).
3391 3987 3537 4051 Quia

1943 4080 2186 4154 profecto
2215 4079 2504 4134 universos
2555 4084 2776 4133 sanctos
2827 4095 2959 4133 suos
3000 4078 3176 4132 Deum
3206 4078 3273 4131 ad
3308 4078 3411 4132 hoc
3440 4078 3539 4132 de-

1943 4168 2092 4223 disse
2117 4173 2335 4222 constat
2362 4166 2419 4221 in
2449 4167 2736 4238 passiones
2764 4173 2822 4220 et
2850 4183 3141 4238 pressuras
3180 4165 3320 4228 vitae.
3364 4171 3429 4220 ut
3484 4170 3542 4220 et

1942 4258 2191 4330 ipsorum
2250 4263 2418 4328 atque
2469 4255 2719 4311 omnium
2752 4255 2953 4311 animae
3005 4256 3373 4310 salvan-eatur.
3416 4272 3539 4327 quae

1944 4353 2105 4402 erant
2134 4363 2326 4401 eorum
2358 4345 2610 4400 doctrina
2630 4350 2687 4399 ct
2731 4345 2999 4417 exemplis
3028 4345 3341 4400 crediturae.
3373 4346 3453 4400 Ac
3490 4345 3539 4399 si

249 4431 542 4498 acciderit,
573 4433 645 4487 ad
673 4433 896 4488 laudem
926 4440 983 4488 et
1035 4426 1273 4515 gloriam
1305 4435 1547 4491 nominis
1595 4436 1696 4491 Dei
1725 4431 2172 4502 con-Ddiceret,
2223 4436 2445 4507 quando
2499 4440 2753 4489 sanctum
2789 4434 3090 4507 appetebat
3131 4434 3336 4492 virum.
3394 4433 3541 4499 Quid

250 4537 421 4576 versa
440 4521 666 4576 referat.

974 4627 1115 4668 BBTH
1123 4655 1136 4668 .

336 4700 630 4767 Vetustam,
664 4700 866 4772 inquit,
917 4703 1047 4770 fecit
1093 4705 1294 4771 pellem
1324 4718 1503 4757 meam
1554 4707 1603 4757 et
1632 4719 1858 4759 carnem

248 4803 461 4849 meam.
501 4792 766 4844 contrivit
795 4806 914 4871 ossa
943 4807 1085 4845 mea.
1122 4790 1252 4845 Hinc
1282 4806 1525 4861 namque
1573 4808 1673 4845 vox
1702 4793 1858 4864 plan-

244 4877 460 4949 gentis,
506 4877 640 4932 licet
695 4879 895 4950 capitis
924 4896 1047 4935 esse
1076 4879 1349 4939 videatur.
1384 4879 1644 4935 Ecclesiae
1670 4887 1856 4952 potest

249 4981 565 5036 congruere
598 4984 610 5020 :
645 4982 758 5021 non
788 4968 936 5039 quod
997 4968 1254 5023 Christus
1308 4974 1601 5029 vetustate.
1636 4976 1700 5024 ut
1738 4971 1858 5040 jam

250 5071 433 5126 supra
460 5055 592 5121 dixi,
626 5056 859 5111 affectus
905 5056 981 5111 sit
1012 5058 1244 5128 peccati,
1278 5057 1375 5111 sed
1407 5058 1538 5130 quia
1561 5064 1694 5113 sunt
1714 5058 1861 5113 infra

250 5146 378 5215 ejus
395 5160 620 5216 corpus,
646 5162 883 5216 quorum
907 5144 1022 5201 vita
1045 5145 1259 5201 actibus
1283 5145 1594 5201 inveterata
1611 5164 1859 5203 corrum-

251 5234 429 5305 pitur.
463 5249 567 5305 pro
595 5232 797 5304 quibus
824 5235 1002 5305 gemit
1030 5240 1177 5289 recte
1222 5240 1391 5306 caput
1439 5242 1717 5299 nostrum.
1757 5253 1859 5308 ge-

253 5328 425 5377 munt
452 5329 508 5377 et
532 5323 656 5392 ejus
687 5323 874 5378 omnia
904 5323 1192 5378 electionis
1218 5323 1472 5379 membra
1504 5344 1515 5379 :
1549 5326 1684 5396 quia
1712 5326 1857 5380 mul-

252 5416 344 5467 tos
359 5411 555 5467 vident
577 5411 724 5466 infra
746 5413 1044 5469 Ecclesiam
1062 5413 1391 5469 delictorum
1432 5420 1708 5470 vetustate
1733 5431 1862 5470 con-

251 5506 532 5573 sumptos.
576 5500 738 5557 Unde
760 5502 936 5558 David
982 5503 1209 5575 plorans
1264 5503 1425 5576 quasi
1453 5519 1567 5559 una
1590 5504 1659 5558 de
1684 5504 1857 5560 sacris

253 5588 532 5661 pellibus:
568 5591 896 5659 Inveteravi,
936 5590 1139 5666 inquit,
1175 5594 1324 5650 inter
1370 5609 1554 5649 omnes
1604 5596 1858 5649 inimicos

1940 4526 2111 4580 istum
2146 4525 2387 4597 passioni
2419 4542 2483 4579 ac
2512 4524 2917 4579 tentationibus
2945 4524 3081 4578 dare
3124 4523 3383 4589 retrahis,
3407 4540 3536 4578 cum

1940 4616 2228 4670 universos
2251 4622 2472 4669 sanctos
2500 4619 2648 4677 tuos,
2665 4614 2825 4685 quasi
2847 4614 3047 4685 pellem
3070 4630 3169 4684 pro
3188 4614 3329 4685 pelle
3356 4631 3536 4684 quan-

1939 4704 2122 4775 doque
2164 4703 2398 4758 daturus
2429 4708 2512 4757 est
2564 4703 2622 4756 in
2652 4702 2991 4774 passionem,
3026 4710 3083 4756 et
3112 4702 3375 4758 universa
3413 4721 3535 4775 quae

1940 4793 2149 4847 habent
2171 4809 2268 4864 pro
2281 4791 2576 4847 animabus
2592 4792 2821 4845 eorum?
2840 4792 2999 4847 Unde
3021 4792 3153 4863 quia
3180 4798 3340 4847 tanta
3362 4794 3542 4863 gloria

1942 4882 2168 4953 pellium
2204 4881 2559 4952 praedicatur,
2593 4880 2771 4951 gemit
2802 4880 2886 4933 vir
2914 4880 3109 4936 videns
3147 4890 3541 4955 paupertatem

1941 4987 2125 5031 suam.
2159 4970 2413 5033 Christus
2443 4968 2700 5030 videlicet
2726 4974 2783 5023 et
2811 4969 3055 5024 Ecclesia
3080 4989 3089 5024 :
3127 4972 3258 5042 quia
3288 4970 3542 5027 nonnulli

1942 5058 2265 5113 afﬁciuntur
2295 5075 2361 5113 ex
2386 5056 2654 5111 membris
2679 5058 2799 5127 ejus
2848 5064 3125 5113 vetustate
3168 5060 3395 5132 peccati,
3426 5060 3539 5114 imo
3640 5084 3643 5087 λ

1940 5148 2280 5217 generaliter
2306 5146 2812 5218 impraesentiarum
2858 5148 3044 5201 cuncti
3088 5149 3386 5218 tinguntur
3422 5164 3538 5202 sor-

1941 5235 2102 5291 dibus
2132 5236 2342 5307 peccati
2388 5236 2547 5290 Unde
2573 5235 2874 5306 Apostolus
2908 5255 2919 5290 :
2948 5236 3013 5293 Si
3039 5239 3368 5301 dixerimus,
3404 5240 3540 5308 quia

1937 5332 2219 5395 peccatum
2245 5342 2357 5380 non
2369 5326 2648 5389 habemus,
2668 5328 2775 5394 ipsi
2794 5341 2890 5379 nos
2908 5328 3235 5389 seducimus,
3260 5330 3308 5379 et
3339 5328 3542 5383 veritas

1942 5418 2005 5469 in
2024 5416 2175 5468 nobis
2194 5430 2305 5468 non
2345 5420 2419 5469 est
2436 5416 2488 5481 (Ι
2528 5417 2688 5469 Joan.
2709 5428 2774 5470 n.
2800 5413 2944 5480 Quid
2970 5415 3117 5469 enim
3138 5414 3286 5486 quod
3312 5423 3539 5488 peceato

1942 5520 2002 5558 se
2023 5502 2286 5559 intectum
2303 5507 2623 5567 conﬁtetur,
2642 5510 2677 5570 ι
2693 5508 2751 5570 4
2773 5511 2804 5568 |
2822 5510 2884 5568 ὃ
2898 5503 3005 5558 nisi
3037 5510 3313 5560 vetustate
3330 5506 3542 5561 saucia-

1941 5598 2061 5649 tum
2079 5609 2138 5648 se
2155 5592 2512 5665 ingemiscit?
2542 5592 2769 5649 Cunctis
2780 5592 3139 5667 igiturliquet
3157 5595 3537 5669 peccantibus,
