3960 6168
532 316 672 379 1147
1289 319 1346 373 S.
1391 317 1771 375 PASCHASII
1810 308 2171 376 RADBERTI
2208 308 2513 375 ABBATIS
2551 307 3047 376 CORBEIENSIS.
3610 320 3713 380 HIS

530 447 677 521 quod
696 436 890 501 omnes
907 448 1186 499 vetustate
1203 444 1549 511 inﬁciuntur,
1578 458 1643 500 eo
1667 446 1815 518 quod
1837 447 1971 502 vitia
1995 463 2124 520 per-
2141 449 2193 507 Α
2213 451 2477 511 nocentes,
2508 450 2571 499 ut
2610 446 2772 500 edant
2792 462 2986 503 carnes
2997 450 3315 518 mcas(P:al.
3331 451 3483 517 xxvi).
3501 448 3592 506 Per
3612 464 3719 520 quas

528 537 749 593 tineant
764 535 834 589 ad
858 539 1214 593 vetustatem.
1247 534 1483 589 virtutes
1495 551 1624 589 vero
1637 537 1703 589 ad
1719 553 1917 591 novam
1932 537 2119 592 vitam.
2208 534 2474 588 nimirum
2489 549 2703 601 carnes,
2722 537 2975 591 carnales
3002 538 3060 592 in
3076 538 3261 593 anima
3275 538 3486 592 aﬂ'ectus
3501 537 3718 607 designat.

529 626 689 681 Unde
739 631 796 679 et
817 623 1023 677 Paulus
1060 622 1230 677 dicit“:
1267 626 1534 679 Eruentes
1564 642 1652 679 ros
1681 632 1905 681 veterem
1948 628 2127 680 homi-
2209 624 2278 677 ad
2304 640 2443 694 quos
2475 624 2634 694 quasi
2665 625 2732 677 ad
2766 642 2897 679 suas
2922 627 3074 698 leges
3110 626 3361 682 diabolus
3389 627 3654 698 appropiat,
3677 632 3724 681 ut

531 729 651 769 nem
671 729 797 766 cum
820 714 1031 766 actibus
1050 716 1185 777 suis,
1207 718 1253 765 ct
1288 714 1580 766 induentcs
1612 731 1815 767 norum
1852 716 1981 771 (σοι.
2016 719 2121 781 ιιι).
2209 729 2321 777 eos,
2352 713 2406 766 in
2439 713 2640 783 quibus
2666 720 2814 775 sunt,
2848 716 3008 785 quasi
3035 732 3257 770 carnem
3282 716 3442 769 edens
3466 714 3517 769 in
3540 732 3624 769 suo
3639 732 3724 768 con

529 804 714 874 Atque
734 803 939 856 iterum
968 820 979 854 :
1022 803 1168 854 Vetus
1189 803 1525 855 homonostei
1550 804 2034 874 .w'mulcruciﬁJ-us
2052 812 2124 858 cst
2209 818 2343 873 pore
2370 802 2634 872 trajiciat.
2664 802 2877 867 Quibus
2899 805 3146 875 profecto
3170 805 3343 859 finitis
3370 804 3722 875 carnibus,quid

532 894 819 963 (Ilmn.v1I.
853 890 997 955 Quia
1029 891 1296 944 nimirum
1340 896 1616 945 vetustate
1645 893 1847 946 (.hristi
1887 894 2129 947 Ecclesia
2209 891 2357 945 aliud
2390 908 2491 944 nos
2522 908 2689 960 quam
2726 892 2967 964 Spiritus
2996 894 3227 959 erimus,
3269 901 3329 948 ut
3372 893 3497 948 nihil
3523 893 3571 947 in
3593 892 3724 956 nobis,

530 982 800 1036 confecta.
828 981 957 1051 quia
979 982 1212 1034 necdum
1243 981 1744 1052 imprzcsentiarum
1768 982 1888 1036 sine
1911 984 2127 1038 macula
2210 980 2354 1051 quod
2372 980 2518 1034 edat.
2536 980 2781 1051 reperiat
2800 982 3096 1036 inimicus?
3115 983 3221 1036 Sed
3250 982 3377 1053 quia
3406 991 3547 1035 mens
3571 988 3617 1035 et
3637 997 3728 1034 cnn-

533 1075 591 1124 et
613 1086 750 1140 luga
771 1086 890 1123 esse
910 1071 1294 1140 potest(Ep/ws
1347 1080 1418 1137 vi.
1446 1073 1573 1141 jure
1599 1072 1855 1127 Christus
1886 1074 1941 1127 in
1970 1090 2126 1126 men-
2211 1067 2449 1123 scientia
2476 1076 2685 1122 nostra.
2721 1070 3057 1124 intrinsecus
3088 1071 3468 1141 hujuscemodi
3508 1069 3730 1123 allectibus

530 1159 643 1214 bris
659 1161 775 1214 suis
799 1160 1067 1231 plangens
1082 1160 1216 1213 dicit
1239 1179 1250 1213 :
1291 1161 1554 1215 Vetus-tam
1592 1165 1716 1229 fecit
1736 1166 1927 1230 pellem
1952 1180 2127 1216 meam
2214 1159 2464 1230 quotidie
2486 1160 2753 1230 repletur,
2774 1161 2903 1231 quid
2923 1161 3073 1214 aliud
3094 1178 3260 1232 quam
3278 1161 3431 1232 pellis
3445 1160 3730 1214 mortalitatis

533 1254 583 1305 et
613 1266 840 1303 carnim
874 1267 1071 1303 mcam.
1110 1251 1218 1303 Per
1244 1266 1465 1304 carnem
1498 1252 1723 1323 quippe.
1757 1251 1907 1322 vulgi
1939 1253 2131 1306 multi-
2213 1255 2437 1311 nostraa,
2471 1254 2527 1302 et
2554 1265 2683 1304 caro
2727 1249 3132 1305 desideriorum
3164 1251 3487 1313 carnalium,
3521 1253 3731 1302 vetustate

532 1340 688 1404 tudo,
705 1341 788 1393 vel
811 1340 977 1394 etiam
1003 1341 1334 1394 universitas
1353 1340 1499 1394 infra
1526 1342 1733 1395 Christi
1758 1359 1978 1413 corpus,
2000 1359 2132 1413 pro-
2212 1339 2626 1410 corrumpitur?
2651 1341 2930 1400 contrivit,
2964 1338 3167 1409 inquit,
3183 1341 3373 1392 omnia
3400 1354 3507 1391 ossa
3524 1354 3640 1390 mea.
3658 1337 3733 1390 Per

538 1435 665 1502 pter
701 1430 1137 1483 teneritudinem
1182 1431 1511 1501 designatur
1539 1430 1733 1502 plebis.
1769 1431 1925 1486 Unde
1958 1432 2129 1485 David
2213 1446 2339 1483 ossa
2361 1445 2603 1499 namque
2630 1427 2867 1481 virtutes
2908 1427 3108 1482 animm
3143 1428 3579 1482 demonstrantur
3605 1443 3616 1477 :
3641 1424 3733 1496 quia

536 1520 1730 1591 gemenszbumappropiant,inquit,supcr
1750 1538 1834 1574 mc
1866 1527 2127 1586 nocentes,
2214 1518 2358 1573 sicut
2386 1534 2512 1571 ossa
2559 1518 2919 1572 firmamenta
2967 1522 3099 1571 sunt
3151 1517 3419 1588 corporis,
3445 1516 3519 1570 ita
3561 1514 3733 1568 virtutes

534 1612 599 1660 ut
617 1609 987 1662 cdantcarncs
1005 1611 1334 1680 mcas(Psa!.
1373 1616 1538 1676 XXVI).
1577 1609 1840 1679 Alioquin
1871 1610 1977 1663 nisi
2004 1627 2133 1665 caro
2214 1607 2484 1662 fortitudo
2521 1612 2653 1660 sunt
2693 1605 2910 1660 animae.
2939 1605 3152 1670 Quibus
3184 1604 3496 1670 confractis,
3523 1606 3609 1656 aut
3626 1601 3734 1656 oble-

540 1703 726 1750 essent
744 1702 1024 1750 vetustate
1041 1698 1251 1768 peccati
1274 1698 1608 1769 consumpti,
1631 1716 1756 1753 esca
1781 1699 2133 1754 inimicorum
2218 1696 2516 1751 ctamentis
2544 1695 2751 1759 saeculi,
2776 1698 2876 1749 aut
2900 1693 3214 1750 terroribus
3235 1694 3524 1758 minarum,
3550 1696 3631 1746 aut
3643 1690 3733 1746 ullis

537 1803 651 1842 non
682 1790 887 1840 essent.
915 1786 1067 1850 Quos
1087 1786 1306 1857 plangit
1329 1787 1598 1858 propheta
1620 1787 1678 1842 in
1708 1787 1825 1843 suis
1856 1788 2131 1854 lamentis,
2152 1773 2199 1833 Β
2220 1786 2551 1840 insidiarum
2568 1785 2730 1849 dolis,
2747 1789 2897 1838 recte
2918 1784 3135 1856 plangit
3153 1783 3347 1839 anima
3378 1796 3621 1837 mcerens:
3644 1779 3735 1851 quin

540 1875 654 1930 imo
680 1874 937 1930 Christus
976 1880 1146 1947 caput
1187 1882 1244 1929 et
1289 1877 1472 1930 omnis
1505 1877 1625 1947 ejus
1671 1877 1932 1944 Ecclesia,
1975 1879 2135 1949 quasi
2218 1875 2605 1930 contritasunt
2621 1891 2750 1929 ossa
2765 1874 2906 1944 ejus,
2930 1881 3168 1929 etomne
3206 1889 3408 1945 corpus
3423 1873 3534 1943 ejus
3559 1869 3733 1925 interius

536 1981 738 2036 corpus
763 1970 1039 2019 vetustate
1059 1964 1388 2018 delictorum
1410 1979 1786 2037 consumptos.
1808 1967 1876 2021 Et
1889 1967 2095 2037 adjecit
2121 1986 2133 2021 :
2218 1964 2527 2019 exteriusve
2554 1964 2624 2019 ad
2663 1963 2901 2018 nihilum
2948 1968 3229 2019 vetustate
3284 1958 3735 2033 consumptum.Se-

541 2054 813 2109 Contririt
835 2057 1025 2108 omnia
1043 2071 1159 2108 ossa
1186 2071 1324 2108 mea.
1343 2054 1453 2109 Per
1470 2071 1597 2109 ossa
1618 2072 1860 2127 namque
1877 2056 2135 2110 fortiores
2217 2054 2409 2125 quitur
2437 2072 2448 2107 :

538 2144 746 2215 quique
772 2143 1166 2214 intelliguntur
1190 2161 1201 2196 :
1236 2143 1368 2214 quia
1385 2142 1442 2198 in
1470 2144 1728 2215 passione
1745 2144 1948 2200 Christi
1965 2145 2133 2199 etiam
2927 2158 3087 2197 sum.

538 2232 647 2303 ipsi
677 2233 912 2303 apostoli
939 2233 1162 2287 contriti
1195 2240 1345 2299 sunt,
1380 2240 1437 2288 et
1458 2251 1658 2305 pavore
1704 2236 1899 2289 mortis
1933 2234 2128 2303 fugati.
2285 2234 2591 2301 {Ediﬁcarit
2616 2235 2680 2287 in
2701 2247 2839 2300 gyro
2858 2246 2993 2295 meo,
3035 2236 3084 2285 ct
3106 2230 3466 2286 circumdedit
3500 2244 3572 2281 me
3594 2228 3733 2295 fallaci

541 2322 647 2376 Sed
669 2322 815 2393 quod
839 2322 917 2376 ait
936 2324 1050 2377 hac
1069 2324 1448 2377 omniaDeum
1473 2324 1689 2389 fecisse,
1711 2324 1958 2378 insinuat
1980 2325 2134 2394 justo
2216 2325 2418 2378 labore.
2462 2321 2677 2386 Quibus
2722 2321 2966 2393 profecto
2995 2319 3270 2377 versibus.
3297 2320 3456 2389 juxta
3497 2314 3733 2374 historiam.

530 2425 643 2479 ⁵ειιο
672 2411 992 2482 permisisse
1009 2413 1218 2482 judicio
1239 2413 1307 2466 ad
1339 2415 1809 2468 consummandas
1828 2414 2131 2485 passioneS,
2216 2411 2534 2466 ostenditur
2547 2409 2856 2464 Jeremiam
2878 2425 2989 2463 non
3006 2409 3191 2462 minus
3211 2408 3495 2479 deplorare
3512 2401 3734 2475 populisui

541 2506 598 2555 et
611 2500 667 2553 in
683 2501 804 2570 ejus
824 2517 1053 2573 corpore
1065 2503 1335 2556 veraciter
1350 2520 1471 2573 quae
1488 2503 1834 2573 planguntur
1844 2505 2130 2559 accidisse.
2216 2517 2377 2555 casus
2401 2506 2459 2554 et
2474 2498 2717 2562 ruinam,
2729 2514 2897 2569 quam
2914 2502 2971 2551 et
2984 2496 3367 2551 tribulationis
3385 2490 3732 2563 suaesugustias,

539 2589 587 2643 A
616 2589 889 2661 principio
912 2590 1058 2644 enim
1090 2591 1257 2661 hujus
1286 2591 1567 2663 alphabeti
1599 2594 1754 2647 nulla
1803 2594 2137 2648 immutatur
2217 2605 2386 2661 super
2406 2605 2545 2659 quos
2562 2591 2727 2642 vertit
2755 2592 2804 2640 et
2828 2589 3094 2640 convertit
3109 2602 3350 2639 manum
3367 2600 3515 2638 suam
3534 2583 3646 2636 Deus
3664 2582 3735 2632 tota

540 2695 799 2751 persona,
825 2680 919 2734 sed
951 2681 1062 2734 alia
1087 2682 1311 2752 quidem
1346 2681 1563 2747 horum,
1600 2689 1663 2736 ut
1692 2683 1825 2739 dixi.
1860 2683 1928 2737 ad
1969 2689 2138 2754 caput
2217 2681 2322 2741 die,
2356 2684 2419 2731 ut
2466 2677 2815 2748 experiretur
2841 2680 3031 2730 utrum
3089 2691 3223 2730 eum
3269 2674 3425 2746 sequi
3453 2671 3643 2725 vellent.
3666 2668 3737 2721 Pro

540 2769 825 2841 pertinent
849 2788 861 2835 ;
904 2770 1013 2823 alia
1041 2786 1168 2823 vero
1206 2770 1272 2823 ad
1298 2787 1517 2841 corpus,
1550 2778 1614 2825 ut
1649 2789 1894 2842 praesens
1923 2789 2135 2835 versus,
2219 2767 2602 2838 quibusetiam
2622 2766 2782 2836 pellis
2802 2770 2858 2818 et
2877 2781 3008 2819 caro
3024 2765 3286 2819 Jeremiae
3317 2764 3504 2816 affecta
3525 2764 3597 2814 est
3621 2758 3736 2815 tame.

539 2858 805 2929 quoniam
838 2858 894 2912 in
923 2860 1145 2913 Christo
1168 2876 1348 2929 neque
1378 2859 1615 2913 interius
1645 2870 1743 2914 aut
1760 2861 2003 2914 exterius
2025 2861 2139 2914 ulla
2220 2856 2380 2927 quasi
2432 2860 2708 2909 vetustate
2762 2853 3093 2929 senectutis
3124 2854 3396 2914 confecta,
3426 2857 3576 2921 atque
3609 2842 3737 2900 omnis

540 2956 788 3003 vetustas
820 2947 1028 3018 peccati
1060 2947 1266 3016 attigit,
1314 2964 1495 3018 neque
1552 2965 1613 3001 os
1661 2950 1781 3016 ejus
1835 2948 2134 3003 contritum
2219 2946 2376 3015 vigor
2448 2944 2639 3016 populi
2714 2944 2916 2997 malleo
2986 2942 3333 3015 percussoris
3403 2937 3736 2994 comminatus.

539 3038 710 3091 fuisse
732 3036 1020 3106 probatur,
1036 3036 1130 3089 sed
1162 3037 1277 3090 haec
1305 3036 1362 3089 in
1394 3036 1658 3089 membris
1688 3037 1985 3105 contigisse
2009 3040 2137 3107 jure
2218 3034 2300 3087 ita
2328 3040 2392 3088 ut
2415 3035 2573 3088 nulla
2602 3034 2659 3086 in
2709 3032 2790 3086 eis
2820 3031 3153 3086 remanserit
3199 3031 3379 3085 virtus
3418 3019 3739 3082 bellandi.Sed

541 3126 907 3196 planguntur,
924 3140 989 3177 eo
1011 3124 1159 3194 quod
1184 3125 1420 3178 interius
1436 3131 1492 3178 et
1520 3125 1784 3183 exterius.
1810 3127 1976 3179 etiam
1993 3144 2138 3196 quze-
2155 3132 2198 3191 ε
2220 3130 2276 3177 et
2303 3140 2450 3177 nunc
2480 3122 2825 3177 obsidionem
2860 3120 3077 3192 plangit
3102 3120 3476 3180 inimicorum,
3516 3115 3625 3169 dum
3650 3110 3736 3163 ait:

543 3230 651 3284 que
679 3210 867 3278 fortia,
902 3212 1142 3266 contrita
1170 3213 1226 3267 in
1259 3214 1377 3282 ejus
1405 3230 1635 3285 corpore
1659 3221 1715 3268 et
1736 3221 2007 3269 vetustate
2040 3217 2138 3270 de-
2221 3214 2525 3279 {Ediﬁcavit
2566 3215 2627 3265 in
2656 3228 2793 3280 gyro
2819 3227 2949 3267 meo.
2975 3210 3132 3274 Quod
3163 3215 3225 3263 et
3254 3208 3514 3264 Dominus
3542 3204 3593 3257 in
3619 3201 3739 3255 Eran-

542 3302 2138 3373 lictorumc’onsumptavideantur.PraetereaetJeremias
2218 3301 2365 3373 gelio
2430 3300 2585 3373 prius
2650 3300 2968 3364 deﬂeverat,
3037 3298 3234 3352 dicens
3285 3315 3297 3352 :
3352 3295 3415 3351 Si
3477 3292 3735 3360 cognorim:

542 3408 653 3447 non
680 3391 1047 3446 minusinilla
1064 3392 1770 3464 primacaptivitate.quam
1804 3393 1970 3447 etiam
2005 3400 2061 3448 et
2081 3394 2139 3448 in
2233 3399 2266 3457 Ι
2286 3397 2340 3454 4
2364 3398 2395 3454 |
2418 3396 2467 3455 θ
2512 3396 2558 3443 ct
2588 3395 2646 3443 tu
2685 3408 2702 3453 ;
2751 3404 2816 3443 ac
2844 3388 2891 3442 si
2919 3387 3129 3441 diceret
3161 3406 3173 3441 :
3204 3386 3272 3443 Si
3298 3386 3598 3454 cognovisse:
3635 3375 3737 3429 mala

543 3481 785 3537 secunda
837 3481 973 3536 talia
1017 3482 1414 3536 sceleratorum
1466 3499 1529 3536 ex
1588 3499 1756 3537 causa
1796 3485 2134 3554 provenisse,
2222 3496 2340 3549 qua
2369 3483 2689 3537 imminent.
2724 3483 2772 3532 et
2803 3483 2861 3531 tu
2893 3493 3104 3547 quoque
3125 3480 3285 3547 ﬂeres
3308 3494 3325 3529 :
3346 3475 3471 3543 quia
3495 3464 3738 3554 circa:th

543 3577 737 3644 aperte
750 3573 975 3643 plorans
990 3588 1395 3626 connumerare
1415 3551 1833 3626 videtur.Porro
1854 3573 2142 3627 moraliter
2225 3572 2361 3624 bunt
2392 3574 2447 3622 ιθ·
2470 3570 2695 3621 inimiti
2729 3570 2814 3620 tui
2842 3569 3005 3629 ratio,
3034 3572 3082 3619 et
3105 3563 3534 3632 coangustabunt
3563 3563 3615 3620 te,

541 3642 822 3734 peccatrix
846 3661 1055 3725 anima,
1089 3658 1292 3715 merito
1340 3661 1509 3715 deﬂet
1540 3666 1872 3715 vetustatem
1907 3678 2137 3715 suorum
2225 3661 2808 3711 torramconsternent
2829 3661 2874 3708 te
2888 3660 2936 3707 et
2967 3670 3078 3708 non
3104 3642 3737 3737 relinquentintelapidefi

544 3731 839 3817 scelerum,
894 3751 973 3805 ita
1018 3752 1241 3807 dieens:
1290 3752 1555 3804 Vitustam
1584 3752 1711 3818 fecit
1736 3754 1928 3818 pellem
1964 3767 2139 3804 meum
2198 3751 2386 3816 “super
2419 3747 2652 3815 lapidem
2684 3746 2827 3809 (Luc.
2865 3743 2996 3812 XIX),
3028 3742 3244 3796 scilicet
3272 3739 3454 3796 omnia
3476 3731 3735 3790 defensionis

542 3847 589 3896 et
621 3857 845 3896 carnem
873 3858 1071 3896 meam.
1102 3841 1296 3911 Neque
1329 3839 1475 3893 enim
1510 3839 1801 3911 pluraliter
1831 3840 2021 3910 pelles,
2045 3840 2141 3894 sed
2225 3836 2555 3890 munimina.
2589 3834 2825 3889 interius
2869 3832 3178 3887 exteriusve
3222 3830 3480 3902 dejicient
3505 3833 3554 3879 et
3587 3821 3736 3888 disper-

541 3933 741 4004 pellem
767 3931 1146 4003 singulariter,
1164 3910 1441 3985 vetustate
1459 3910 1718 3984 infectam
1739 3928 2139 3998 lugensgemit,
2225 3925 2377 3979 dent.
2412 3925 2554 3978 Hinc
2582 3940 2803 3994 quoque
2833 3928 2916 3977 est
2948 3922 3095 3993 quod
3125 3920 3293 3974 modo
3324 3916 3571 3990 propheta
3590 3910 3732 4004 luget:

541 3995 650 4095 qua
681 3995 1142 4094 primibomines,
1176 4020 1386 4092 expulsi
1411 4036 1444 4073 a
1492 4018 1769 4090 paradiso,
1801 3995 1934 4071 sunt
1950 3995 2143 4073 induti
2224 4017 2530 4083 xEdiﬁcacit
2569 4016 2631 4067 in
2656 4029 2793 4081 gyro
2840 4028 2975 4078 meo,
3002 4016 3051 4065 et
3083 4010 3445 4065 circumdedit
3480 4019 3555 4056 me
3702 3995 3734 4096 εξ

544 4083 698 4178 (Gen:
719 4111 821 4178 ιιι).
843 4112 1042 4165 Merito
1064 4083 1339 4181 siquidem
1373 4083 1677 4164 multorum
1724 4124 1838 4162 una
1865 4116 1951 4162 est
1980 4108 2140 4179 pellis
2225 4106 2431 4159 labore.
2464 4102 2623 4167 Quod
2671 4108 2757 4156 est
2793 4100 2976 4154 dicere
3011 4095 3428 4154 :Circumdedit
3454 4108 3551 4157 me,
3579 4083 3730 4181 scillfet

539 4172 819 4253 vetustate
840 4200 1056 4253 fuscata
1087 4218 1098 4252 :
1130 4172 1275 4270 .quia
1306 4199 1619 4253 mortalitas
1649 4199 1839 4270 procul
1864 4172 2035 4251 dubio
2070 4198 2139 4251 li-
2221 4193 2486 4265 p0pulum
2517 4191 2703 4261 gentis
2732 4206 2870 4244 meae
2888 4188 3252 4243 tribulatione
3284 4172 3730 4273 miseriarnlnfjla'

542 4303 672 4340 vore
730 4288 939 4358 peccati
981 4294 1286 4351 contracta,
1308 4288 1819 4359 praevaricationem
1847 4287 2013 4358 primi
2043 4286 2140 4340 ho-
2224 4283 2354 4337 bore
2385 4281 2805 4353 angustiarum:
2838 4296 2949 4333 non
2976 4279 3162 4332 minus
3184 4277 3243 4332 in
3259 4274 3491 4331 secunda
3516 4263 3730 4359 obsidioni!

542 4373 731 4439 minis,
765 4391 879 4429 una
894 4391 1088 4429 omnes
1108 4376 1327 4429 vestivit
1340 4377 1668 4431 delictorum
1691 4383 1747 4430 et
1778 4376 1972 4430 mortis
2001 4393 2133 4429 con-
2153 4373 2504 4448 hsceleratae
2527 4369 2786 4435 civitatis,
2838 4385 3004 4440 quam
3033 4373 3088 4422 et
3118 4368 3174 4420 in
3206 4366 3403 4438 prima.
3429 4359 3521 4416 sub
3548 4370 3637 4448 qua
3653 4350 3729 4448 {an

539 4466 846 4537 spersione.
894 4481 1005 4536 qua
1041 4480 1152 4518 non
1204 4464 1387 4518 minus
1408 4473 1465 4519 et
1505 4472 1539 4529 |
1557 4472 1614 4530 4
1638 4474 1667 4527 Ι
1684 4472 1747 4529 ει
1774 4481 1901 4518 caro
1925 4465 2133 4536 peccati
2152 4440 2275 4517 “et
2299 4463 2416 4533 ipse
2436 4459 2708 4516 Jeremias
2739 4476 2773 4512 a
2792 4458 2998 4530 pepulo
3028 4456 3204 4510 nimia
3228 4455 3406 4510 cordis
3433 4440 3729 4542 amaritudine

543 4557 808 4624 exterius,
835 4572 1000 4627 quam
1020 4562 1076 4610 et
1094 4554 1189 4608 illa
1203 4554 1408 4616 omnia,
1426 4572 1547 4625 qum
1576 4555 1719 4608 infra
1737 4554 2134 4608 conscientiam
2216 4560 2466 4610 vexatus.
2485 4549 2653 4604 etiam
2678 4554 2736 4603 et
2759 4564 2859 4619 pro
2882 4546 3083 4619 populo
3109 4546 3300 4600 labore
3320 4529 3726 4627 tribulationis

539 4617 826 4716 teguntur,
851 4617 1265 4701 commaculata
1288 4646 1417 4716 jure
1429 4617 1790 4716 planguntur.
1810 4644 1967 4699 Unde
1984 4644 2133 4697 Psal-
2219 4641 2420 4696 ﬂictus.
2440 4638 2664 4694 Interea
2692 4617 2941 4709 mjrstice.
2957 4617 3164 4691 Christi
3185 4632 3424 4689 Ecclesia
3435 4632 3565 4683 recte

542 4735 726 4799 mista,
753 4736 912 4807 quasi
928 4754 1057 4790 voce
1084 4715 1313 4791 humani
1329 4715 1552 4806 generis
1576 4715 1833 4805 loquens,
1854 4733 2002 4787 inter
2026 4749 2141 4787 ma-
2222 4732 2333 4785 imo
2347 4727 2671 4785 Christusin
2702 4725 2967 4781 membris
2981 4725 3118 4790 suis,
3135 4717 3517 4796 quiaetipsein
3537 4715 3729 4807 μεξξὶῗξτξ

542 4793 969 4895 lignosspiritus
989 4793 1399 4897 deprehensus:
1424 4793 1751 4888 Inveterdvi,
1773 4793 1976 4894 inquit,
1994 4825 2141 4876 inter
2222 4819 2631 4892 deprehensus:
2660 4793 3472 4883 Tradz‘tuxsum,inquit,etnon

547 4931 731 4970 omnes
778 4918 1034 4969 inimicos
1083 4934 1223 4971 meos
1252 4920 1413 4975 (Psal.
1450 4931 1503 4971 vi
1535 4957 1546 4969 .
1579 4917 1626 4970 A
1673 4916 1889 4969 fervore
1932 4912 2140 4967 etenim
2219 4912 2388 4979 (Psal.
2411 4914 2676 4973 Lxxxvu).
2712 4904 2987 4970 Quoniam
3013 4901 3441 4993 coaediﬁcaverat
3465 4892 3725 4993 cei-paterin

546 5004 753 5059 mentis
774 5003 921 5057 inter
939 5004 1257 5075 spirituales
1294 5004 1567 5069 inimicos,
1592 5005 1674 5059 vel
1711 5006 1859 5059 inter
1887 5003 2143 5056 carnales
2223 5015 2362 5071 gyro
2379 4996 2746 5061 obsidionem,
2765 4993 3127 5066 quandocum
3141 4990 3375 5045 armiset
3395 4980 3724 5075 fustibus-802’

546 5110 797 5168 quosque
829 5055 1127 5165 proximos.
1159 5094 1346 5165 aliquo
1397 5055 1567 5149 modo,
1605 5092 1959 5149 usu‘vivendi
2000 5098 2142 5145 vete-
2223 5055 2431 5144 :Juda
2449 5082 3283 5155 traditum.apprehenderunt:
3313 5082 3368 5168 et
3386 5090 3450 5129 ne

550 5144 793 5168 1""1"'
829 5144 1127 5165 [7""“""
1162 5144 1339 5165 ““”“Ἰ’⁷⁷
1398 5144 1553 5149 """'
1610 5144 1709 5149 "V"
1758 5144 1791 5147 "
1838 5144 1957 5147 ""”
2042 5144 2050 5145 ί
2104 5144 2107 5145 ⁷
2793 5144 2848 5155 ιι

543 5183 838 5249 rasc'imus,
873 5189 1175 5253 assumpta:
1224 5184 1485 5238 novitatis
1542 5184 1779 5255 speciem
1834 5182 2139 5237 fuscamus.
2225 5195 2378 5249 gere,
2408 5177 2649 5230 vinctum
2669 5191 2797 5229 eum
2820 5173 2888 5226 ad
2906 5160 3558 5243 praesidempenluxerunt

545 5274 567 5281 _
590 5275 605 5281 -
646 5275 658 5281 -
1054 5272 1088 5281 ..
1130 5273 1139 5281 .
1268 5272 1279 5281 .
1420 5274 1488 5281 .-..
1627 5279 1631 5281 .
1782 5272 1803 5281 -
1864 5273 1895 5281 ._
2014 5272 2047 5281 ..
2357 5276 2363 5281 .
2428 5266 2468 5281 Λ
2615 5265 2625 5275 ι
2696 5264 2706 5275 ·
2748 5279 2757 5281 _
2791 5279 2831 5281 ,μ
2866 5279 2889 5281 η
2912 5260 2997 5281 ,II_
3059 5259 3442 5281 ‘2----_.-..n4nn
3489 5257 3602 5281 ηιιρς

545 5230 838 5249 ’πνη--ν-νν
874 5230 1174 5253 *τ’-η--ι-’νν
1224 5230 1291 5237 --ν
1332 5230 1484 5238 -νκν-’σ
1542 5230 1778 5255 Ἴων-νην
1836 5230 2138 5237 ---"—"-——~
2225 5230 2311 5249 οη
2342 5230 2377 5242 ίι
2906 5230 2922 5243 ι
3215 5230 3229 5241 ι
3605 5237 3614 5248 ,

545 5274 760 5332 Idcirco
784 5289 1015 5346 gemens
1036 5272 1171 5326 dicit
1190 5272 1394 5326 anima.
1420 5274 1734 5343 [Vetustam
1776 5272 1905 5326 fecit
1944 5272 2142 5343 pellem
2229 5276 2390 5321 XXVIl.
2426 5266 2546 5330 Quo
2572 5264 2839 5319 nimirum
2864 5260 3004 5315 vallo
3053 5230 3688 5346 circumseptusuuafl“?

546 5380 731 5418 meam
748 5329 819 5418 et)
840 5379 1063 5417 carnem
1085 5362 1459 5430 meam,]dum
1483 5363 1602 5431 ejus
1622 5362 1958 5416 conscientia
1986 5359 2146 5431 quasi
2229 5353 2622 5410 amaritudinis
2652 5359 2707 5407 et
2724 5351 2915 5405 labore
2940 5346 3310 5403 tribulationis
3326 5329 3725 5436 afﬂigitur“):

551 5452 795 5509 exterius
834 5459 895 5506 ut
913 5452 1072 5525 pellis
1099 5419 1538 5517 inveteratumevt
1557 5452 1739 5505 omnis
1769 5451 1887 5521 ejus
1913 5419 2147 5504 interius
2231 5446 2380 5500 nitas
2410 5442 2636 5499 Christi.
2674 5442 2742 5496 Et
2782 5440 2888 5494 hoc
2909 5446 2993 5493 est
3021 5438 3203 5492 dicere
3228 5458 3238 5488 :
3270 5424 3543 5497 (ﬁdi/leaf“
3564 5419 3722 5525 ίςιίνᾷθ

549 5543 717 5599 decor
745 5543 904 5616 quasi
933 5560 1062 5597 caro
1084 5548 1347 5614 corrupta
1369 5539 1499 5595 tabo
1533 5541 1747 5613 peccati
1775 5539 2143 5596 consumitur.
2234 5533 2526 5598 mco.Quia
2543 5549 2607 5586 ex
2634 5531 2758 5603 ipsa
2782 5528 3072 5584 οδδίάίοηθ
3098 5532 3426 5616 “maiorum
3449 5508 3721 5616 θιξφξξζῗξῖ

2234 5590 2619 5693 hendehtium,
2642 5590 2883 5679 traditus
2914 5623 2998 5676 est
3024 5617 3094 5674 ad
3121 5613 3437 5690 passionem,
3456 5590 3718 5659 ubi‘Cib'm‘
