3960 6168
252 253 277 312 1
292 226 391 312 1‘49

904 252 1285 311 exposmo
1324 256 1402 311 IN
1440 257 2046 321 LAMENTATIONES
2083 256 2437 315 JEREMUE.
2480 288 2544 301 —
2581 257 2719 313 LIB.
2762 256 2866 313 III.

3380 226 3521 315 ilso
3562 226 3568 230 ’

251 382 337 435 est
353 369 480 433 felle
514 372 911 433 amaritudinis
950 382 1008 433 et
1043 378 1233 435 labore
1260 380 1654 439 tribulationis.
1687 385 2224 458 UndeApbetarum
2256 401 2322 438 ex
2361 400 2465 439 sua
2505 383 2767 454 passione
2811 379 2944 433 facti
2985 366 3154 449 hujus
3195 379 3519 435 vaticinium

248 474 306 523 et
327 469 386 523 in
414 468 718 522 Psalmista
749 486 760 520 :
795 469 1089 535 Dedcrunt,
1120 470 1320 541 inquit,
1357 475 1420 526 in
1448 490 1623 528 escam
1670 493 1845 529 meam

247 559 402 626 fel,et
423 560 485 611 in
501 561 601 611 siti
611 562 937 625 potaverunt
954 575 1035 612 me
1049 566 1195 613 aceto
1215 561 1382 628 (Psat.
1413 566 1620 630 vam).
1646 563 1757 618 Per
1776 564 1845 617 fel

249 646 456 717 quippe
484 645 669 699 omnis
697 645 1012 701 amaritudo
1039 648 1313 718 passionis
1333 650 1566 705 interius
1595 652 1849 723 designa-

246 738 361 797 tur,
397 740 460 789 ut
496 751 598 806 per
623 734 867 789 laborem
901 737 1144 791 exterior
1169 739 1227 792 in
1257 756 1424 794 carne
1443 741 1732 795 tribulatio
1758 759 1848 795 ex-

247 824 517 895 primitur
548 842 560 877 :
596 832 661 878 ut
700 824 921 895 integra
964 828 1150 896 passio
1192 828 1399 883 Christi
1444 831 1501 884 in
1531 848 1761 902 corpore
1794 837 1851 885 et

246 914 440 967 anima
468 913 818 983 intelligatur
850 933 861 967 :
888 916 1151 986 quoniam
1183 925 1239 971 et
1258 935 1358 988 pro
1387 919 1545 974 nobis
1576 920 1727 974 intus
1756 921 1851 975 do-

244 1003 372 1064 luit,
408 1009 465 1057 et
494 1004 738 1057 exterius
781 1003 838 1058 in
882 1020 1048 1059 carne
1087 1023 1213 1061 vere
1254 1025 1449 1078 passus
1478 1009 1601 1063 fuit.
1637 1010 1849 1075 Quibus

244 1093 496 1165 profecto
528 1092 878 1163 passionibus
908 1095 1089 1149 adhuc
1118 1097 1366 1166 quotidie
1390 1098 1444 1151 in
1474 1114 1639 1152 carne
1664 1116 1768 1153 sua
1796 1106 1854 1154 et

245 1182 304 1235 in
335 1181 602 1235 membris
633 1183 767 1245 suis,
800 1183 1011 1238 scilicet
1048 1185 1106 1238 in
1155 1186 1398 1240 Ecclesia
1435 1187 1649 1258 patitur
1683 1208 1693 1242 :
1722 1189 1855 1260 quia

246 1270 319 1325 de
350 1287 535 1335 carne,
565 1288 688 1343 qua:
720 1278 776 1326 et
805 1273 874 1326 de
910 1272 1127 1328 ossibus
1156 1276 1278 1344 ejus
1310 1276 1429 1346 ipsa
1455 1276 1748 1341 formatur,
1792 1286 1856 1333 ut

246 1359 547 1430 compleat,
576 1359 636 1414 in
665 1377 726 1414 se
753 1377 817 1414 ea
845 1377 967 1431 quae
996 1362 1203 1416 desunt
1231 1363 1583 1434 passionibus
1621 1366 1849 1422 Christi.

246 1444 336 1503 Ex
367 1448 569 1519 quibus
587 1449 834 1519 profecto
854 1450 1207 1520 passionibus
1231 1461 1288 1505 et
1309 1454 1601 1523 pressuris,
1617 1456 1851 1527 plangit,

1928 476 2183 548 explevit.
2211 475 2370 529 Unde
2407 473 2574 538 idem,
2597 473 2709 526 imo
2747 470 3015 525 Dominus
3040 486 3137 541 per
3165 485 3313 533 eum,
3351 471 3414 523 in
3445 475 3520 523 tc-

1931 567 2166 618 nebrosis
2196 565 2475 618 collocavit
2509 579 2609 629 me,
2628 560 2831 632 inquit.
2861 560 3021 624 Quod
3047 576 3182 614 sane
3210 559 3523 612 lamentum

1928 653 2108 723 magis
2125 653 2193 707 ad
2216 657 2401 723 caput,
2420 669 2586 714 quam
2606 651 2675 704 ad
2701 652 2950 703 membra
2968 648 3247 719 pertinere
3269 648 3488 715 videtur
3507 666 3517 702 :

1930 743 2062 814 quia
2092 759 2192 813 pro
2231 742 2391 795 nobis
2422 748 2673 794 mortuus
2721 751 2825 802 est,
2869 739 2962 792 sed
2997 754 3107 791 non
3147 756 3247 809 pro
3291 737 3526 792 mortuis

1930 832 2116 886 saeculi
2144 832 2307 903 :quia
2331 830 2533 884 mortui
2556 830 2761 891 saeculi,
2788 824 3097 881 mercedem
3122 827 3399 897 recipiunt
3423 826 3527 880 ini-

1933 921 2162 991 quitatis
2193 938 2305 975 suae
2336 928 2393 974 et
2419 928 2651 973 mortem
2688 918 2793 972 sibi
2820 918 3034 971 ducunt
3063 934 3125 969 ex
3157 915 3365 985 peccati
3399 932 3525 985 pro-

1932 1013 2135 1085 pagine
2168 1032 2178 1065 :
2215 1012 2471 1065 Christus
2500 1028 2627 1064 vero
2676 1010 2824 1062 venit
2864 1009 2921 1062 in
2951 1008 3317 1062 similitudine
3345 1006 3529 1061 carnis

1934 1100 2143 1173 peccati
2169 1103 2337 1163 (Rom.
2386 1115 2484 1153 vm
2514 1143 2525 1153 .
2576 1098 2786 1154 Idcirco
2823 1097 3186 1151 similitudine
3229 1098 3528 1151 collocatus

1934 1191 1993 1245 in
2027 1190 2288 1246 tenebris.
2320 1190 2491 1243 traxit
2518 1190 2586 1242 de
2608 1194 2784 1242 morte
2806 1192 3114 1258 peccatum.
3132 1187 3289 1240 Unde
3309 1187 3532 1257 signan-

1934 1287 2023 1335 ter
2046 1281 2126 1333 ait
2164 1299 2174 1333 :
2208 1279 2497 1334 Collocavit
2532 1295 2613 1331 me
2639 1281 2700 1330 in
2736 1277 3045 1337 tenebrosis,
3094 1279 3254 1345 quasi
3286 1282 3529 1328 mortuos

1936 1372 2311 1439 sempiternos.
2372 1367 2544 1432 Quasi
2594 1366 2817 1437 quidem
2868 1366 2999 1420 licet
3039 1381 3166 1418 vere
3214 1371 3466 1418 mortuus
3515 1383 3525 1417 :

1949 1466 1986 1526 ι
2002 1464 2061 1525 4
2082 1465 2111 1523 Ι
2128 1463 2194 1523 9
2223 1458 2353 1529 quia
2375 1456 2463 1511 die
2480 1456 2646 1509 tertia
2669 1456 2930 1519 surrexit,
2963 1461 3020 1508 et
3041 1471 3151 1507 non
3172 1453 3230 1507 in
3247 1453 3536 1523 sempiter-

246 1536 447 1591 dicens
479 1555 493 1592 :
520 1539 826 1605 Ai'diﬁcavit
852 1542 914 1593 in
946 1556 1085 1608 gyro
1114 1557 1247 1607 meo,
1291 1548 1341 1596 et
1380 1546 1739 1599 circumdedit
1772 1562 1857 1600 me
1938 1564 2072 1602 num
2106 1546 2313 1618 repulit
2344 1563 2470 1600 eum
2496 1544 2788 1599 Dominus.
2819 1544 3135 1598 Collocutus
3154 1549 3341 1596 autem
3368 1548 3452 1596 est
3478 1542 3536 1596 in

246 1627 381 1695 felle
406 1631 456 1679 et
485 1627 686 1693 labore,
720 1628 985 1699 quoniam
1022 1628 1547 1701 impraesentiarum,
1599 1634 1856 1690 omnibus
1938 1635 2201 1697 tenebris,
2238 1642 2510 1707 tanquam
2532 1633 2591 1687 in
2622 1632 2861 1694 inferno,
2891 1638 3161 1702 tanquam
3182 1632 3239 1685 in
3260 1631 3536 1702 sepulcro,

248 1712 483 1770 obsessa
512 1715 695 1784 malis,
745 1717 802 1771 in
844 1718 1028 1773 medio
1073 1719 1403 1791 laqueorum
1442 1722 1712 1791 ambulat,
1762 1711 2208 1796 ubiBtanquam
2238 1723 2297 1778 in
2330 1724 2607 1795 passione,
2630 1722 2791 1793 quasi
2821 1722 3027 1776 mortui
3059 1720 3385 1792 sempiterni
3411 1720 3539 1774 :sed

248 1804 417 1859 sedes
447 1810 532 1859 est
562 1805 802 1861 Satanae.
829 1806 972 1862 Hinc
997 1813 1083 1863 est
1098 1810 1246 1880 quod
1264 1809 1656 1867 haereticorum
1687 1830 1856 1885 quam
1938 1816 2118 1870 factus
2142 1820 2227 1869 est
2262 1815 2408 1868 sicut
2432 1814 2598 1867 homo
2629 1812 2749 1866 sine
2794 1810 3076 1882 adjutorio
3106 1810 3254 1864 inter
3284 1815 3535 1864 mortuos

249 1910 404 1965 saepe
437 1894 679 1949 valletur
705 1896 970 1963 exercitu,
1010 1904 1067 1952 et
1112 1898 1264 1953 intus
1309 1899 1576 1956 falsorum
1616 1904 1856 1958 fratrum
1939 1906 2082 1960 liber
2113 1905 2275 1974 (Psal.
2308 1901 2572 1972 Lxxxvu).
2606 1900 2774 1955 Liber
2803 1900 3051 1971 quidem,
3085 1900 3217 1970 quia
3258 1898 3378 1952 sine
3407 1915 3538 1969 pec-

249 1981 549 2053 aﬁligitur,
583 1990 640 2038 et
664 1985 1229 2056 repleturlaboribus,
1258 2006 1323 2044 ac
1350 1989 1396 2044 si
1425 1990 1554 2045 felle
1583 1993 1856 2047 amaritu-
1940 2000 2062 2049 cato
2106 1993 2229 2056 fuit,
2264 1997 2562 2063 propterea
2590 1990 2660 2045 de
2706 1989 2953 2045 tenebris
2982 1989 3090 2043 cito
3130 1988 3201 2042 ad
3245 1988 3416 2041 vitam
3444 1988 3540 2042 lux

249 2070 426 2125 diuis.
451 2072 571 2136 Quo
593 2071 859 2128 nimirum
879 2074 1233 2137 felle,Simon
1253 2078 1343 2132 ille
1366 2080 1561 2151 Magus
1575 2082 1851 2152 perfusus,
1940 2082 2127 2138 rediit.
2160 2082 2426 2153 Expletur
2449 2087 2639 2135 autem
2668 2080 2756 2133 his
2784 2078 2965 2133 tribus
2994 2076 3242 2131 versibus
3273 2077 3414 2131 Beth
3443 2076 3539 2131 lit-

250 2161 414 2215 omni
444 2167 754 2217 commotus
784 2163 1097 2235 impietate,
1132 2167 1247 2221 zelo
1274 2167 1493 2222 invidia}
1526 2170 1860 2225 moliebatur
1940 2179 2063 2228 tera
2083 2188 2205 2242 quae
2226 2170 2531 2224 secundum
2554 2169 2719 2223 aliam
2743 2167 3541 2239 interpretationem,confusio

252 2248 471 2306 Christi
511 2251 833 2337 subvertere
864 2253 1184 2326 discipulos,
1232 2262 1288 2311 et
1328 2257 1627 2313 Ecclesium
1659 2261 1859 2314 electo-
1941 2262 2347 2332 interpretatur
2390 2265 2451 2312 ut
2481 2259 2554 2312 sit
2578 2275 2795 2311 sensus.
2831 2256 2989 2321 Quod
3020 2256 3202 2309 omnis
3232 2255 3328 2326 qui
3358 2255 3427 2307 ad
3448 2271 3542 2308 ve-

250 2357 387 2400 mm
414 2347 453 2406 Ι
472 2347 525 2405 4
547 2349 577 2407 Ι
599 2348 657 2407 8
680 2342 781 2397 Dei
800 2359 1178 2416 corrumpere.
1205 2346 1345 2400 Hinc
1366 2364 1587 2419 quoque
1606 2351 1749 2420 quod
1775 2367 1864 2403 ex-
1944 2356 2212 2405 tustatem
2247 2348 2471 2413 decidit,
2497 2348 2691 2401 fractis
2721 2345 2948 2404 viribus.
2990 2344 3278 2398 obsidione
3304 2343 3545 2397 vallatur

248 2434 514 2510 terorum
544 2436 714 2501 atque
743 2439 1163 2501 persecutor-um
1187 2435 1525 2505 Opprimitur
1551 2437 1855 2508 suppliciis,
1945 2438 2162 2509 antiqui
2193 2438 2389 2499 hostis,
2424 2444 2481 2491 et
2508 2437 2636 2491 felle
2669 2436 2818 2489 intus
2850 2434 3099 2505 repletur
3127 2432 3541 2487 amaritudinis.

251 2517 393 2572 hinc
413 2519 561 2590 quod
584 2520 1007 2576 oblectamentis
1032 2523 1217 2577 saeculi
1241 2525 1407 2595 hujus
1450 2534 1506 2579 et
1535 2543 1720 2580 rerum
1744 2545 1863 2598 per—
1945 2527 2157 2590 Quibus
2188 2528 2433 2597 profecto
2484 2524 2767 2579 laboribus
2808 2524 3231 2593 circumseptus,
3274 2539 3383 2592 quo
3412 2521 3548 2576 alibi

249 2608 545 2662 mulcetur
570 2607 875 2674 blanditiis,
910 2619 1185 2681 quatenus
1218 2614 1303 2667 his
1332 2614 1625 2681 oblectata,
1655 2618 1861 2689 sempi-
1943 2615 2159 2670 locatus
2206 2632 2375 2687 quam
2416 2616 2474 2669 in
2521 2613 2863 2677 confusione,
2922 2612 3134 2666 scilicet
3177 2611 3233 2665 in
3276 2609 3543 2677 tenebris,

249 2697 441 2752 ternis
464 2698 758 2752 fraudetur
788 2698 965 2756 bonis.
1001 2700 1143 2755 Hinc.
1171 2701 1312 2756 dolis
1341 2703 1583 2758 hostium
1617 2706 1863 2776 quotidie

251 2786 627 2841 invisibilium
659 2789 1018 2859 propulsatur
1047 2796 1105 2844 et
1132 2791 1443 2851 fraudibus,
1472 2793 1776 2860 intantum,
1802 2801 1867 2849 ut

250 2876 388 2930 felle
411 2875 675 2931 videatur
702 2877 903 2948 repleri
928 2879 1202 2945 mceroris,
1235 2887 1292 2934 et
1319 2881 1602 2937 laboribus
1633 2884 1865 2938 tribula-

250 2967 506 3021 tionum.
539 2966 607 3022 Et
633 2967 759 3022 ideo
778 2968 971 3022 videns
1001 2987 1060 3024 se
1090 2987 1296 3041 sponsa
1316 2972 1520 3025 Christi
1540 2972 1713 3026 tantis
1731 2990 1867 3044 prte-

1944 2705 2233 2760 versatur?
2263 2704 2472 2760 Idcirco
2493 2704 2623 2775 quia
2646 2720 2744 2774 pro
2766 2702 3091 2756 confusione
3112 2700 3329 2772 plangit
3346 2701 3418 2754 hu
3429 2716 3549 2753 ma-

1945 2798 2003 2852 ni
2059 2798 2305 2868 generis,
2351 2796 2555 2851 merito
2606 2795 2709 2849 sub
2758 2795 2860 2848 hac
2892 2794 3102 2849 littera.
3132 2793 3305 2846 totius
3349 2792 3551 2847 domus

1947 2887 2190 2949 ruinam,
2216 2893 2273 2940 et
2296 2887 2540 2940 maculas
2564 2885 2852 2938 vetustatis
2878 2883 3095 2955 plangit
3125 2901 3136 2936 :
3176 2883 3313 2936 Beth
3344 2882 3550 2953 quippe

1949 2977 2119 3030 etiam
2150 2982 2207 3031 et
2231 2977 2424 3029 domus
2454 2975 2875 3046 interpretatur.
2919 2972 3052 3036 Quae
3080 2971 3325 3042 profecto
3352 2970 3552 3026 domus

249 3055 446 3127 pediri
487 3055 723 3126 laqueis,
770 3073 1003 3126 gemens
1048 3034 1185 3113 dicit
1221 3075 1234 3107 :
1271 3062 1575 3129 (fdi/ienuit
1624 3065 1687 3115 in
1730 3034 1869 3130 .gyro
1891 3034 1934 3092 δ
1952 3083 2051 3138 pro
2077 3065 2401 3120 confusione
2422 3082 2525 3118 sua
2543 3034 2776 3133 gemens
2794 3034 2962 3116 dicit;
2996 3034 3265 3115 chustam
3290 3062 3415 3128 fecit
3445 3063 3557 3129 pel-1

251 3161 399 3208 meo,
425 3150 476 3198 ct
496 3147 859 3200 circumdedit
882 3164 965 3201 me
990 3150 1116 3216 felle
1145 3155 1193 3203 et
1220 3151 1516 3204 laboribus.
1543 3150 1756 3215 Quibus
1772 3168 1870 3206 un-

250 3234 435 3307 dique
466 3234 632 3288 malis
661 3236 922 3290 conclusa
958 3237 1111 3292 intus
1154 3238 1375 3303 ferisve,
1410 3238 1540 3293 alibi
1570 3258 1581 3293 :
1616 3242 1748 3308 Quis
1776 3243 1871 3294 da-

1953 3157 2058 3208 lcm
2091 3171 2289 3218 meam,
2324 3159 2381 3207 et
2409 3161 2611 3206 caetera
2638 3168 2759 3222 qua:
2785 3154 3099 3220 sequuntur
3160 3148 3350 3202 Potest
3378 3148 3554 3220 siqui-

1951 3243 2079 3296 dem
2099 3243 2294 3297 referri
2325 3247 2381 3296 et
2406 3242 2475 3295 ad
2507 3250 2677 3312 caput
2704 3240 2819 3294 haec
2850 3244 3098 3294 vetustas
3119 3237 3299 3308 pellis.
3326 3245 3557 3309 propter

253 3325 357 3389 bit,
396 3323 605 3394 inquit,
640 3326 783 3379 mihi
807 3342 1016 3394 pennas
1046 3331 1189 3382 sicut
1218 3332 1495 3396 columbas,
1529 3334 1577 3383 et
1607 3330 1793 3383 volabo
1820 3334 1867 3382 et
1950 3332 2205 3386 indutam
2248 3330 2650 3384 mortalitatem
2697 3328 2883 3382 carnis
2918 3346 2928 3380 :
2956 3327 3174 3398 reliqua
3210 3342 3338 3380 vero
3366 3324 3556 3380 omnia

250 3414 606 3482 requiescam
626 3419 651 3466 7
675 3414 845 3485 (Psal.
877 3425 1014 3482 LIV.)
1054 3417 1155 3471 His
1194 3417 1368 3488 igitur
1398 3418 1625 3472 obsessa
1653 3417 1867 3473 fraudi-
1950 3419 2053 3476 sub
2084 3421 2187 3473 hac
2219 3420 2404 3472 littera
2432 3418 2501 3472 de
2530 3416 2732 3487 capite,
2764 3416 2977 3470 scilicet
3004 3415 3072 3468 de
3098 3414 3342 3472 Christo,
3376 3413 3556 3484 magis

252 3498 384 3566 bus,
421 3504 481 3555 et
507 3499 860 3557 inimicorum
883 3503 1118 3576 laqueis,
1146 3505 1297 3561 intus
1314 3506 1506 3561 dolore
1527 3506 1868 3561 amaricatur
1950 3509 2098 3563 dicta
2126 3507 2536 3578 intelliguntur.
2569 3505 2859 3560 Moraliter
2886 3520 3016 3557 vero
3058 3503 3267 3577 anima‘
3296 3500 3398 3556 sub
3428 3519 3555 3557 con-

248 3589 464 3656 animi,
489 3588 625 3645 foris
652 3607 779 3645 vero
812 3597 870 3647 ut
900 3593 1085 3648 vincat
1113 3594 1418 3663 laboribus,
1450 3596 1734 3666 fatigatur.
1759 3596 1868 3651 Sed
1950 3597 2168 3653 fusione
2197 3597 2398 3668 posita,
2432 3595 2519 3649 his
2546 3594 2799 3649 versibus
2847 3594 3129 3664 gradatim
3174 3596 3233 3645 Se
3272 3591 3553 3646 ruinosius

251 3685 313 3733 et
355 3678 556 3733 anima
584 3680 843 3751 quaelibet
872 3682 1070 3753 lugens
1097 3684 1250 3739 dolet
1286 3687 1435 3756 quod
1472 3686 1783 3741 aediﬁcatur
1813 3686 1865 3741 in
1951 3688 2354 3759 deprehensam
2388 3687 2545 3756 luget
2580 3707 2590 3737 ;
2621 3684 2885 3755 primum,
2920 3682 3068 3754 quod
3116 3685 3393 3734 vetustate
3424 3696 3554 3751 pec-

247 3784 403 3840 gyro
427 3769 568 3839 ejus,
594 3776 652 3823 et
669 3770 1021 3827 concluditur
1046 3773 1174 3827 felle
1198 3775 1440 3841 malitias,
1467 3776 1771 3847 multisque
1792 3775 1870 3830 fa—
1953 3777 2081 3841 cati,
2123 3777 2314 3830 fractis
2364 3775 2590 3838 viribus,
2638 3778 2902 3844 corrupta
2936 3772 3106 3842 jacet,
3155 3770 3375 3831 deinde.
3407 3769 3556 3841 quod

250 3859 486 3929 tigatur
513 3859 817 3925 laboribus,
853 3862 1093 3916 maxime
1122 3865 1348 3934 quando
1383 3882 1442 3919 se
1492 3866 1871 3937 circumspicit
1951 3866 2369 3921 circumvallata
2411 3864 2607 3918 fraude
2635 3862 2847 3916 inimici
2877 3861 3024 3916 ultra
3049 3859 3201 3913 exire
3230 3859 3297 3912 ad
3334 3858 3559 3913 liberta-

252 3947 521 4018 undique
549 3956 996 4020 coangustatam,
1029 3958 1086 4007 et
1117 3953 1269 4007 intus
1298 3954 1414 4009 suis
1443 3972 1502 4009 se
1528 3956 1731 4026 repleri
1760 3954 1869 4009 ini-
1952 3962 2088 4020 tem,
2122 3954 2440 4009 venundata
2467 3953 2571 4008 sub
2602 3952 2822 4017 delicto,
2841 3967 2954 4005 non
2974 3949 3138 4015 valet,
3162 3954 3219 4002 et
3239 3948 3391 4002 intus
3410 3947 3557 4003 infra

250 4035 1869 4115 quitatibus.Aguntenimindesinentermalignispiritus,
1954 4046 2185 4117 laqueos
2215 4044 2660 4098 adversariorum
2714 4042 2950 4112 repleta,
3000 4056 3034 4093 a
3078 4037 3384 4109 majoribus
3413 4037 3560 4092 fellis

250 4126 306 4180 si
366 4127 653 4197 quomodo
703 4129 968 4184 miseram
1018 4132 1285 4196 animam,
1334 4133 1692 4204 permittente
1736 4135 1869 4201 Deo,
1956 4132 2837 4202 amaritudinibuscircumsepta,
2857 4128 3141 4183 laboribus
3169 4126 3562 4199 concupiscen-

250 4215 460 4287 pravis
478 4215 764 4273 involvunt
789 4219 1230 4288 delectamentis,
1259 4228 1316 4275 et
1343 4223 1601 4294 pessimis
1629 4239 1752 4276 eam
1783 4240 1873 4276 re-
1954 4224 2162 4278 tiarum
2186 4224 2434 4294 fatigata,
2457 4229 2514 4277 et
2536 4221 2875 4293 ponderibus
2889 4236 3117 4274 suorum
3141 4218 3451 4272 facinorum
3469 4217 3563 4272 de-

250 4305 467 4377 pleant
495 4305 806 4366 desideriis.
841 4325 1081 4381 quorum
1128 4312 1432 4366 novissima
1476 4314 1615 4366 ﬁant
1651 4312 1702 4366 ei
1748 4312 1874 4366 felle
1895 4356 1939 4413 Β
1958 4314 2230 4385 prehensa
2254 4314 2440 4383 luget;
2472 4311 2702 4382 insuper
2720 4315 2783 4364 ct‘
2799 4309 3005 4363 amisso
3035 4308 3269 4376 lumine,
3292 4307 3561 4361 collocata

251 4395 577 4459 amariora,
597 4397 861 4469 omnique
884 4398 1073 4453 labore
1094 4399 1248 4455 intus
1263 4400 1466 4455 forisve
1483 4401 1727 4455 duriora.
1745 4400 1878 4465 Qui-

252 4483 378 4539 bus
409 4483 680 4539 nimirum
707 4486 923 4558 laqueis
953 4487 1196 4555 obsessa,
1233 4492 1362 4561 jure
1392 4491 1544 4545 dolet
1572 4490 1788 4561 lugens.
1811 4507 1877 4544 eo

254 4574 426 4647 quod
448 4573 863 4631 circumvallata
884 4577 958 4632 sit
978 4580 1237 4650 malignis
1257 4580 1315 4634 in
1332 4597 1493 4653 gyro,
1508 4588 1565 4635 et
1583 4579 1737 4635 intus
1750 4580 1877 4635 felle

251 4663 495 4736 repleta
524 4666 937 4721 amaritudinis.
972 4669 1239 4740 Sequitur
1264 4687 1276 4722 :

992 4772 1161 4814 BETH.

336 4843 417 4899 In
436 4845 672 4899 tenebris
692 4847 972 4903 collocavit
1002 4865 1105 4915 me,
1137 4852 1299 4919 quasi
1324 4853 1566 4903 mortuos
1594 4851 1876 4919 sempiter-

248 4950 391 4990 nos.
428 4932 534 4988 Hic
560 4950 806 5009 namque
843 4955 1037 4994 versus
1075 4945 1268 5011 aperte
1313 4940 1569 4994 Jeremiae
1598 4937 1873 5010 congruit,

246 5023 412 5099 quia
441 5030 697 5081 retrusus
722 5027 780 5082 in
815 5028 930 5084 imo
954 5030 1211 5097 carceris,
1244 5029 1419 5084 nimia
1457 5029 1757 5101 asperitate
1783 5045 1877 5082 ex-

236 5115 580 5185 emciatur,
621 5115 702 5171 ita
729 5134 869 5189 pene
901 5125 964 5174 ut
1011 5120 1181 5174 vitam
1224 5119 1493 5185 amiserit,
1545 5118 1703 5191 quasi
1736 5135 1879 5174 unus

241 5221 475 5264 eorum
506 5206 601 5280 qui
634 5224 735 5280 pro
784 5207 1032 5264 reatibus
1076 5208 1224 5264 inter
1269 5215 1520 5264 mortuos
1554 5208 1874 5280 deputatur.

238 5298 685 5353 Verumtamen
716 5298 847 5370 quia
876 5299 1277 5371 prophetarum
1314 5298 1530 5353 actibus
1559 5298 1877 5352 futurorum

239 5388 331 5443 de
356 5385 597 5442 Christo
619 5388 919 5462 prophetia
937 5388 1162 5453 texitur,
1183 5405 1247 5443 ex
1264 5405 1373 5460 quo
1394 5386 1597 5443 Paulus
1610 5387 1716 5442 ait:
1736 5388 1878 5441 Mut-

240 5480 473 5549 ti/‘arie
500 5482 549 5533 et
579 5480 771 5533 multis
802 5480 974 5533 modis
1006 5482 1140 5533 olim
1168 5480 1310 5533 Deus
1338 5481 1549 5539 locutus
1574 5483 1647 5532 est
1670 5480 1730 5532 in
1745 5495 1877 5548 pro-

235 5569 455 5641 pinetis
481 5564 668 5639 (Hebr.
699 5574 755 5640 ι).
786 5567 1142 5625 Assimilatus
1171 5567 1231 5625 in
1261 5568 1437 5626 manu
1470 5566 1722 5624 omnium
1747 5568 1879 5624 Pro-

1962 4404 2019 4458 in
2052 4402 2315 4464 tenebris,
2344 4403 2462 4471 jam
2495 4400 2652 4472 quasi
2678 4410 2897 4453 mortua
2927 4398 2983 4451 in
3006 4397 3431 4468 sempiternum.
3458 4413 3561 4450 nec

1961 4510 2021 4547 se
2076 4492 2255 4563 ipsam
2313 4491 2493 4562 qualis
2526 4530 2540 4556 ,
2601 4506 2770 4561 quam
2815 4489 3065 4552 misera,
3118 4502 3285 4557 quam
3347 4484 3559 4551 infelix,

1960 4581 2229 4653 quibusve
2260 4596 2524 4652 oppressa
2560 4578 2739 4644 malis,
2774 4584 2832 4632 et
2864 4577 3074 4631 nudata
3110 4575 3290 4640 bonis,
3331 4575 3449 4645 jam
3480 4573 3563 4629 vi-

1959 4671 2092 4726 dere
2123 4671 2288 4725 valet.
2324 4670 2671 4724 Auferuntur
2713 4666 2863 4722 enim
2897 4665 3107 4736 judicia
3141 4664 3240 4719 Dei
3269 4663 3340 4718 ab
3374 4665 3566 4737 hujus-

1963 4761 2115 4816 modi
2144 4760 2351 4825 anima,
2385 4776 2456 4813 ne
2485 4758 2637 4813 ultra
2668 4774 2728 4811 se
2772 4755 3050 4826 respicere
3091 4759 3281 4826 queat,
3308 4759 3373 4809 ut
3398 4755 3456 4809 in
3486 4754 3568 4810 di-

1963 4859 2115 4905 recto
2126 4850 2466 4921 judiciorum
2492 4846 2592 4901 Dei
2620 4846 2806 4900 videat
2830 4844 3094 4916 abyssum
3124 4844 3360 4898 multam
3393 4846 3559 4913 (Psal.

1963 4945 2142 5010 xxxv),
2175 4939 2271 4995 sed
2302 4955 2370 4993 ea
2398 4936 2749 4992 solummodo
2780 4951 2905 5006 quae
2935 4940 3068 4989 sunt
3094 4933 3376 4995 caecitatis,
3411 4950 3562 4987 sem-

1961 5047 2062 5102 per
2114 5029 2312 5083 orbata
2358 5026 2589 5091 lumine,
2643 5025 2905 5080 conclusa
2948 5023 3051 5079 sub
3093 5024 3416 5078 confusione
3459 5036 3563 5078 sua

1960 5119 2184 5174 sentiat.
2220 5119 2335 5172 Hoc
2354 5133 2578 5188 semper
2606 5116 2864 5170 inimicus
2890 5114 3121 5184 gaudet,
3152 5130 3221 5167 ne
3265 5129 3323 5167 se
3357 5111 3560 5168 misera

1961 5209 2150 5264 anima
2170 5208 2239 5262 de
2260 5205 2507 5261 tenebris
2518 5206 2587 5261 ad
2608 5205 2790 5260 lucem
2809 5202 3086 5276 explicare
3107 5209 3293 5274 queat.
3313 5200 3453 5256 llinc
3477 5207 3561 5258 est

1961 5297 2108 5369 quod
2134 5295 2438 5350 Philisthaei
2470 5300 2633 5367 capto
2661 5295 2896 5349 Samson
2920 5292 3109 5346 oculos
3130 5298 3337 5346 eruunt
3359 5293 3561 5358 (Jullic.

1958 5396 2173 5451 xvll,ac
2202 5385 2405 5439 deinde
2421 5402 2624 5441 caecum
2649 5385 2717 5438 ad
2744 5384 2948 5438 molam
2978 5382 3226 5443 mittunt,
3249 5387 3313 5434 ut
3342 5397 3565 5453 semper

1958 5476 2015 5531 in
2046 5475 2279 5531 circuitu
2307 5492 2537 5548 gyrans.
2571 5474 2715 5529 viam
2745 5474 2892 5539 vitae,
2925 5472 3140 5544 privato
3172 5470 3562 5551 lumine,nun-

1960 5570 2132 5639 quam
2160 5564 2427 5621 inveniat.
2451 5564 2594 5622 Hinc
2614 5558 2836 5636 quoque
2866 5550 3097 5618 sedeas
3117 5548 3340 5632 (Jere'm.
