3960 6168
533 254 661 315 1151

1309 251 1366 305 S.
1410 246 1789 303 PASCHASII
1828 246 2190 306 RADBERTI
2226 249 2532 308 ABBATIS
2571 245 3063 307 CORBEIENSIS.

3610 247 3711 307 11δῖ

529 378 1047 453 Nabuchodonosor
1091 383 1274 450 capto,
1322 374 1568 447 primum
1598 371 1649 427 ei
1685 371 1878 427 eﬂ'odit
1922 373 2130 435 oculos,
2151 376 2510 437 Aadversum
2530 393 2635 438 me,
2652 381 2715 428 ut
2745 390 2858 429 non
2878 371 3146 441 egrediar,
3162 373 3459 439 aggravavit
3474 376 3714 442 eompedem

530 470 732 525 deinde
765 470 1009 525 vinctum
1040 470 1097 524 in
1128 484 1292 522 cavea
1317 464 1657 533 Babylonem
1680 462 1852 525 ducit,
1887 480 1957 517 ne
1990 464 2136 518 ultra

522 558 639 629 jam
664 576 932 630 unquam,
966 567 996 623 Ι
1017 556 1365 621 jzﬂintra
1385 551 1765 605 confusionem
1789 552 2134 616 cluusus,lu-

529 662 650 699 cem
696 648 899 701 videat.
945 648 1157 700 Tamen
1204 641 1466 713 quaelibet
1501 639 1704 693 talibus
1751 639 1936 693 illerta
1970 641 2133 694 malis

529 734 864 789 animadum
879 735 1061 788 adhuc
1082 733 1137 786 in
1161 747 1328 785 carne
1344 730 1597 782 devincta
1630 729 1830 799 plorat.
1853 745 1963 789 non
1985 746 2131 791 vere,

528 824 623 877 sed
660 824 818 894 quasi
849 829 1125 876 mortuam
1150 838 1210 874 se
1233 820 1405 889 luget.
1433 818 1564 872 dum
1596 818 1747 871 locus
1778 817 1844 870 ad
1867 818 2136 887 pceniten-

527 911 664 965 tiam
683 912 868 972 datur,
883 917 1184 982 antequam
1205 908 1571 963 absorbeatur
1590 907 1885 978 profundo,
1902 916 1957 961 et
1971 924 2134 976 super

527 1015 651 1052 eam
684 1005 876 1066 urgeat
902 1004 1099 1068 puteus
1151 996 1338 1070 abyssi
1394 1013 1448 1049 os
1491 1013 1655 1049 suum
1700 998 1867 1051 (μιαί.
1921 1000 2125 1063 vani).

528 1086 671 1150 Quia
694 1104 819 1143 vere
848 1104 973 1141 cum
996 1088 1099 1142 hoc
1128 1087 1421 1156 impletum
1440 1085 1610 1139 fuerit
1630 1086 1817 1139 nullus
1840 1101 2129 1155 regressus

526 1176 597 1229 ad
624 1177 1013 1247 paenitentiam
1047 1178 1172 1231 erit.
1208 1175 1439 1231 Interim
1472 1191 1621 1237 vero,
1647 1191 1774 1228 cum
1801 1176 1859 1229 iu
1890 1175 2128 1246 peccatis

525 1266 670 1331 iacet
700 1267 1176 1338 profundioribus.
1212 1264 1371 1336 quasi
1401 1264 1609 1318 mortui
1641 1266 1699 1317 in
1725 1265 2126 1335 sempiternum

525 1355 788 1409 conclusa
817 1355 984 1415 dolet,
1014 1356 1109 1409 sed
1134 1372 1300 1425 quam
1333 1370 1479 1424 saepe
1509 1370 1609 1424 per
1636 1354 1842 1408 Christi
1860 1355 2122 1425 gratiam,

524 1443 831 1497 miserante
862 1444 995 1507 Deo,
1020 1444 1089 1496 de
1113 1442 1387 1515 profundo
1410 1441 1724 1512 iniquitatis
1752 1443 1821 1496 ad
1848 1444 2019 1498 vitam
2041 1459 2125 1498 re-

527 1532 629 1587 dit.
655 1531 919 1602 Sequitur
944 1531 1125 1586 Gimel
1147 1532 1355 1597 littera,
1380 1547 1503 1602 quae
1531 1533 1823 1586 retributio
1853 1533 1935 1586 vel
1951 1536 2126 1602 pleni-

529 1622 658 1675 tudo
686 1620 1130 1691 interpretatur;
1164 1626 1228 1675 ut
1250 1637 1313 1674 ex
1344 1620 1519 1692 ipsius
1536 1620 2019 1691 interpretatione,
2034 1640 2130 1677 co-

2217 483 2396 519 meum
2416 466 2486 520 ob
2514 464 2925 520 immanitatem
2951 460 3455 519 tormentorum,vel
3473 461 3719 518 multitudi-

2216 572 2342 609 nem
2394 556 2743 626 laqueorum,
2776 569 2876 606 seu
2917 557 3143 623 propter
3184 548 3577 603 rondensitatem
3602 553 3720 621 pravi

2214 645 2494 714 dogmatis
2546 643 2689 715 quod
2719 643 3043 713 frequenter
3069 638 3357 708 contigisse
3388 636 3583 691 minime
3603 638 3723 694 dubi-

2210 739 2383 798 tatur,
2416 733 2495 787 ita
2527 741 2589 787 ut
2628 730 2910 803 generalis
2940 728 3201 789 Ecclesia,
3234 726 3385 798 quasi
3415 743 3514 780 una
3537 728 3724 783 navisin

2212 823 2395 877 medio
2418 823 2611 876 collisa
2640 820 2920 875 ﬂuctibus.
2955 817 3239 872 multoties
3267 815 3416 886 quasi
3451 815 3669 869 subversa
3684 823 3725 871 et

2212 918 2558 984 praegravata
2599 911 2786 964 doleat
2855 910 3011 963 Inter
3056 924 3180 977 quae
3221 905 3471 959 nimirum
3512 906 3721 976 pericula,

2214 1017 2532 1073 quamsaepe
2558 1000 2625 1054 ad
2659 998 3045 1069 probationem
3077 996 3186 1056 sui.
3220 1010 3372 1049 suam
3396 1011 3428 1047 a
3452 994 3649 1049 Domino
3664 1011 3727 1048 ex-

2210 1092 2419 1146 clusam
2451 1089 2763 1144 orationem
2808 1086 3104 1158 ingemuit,
3140 1084 3346 1139 habens
3384 1101 3498 1138 cum
3523 1084 3726 1153 Apostolo

2209 1180 2511 1235 anchoram
2541 1194 2699 1233 suam
2728 1177 2914 1249 (Hebr.
2942 1185 3035 1237 vi),
3085 1174 3297 1229 scilicet
3340 1189 3482 1244 spem
3521 1172 3655 1226 ﬁxam
3686 1172 3726 1226 in

2209 1273 2366 1337 coelo,
2417 1289 2487 1327 ne
2536 1272 2680 1326 forte
2749 1268 2897 1341 quod
2939 1267 3109 1324 absit.
3166 1266 3260 1338 qui
3302 1265 3522 1337 praesciti
3555 1271 3729 1320 suntet

2207 1360 2588 1434 praedestinati
2611 1358 3049 1427 submergantur
3068 1354 3328 1409 ﬂuctibus
3360 1355 3604 1407 Conclusit
3619 1356 3729 1405 enim

2206 1455 2321 1507 rios
2333 1455 2447 1521 ejus
2460 1450 2734 1519 lapidibus
2745 1444 3134 1517 quadris,dum
3148 1443 3337 1498 omnia
3346 1440 3731 1497 sanctammScri-

2209 1545 2502 1611 pturarum
2528 1536 2752 1601 itinera,
2777 1534 2938 1606 quasi
2959 1532 3192 1605 quadris
3216 1530 3633 1604 philosophorum
3649 1528 3732 1581 elo-

2212 1628 2359 1701 quiis
2375 1626 2676 1691 obseravit,
2701 1641 2771 1679 ne
2787 1630 2937 1679 recto
2951 1623 3181 1678 tramite
3193 1639 3294 1695 per
3304 1637 3414 1684 eas,
3441 1617 3676 1690 gressibus
3686 1617 3732 1670 ﬁ-

524 1714 759 1780 gnoscat
795 1709 970 1763 lector
1000 1709 1405 1781 plenitudinem
1443 1709 1845 1765 retributionis.
1880 1711 2014 1776 Qua:
2043 1713 2127 1766 vel
2145 1713 2189 1772 Β
2208 1716 2659 1789 dei,quantocius
2671 1715 2737 1769 ad
2754 1714 2992 1787 patriam
3011 1715 3598 1785 propemret,etomnp,s
3610 1704 3732 1760 εεωί.

527 1797 709 1868 qualis
729 1796 1159 1870 ex‘plenitudine
1179 1799 1510 1852 delictorum
1532 1798 1826 1853 retributio
1839 1810 2125 1872 sequatur,

524 1890 641 1941 tres
668 1894 965 1960 sequentes
991 1887 1247 1943 versiculi
1278 1888 1586 1953 insinuant,
1619 1905 1746 1942 cum
1774 1888 1978 1945 dicitur
2006 1909 2016 1943 :

1232 2046 1417 2084 GDIBL.

597 2171 1111 2239 Gz'rcumsdiﬁwrz't
1139 2174 1434 2227 adversum
1468 2189 1567 2237 me,
1604 2179 1669 2226 ut
1715 2189 1825 2227 non
1853 2175 2127 2242 egrediar,

525 2264 849 2328 aggravavit
872 2263 1176 2330 compedem
1199 2278 1400 2315 meum.
1426 2262 1528 2318 Sed
1550 2266 1743 2315 etcum
1766 2266 2072 2317 clamavcro
2085 2269 2133 2318 et

529 2363 809 2416 rogavero,
841 2354 1071 2404 exclusit
1103 2353 1409 2405 orationem
1450 2367 1648 2405 meam.
1696 2351 1972 2404 Conclusa
2015 2355 2129 2406 vias

531 2453 678 2490 meas
700 2440 978 2506 lapidibus
1000 2441 1251 2508 quadris,
1269 2443 1492 2494 semitas
1507 2456 1650 2493 meas
1660 2442 1944 2494 subvertit.
1970 2441 2126 2505 Quod

532 2527 669 2581 satis
701 2528 973 2598 propheta
1010 2545 1108 2599 pro
1137 2545 1215 2592 se,
1250 2530 1363 2583 imo
1407 2535 1464 2583 et
1494 2546 1594 2601 pro
1627 2531 1831 2601 populo
1865 2531 2129 2601 plangere

526 2615 766 2678 videtur,
794 2617 889 2687 qui
914 2617 1130 2672 vinctus
1152 2619 1206 2672 in
1230 2636 1451 2673 carcere
1483 2619 1844 2690 compedibus
1864 2637 2130 2691 aggrava-

523 2710 635 2769 tus,
654 2705 984 2761 aediﬁcatam
1013 2708 1282 2762 adversus
1304 2708 1587 2762 civitatem
1609 2714 1665 2763 et
1687 2710 1953 2779 populum
1987 2709 2130 2763 obsi-

537 2794 761 2849 dionem
780 2796 1133 2851 amarissime
1153 2796 1412 2852 deﬂebat.
1433 2814 1497 2851 eo
1515 2797 1661 2868 quod
1684 2797 1752 2851 ab
1774 2798 1876 2851 hac
1906 2798 2129 2852 liberari

531 2898 626 2937 eos
657 2899 767 2936 non
800 2901 980 2954 pusse,
1014 2885 1191 2953 culpis
1221 2884 1588 2954 exigentibus,
1624 2901 1678 2938 ιη
1712 2885 1909 2955 spiritu
1942 2887 2133 2957 praevi-

527 2971 722 3027 debat.
780 2969 883 3024 Sed
921 2976 968 3024 et
1012 2988 1138 3024 cum
1167 2977 1490 3034 clamavcro,
1525 2973 1728 3043 inquit,
1763 2979 1809 3026 et
1850 2991 2126 3042 rogavero,

527 3062 756 3113 exclusit
775 3062 1084 3112 orationem
1114 3076 1311 3113 meam.
1338 3060 1496 3114 Unde
1527 3062 1836 3116 Dominus:
1868 3065 1945 3116 Ne
1978 3080 2128 3117 assu-

529 3164 667 3211 mas,
707 3147 909 3217 inquit.
950 3149 1166 3201 laudem
1200 3153 1247 3202 et
1273 3151 1579 3202 orationem
1608 3166 1709 3217 pro
1734 3154 1809 3204 eis
1850 3153 1975 3215 (Jer.
2006 3156 2124 3220 vn).

526 3235 672 3300 Quia
689 3236 937 3306 profecto
959 3237 1171 3291 clamor
1187 3253 1416 3308 operum
1438 3239 1768 3292 ascenderat
1786 3246 1981 3294 contra
2011 3257 2124 3303 eos,

525 3341 597 3380 ne
635 3325 906 3397 prOpheta
937 3326 1299 3381 exaudiretur
1340 3344 1543 3397 rogans
1574 3344 1672 3398 pro
1699 3329 1798 3382 eis.
1837 3329 1901 3383 Et
1926 3330 2017 3384 hic
2044 3338 2129 3385 est

525 3414 672 3486 quod
691 3414 1381 3469 ait:E.cclusitorationem
1404 3433 1613 3477 meam;
1635 3418 1858 3488 quando
1881 3436 1980 3489 pro
2000 3436 2127 3490 pec-

524 3504 666 3559 catis
689 3520 881 3558 eorum
897 3520 1130 3575 gemens
1158 3521 1221 3558 ac
1250 3504 1461 3566 dolens.
1488 3522 1593 3559 nec
1618 3506 1869 3560 exaudiri
1901 3507 2123 3562 meruit.

526 3592 635 3648 Sed
654 3594 927 3648 conclusae
944 3600 1078 3647 sunt
1092 3610 1286 3648 omnes
1316 3610 1509 3649 eorum
1543 3594 1660 3648 vite.
1683 3601 1741 3649 et
1765 3595 1810 3649 si
1829 3612 1928 3666 per
1956 3612 2125 3667 agge-

522 3682 801 3737 rationem
830 3699 956 3737 cum
976 3699 1041 3737 eo
1063 3683 1278 3754 loquar,
1305 3683 1580 3754 lapidibus
1611 3683 1839 3754 quadris
1892 3685 2129 3740 semitae-

524 3788 632 3845 que
660 3770 959 3836 subversae,
984 3787 1053 3825 ne
1083 3771 1222 3825 forte
1259 3772 1499 3843 prirsam
1529 3778 1625 3825 aut
1657 3772 1957 3826 secundam
1979 3772 2126 3828 obsi-

522 3859 747 3914 dionem
788 3859 1005 3931 possint
1051 3859 1314 3929 effugere.
1370 3860 1438 3914 Et
1483 3861 1792 3915 notandum
1840 3861 1987 3932 quod
2026 3879 2126 3916 sua

2210 1813 2298 1862 tas
2328 1822 2544 1873 eorum,
2577 1805 2790 1859 scilicet
2818 1803 3219 1858 subtilissimas
3267 1800 3560 1855 divinarum
3592 1811 3732 1851 rerum

2209 1895 2634 1966 intelligentias,
2662 1892 3039 1953 saecularibus.
3070 1893 3157 1946 vel
3184 1889 3338 1963 pravi
3366 1886 3627 1959 dogmatis,
3644 1882 3734 1938 sub-

2212 1994 2428 2041 vertere
2459 1983 2732 2056 permisit,
2765 1982 3094 2053 disciplinis.
3128 1982 3409 2036 Caeterum
3437 1976 3603 2031 anima
3631 1989 3734 2044 que-

2213 2076 2367 2134 libet.
2391 2076 2552 2147 cujus
2565 2075 2683 2144 jam
2707 2071 3004 2127 retributio
3025 2069 3509 2125 obimmanitatem
3527 2065 3732 2119 scelerum

2214 2179 2443 2219 suorum
2494 2159 2773 2221 imminet,
2825 2164 2883 2213 et
2930 2158 3283 2230 plenitudine
3320 2156 3614 2211 delictorum
3645 2148 3734 2205 sub-

2216 2271 2400 2309 mersa
2423 2254 2591 2324 jacet,
2619 2250 2752 2323 quia
2780 2249 3014 2305 GHIMEL
3044 2249 3295 2303 litteram
3326 2253 3599 2317 utrumque
3615 2242 3736 2294 inter-

2215 2344 2428 2417 pretari
2456 2341 2697 2396 diximus
2726 2339 2855 2410 jure
2884 2338 2941 2392 in
2962 2354 3021 2392 se
3050 2353 3278 2393 reversa
3318 2336 3495 2390 deﬂet.
3544 2333 3733 2387 Circum-

2212 2435 2501 2501 aediﬁcavit
2518 2432 2811 2485 adversum
2830 2445 2932 2485 me.
2954 2432 3017 2481 ut
3032 2444 3144 2481 non
3163 2429 3431 2496 egrediar.
3451 2420 3600 2479 Sicuti
3612 2426 3656 2472 et
3671 2417 3736 2472 ille

2211 2522 2299 2578 cui
2327 2519 2583 2575 dicebat:
2612 2517 3106 2573 Circumdederunt
3137 2533 3227 2571 me
3260 2517 3462 2569 dolores
3480 2512 3659 2569 mortis,
3677 2521 3737 2574 pec

2212 2614 2395 2666 ricula
2409 2610 2627 2676 inferni
2649 2610 2982 2660 invenerunt
2994 2622 3077 2659 me
3091 2608 3261 2671 (Psat.
3279 2618 3405 2659 cxxv
3416 2615 3446 2662 ν.
3462 2599 3643 2666 Quibus
3652 2609 3738 2667 pro-

2210 2702 2355 2755 fecto
2406 2703 2753 2770 praegravata
2815 2694 3181 2767 compedibus
3237 2692 3512 2755 formidat,
3565 2704 3623 2742 ne
3659 2697 3739 2737 non

2212 2790 2386 2860 possit
2407 2791 2641 2845 evadere
2667 2808 2702 2847 a
2731 2790 3020 2863 suppliciis
3048 2808 3059 2841 :
3096 2787 3234 2858 quia
3265 2789 3323 2839 et
3347 2783 3395 2837 si
3420 2783 3533 2871 ejus
3557 2776 3739 2871 fuit-eot-

2214 2896 2397 2946 ruere,
2432 2881 2753 2936 miserantis
2786 2862 2886 2935 Dei
2912 2884 3015 2941 est,
3049 2892 3175 2931 eam
3216 2875 3287 2930 de
3315 2872 3482 2929 tantis
3507 2865 3682 2934 laqueis
3698 2862 3741 2915 li-

2212 2968 2428 3023 berare.
2459 2969 2599 3034 Quid
2630 2977 2818 3025 autem
2845 2965 3224 3024 miserabilius
3253 2980 3374 3018 esse
3401 2964 3569 3034 potest
3591 2953 3741 3010 anime

2147 3031 2190 3089 δ
2211 3058 2581 3128 delinquenti,
2615 3076 2781 3129 quam
2812 3064 2877 3113 ut
2901 3058 2982 3111 sic
3012 3055 3281 3110 conclusa
3313 3057 3558 3107 teneatur
3576 3055 3741 3099 carcere

2211 3147 2469 3219 pessimae
2488 3148 2846 3216 captivitatis,
2874 3164 2945 3201 ne
2974 3146 3124 3200 ultra
3154 3142 3349 3215 egredi
3375 3143 3533 3212 queat
3548 3134 3605 3189 ad
3625 3130 3742 3186 liber-

2209 3242 2385 3291 tatem
2418 3236 2575 3292 bonae
2601 3237 2858 3302 actionis,
2890 3236 3121 3307 insuper
3149 3240 3211 3289 et
3244 3232 3427 3286 vincta
3452 3220 3741 3296 compedibus

2209 3326 2540 3380 delictorum
2564 3327 2807 3381 atrocius
2825 3330 3169 3397 aggravetur
3192 3320 3417 3393 ﬂagitiis
3432 3317 3605 3373 saltem
3622 3327 3677 3367 ne
3698 3322 3739 3362 se

2212 3426 2535 3487 promoveat
2546 3415 2888 3487 poenitentiae
2900 3414 2967 3469 ad
2983 3411 3327 3491 remedium?
3342 3398 3738 3491 Compedes

2211 3504 2405 3576 ipsius,
2455 3513 2590 3559 sunt
2617 3505 2805 3559 omnia
2832 3488 3290 3575 concupiscibilia
3330 3496 3526 3561 saeculi,
3555 3498 3605 3547 et
3627 3488 3739 3585 oble-

2208 3600 2492 3649 ctamenta
2513 3594 2716 3657 carnis,
2750 3609 2967 3648 necnon
2989 3600 3046 3646 et
3072 3607 3273 3646 omnes
3303 3586 3505 3642 inimici
3530 3581 3643 3644 doli,
3654 3581 3740 3649 qui-

2207 3683 2439 3738 buscum
2455 3683 2701 3755 profecto
2716 3682 2883 3754 pedes
2893 3680 3363 3750 constringuntur
3372 3675 3494 3731 fidei
3508 3692 3519 3727 :
3533 3666 3738 3744 quoniam

2209 3776 2288 3840 (ll
2301 3774 2421 3829 Cor.
2440 3782 2491 3829 vl
2510 3790 2610 3844 per
2631 3773 2796 3827 fidem
2828 3771 3188 3827 ambulamus
3208 3775 3266 3825 et
3294 3784 3403 3824 non
3428 3782 3520 3839 per
3533 3758 3735 3834 speciem,

2209 3868 2497 3934 nequeunt
2528 3862 2697 3917 libere
2726 3862 2796 3916 ad
2826 3878 2892 3915 ea
2913 3877 3036 3932 quae
3065 3876 3179 3914 non
3207 3859 3461 3913 videntur
3489 3853 3684 3919 I433
3699 3846 3738 3897 εί

523 3949 799 4021 propheta
818 3965 954 4003 conc
980 3965 1108 4003 usas
1127 3949 1343 4020 plangit
1371 3949 1507 4013 vias,
1542 3950 1883 4022 semitasque
1901 3951 2124 4004 subver-
2204 3953 2710 4024 sempiternasunt.
2726 3951 3038 4005 intendere.
3057 3951 3452 4020 Aggravantur
3469 3946 3632 3997 autem
3643 3948 3738 4007 quo'

521 4055 633 4105 sas,
666 4040 800 4093 dum
834 4056 1029 4093 omnes
1059 4039 1243 4093 exitus
1273 4040 1490 4094 miserae
1510 4039 1752 4094 civitatis
1794 4040 2035 4095 hostium
2063 4041 2121 4095 in
2202 4041 2890 4112 tiescunqueiniquitatem
2903 4038 3435 4110 superiniquitatem
3449 4027 3735 4104 apponimuss

522 4127 882 4181 subversione
910 4128 1179 4198 conspicit
1197 4128 1502 4192 obstrusos,
1536 4138 1589 4183 et
1613 4130 1681 4183 ad
1705 4130 2122 4201 persuasionem
2206 4130 2336 4200 quia
2366 4136 2516 4183 recte
2548 4128 2816 4200 iniquitas
2854 4143 3022 4198 super
3058 4126 3338 4180 talentum
3372 4118 3567 4195 plumbi
3591 4113 3737 4201 sedem

522 4215 715 4285 pepuli
730 4215 1613 4285 illaqueatos.l.aeterumistorum
1629 4235 2119 4285 sensusversuum,
2205 4219 2411 4273 dicitur
2443 4219 2620 4281 (Ζαρὰ.
2659 4219 2709 4289 v)
2763 4218 2907 4289 Ergo
2938 4216 3119 4270 adhuc
3153 4215 3516 4269 connumerat
3540 4199 3737 4260 miseria-

523 4319 680 4374 aique
705 4303 773 4356 ad
805 4311 992 4375 caput,
1035 4321 1192 4375 reque
1217 4312 1275 4359 et
1301 4307 1371 4359 ad
1412 4306 1663 4360 membra
1693 4314 1876 4379 potest
1904 4308 2119 4377 referri,
2204 4324 2331 4363 rum
2362 4309 2484 4378 ejus
2504 4307 2935 4370 immanitatem,
2958 4321 3088 4361 cum
3110 4305 3251 4359 dicit
3270 4301 3439 4358 tantis
3460 4291 3739 4371 pregrm'm

523 4408 654 4446 cum
684 4391 821 4446 dicit
852 4411 863 4445 :
901 4395 1418 4460 Uircumwdiﬁcarit
1456 4396 1747 4449 adversum
1802 4413 1884 4451 me
1917 4402 1975 4451 ut
2016 4390 2191 4452 nonD
2210 4397 2390 4450 malis.
2418 4398 2483 4450 Et
2503 4413 2629 4450 cum
2647 4401 2960 4450 clamavero
2981 4400 3029 4448 et
3053 4408 3336 4461 rogavero,
3356 4389 3569 4443 exclusit
3586 4378 3739 4435 oratio-

522 4484 794 4551 egrediar,
852 4498 917 4536 ac
960 4481 1006 4536 si
1056 4488 1314 4554 patenter
1364 4482 1559 4536 dicat:
1610 4483 1882 4539 Excitavit
1928 4486 2124 4541 adver-
2210 4474 3738 4561 nemmeam.Namintersuppliciasolummodolacrylb?

523 4588 648 4626 sum
714 4589 804 4626 me
857 4572 1027 4626 corda
1076 4572 1396 4626 Judaeorum
1433 4611 1446 4634 ,
1505 4577 1561 4626 et
1621 4573 2129 4630 circummdificavit
2210 4585 2267 4629 et
2290 4591 2479 4641 preces
2509 4575 2576 4629 ad
2602 4574 2851 4644 judiccm
2896 4554 3153 4627 solantur
3181 4587 3326 4634 reas,
3354 4565 3565 4622 tandem
3599 4565 3652 4612 ut

523 4659 771 4729 legiones
826 4669 993 4733 atque
1038 4662 1294 4716 cohortes
1336 4668 1535 4716 contra
1583 4679 1670 4716 me
1714 4664 2020 4729 saevientes,
2063 4672 2127 4719 ut
2207 4639 2465 4737 promota
2489 4639 2668 4735 pietas
2697 4662 2915 4716 veniam
2939 4659 3231 4732 impendat
3247 4655 3475 4713 delictis.
3505 4648 3600 4707 Sed
3621 4639 3738 4697 valde

524 4764 636 4802 non
669 4750 925 4820 egrediar
949 4752 1018 4805 de
1057 4751 1318 4805 manibus
1347 4768 1561 4813 eorum,
1596 4769 1886 4824 quousque
1924 4755 2122 4808 vadam
2205 4754 2262 4808 in
2313 4752 2629 4806 novissimis
2652 4749 2970 4806 contristari
3012 4754 3216 4821 potest,
3256 4745 3473 4819 quando
3510 4742 3740 4824 mellam

525 4836 670 4892 sicut
704 4839 973 4909 scriptum
1004 4846 1090 4894 est
1116 4839 1186 4894 de
1218 4857 1326 4900 me,
1358 4847 1415 4895 et
1455 4821 1842 4913 compleantur
1886 4850 1916 4906 Ι
1951 4848 2109 4909 νει
2205 4842 2284 4897 sic
2301 4841 2755 4896 sentitoﬂ‘ensum
2768 4838 3221 4911 judicem,etiam
3235 4835 3411 4907 culpis
3426 4821 3733 4901 exigentibus

523 4926 786 4981 vaticinia
814 4928 1233 4998 prophetarum.
1276 4930 1487 4983 Idcirco
1533 4932 1765 4985 exclusit
1809 4931 2122 4986 orationem

522 5017 663 5088 ejus,
690 5032 817 5070 cum
842 5016 1114 5070 clamaret
1143 5035 1154 5070 :
1188 5020 1368 5083 Pater,
1398 5021 1448 5071 si
1472 5022 1722 5087 possibile
1749 5026 1841 5085 est,
1879 5026 2122 5075 transeat

520 5124 556 5162 a
586 5123 670 5160 me
709 5107 857 5160 calix
886 5107 984 5157 iste
1019 5105 1229 5167 (Matth.
1260 5116 1430 5171 xxvn,
1464 5113 1528 5161 ut
1552 5109 1741 5163 omnia
1771 5110 2121 5181 compleren-

521 5200 634 5249 tur.
671 5194 778 5249 Scd
807 5199 864 5247 et
912 5192 1155 5247 Ecclesia
1184 5194 1392 5249 Christi
1420 5197 1705 5253 multoties
1733 5199 2119 5254 haereticorum

522 5283 784 5337 conclusa
814 5282 1192 5352 dogmatibus.
1231 5291 1381 5338 certe
1419 5292 1519 5341 aut
1556 5294 1974 5358 persecutorum
2009 5288 2121 5342 val-

520 5369 636 5426 lata
660 5371 966 5444 suppliciis,
1008 5388 1112 5426 usa
1146 5372 1249 5427 hac
1280 5390 1410 5429 voce
1446 5375 1668 5447 plorans
1701 5393 1766 5431 ac
1798 5377 2012 5448 lugens,
2041 5384 2123 5431 to-

520 5464 644 5515 tum
682 5460 796 5515 Deo
842 5461 1057 5521 tribuit,
1105 5462 1374 5534 quidquid
1421 5480 1584 5535 passa
1614 5471 1701 5519 est
1728 5464 1799 5518 ab
1847 5465 2116 5533 hostibus,

520 5565 585 5606 ac
616 5549 661 5605 si
692 5550 917 5625 propria
946 5568 1077 5607 voce
1122 5552 1317 5610 dolens
1363 5554 1512 5611 dicat
1555 5567 1565 5602 ε
1606 5554 2119 5626 Circumdiﬁcavit

2204 4948 2275 4986 ne
2296 4931 2472 5003 possit
2496 4930 2675 4984 oratio
2713 4929 2976 4991 transire,
3025 4933 3082 4982 et
3114 4927 3184 4981 ad
3227 4925 3434 4980 fontem
3476 4915 3736 4992 pertingit?e

2204 5020 2428 5093 pietatis
2472 5019 2730 5074 Excludit
2743 5025 2930 5073 autem
2952 5018 3266 5089 supplicum
3296 5028 3480 5086 preces
3499 5003 3731 5063 Dominus:

2205 5110 2428 5182 quando
2456 5126 2558 5164 nos
2576 5109 2655 5164 sic
2673 5125 2901 5181 peccare
2923 5106 3215 5179 permittit,
3238 5104 3404 5159 etiam
3427 5106 3484 5154 ut
3509 5097 3613 5186 ipsa
3636 5102 3734 5186 αξη·

2202 5206 2294 5255 tra
2321 5216 2422 5253 nos
2451 5200 2749 5270 insurgunt
2776 5196 3009 5268 ﬂagitia,
3041 5200 3099 5250 et
3126 5192 3452 5250 concludant
3468 5182 3629 5242 omnia
3647 5182 3733 5276 pie'

2204 5289 2337 5343 tatis
2357 5288 2559 5343 itinera
2580 5288 2790 5342 oﬂ‘enso
2805 5286 3012 5355 judice,
3046 5300 3117 5339 ne
3138 5283 3309 5355 possit
3335 5279 3403 5334 ad
3424 5290 3539 5332 eum
3560 5275 3731 5362 ρθΐωξ·

2203 5395 2337 5450 gere
2392 5378 2485 5449 qui
2516 5392 2758 5451 praesens
2790 5375 2999 5446 ubique
3028 5379 3132 5435 est,
3165 5378 3222 5427 et
3245 5369 3402 5425 audit
3422 5362 3609 5421 omnia,
3628 5365 3730 5426 qum

2201 5466 2449 5538 profecto
2477 5466 2621 5519 sicut
2648 5465 2917 5537 scriptum
2948 5468 3067 5517 est:
3108 5463 3213 5529 Qui
3245 5458 3449 5514 claudit
3464 5452 3727 5538 aureis!!!”

2202 5534 2268 5611 ite
2302 5556 2499 5610 audiat
2528 5558 2715 5623 legem,
2758 5534 2933 5609 oratio
2974 5555 3090 5623 ejus
3110 5552 3214 5605 erit
3244 5540 3566 5604 exsecrabilis
3581 5534 3723 5607 {Prov-
