3960 6168
256 247 397 303 1153

914 244 1291 300 EXPOSlTlO
1332 244 1409 297 IN
1454 236 2065 321 LAMENTATIONES
2105 238 2448 294 JEREMI/E.
2497 275 2555 283 -
2602 245 2736 299 LIB.
2781 248 2881 303 ΙΙΙ.

3402 257 3533 313 1154

249 375 460 437 xxvm).
488 372 788 436 Conclusit,
820 370 1023 442 inquit,
1073 373 1189 423 vias
1220 384 1365 422 meas
1398 369 1673 436 lapidibus
1720 365 2199 435 qua-Antraque,
2261 364 2778 426 Nabuchodonosor
2832 380 3001 441 certe,
3075 385 3175 434 aut
3237 380 3395 436 Titus
3460 382 3543 437 vel

244 463 393 515 dris.
431 460 658 516 Habent
686 460 833 516 enim
866 460 1077 513 scelera
1106 465 1161 512 et
1190 464 1420 529 peccata
1450 457 1854 528 quadraturam

244 566 434 615 suam,
461 550 611 604 sicut
638 549 865 621 quidam
900 548 1113 620 poetice
1135 547 1215 601 ait
1247 566 1258 599 :

444 646 503 695 Hi
533 653 774 698 metuunt.
798 647 1017 707 cupiunt.
1046 646 1364 707 gendmtqne,
1391 646 1662 707 dolentque.

244 727 466 793 Quibus
506 728 753 799 profecto
794 726 1024 798 quadris
1071 726 1365 796 lapidibus.
1398 724 1857 795 conquadrantur

244 817 445 872 omnia
473 816 612 871 vitia
640 823 958 871 nostrorum
984 815 1279 869 scelerum.
1315 814 1475 868 Unde
1498 813 1723 867 tandem
1750 811 1854 865 ali-

242 905 476 977 quando
503 906 697 960 redeat
714 904 782 959 ad
812 923 872 960 se
886 903 1078 958 infelix
1097 903 1329 957 nimium
1348 903 1556 966 anima,
1579 906 1853 956 vetustate

237 995 471 1059 infecta,
488 995 771 1049 confracta
788 993 1015 1056 viribus,
1040 993 1098 1047 in
1112 1010 1253 1064 gyro
1275 992 1345 1046 ab
1364 992 1604 1046 inimicis
1626 991 1853 1045 obsessa

238 1083 376 1138 felle
398 1083 715 1154 iniquitatis
727 1090 783 1137 et
806 1082 1157 1137 miseriarum
1181 1082 1407 1138 vallata.
1434 1081 1588 1135 vanis
1618 1080 1851 1150 fatigata

234 1172 621 1235 laboribus,in
645 1171 893 1226 tenebris
915 1170 1265 1242 ignorantiae,
1292 1177 1350 1225 et
1368 1169 1473 1224 sub
1495 1170 1734 1240 caligine
1754 1186 1853 1224 cae-

235 1262 432 1316 citatis
452 1260 861 1326 locata,contra
883 1277 1050 1331 quam
1078 1259 1360 1314 innumeri
1382 1259 1571 1314 hostes
1591 1276 1661 1313 ne
1681 1264 1851 1330 queat

234 1351 460 1423 egredi,
478 1358 537 1405 et
558 1349 694 1405 vitia
706 1349 1031 1404 desaeviunt.
1049 1349 1265 1403 Redeat
1286 1348 1474 1403 vincta
1484 1347 1844 1419 compedibus

225 1446 284 1495 et
298 1445 676 1512 pnegravata,
689 1438 844 1510 pium
863 1445 1023 1510 roget
1035 1439 1285 1509 judicem
1306 1437 1842 1493 indesinenter.cum

224 1528 389 1584 omni
408 1527 770 1600 improbitate
809 1527 1069 1582 clamoris
1101 1546 1113 1580 ε
1150 1527 1282 1598 quia
1312 1533 1370 1581 et
1389 1525 1435 1581 si
1467 1543 1578 1581 non
1601 1544 1666 1580 eo
1693 1527 1842 1598 quod

1941 451 2309 523 Vespasianus
2360 456 2745 526 designantur.
2795 465 2889 533 qui
2923 466 3054 519 alibi
3099 484 3234 539 aper
3262 476 3318 523 et
3344 470 3539 541 singu-

1938 540 2074 595 laris
2102 545 2248 597 lerus
2270 545 2628 614 appellantur
2662 567 2672 601 :
2706 549 2762 603 in
2793 553 2995 622 quibus
3028 557 3273 626 profecto
3304 559 3403 612 Dei
3434 540 3537 629 po-

1937 635 2110 718 testas
2142 632 2411 686 ultionem
2442 633 2761 706 iniquorum
2787 646 2843 693 et
2871 642 3167 699 vindictam
3200 646 3302 699 fuit
3342 664 3407 700 ac
3436 664 3538 718 per

1937 717 2040 772 hoc
2080 720 2227 774 Dens
2260 738 2421 775 ursus
2451 724 2533 776 vel
2564 725 2647 779 leo
2690 727 2865 783 factus
2897 731 3204 802 plangitur,
3237 735 3369 805 quia
3411 717 3540 790 cum

1935 807 2011 860 sit
2061 808 2304 862 clemens
2374 826 2439 862 ac
2510 811 2635 881 pius
2700 814 3176 883 indulgentiarum
3245 822 3536 891 Dominus,

1935 898 2096 957 (Ps-al.
2133 912 2333 963 “xm;
2382 900 2535 969 justo
2576 919 2676 955 suo
2706 904 2937 959 adduxit
2971 908 3183 977 judicio
3214 918 3409 965 contra
3440 914 3535 967 Je-

1934 986 2198 1049 rusalem,
2222 987 2314 1057 qui
2343 1005 2465 1041 eam
2489 991 2639 1043 omni
2665 991 2993 1049 insidiarum
3007 1014 3215 1067 genere
3229 999 3529 1066 obsideret,

1933 1083 1990 1128 et
2017 1091 2133 1129 suae
2162 1075 2477 1131 devastaret
2514 1079 2856 1137 fortitudinis
2904 1087 3173 1155 potentia.
3217 1088 3396 1152 Quem
3429 1090 3534 1144 Do-

1935 1163 2121 1217 minus
2158 1181 2382 1219 servum
2438 1183 2600 1221 suum
2661 1178 2718 1223 et
2760 1172 3075 1228 columbam
3118 1184 3277 1230 vocat
3308 1181 3527 1243 (Jerem.

1932 1260 2073 1321 xxv).
2101 1270 2166 1308 eo
2198 1255 2345 1323 quod
2377 1254 2435 1308 in
2461 1256 2674 1311 ultione
2695 1261 3151 1329 pi-zevaricatricis
3170 1266 3429 1321 servierit
3444 1268 3532 1321 Je-

1931 1343 2196 1408 rusalem,
2247 1350 2397 1397 ciete:
2416 1361 2588 1415 asque
2618 1347 2868 1403 civitates
2899 1351 3252 1419 subverterit,
3295 1360 3351 1409 et
3389 1373 3531 1427 prae-

1927 1431 2116 1501 posuit
2155 1450 2279 1486 eam
2312 1435 2621 1489 desolatam
2674 1440 2935 1494 vastitate
2992 1442 3206 1507 hostili,
3253 1443 3399 1498 sicut
3449 1445 3534 1499 hi-

1923 1520 2096 1575 storia
2124 1523 2328 1593 prodit,
2363 1532 2418 1579 et
2450 1531 2721 1597 tanquam
2769 1533 3063 1597 tugurium
3105 1534 3169 1585 in
3199 1549 3525 1587 cucumera-

225 1618 417 1672 amica
447 1618 538 1678 sit,
557 1622 787 1688 propter
812 1615 1231 1688 improbitatem
1263 1617 1524 1687 petentis,
1560 1616 1899 1692 promittit“
1923 1612 2032 1678 rio,
2088 1628 2319 1667 vacuam
2367 1614 2488 1668 sine
2523 1617 2752 1670 custode
2795 1618 3021 1689 reliquit
3066 1622 3188 1692 (Isa.
3224 1625 3281 1688 ι).
3333 1621 3531 1677 Posuit

225 1706 463 1769 veritas,
495 1681 1149 1777 indignatione-remota,
1196 1681 1475 1777 qu-otquot
1510 1681 1635 1760 vitae
1666 1681 1902 1776 panesB
1924 1715 2058 1768 ergo
2089 1717 2209 1754 eam
2266 1702 2535 1757 Dominus
2584 1712 2852 1777 tanquam
2898 1681 3120 1777 signum
3161 1681 3525 1781 ad'sagittam

225 1795 468 1866 pulsans
491 1795 772 1866 rogaverit
799 1794 868 1849 ad
892 1795 1125 1865 januam
1159 1810 1218 1848 se
1247 1794 1384 1848 dare
1406 1796 1555 1862 (Luc.
1582 1806 1657 1849 xu
1698 1794 1839 1860 Quia

218 1901 396 1954 prope
408 1887 756 1939 estDominus
767 1886 1023 1939 omnibus
1037 1885 1420 1937 invocantibus
1432 1885 1840 1946 cum,omnibus

225 1972 330 2044 qui
364 1973 630 2027 invocant
657 1990 783 2027 eum
808 1975 871 2027 in
897 1976 1126 2027 veritate
1160 1974 1321 2035 (Psal.
1344 1977 1541 2041 cxmv).
1576 1971 1838 2041 Alioquin

222 2061 444 2125 anima,
470 2068 527 2115 et
545 2062 593 2115 si
620 2060 708 2116 his
729 2061 991 2116 omnibus
1011 2068 1180 2115 exuta
1204 2068 1352 2115 esset
1374 2059 1839 2132 malis,quomodo

221 2147 352 2201 vias
380 2147 663 2217 lapidibus
705 2147 935 2218 quadris
965 2146 1241 2209 obsessas,
1284 2154 1341 2200 et
1368 2146 1598 2200 semitas
1628 2145 1696 2199 ad
1738 2161 1837 2216 pa-

222 2235 404 2290 triam
416 2236 914 2290 subversas.transx
925 2252 984 2290 re
1006 2235 1226 2307 posset?
1251 2235 1395 2299 Quid
1413 2234 1561 2289 enim
1577 2233 1730 2288 aliud
1755 2244 1841 2288 est

223 2324 285 2379 in
320 2325 554 2389 mundo,
594 2320 701 2379 nisi
750 2324 1202 2396 concupiscentia
1231 2324 1520 2379 oculorum
1554 2329 1611 2378 et
1639 2339 1837 2394 super-

220 2412 324 2467 bia
354 2411 525 2467 vitae?
570 2412 730 2478 Quod
766 2413 814 2466 si
844 2413 913 2466 ad
947 2413 1267 2484 Scripturas
1310 2422 1534 2468 sanctas
1574 2412 1735 2484 quasi
1766 2412 1837 2467 ad

222 2519 443 2575 pascua
462 2501 588 2556 vitae
624 2518 684 2556 se
712 2502 1005 2570 convertit,
1040 2502 1095 2556 in
1130 2501 1333 2574 quibus
1362 2509 1513 2557 recte
1540 2501 1653 2555 vita
1682 2501 1835 2556 inve-

222 2592 390 2646 nitur
408 2594 857 2653 azternallJoan.
874 2606 955 2654 ll),
970 2591 1236 2646 continuo
1258 2592 1516 2662 quadrati
1537 2595 1839 2645 occurrunt

220 2678 449 2750 lapides
472 2679 1091 2751 haereticorum,quibus
1109 2680 1336 2734 obsessa
1359 2681 1497 2734 ﬁdes
1520 2680 1679 2751 quasi
1713 2696 1837 2733 mu-

220 2767 309 2821 ris
339 2784 411 2821 ne
433 2775 583 2822 recta
615 2767 1321 2835 inveniantur.involvitur,
1354 2775 1412 2823 et
1439 2768 1726 2823 subversio
1741 2785 1831 2821 se-

219 2857 505 2910 mitarum
534 2874 728 2911 eorum
758 2858 974 2928 laqueis
1005 2857 1208 2912 ibidem
1255 2863 1495 2923 ..νεα
1532 2876 1633 2929 pro
1679 2859 1832 2911 fonte

222 2954 603 3017 praeparatur.
629 2946 789 3001 Unde
799 2947 949 3001 dicat
960 2947 1139 3001 fidelis
1156 2946 1346 3001 anima
1364 2964 1490 3002 cum
1511 2947 1789 3017 Propheta
1816 2963 1827 2998 :

1924 1790 2116 1858 procul
2146 1789 2315 1844 dubio
2354 1809 2365 1843 :
2415 1792 2547 1863 quia
2583 1794 2663 1846 sic
2711 1795 2770 1848 in
2802 1796 2984 1849 medio
3015 1814 3243 1852 suorum
3278 1800 3527 1856 hostium

1923 1876 2104 1947 posita
2135 1886 2239 1935 est.
2265 1886 2326 1932 ut
2353 1896 2417 1933 ex
2458 1882 2606 1935 omni
2633 1890 2791 1953 parte
2822 1884 3286 1944 circumdaretur.
3319 1889 3523 1959 quibus

1928 1967 2257 2037 frequenter
2288 1969 2449 2039 quasi
2478 1970 2699 2040 sagittis
2727 1973 3036 2035 vulnerata,
3074 1976 3270 2030 saltem
3304 1977 3373 2030 ad
3406 1995 3525 2032 me-

1923 2055 2110 2109 dicum
2170 2056 2381 2111 rediret
2438 2060 2768 2114 necessitate
2822 2063 3129 2132 compulsa.
3182 2065 3333 2128 Quas
3383 2084 3518 2123 sane

1938 2151 2171 2211 ..νιιί
2206 2155 2406 2216 gentes
2453 2166 2555 2202 suo
2585 2151 2941 2206 modificante
2978 2154 3210 2222 judicio,
3248 2156 3518 2211 Dominus

1922 2234 2079 2304 quasi
2095 2243 2324 2290 extenso
2345 2254 2475 2291 arcu
2500 2246 2696 2293 contra
2717 2257 2838 2293 eam
2870 2259 3016 2312 saepe
3047 2242 3261 2298 misisse
3287 2245 3515 2315 legitur,

1921 2330 1986 2377 ut
2009 2324 2091 2378 vel
2122 2324 2200 2379 sic
2231 2325 2545 2380 addisceret
2563 2327 2762 2382 timere
2786 2329 2958 2383 Deum
2982 2336 3039 2384 et
3060 2348 3414 2403 prOpugnare
3437 2350 3517 2401 se,

1920 2429 1990 2466 ne
2044 2413 2113 2466 ab
2155 2414 2371 2468 insidiis
2419 2416 2661 2470 hostium
2705 2434 2957 2481 suorum,
2994 2420 3153 2490 quasi
3183 2422 3518 2492 sagittarum

1920 2502 2311 2555 vulneraretur
2333 2503 2559 2572 jaculis.
2591 2504 2689 2558 llla
2722 2522 2848 2558 vero
2871 2506 3066 2560 relicta
3091 2523 3123 2561 a
3146 2507 3282 2571 Deo,
3305 2510 3434 2579 jure
3454 2527 3515 2565 se

1921 2590 2153 2660 plangit,
2188 2591 2349 2661 quasi
2382 2591 2601 2661 signum
2651 2593 2720 2647 ad
2761 2594 3024 2664 sagittam
3058 2597 3296 2666 positam
3331 2617 3342 2651 :
3386 2599 3519 2668 quia

1912 2680 2067 2749 justo
2096 2688 2299 2750 agente
2322 2681 2554 2750 judicio,
2589 2699 2654 2735 ac
2684 2682 2731 2736 si
2762 2692 2984 2737 extento
3008 2700 3141 2739 arcu
3173 2702 3338 2756 quam
3371 2703 3518 2757 saepe

1918 2766 1988 2821 ab
2018 2768 2269 2822 hostibus
2297 2776 2380 2822 est
2404 2770 2710 2824 vulnerata.
2728 2772 2899 2842 Cujus
2914 2782 2971 2827 et
2987 2773 3133 2828 idem
3158 2775 3517 2832 adversarius

1916 2853 2147 2907 semitas
2161 2853 2434 2907 subvertit
2462 2861 2519 2908 et
2546 2857 2837 2926 confregit.
2855 2874 2993 2928 quas
3004 2860 3122 2928 jam
3151 2876 3322 2931 supra
3342 2862 3512 2916 etiam

1914 2959 1974 2995 se
2014 2942 2203 3012 lugere
2234 2959 2293 2995 se
2324 2943 2475 2996 dicit.
2504 2944 2726 2998 Interea
2755 2963 2857 2999 vox
2881 2948 3077 3017 capitis
3108 2956 3193 3002 est
3220 2950 3431 3020 pariter
3458 2957 3516 3011 et

145 3022 156 3038 ’
222 3011 369 3102 bnis
398 3036 551 3088 dabit
600 3036 744 3089 mihi
761 3051 975 3104 pennas
1004 3039 1147 3090 sicut
1176 3038 1455 3100 columbae,
1489 3041 1540 3089 et
1569 3011 1756 3089 volabo
1784 3011 1892 3088 etc
1918 3035 2168 3103 corporis
2223 3034 2367 3103 quod
2402 3034 2579 3088 factus
2616 3035 2690 3088 sit
2738 3035 2785 3088 is
2814 3011 2976 3090 ursus
3005 3011 3278 3091 insidians
3306 3038 3376 3105 ei,
3422 3040 3517 3110 qui

220 3127 569 3193 requiescam
582 3126 772 3195 ?(Psal.
788 3131 928 3194 LIV.)
950 3124 1018 3179 Et
1035 3141 1161 3179 cum
1184 3125 1478 3196 Apostolo:
1511 3124 1722 3192 Infelix
1741 3140 1831 3189 ego

220 3212 415 3276 homo,
445 3215 571 3281 quis
602 3229 685 3267 me
710 3215 967 3267 liberabit
996 3215 1060 3268 de
1105 3230 1325 3283 corpore
1372 3216 1567 3267 mortis
1612 3215 1780 3281 hujus
1810 3219 1835 3267 2

225 3294 406 3370 (Rom.
421 3303 547 3369 vn.)
570 3300 794 3356 Scilicet
817 3302 1003 3373 gratia
1033 3303 1151 3368 Dei,
1169 3307 1233 3357 ut
1260 3301 1502 3356 sciamus
1514 3302 1583 3356 de
1603 3302 1691 3355 his
1710 3318 1823 3355 om-

222 3388 398 3443 nibus
418 3389 563 3461 quod
588 3406 699 3444 non
723 3389 832 3444 nisi
853 3408 952 3462 per
964 3392 1207 3463 gratiam
1228 3391 1533 3445 liberamur
1575 3392 1833 3461 Propter-

223 3494 297 3533 ea
325 3478 419 3532 his
448 3479 689 3533 excitata
721 3480 1015 3550 angustiis,
1040 3481 1232 3535 anima
1259 3480 1328 3534 ad
1352 3480 1651 3534 Dominum
1676 3469 1833 3533 inde-

223 3568 485 3622 sinenter
511 3569 774 3623 deﬂectat
815 3570 1136 3632 articulum,
1184 3576 1240 3625 et
1267 3568 1372 3624 sub
1402 3570 1603 3624 Daleth
1641 3569 1830 3623 littera

224 3657 509 3712 atrociora
541 3658 765 3728 plorans
792 3664 850 3712 et
872 3675 1104 3729 gemens
1134 3658 1319 3713 videat
1348 3675 1470 3729 quae
1499 3664 1826 3730 sequantur.

223 3746 435 3801 Daleth
472 3763 715 3818 namque
752 3749 916 3817 juxta
942 3748 1244 3819 quamdam
1285 3747 1827 3819 interpretationem,

227 3838 487 3890 timorem
503 3835 821 3906 significare
838 3836 1212 3899 videtur,licet
1229 3837 1487 3908 superius
1504 3837 1826 3892 tabularum

226 3923 488 3979 dixerim.
510 3925 655 3979 Hinc
676 3931 849 3981 restat
869 3933 927 3981 ut
950 3926 1172 3981 animus
1193 3928 1442 3981 atimore
1462 3926 1563 3981 Dei
1584 3927 1824 3981 salutem

225 4013 525 4084 concipiat,
543 4014 689 4069 sicut
706 4015 974 4087 scriptum
1001 4022 1086 4070 est
1114 4034 1125 4068 :
1154 4017 1194 4070 Α
1229 4019 1424 4070 timore
1442 4021 1553 4081 tuo,
1573 4018 1819 4071 Domine.

226 4105 575 4171 concepimus
604 4108 653 4157 et
677 4106 989 4173 peperimus
1016 4107 1281 4174 spiritum
1299 4108 1497 4158 salutis
1523 4107 1645 4159 nisa.
1668 4109 1824 4173 LXII).

227 4190 299 4246 Et
326 4190 463 4245 alibi
499 4209 512 4245 :
575 4192 712 4247 Cum
759 4197 956 4247 timore
982 4199 1030 4248 et
1061 4198 1297 4249 tremore
1324 4197 1560 4248 salutem
1589 4199 1825 4248 vestram

228 4283 546 4350 operamini
572 4281 791 4351 (Philip.
816 4290 901 4353 II).

907 4438 1146 4479 υΑιΕτΗ.

300 4547 449 4619 Quid
494 4547 647 4605 enim
688 4547 993 4605 terribilius
1019 4548 1127 4605 dici
1157 4552 1361 4622 potest,
1393 4555 1521 4622 post
1553 4555 1672 4605 tam
1701 4550 1827 4605 dira

227 4640 444 4713 peccati
472 4638 765 4712 supplicia,
806 4655 977 4711 quam
1008 4645 1073 4695 ut
1113 4639 1216 4694 sub
1247 4639 1350 4695 hac
1377 4640 1567 4695 littera
1606 4640 1675 4695 de
1707 4632 1823 4696 Deo

228 4728 452 4784 dicatur
467 4748 481 4783 :
505 4729 671 4784 Ursus
685 4730 964 4785 insidians
986 4730 1166 4798 factus
1178 4734 1252 4783 est
1274 4732 1417 4784 mihi
1428 4734 1507 4785 leo
1520 4736 1584 4785 in
1598 4732 1825 4785 abscon-

228 4818 384 4874 ditis.
406 4819 642 4876 Semitas
661 4835 810 4873 meas
838 4822 1124 4880 convertit,
1156 4826 1205 4874 et
1231 4821 1499 4888 con/regit
1526 4837 1629 4886 me,
1643 4822 1825 4889 posuit

230 4923 316 4962 me
344 4909 662 4963 desolatam.
702 4907 943 4963 Telendit
988 4924 1185 4962 arcum
1226 4924 1412 4974 suum,
1455 4913 1501 4962 et
1529 4912 1713 4978 posuit
1741 4926 1825 4964 me

228 4998 395 5066 quasi
448 5001 673 5065 signum
716 4999 790 5051 ad
833 5001 1096 5064 sagittam
1128 5003 1151 5050 ?
1187 4996 1328 5061 Quid
1370 4998 1675 5053 terribilius
1715 4999 1824 5053 dici

228 5086 434 5156 potuit,
485 5102 650 5156 quam
709 5091 774 5139 ut
830 5093 1027 5140 auctor
1081 5086 1278 5141 salutis
1332 5094 1557 5146 nostra},
1607 5088 1829 5142 dicatur

229 5170 393 5239 quasi
423 5185 589 5223 ursus
617 5170 890 5225 insidians
922 5170 1082 5225 nobis
1129 5171 1326 5237 factus,
1355 5178 1413 5227 et
1444 5175 1594 5227 veiut
1638 5174 1722 5226 leo
1769 5173 1823 5227 in

227 5257 623 5313 absconditis?
676 5260 853 5315 Ursus
909 5276 1151 5332 namque
1204 5262 1323 5316 fera
1391 5269 1477 5316 est
1534 5263 1825 5317 fraudibus

226 5348 414 5419 plena.
453 5355 510 5402 et
558 5348 789 5415 nimiam
839 5365 1041 5420 gerens
1071 5350 1128 5405 in
1170 5350 1409 5405 brachiis
1438 5350 1823 5406 fortitudinem

227 5444 399 5510 atque
427 5437 487 5492 in
513 5437 738 5493 lumbis.
773 5439 880 5494 Sed
910 5454 1262 5512 nequaquam
1297 5458 1398 5514 per
1426 5458 1486 5496 se
1532 5442 1821 5509 Dominus,

228 5526 335 5588 hoc
386 5527 532 5597 loco,
582 5525 710 5583 huic
761 5527 954 5586 bestia
1012 5538 1390 5603 comparatur,
1451 5530 1565 5588 imo
1612 5549 1713 5604 per
1757 5548 1825 5588 ea

1917 3129 2004 3176 est
2023 3122 2498 3177 incommutabilis
2529 3131 2585 3177 et
2603 3124 2980 3194 sempiternus
3009 3126 3156 3180 Deus
3182 3144 3193 3179 :
3227 3144 3335 3181 non
3365 3128 3515 3199 quod

1916 3211 2054 3282 ipse,
2087 3218 2150 3264 ut
2187 3212 2321 3269 dixi.
2353 3229 2387 3265 a
2413 3229 2513 3266 sua
2545 3212 2878 3267 immu’tetur
2915 3222 3117 3269 natura
3153 3216 3418 3271 bonitatis
3458 3224 3516 3273 et

1916 3299 2159 3370 pietatis,
2218 3300 2315 3354 sed
2347 3308 2577 3371 propter
2625 3302 2954 3357 efficientias
2997 3321 3204 3367 rerum,
3255 3322 3321 3360 eo
3365 3308 3516 3377 quod

1914 3387 2096 3459 ipsum
2130 3393 2322 3441 contra
2353 3389 2581 3442 unicum
2612 3390 2815 3443 Filium
2846 3407 3031 3457 suum,
3065 3399 3233 3463 caput
3261 3401 3514 3449 nostrum

1914 3476 2169 3529 videlicet
2183 3477 2719 3547 Christum,erigere
2743 3480 3014 3548 permisit,
3051 3480 3145 3551 qui
3178 3482 3329 3535 velut
3350 3499 3517 3538 ursus

1915 3565 2185 3619 insidians
2213 3566 2409 3619 fraude
2432 3572 2489 3620 et
2510 3566 2842 3620 fortitudine
2868 3585 2971 3621 sua
2988 3569 3265 3639 perimere
3280 3572 3517 3624 tentavit

1914 3672 1980 3709 ac
2025 3655 2281 3726 decipere
2317 3674 2328 3708 :
2378 3672 2489 3710 non
2541 3656 2720 3710 solum
2766 3673 2892 3710 cum
2936 3674 3101 3711 omne
3133 3674 3336 3729 corpus
3366 3660 3507 3728 ejus,

1915 3745 2122 3798 scilicet
2153 3745 2442 3799 credentes
2464 3745 2521 3798 in
2555 3761 2705 3806 eum,
2726 3746 2796 3798 ab
2827 3745 2987 3799 initio
3017 3747 3205 3801 saeculi
3230 3763 3407 3818 usque
3438 3746 3511 3801 ad

1914 3834 2082 3887 ﬁnem
2124 3834 2384 3888 tentabit.
2423 3834 2490 3887 Et
2512 3834 2659 3887 sicut
2691 3838 2788 3898 leo,
2833 3834 3032 3904 inquit,
3062 3839 3122 3889 in
3153 3837 3506 3891 absconditis.

1909 3924 1974 3977 In
2024 3922 2225 3994 quibus
2269 3922 2517 3994 profecto
2553 3923 2771 3977 duabus
2818 3923 3030 3987 bestiis,
3074 3924 3255 3978 omnis
3301 3925 3511 3979 diaboli

1909 4013 2121 4067 saevitia
2141 4013 2575 4066 demonstratur.
2600 4012 2756 4067 Unde
2785 4012 3075 4083 signanter
3094 4022 3151 4067 et
3172 4031 3271 4084 per
3288 4014 3509 4069 leonem

1911 4100 2028 4173 ipse
2053 4102 2285 4155 humani
2322 4101 2546 4172 generis
2576 4101 2929 4156 adversarius
2978 4102 3315 4156 describitur
3350 4121 3361 4157 :
3408 4120 3510 4175 per

1910 4207 2102 4245 ursum
2134 4208 2263 4245 vero
2315 4191 2454 4261 ejus,
2506 4191 2697 4245 omnia
2724 4191 2994 4255 membra,
3029 4192 3241 4246 sciliret
3262 4193 3510 4248 haeretici

1912 4285 1969 4334 et
2013 4278 2137 4333 falsi
2175 4279 2395 4342 fratres,
2432 4286 2837 4341 monstrantur,
2872 4282 3138 4352 quoniam
3177 4297 3344 4337 ursus
3379 4283 3510 4338 licet

1910 4369 2045 4423 foris
2069 4369 2144 4423 sit
2173 4368 2401 4436 viribus,
2434 4374 2626 4425 tamen
2648 4370 2935 4425 infirmum
2956 4371 3104 4442 gerit
3128 4377 3314 4442 caput,
3341 4372 3508 4427 sicuti

1913 4464 1971 4513 et
2000 4458 2056 4512 hi
2085 4475 2280 4513 omnes
2308 4457 2614 4526 diabolum,
2651 4459 2747 4531 qui
2786 4477 3011 4531 semper
3039 4461 3094 4514 in
3129 4461 3422 4515 manifesto
3452 4467 3510 4516 et

1911 4547 2343 4613 abscondito,de
2371 4548 2588 4603 unitate
2628 4549 2877 4620 corporis
2903 4548 3108 4604 Christi
3140 4548 3340 4620 quaerit
3366 4563 3507 4620 quos

1910 4638 2139 4694 devoret
2170 4638 2253 4692 vel
2283 4638 2543 4708 decipiat.
2594 4638 2656 4692 In
2699 4637 3025 4691 abscondito
3084 4637 3327 4709 quidem,
3376 4640 3510 4711 quia

1908 4728 2036 4782 dolo
2066 4733 2124 4781 et
2148 4726 2345 4781 fraude
2368 4743 2591 4798 semper
2611 4726 2800 4781 szevit:
2838 4726 2895 4780 in
2927 4726 3243 4793 manifesto,
3281 4728 3415 4800 quia
3434 4727 3505 4784 de

1906 4817 2237 4872 fortitudine
2262 4833 2363 4870 sua
2396 4817 2634 4870 multum
2666 4815 2911 4878 confidit,
2944 4822 3001 4870 et
3038 4817 3295 4872 fiduciam
3340 4818 3509 4873 habet

1907 4908 2052 4979 quod
2096 4908 2295 4962 inﬂuat
2323 4906 2581 4960 Jordanis
2616 4906 2669 4959 in
2701 4922 2762 4960 os
2788 4907 2911 4976 ejus
2945 4908 3061 4968 (Job
3083 4918 3191 4973 LX).
3212 4907 3503 4981 Hincquo-

1907 5014 2015 5068 que
2048 4996 2346 5068 Apostolus
2376 4995 2457 5048 ait
2480 5012 2491 5047 :
2513 4996 2877 5049 Adversarius
2907 5002 3078 5050 vester
3107 4998 3507 5059 diabolus,tan-

1910 5103 2079 5157 quam
2117 5091 2195 5140 leo
2228 5088 2453 5153 rugiens
2497 5088 2720 5149 circuit,
2750 5101 3000 5153 quateris
3028 5102 3186 5154 quem
3220 5087 3428 5138 devoret
3460 5085 3509 5154 (Ι

1908 5178 2053 5230 Ριιιν.
2107 5181 2184 5239 x).
2222 5174 2484 5244 Alioquin
2520 5173 2624 5226 nisi
2677 5173 2746 5226 de
2777 5189 2879 5227 sua
2925 5174 3239 5227 consideret
3278 5172 3500 5240 virtute,

1909 5280 2194 5334 nunquam
2228 5263 2456 5333 rugiens
2487 5262 2812 5332 indignatus
2862 5271 2919 5317 et
2947 5263 3210 5317 frendens
3235 5262 3357 5325 iret,
3389 5262 3501 5317 nisi

1907 5371 2036 5408 vero
2069 5353 2263 5407 fraude
2294 5353 2624 5406 insidiarum
2677 5353 2930 5406 incautos
2973 5352 3255 5422 deciperet
3294 5370 3304 5404 :
3364 5368 3505 5407 nun-

1908 5460 2075 5516 quam
2092 5443 2431 5515 (Psalmista,
2467 5442 2769 5497 insidiatur
2797 5443 2852 5496 in
2875 5442 3199 5496 abscondito
3233 5449 3501 5514 tanquam

1905 5533 1992 5589 leo
2021 5533 2081 5589 in
2111 5533 2281 5589 cubili
2310 5550 2432 5601 suo,
2484 5532 2713 5599 diceret,
2746 5531 2844 5587 sed
2887 5531 3018 5604 quia
3062 5531 3270 5588 viribus
3315 5531 3505 5587 omnia
