3960 6168
499 226 637 284 1155

1249 228 1306 282 S.
1349 226 1725 289 PASCHASII
1765 222 2126 281 RADBERTI
2165 222 2468 279 ABBATIS
2509 221 3004 279 CORBEIENSIS.

3595 237 3698 293 1156

496 353 737 425 dejicere
767 369 881 409 non
911 353 1192 427 praevalet,
1224 354 1556 408 insidiarum
1604 351 1828 407 fraudes
1858 350 2153 411 adhibetA
2174 354 2458 404 ctamenta
2485 350 2691 415 saeculi,
2725 355 2780 405 et
2810 355 3006 405 contra
3049 351 3236 407 omnia
3263 354 3463 410 nomini
3488 360 3593 428 ejus
3618 363 3700 416 ad-

497 446 768 510 (Psat.1xl.
800 445 907 498 Per
928 462 1051 517 quae
1081 445 1347 499 nimirum
1374 444 1484 497 duo
1514 442 1735 495 virtutis
1764 459 1877 496 suae
1907 457 2085 501 arma.

495 550 605 587 non
641 533 824 588 minus
854 543 1048 587 contra
1066 542 1428 603 caputquam
1462 532 1630 585 etiam
1663 540 1718 583 et
1747 540 1939 583 contra
1966 548 2086 582 om-

496 624 591 677 nia
613 624 735 693 ejus
768 623 1016 676 membra
1048 630 1277 693 pugnat.
1328 620 1482 684 Quod
1513 637 1744 691 gemens
1794 621 2084 691 propheta,

496 713 612 766 imo
661 713 915 766 Christus
964 718 1021 765 et
1074 710 1315 764 Ecclesia
1363 710 1543 765 dicit:
1599 711 1764 763 Ursus
1810 711 2088 762 insidians

499 804 678 869 factus
704 807 777 852 est
808 802 952 851 mihi
986 801 1126 851 sicut
1160 803 1237 850 [eo
1268 801 1327 851 in
1372 800 1724 857 absconditis.
1757 798 1949 868 ut'per
1976 798 2090 851 haec

499 891 609 943 duo
641 889 807 947 mala,
840 889 1110 957 duasque,
1157 895 1221 939 ut
1249 887 1380 944 dixi.
1420 887 1643 941 bestias.
1682 903 1848 939 omne
1889 904 2090 957 corpus

499 977 703 1031 diaboli
750 982 805 1029 et
864 982 1031 1046 caput
1076 992 1251 1045 usque
1294 976 1362 1029 ad
1413 975 1839 1039 Antichristum,
1895 980 2092 1029 contra

498 1067 701 1120 electos
732 1064 830 1118 Dei
860 1064 1123 1118 desaevire
1144 1066 1273 1133 jure
1315 1065 1690 1135 plangendum
1754 1072 1785 1131 ι
1805 1071 1993 1130 425
2021 1063 2092 1118 ab

498 1153 757 1209 omnibus
785 1161 1098 1208 censeatur.
1135 1155 1229 1209 Hae
1260 1170 1503 1224 namque
1551 1160 1682 1208 sunt
1729 1154 1938 1217 bestize,
1972 1171 2094 1217 quae

497 1244 688 1298 venire
719 1250 1126 1297 consueverant
1152 1250 1347 1297 contra
1377 1243 1546 1297 David
1580 1250 1860 1315 pastorem
1885 1244 2092 1303 ovium.

501 1338 559 1387 et
588 1332 881 1402 insurgere
912 1338 976 1385 ut
1000 1325 1228 1403 gregem
1261 1331 1624 1402 diriperentil
1644 1334 1765 1401 Reg.
1794 1333 2097 1399 xvn).Con—

2169 440 2447 493 versantia
2485 442 2647 511 (Psat.
2701 444 2833 505 cm).
2888 440 3043 495 Unde
3093 443 3255 512 quasi
3302 444 3502 514 signum
3542 448 3601 502 ad
3639 466 3704 505 sa-

2167 528 2367 599 gittam
2413 545 2473 581 se
2522 528 2741 599 plangit
2772 530 3037 599 positum,
3074 531 3208 601 quia
3245 549 3351 586 non
3384 535 3545 589 minus
3571 538 3617 592 in
3640 558 3701 605 se,

2171 636 2338 688 quam
2369 626 2425 671 et
2453 618 2505 671 in
2528 618 2644 672 suis
2670 619 2952 679 membris.
2980 621 3049 673 ad
3074 622 3445 691 repellendum
3472 628 3629 679 omnia
3644 630 3707 698 ja-

2170 709 2294 761 cula
2323 707 2568 777 suscepit
2595 707 2804 761 inimici
2860 710 3138 764 Caeterum
3186 712 3289 765 sub
3329 713 3508 767 Daleth
3538 716 3703 783 littera,

2171 797 2359 850 anima
2384 797 2585 850 timore
2618 799 2871 868 perculsa
2901 798 3135 869 plangit,
3167 799 3353 855 dicens
3384 820 3395 854 :
3426 805 3570 857 Ursus
3604 808 3708 858 insi-

2172 887 2337 939 dians
2365 888 2546 953 factus
2574 891 2646 939 est
2681 889 2843 953 mihi,
2861 892 2908 939 et
2941 891 3018 941 leo
3049 891 3111 942 in
3140 891 3477 963 absconditis.
3498 893 3608 963 quia
3622 912 3706 951 non

2175 975 2361 1029 minus
2386 975 2440 1028 in
2472 982 2665 1046 aperta
2696 976 2949 1047 quotidie
2978 977 3030 1030 vi
3057 959 3410 1048 sagittarum,
3432 959 3579 1051 quam
3598 990 3643 1036 et
3664 984 3707 1037 in

2174 1063 2499 1118 abscondito
2528 1064 2863 1119 insidiarum
2910 1068 3031 1136 ejus
3062 1067 3298 1139 suscipit
3334 1070 3560 1133 vulnera,
3600 1078 3645 1126 et
3665 1089 3707 1126 se

2177 1152 2384 1208 talibus
2408 1153 2640 1224 decepta
2668 1155 2829 1221 dolis,
2873 1155 3110 1226 positam
3147 1157 3278 1227 jure
3307 1158 3509 1229 plangit
3536 1160 3710 1215 desola-

2181 1250 2314 1298 tam.
2350 1243 2606 1307 Tetendit,
2631 1243 2833 1316 inquit,
2856 1261 3052 1298 arcum
3082 1262 3270 1300 suum.
3289 1247 3393 1301 Per
3410 1264 3579 1303 arcum
3593 1265 3711 1304 nam-

2182 1350 2290 1404 que
2319 1338 2627 1395 extensum,
2663 1332 2743 1385 vis
2769 1332 2941 1386 divini
2981 1334 3180 1404 judicii
3232 1337 3562 1406 exprimitur.
3589 1338 3711 1402 Quod

501 1428 593 1476 tra
621 1438 761 1493 quas
794 1438 963 1492 quam
993 1438 1136 1492 saepe
1167 1421 1314 1475 idem
1355 1420 1625 1486 insiliens,
1661 1420 1893 1475 eruebat
1935 1438 2092 1475 ovem
2115 1420 2275 1487 Bdiu
2296 1420 2485 1474 venire
2515 1420 2794 1489 differtur,
2826 1422 2958 1492 quia
2988 1422 3201 1477 mavult
3243 1423 3489 1478 Christus
3515 1425 3712 1480 invenire

502 1511 674 1565 etiam
702 1511 771 1563 de
800 1526 895 1564 ore
924 1510 1121 1574 leonis,
1157 1515 1213 1563 et
1241 1509 1591 1581 discerpebat
1620 1509 1805 1565 fauces
1834 1510 1890 1564 in
1920 1510 2097 1564 frusta

502 1598 845 1668 brachiaque
895 1598 1215 1669 superabat.
1245 1599 1357 1654 Iste
1399 1606 1486 1653 est
1515 1616 1757 1671 namque
1791 1600 1965 1654 David
1996 1616 2098 1653 no-

504 1693 635 1751 ster,
676 1687 772 1758 qui
811 1694 867 1740 et
896 1704 1023 1742 oves
1052 1705 1182 1741 suas
1230 1688 1486 1758 perducit
1534 1688 1601 1741 ad
1636 1706 1839 1759 pascua
1864 1690 2005 1754 vitae,
2044 1694 2100 1742 et

505 1777 653 1833 eruit
680 1793 775 1830 eas
795 1777 862 1830 de
883 1795 978 1831 ore
1006 1778 1201 1841 leonis,
1222 1786 1279 1830 et
1294 1795 1554 1833 ursorum
1580 1778 1805 1832 brachia
1825 1778 2100 1832 constrin-

502 1868 604 1939 git.
635 1868 748 1921 Nos
778 1867 927 1920 enim
955 1872 1189 1936 populus
1209 1871 1327 1935 ejus
1349 1873 1399 1920 et
1425 1884 1540 1920 ores
1561 1884 1771 1936 pascuae
1791 1871 1906 1935 ejus
1929 1869 2095 1933 (Padi.

508 1972 605 2012 vm
636 1962 683 2011 et
720 1966 883 2025 ρων).
919 1957 999 2010 Ad
1042 1974 1182 2030 quos
1210 1956 1398 2028 itaque
1448 1973 1616 2028 quam
1665 1973 1814 2027 saepe
1860 1956 1945 2009 leo
1995 1956 2101 2009 iste

505 2053 563 2102 et
589 2065 756 2103 ursus
789 2047 1037 2113 veniunt,
1074 2046 1262 2101 hostes
1300 2046 1510 2100 scilicet
1551 2044 1728 2099 nostri
1774 2045 2101 2113 adversarii,

505 2142 563 2193 et
583 2137 875 2193 contraria:
897 2141 1221 2208 potestates,
1237 2135 1556 2205 tolluntque
1578 2135 1746 2189 etiam
1771 2134 2005 2189 arietem
2034 2135 2103 2190 de

504 2226 691 2282 medio
712 2225 920 2297 gregis.
953 2226 1039 2279 An
1080 2241 1189 2278 non
1220 2225 1479 2278 eumdem
1520 2225 1705 2295 ipsum
1740 2223 1909 2277 David
1949 2223 2100 2287 tulit,

506 2321 565 2370 et
610 2316 770 2386 quasi
817 2315 1050 2368 arietem
1081 2313 1329 2383 pervasit
1360 2329 1374 2366 :
1415 2330 1579 2384 quem
1608 2313 1654 2366 si
1688 2330 1798 2366 non
1832 2313 2104 2367 Dominus

506 2403 576 2457 de
601 2402 851 2456 faucibus
866 2403 985 2471 ejus
1006 2400 1263 2465 eruisset,
1289 2401 1522 2455 evadere
1550 2418 1659 2454 non
1691 2408 1878 2473 posset
1904 2403 1951 2464 (Ι
1984 2403 2103 2470 Reg.

508 2496 662 2561 xvu).
701 2491 858 2546 Unde
891 2490 948 2544 in
982 2508 1221 2562 persona
1245 2490 1475 2552 Christi,
1500 2490 1645 2560 quod
1673 2499 2108 2562 persequeretur

509 2599 622 2647 eos,
648 2582 859 2635 dictum
878 2588 963 2633 est
989 2599 1000 2633 :
1033 2582 1407 2634 Percutiebam
1444 2579 1668 2650 (inquit)
1698 2586 1744 2632 et
1764 2583 2019 2633 eruebam
2044 2581 2106 2632 de

509 2688 599 2724 ore
639 2686 829 2723 eorum
865 2671 1059 2735 (Marc.
1105 2668 1233 2737 xw),
1268 2667 1480 2721 scilicet
1508 2668 1765 2721 Christus
1815 2685 1943 2721 oves
1976 2685 2105 2721 suas

509 2777 793 2831 pervasas,
826 2759 1017 2822 David,
1045 2759 1296 2820 Petrum,
1331 2763 1389 2808 et
1416 2774 1610 2811 omnes
1643 2758 1737 2827 qui
1790 2757 1846 2809 in
1880 2758 1998 2826 ejus
2025 2756 2107 2810 fu-

505 2850 733 2921 gierunt
762 2849 1039 2919 passione,
1066 2853 1122 2899 et
1148 2846 1408 2916 deinceps
1432 2862 1793 2916 quoscunque
1823 2846 2104 2915 eruitjam

507 2957 649 3010 pene
691 2945 1072 3007 consumptos.
1122 2935 1227 2988 Sed
1264 2934 1362 2997 illi,
1401 2935 1546 2987 sicut
1595 2934 1882 3004 Scriptura
1916 2936 2103 2999 refert,

2181 1526 2319 1581 quos
2348 1517 2863 1582 remuneret,quam
2885 1528 3024 1582 quos
3047 1510 3233 1566 feriat.
3274 1512 3410 1567 Hinc
3439 1514 3592 1569 David
3611 1516 3706 1569 ait:

2180 1601 2391 1654 Dedisti
2409 1601 2773 1653 metuentibus
2794 1606 2841 1654 te
2868 1603 3355 1669 signiﬁcationem,
3388 1608 3447 1656 ut
3470 1605 3661 1671 fugiant
3687 1621 3712 1658 α

2181 1691 2322 1757 facie
2352 1704 2517 1742 arcus
2553 1691 2725 1754 (Psal.
2781 1692 2912 1753 ιιι).
2947 1690 3230 1745 Fortassis
3259 1708 3389 1762 ergo
3421 1709 3514 1763 per
3546 1709 3709 1758 arcum,

2184 1777 2502 1847 Scripturas
2547 1783 2768 1831 sanctas
2823 1778 3063 1833 libenter
3117 1781 3440 1852 accipimus,
3476 1798 3534 1835 ex
3559 1781 3715 1853 quibus

2184 1865 2343 1935 quasi
2372 1864 2699 1919 fortitudine
2720 1866 2859 1920 Novi
2882 1866 3254 1931 Testamenti,
3279 1874 3336 1923 et
3349 1885 3506 1923 nervo
3526 1869 3715 1940 quodam

2183 1953 2393 2008 duritia
2423 1954 2625 2009 veteris
2652 1956 2914 2027 perplexa
2930 1964 2987 2011 et
3006 1957 3261 2012 edomita
3283 1975 3402 2013 esse
3422 1958 3647 2023 creditur,
3666 1974 3715 2012 ex

2185 2042 2386 2113 quibus
2428 2049 2698 2114 tanquam
2742 2045 2968 2116 sagittae
3022 2047 3332 2102 mittuntur
3358 2047 3427 2102 ad
3469 2047 3716 2102 feriendam

2185 2131 2367 2186 cordis
2397 2132 2835 2198 duritiam.Quia
2857 2134 3008 2188 enim
3036 2136 3152 2189 alia
3181 2136 3388 2207 sagitta
3414 2138 3720 2208 percussacst

2185 2221 2390 2284 anima,
2419 2239 2541 2291 quae
2566 2221 2704 2276 dicit
2732 2243 2742 2276 :
2776 2222 3028 2278 Inducite
3066 2224 3126 2278 in
3158 2225 3388 2279 domum
3417 2224 3537 2289 vini,
3561 2222 3718 2278 consti-

2187 2316 2315 2380 pate
2347 2327 2439 2363 me
2467 2311 2617 2364 inter
2636 2318 2943 2382 unguenta,
2960 2314 3275 2385 constipate
3304 2331 3393 2368 me
3412 2314 3545 2368 inter
3571 2312 3718 2366 mella:

2190 2399 2455 2470 quoniam
2478 2399 2765 2454 vulnera‘a
2789 2401 3006 2472 sagittis
3027 2403 3323 2457 charitatis
3355 2420 3451 2474 ego
3474 2419 3604 2460 sum;
3623 2402 3720 2470 quia

2188 2504 2375 2541 amore
2408 2492 2660 2556 langueo.
2696 2489 2876 2544 Habet
2904 2491 3051 2544 enim
3075 2509 3143 2545 ex
3166 2492 3271 2547 hoc
3293 2510 3421 2547 arcu
3443 2491 3721 2562 judiciorum

2190 2577 2288 2631 Dei
2330 2578 2585 2631 Christus
2618 2579 2755 2632 alias
2785 2580 3094 2635 immittere
3131 2582 3371 2652 sagittas
3396 2582 3461 2635 ad
3505 2578 3722 2652 perimen-

2188 2666 2322 2719 dum
2368 2666 2497 2720 vitia
2540 2673 2596 2720 et
2644 2674 2870 2738 peccata
2905 2686 2917 2716 :
2961 2670 3101 2724 alias
3140 2688 3274 2725 vero
3308 2671 3374 2724 ad
3416 2666 3721 2723 vulnerandas

2189 2755 2407 2807 animas
2434 2772 2623 2808 amore
2654 2756 3135 2811 charitatis.]nter
3161 2776 3284 2830 quae
3307 2758 3550 2811 nimirum
3578 2754 3721 2809 omnia

2191 2844 2379 2898 anima
2410 2845 2714 2899 constituta
2746 2852 2831 2899 est
2859 2847 3017 2917 quasi
3049 2848 3276 2919 signum
3311 2848 3378 2901 ad
3406 2850 3649 2917 sagittam.
3675 2844 3721 2895 ut

2192 2933 2319 2986 hinc
2371 2934 2640 3005 suscipiat
2694 2935 2925 2989 vulnera
2969 2936 3287 3002 charitatis,
3349 2937 3492 2989 illinc
3537 2932 3721 3004 repellat

510 3026 929 3098 consurgebant
958 3025 1225 3077 adversus
1252 3023 1424 3077 David
1470 3026 1630 3090 (Psal.
1669 3028 1736 3092 ιι)
1771 3042 1781 3076 :
1818 3023 1948 3092 quia
1996 3027 2165 3083 nonC
2191 3022 2379 3075 omnia
2400 3024 2590 3093 jacula
2628 3023 2858 3090 inimici,
2901 3031 3182 3095 quatenus
3227 3026 3342 3081 suis
3378 3024 3649 3094 triumphet
3669 3019 3720 3073 de

508 3117 695 3169 minus
707 3116 774 3168 ad
785 3131 973 3167 versus
985 3119 1168 3182 caput,
1193 3112 1452 3165 videlicet
1469 3112 1754 3165 Christum
1780 3112 2100 3183 insurgunt,

508 3220 675 3276 quam
700 3209 756 3256 et
785 3202 1048 3255 adversus
1077 3201 1199 3269 ejus
1230 3199 1499 3253 membra.
1536 3200 1708 3253 David
1746 3207 1956 3263 autem,
1998 3203 2105 3271 Ap-

501 3293 920 3362 prehendebam,
940 3290 1142 3361 inquit,
1178 3296 1424 3343 mentum
1453 3306 1643 3343 eorum
1674 3296 1721 3343 et
1749 3292 2099 3358 suffocabam,

508 3382 1008 3448 interﬁciebamque
1024 3397 1107 3433 eos
1134 3381 1183 3442 (Ι
1195 3381 1315 3446 Reg.
1332 3378 1711 3442 xvn).Gratias
1732 3380 2101 3451 omnipotenti

507 3464 646 3536 Deo,
679 3468 809 3540 quia
834 3467 1105 3540 quidquid
1127 3466 1401 3539 propheta
1429 3467 1607 3521 doluit
1621 3485 1715 3522 eos
1747 3470 2102 3540 praevaluisse

508 3560 568 3614 in
594 3576 825 3632 gregem
849 3558 1076 3623 Christi,
1102 3563 1284 3611 totum
1309 3556 1515 3612 virtute
1528 3558 1626 3612 Dei
1647 3564 1971 3629 superatum
1996 3565 2097 3625 est,

508 3654 730 3704 tantum
759 3665 829 3703 ne
859 3664 987 3701 oves
1018 3664 1077 3701 se
1107 3663 1301 3702 eorum
1332 3646 1584 3701 faucibus
1622 3647 1884 3717 ingerant
1916 3671 1927 3705 :
1971 3664 2104 3718 quo-

508 3739 661 3795 niam
691 3744 870 3792 morte
899 3753 1003 3791 sua
1050 3753 1145 3791 eos
1171 3737 1391 3791 leonem
1423 3737 1492 3791 de
1523 3736 1675 3790 tribu
1705 3736 1851 3791 Juda
1878 3736 2104 3790 interfe-

506 3829 646 3883 cisse
679 3834 849 3900 patet.
878 3826 1018 3880 llinc
1048 3842 1269 3899 quoque
1301 3824 1495 3889 David,
1547 3827 1786 3892 Leonem,
1818 3824 2023 3895 inquit,
2053 3832 2101 3879 et

506 3934 705 3973 ursum
732 3917 1125 3984 interﬁcicbam
1168 3933 1258 3983 ego
1293 3932 1479 3968 servus
1512 3920 1638 3967 tuus
1668 3914 1880 3979 (Ibid.).
1908 3914 2101 3985 Sequi-

506 4012 602 4062 tur
626 4024 636 4059 :
670 4006 923 4070 Semitas,
949 4004 1151 4075 inquit,
1172 4021 1313 4058 meas-
1333 4006 1595 4056 subvertit
1617 4008 1665 4055 et
1687 4004 2101 4070 confregitﬂoc

507 4096 749 4167 idipsum
778 4095 979 4166 repetit
1008 4093 1371 4163 dolens,quod
1392 4094 1507 4162 jam
1533 4109 1703 4163 supra
1730 4092 2103 4155 deﬂeverat,et

2186 3110 2462 3178 hostibus,
2513 3118 2569 3166 et
2605 3112 2806 3168 victrix
2844 3131 2973 3169 cum
3020 3132 3234 3170 corona
3278 3114 3499 3188 recipiat
3540 3108 3720 3184 paradi-

2184 3217 2331 3258 sum.

2259 3289 2527 3360 Sequitur
2546 3291 2631 3345 He
2651 3291 2991 3363 littera,qua2
3012 3295 3131 3348 vivo
3152 3294 3242 3348 vel
3265 3298 3337 3348 est
3355 3291 3716 3362 interpretatur.

2184 3380 2231 3432 A
2252 3378 2528 3450 principio
2558 3380 2707 3435 enim
2740 3380 2908 3452 hujus
2923 3381 3230 3453 alphabeti,
3252 3379 3536 3437 exinanitio
3555 3371 3717 3432 Christi

2184 3467 2669 3535 ostenditur,sicut
2684 3470 2763 3523 ait
2776 3471 3103 3542 Apostolus:
3133 3471 3245 3538 Qui
3261 3488 3383 3527 cum
3404 3473 3463 3523 in
3479 3469 3635 3536 forma
3646 3461 3720 3517 Dei

2186 3562 2332 3621 esset,
2368 3574 2480 3612 non
2512 3561 2775 3627 rapinam
2804 3561 3115 3614 arbitratus
3143 3566 3242 3629 est,
3275 3577 3378 3616 esse
3414 3576 3463 3613 se
3506 3554 3715 3625 aqualem.

2187 3648 2309 3712 Deo,
2343 3648 2433 3700 sed
2450 3650 2801 3716 semetipsum
2832 3651 3162 3715 exinanivit,
3198 3653 3435 3719 formam
3460 3647 3588 3700 servi
3603 3640 3715 3696 arei-

2183 3737 2355 3803 piens,
2386 3741 2437 3789 et
2454 3737 2646 3790 habitu
2677 3740 2933 3791 inventus
2962 3743 3023 3791 ut
3053 3738 3232 3803 homo,
3258 3743 3472 3809 propter
3487 3732 3612 3804 quod
3632 3744 3714 3782 0m-

2185 3826 2281 3877 nia
2306 3826 2514 3892 probra
2546 3830 2593 3877 et
2632 3829 2910 3893 passiones
2946 3843 3114 3897 usque
3156 3830 3234 3881 ad
3260 3831 3479 3881 mortem
3498 3816 3712 3876 sustinuit

2186 3912 2388 3981 (Philip
2454 3920 2525 3974 ιι).
2574 3914 2733 3968 Unde
2773 3932 2997 3969 necesse
3023 3916 3145 3974 iuit.
3181 3916 3284 3970 sub
3314 3918 3414 3970 hac
3443 3913 3606 3967 littera
3629 3904 3711 3959 cla-

2183 4016 2399 4055 rescere
2452 4002 2600 4056 inter
2628 4020 2836 4074 agones
2864 4010 2921 4057 et
2950 4006 3263 4059 certamina
3294 4000 3564 4075 passionis»
3600 3989 3711 4065 quod

2184 4089 2353 4160 is,qui
2374 4091 2737 4162 semetipsum
2759 4092 3039 4146 intantum
3058 4083 3710 4160 exinanivitsemperidem

501 4188 686 4251 posuit
717 4200 801 4235 me
822 4182 1908 4252 desolatam,scilicetHierusalem,quam
1932 4199 2103 4253 supra
2184 4186 2287 4239 est,
2321 4184 2377 4232 et
2404 4179 2940 4234 incommutabiliter
2968 4188 3072 4237 est.
3107 4188 3163 4235 et
3205 4182 3298 4254 qui
3331 4188 3428 4241 est,
3463 4177 3627 4246 utique
3650 4167 3710 4220 vi-

508 4271 790 4341 Propheta
827 4270 1134 4323 desolatam
1190 4271 1383 4323 sedere
1416 4271 1712 4341 plangebat
1765 4273 1926 4325 Nunc
1973 4266 2277 4365 veroDVit,
2335 4268 2479 4322 sicut
2520 4277 2577 4323 et
2625 4269 2720 4340 qui
2758 4271 2891 4323 vivit
2934 4277 3037 4336 est,
3079 4287 3143 4325 ac
3173 4288 3274 4342 per
3300 4272 3398 4324 hoc
3419 4283 3521 4322 una
3546 4278 3627 4315 VO!
3648 4260 3711 4310 εει

507 4356 780 4421 fortassis,
804 4362 918 4426 jam
944 4357 999 4411 in
1016 4357 1251 4428 seipsam
1275 4376 1515 4422 reversa,
1541 4360 1652 4411 imo
1674 4359 1880 4414 Christi
1899 4377 2104 4431 Sponsa
2123 4356 2160 4365 “’
2182 4356 2551 4421 credentium,
2600 4359 2770 4412 etiam
2813 4359 2963 4412 inter
2997 4361 3271 4431 supplicia
3313 4363 3671 4413 tormentorum
3694 4361 3705 4409 ἰ

507 4449 699 4504 dotata
723 4450 843 4519 ejus
861 4448 1155 4518 sanguine,
1177 4448 1355 4517 gemit
1382 4466 1440 4501 se
1463 4448 1699 4519 positam
1732 4450 2039 4503 desolatam
2068 4467 2099 4503 a
2182 4446 2315 4500 dum
2346 4446 2550 4500 dicitur
2608 4457 2639 4512 |
2657 4453 2837 4513 426
2892 4448 3092 4502 animae
3117 4456 3337 4511 nostrae,
3362 4462 3467 4502 non
3494 4451 3568 4497 est
3593 4436 3707 4492 salus

490 4538 730 4593 'Christo
768 4558 778 4592 :
812 4538 946 4610 quia
969 4554 1094 4591 cum
1126 4536 1444 4589 adulterum
1468 4537 1523 4589 in
1547 4536 1886 4607 quibuslibet
1906 4537 2103 4609 recipit
2181 4537 2262 4590 illi
2290 4536 2347 4589 in
2373 4537 2487 4589 Deo
2506 4539 2629 4607 ejus
2662 4539 2823 4602 (Psal.
2848 4548 2955 4605 In).
2990 4538 3103 4602 Est,
3138 4538 3267 4609 quia
3298 4536 3508 4591 omnino
3532 4536 3707 4596 semper

506 4628 623 4681 suis
652 4627 936 4690 membris,
970 4644 1156 4683 secum
1192 4642 1457 4699 sponsum
1489 4625 1719 4680 minime
1767 4626 1971 4681 habere
2010 4644 2103 4698 po-
2184 4625 2331 4679 idem
2363 4632 2419 4679 et
2446 4626 2651 4697 ubique
2677 4627 3183 4698 est,quinusquam
3212 4627 3391 4689 asuis,
3417 4630 3467 4677 et
3482 4626 3705 4688 nusquam

504 4721 632 4770 test.
650 4717 1097 4771 Tetenditarcum
1118 4721 1365 4781 suum,et
1392 4719 1574 4785 posuit
1597 4733 1681 4769 me
1699 4719 1860 4785 quasi
1870 4721 2097 4785 signum
2184 4716 2348 4785 longe
2377 4714 2553 4769 abest.
2589 4716 2655 4769 Et
2681 4716 2784 4769 hoc
2815 4716 2994 4769 solum
3033 4712 3545 4771 incommutabiliter
3578 4705 3699 4760 tenet

503 4803 578 4857 ad
604 4807 882 4870 sagittam.
918 4806 1140 4859 Positus
1168 4823 1301 4876 ergo
1346 4804 1601 4859 Christus
1647 4821 1680 4858 a
1731 4811 1889 4876 patre
1937 4804 2095 4875 quasi
2178 4805 2316 4859 ﬁdes
2346 4804 2601 4859 Ecclesia:
2628 4805 2877 4870 omnino,
2912 4805 3044 4876 quia
3073 4807 3287 4861 est.]lle
3312 4821 3431 4858 vero
3444 4803 3557 4872 jure
3580 4794 3635 4848 de
3658 4804 3703 4842 se

502 4890 725 4963 signum
754 4892 823 4945 ad
849 4894 1108 4963 sagittam
1138 4895 1346 4948 dicitur
1374 4914 1383 4947 :
1418 4895 1551 4965 quia
1590 4911 1700 4948 non
1740 4894 1925 4948 minus
1956 4895 2090 4965 ipse,
2178 4895 2258 4948 ita
2289 4894 2609 4959 ﬁdentibus,
2635 4894 2757 4949 licet
2791 4912 2889 4966 pro
2910 4894 3069 4948 nobis
3098 4902 3347 4950 mortuus
3365 4891 3610 4947 credatur.
3638 4894 3702 4932 Pe‘

502 4998 670 5055 quam
693 4986 750 5034 et
776 4982 957 5034 omnis
983 4983 1101 5051 ejus
1132 4984 1375 5037 Ecclesia
1405 4984 1459 5037 in
1491 4984 1721 5038 titulum
1755 4989 1951 5037 contra
1982 5002 2099 5037 om-
2179 4983 2417 5055 spondet
2456 5001 2677 5054 semper
2705 4989 2761 5038 et
2791 4984 2998 5055 ubique
3036 4983 3173 5042 vivo.
3208 4983 3359 5040 Unde
3387 4980 3537 5035 etiam
3564 4969 3701 5025 delin-

499 5087 599 5126 nes
645 5074 825 5124 aerias
871 5077 1193 5141 potestates,
1227 5079 1506 5127 eteorum
1554 5074 1831 5127 fallaciam
1879 5080 2097 5128 erectus
2181 5072 2480 5144 quentibus
2509 5074 2733 5139 clamat,
2767 5074 2956 5128 dicens
2998 5090 3010 5125 :
3077 5079 3193 5130 Viro
3239 5091 3343 5145 ego,
3376 5072 3487 5125 noto
3514 5063 3697 5117 mortem

499 5162 764 5215 cernitur.
802 5158 959 5213 Unde
989 5175 1133 5213 unus
1154 5178 1220 5214 ex
1248 5161 1519 5215 militibus
1548 5163 2090 5231 ejus,spcctacu(um,
2179 5168 2407 5231 peccato:
2428 5166 2490 5221 is.
2524 5166 2614 5215 sed
2640 5168 2699 5215 ut
2729 5169 3085 5218 convertatur
3105 5170 3153 5219 et
3182 5168 3322 5218 vivat
3356 5148 3694 5227 (Eudamum-

497 5249 1063 5319 inquit./actisumus
1088 5252 1295 5302 mundo
1325 5256 1371 5303 et
1403 5255 1616 5318 αηρεηέ
1648 5255 1763 5320 ejus
1807 5251 1958 5306 [Cor
2000 5256 2092 5319 ιν).
2180 5252 2552 5305 Convertatur
2594 5258 2782 5305 autem
2815 5252 2883 5307 ad
2910 5252 3078 5307 vitam
3112 5271 3123 5306 :
3157 5253 3286 5327 quia
3314 5249 3417 5303 vita
3457 5246 3693 5308 nunquam

498 5339 658 5403 Quod
703 5340 757 5392 in
798 5357 858 5393 se
889 5339 1068 5393 solum
1099 5338 1354 5393 Christus
1403 5340 1617 5410 erigere
1666 5341 1895 5406 curavit,
1929 5341 2088 5412 quasi
2171 5340 2288 5395 vult
2323 5350 2582 5403 mortem,
2611 5342 2706 5394 sed
2738 5348 2799 5395 ut
2827 5359 3022 5397 omnes
3056 5345 3173 5397 vita
3213 5343 3402 5399 vivant,
3432 5340 3481 5388 et
3516 5336 3694 5383 conver-

496 5429 943 5483 uionomachiam
962 5430 1287 5501 expleturos
1306 5437 1499 5482 contra
1520 5445 1713 5483 omnes
1743 5431 2090 5497 [4%6be-
2170 5437 2365 5485 tantur
2392 5431 2461 5485 de
2493 5438 2669 5485 morte
2700 5431 2770 5485 ad
2818 5431 3008 5486 vitam.
3068 5433 3198 5488 Haec
3234 5442 3456 5498 namque
3495 5422 3693 5501 consona

494 5518 632 5576 stias
660 5517 829 5588 silvae,
859 5497 1165 5595 contraque
1200 5535 1397 5575 earum
1417 5517 1687 5573 saevitiam
1715 5527 1912 5576 contra
1941 5519 2090 5576 oble-
2174 5538 2273 5577 vox
2298 5526 2384 5576 est
2412 5520 2601 5593 sponsi
2639 5538 2704 5576 ac
2734 5538 2972 5596 sponsae,
3006 5526 3071 5578 ut
3108 5521 3207 5579 illa
3238 5516 3537 5578 conﬁteatur
3550 5497 3689 5597 to?“
