3960 6168
258 182 394 241 1157
909 180 1289 247 EXPOSITIO
1328 182 1404 237 ΙΝ
1444 180 2049 251 LAMENTATIONES
2087 180 2433 245 JEREMLE.
2478 212 2544 223 -—
2582 183 2718 239 LIB.
2760 184 2858 239 III.

3388 185 3528 245 1158

250 314 308 364 et
335 325 453 375 ore,
486 309 620 381 quia
636 312 738 369 est.
767 309 1016 380 Sponsus
1044 313 1235 362 autem
1256 309 1309 363 ei
1337 326 1466 363 mox
1491 309 1846 380 respondeat,
1866 310 1913 367 A
1936 307 2172 377 sagittas
2202 307 2495 378 plagarum
2524 308 2729 380 excipit
2770 309 3018 381 quotidie
3067 311 3274 367 Christi
3300 327 3522 382 corpus,

248 397 371 452 vivo
398 417 410 452 :
434 402 714 470 quatenus
734 397 791 452 in
814 397 966 452 nullo
989 396 1248 450 dubitare
1276 403 1447 468 queat
1465 399 1534 451 do
1554 398 1650 452 illo
1696 397 1854 452 Unde
1937 413 2077 466 quas
2105 402 2162 450 et
2190 396 2307 466 ipse
2338 397 2391 451 in
2420 414 2585 452 carne
2610 416 2805 468 passus
2836 399 2990 469 prior
3010 400 3239 471 pertulit
3265 401 3385 455 sine
3411 403 3528 456 vul-

251 486 399 540 idem
431 492 559 558 post
587 493 843 545 mortem.
870 485 980 540 imo
1004 492 1134 541 ante
1158 495 1413 547 mortem,
1440 488 1522 541 vel
1547 504 1770 557 semper
1799 490 1855 540 et
1937 503 2069 540 nere
2097 488 2324 555 peccati.
2357 487 2537 540 Variae
2566 488 2790 556 quidem
2823 489 3160 545 emittuntur
3178 490 3247 544 de
3268 491 3532 562 pharetra

248 575 459 647 ubique
478 577 599 630 sine
630 582 842 635 morte;
876 575 1172 629 resurrexi.
1198 581 1254 629 et
1282 577 1465 630 adhuc
1496 583 1681 630 tecum
1705 592 1848 640 sum,
1938 576 2352 644 Scripturarum
2385 583 2623 645 sagittae,
2654 594 2794 645 quas
2830 595 3231 649 nonnunquam
3269 580 3530 643 ardentes

250 665 348 737 qui
395 682 684 736 nunquam
732 664 903 724 abfui,
952 664 1046 719 sed
1094 680 1317 735 semper
1358 675 1562 728 tecum,
1596 673 1651 719 et
1681 665 1737 718 in
1774 672 1849 724 te,
1936 664 2084 723 facit,
2120 671 2183 717 ut
2237 665 2404 718 corda
2461 666 2680 732 frigida,
2713 668 2896 721 calore
2952 668 3240 725 charitatis
3276 671 3533 724 concale-

247 752 418 808 sicuti
448 760 507 807 tu
538 761 595 808 et
618 753 676 807 in
696 770 814 823 me.
840 753 937 807 fui.
974 754 1128 817 Quod
1164 755 1463 811 estdicere
1488 774 1498 805 .-
1523 756 1659 809 Vivo
1691 756 1745 809 in
1774 763 1849 820 te,
1935 758 2111 809 scant.
2137 761 2191 806 et
2208 770 2397 807 amore
2420 754 2714 809 vulnerent
2778 757 2853 810 Ex
2880 774 2988 826 qua
3020 758 3187 821 etiam
3213 765 3269 812 et
3288 758 3535 817 haeretici

249 841 385 912 quia
411 849 468 896 et
497 849 556 896 tu
582 843 641 896 in
673 859 762 896 me
785 842 940 902 vivis,
969 850 1252 896 utomnes
1271 844 1506 898 audiant
1535 843 1680 914 quod
1708 844 1850 909 vivo,
1936 842 2170 911 sagittas
2202 842 2489 911 pravitatis
2513 861 2626 897 sua:
2652 845 2811 914 quasi
2842 845 2910 898 de
2952 846 3213 915 pharetra
3242 848 3530 914 toxicatas,

249 936 310 986 et
336 932 713 985 conﬁteantur
740 931 1221 1001 interrogantibus
1254 949 1265 984 :
1303 934 1401 986 Ubi
1428 938 1500 987 est
1535 936 1670 987 Deus
1698 939 1854 987 tuus?
1937 948 2149 985 veneno
2181 932 2528 985 inﬁdelitatis
2554 934 2884 1002 producunt,
2916 945 2970 987 et
2991 936 3158 988 corda
3204 935 3409 990 feriunt
3444 937 3533 990 in-

252 1024 422 1091 (Psat.
471 1033 581 1081 xu)
631 1021 949 1092 dicantque,
999 1027 1101 1076 est.
1153 1023 1251 1077 Est
1296 1028 1485 1077 autem
1532 1022 1758 1094 ubique,
1796 1022 1854 1078 in
1938 1028 2266 1076 nocentum.
2311 1022 2627 1075 Sumuntur
2655 1032 2841 1077 autem
2881 1041 2946 1078 ex
2993 1025 3116 1094 ipsa
3154 1025 3444 1095 Scriptura
3481 1030 3538 1079 et

248 1111 413 1177 caelo,
443 1110 501 1165 in
538 1121 714 1179 terra,
746 1111 893 1165 intra
920 1111 1129 1176 omnia,
1166 1118 1223 1165 et
1252 1118 1408 1166 extra
1432 1113 1639 1167 omnia.
1675 1113 1769 1167 Est
1801 1117 1857 1167 et
1938 1110 2155 1180 sagittae
2180 1110 2517 1177 judiciorum
2553 1111 2672 1173 Dei,
2700 1112 2903 1181 quibus
2944 1113 3186 1167 exterior
3216 1113 3381 1169 homo
3413 1114 3538 1168 afﬁ-

250 1200 313 1254 in
343 1200 511 1255 corde
541 1216 667 1254 meo
696 1217 797 1271 per
825 1200 1014 1264 ﬁdem,
1050 1200 1111 1254 in
1142 1217 1237 1255 ore
1277 1218 1377 1271 per
1405 1202 1806 1257 confessionem
1838 1220 1849 1256 :
1938 1199 2101 1253 citur.
2136 1199 2292 1253 Unde
2322 1199 2619 1254 Psalmista
2648 1218 2658 1252 :
2687 1202 2917 1268 Conﬁge,
2946 1202 3148 1272 inquit,
3182 1219 3374 1257 carnes
3389 1220 3535 1258 meas

249 1306 319 1344 ac
350 1305 451 1360 per
476 1290 581 1344 hoc
611 1289 730 1361 ipse
756 1289 815 1344 in
855 1305 945 1343 me
970 1295 1075 1350 est,
1103 1295 1167 1344 ut
1194 1305 1298 1360 ego
1325 1289 1430 1344 sim
1456 1290 1515 1344 in
1545 1290 1685 1361 ipso,
1712 1292 1857 1346 sicut
1938 1306 1972 1342 a
2005 1292 2199 1343 timore
2229 1293 2341 1351 tuo,
2376 1290 2605 1342 nomine
2633 1291 2796 1355 (Psat.
2846 1295 3016 1359 cxni).
3058 1292 3200 1346 Nam
3233 1294 3377 1362 quod
3410 1292 3490 1346 ait
3522 1308 3534 1345 :

248 1376 378 1450 ipse
408 1378 479 1432 ad
512 1378 735 1432 Patrem
765 1377 848 1446 ait
879 1396 891 1432 :
929 1378 1066 1443 Volo,
1095 1379 1276 1443 Pater,
1307 1385 1369 1433 ut
1404 1384 1451 1433 et
1479 1381 1588 1447 ipsi
1615 1383 1679 1433 in
1704 1383 1857 1435 nobis
1940 1379 2088 1431 Misit
2118 1378 2182 1431 in
2206 1379 2430 1431 renibus
2458 1381 2592 1431 meis
2624 1380 2771 1444 ﬁtias
2806 1380 3081 1447 pharetra
3126 1397 3254 1445 sua,
3286 1378 3538 1436 aﬁ‘ectio-

246 1483 439 1522 unum
465 1469 578 1522 sint
610 1469 783 1528 (Joan.
805 1474 954 1537 xvu).
982 1466 1109 1522 Jam
1138 1466 1271 1537 quid
1300 1466 1420 1539 ipse
1448 1467 1705 1538 planctus
1727 1468 1858 1524 insi-
1939 1482 2039 1520 nes
2067 1465 2237 1519 divini
2262 1465 2472 1520 amoris
2499 1465 2585 1519 vel
2614 1466 2833 1520 timoris
2863 1466 3127 1522 insinuat.
3149 1484 3213 1521 ex
3242 1468 3378 1539 ipsis
3398 1468 3544 1524 Scri-

248 1560 397 1611 nuet
425 1556 734 1611 videmus.
1880 1626 1893 1627 7
1939 1561 2233 1625 pturarum
2266 1554 2507 1625 sagittis,
2536 1555 2695 1625 quasi
2727 1555 2781 1609 in
2810 1556 3117 1627 pr0pagine
3137 1557 3388 1611 emissas.
3411 1557 3544 1619 Pro-

1015 1661 1108 1702 na.
1872 1626 1919 1687 Β
1942 1661 2083 1715 pago
2109 1644 2315 1715 quippe
2353 1645 2601 1699 ﬁdelium
2633 1645 2763 1714 jure
2803 1626 2967 1700 renes
2998 1626 3380 1716 accipiuntur:
3414 1645 3548 1717 quia

328 1735 483 1788 Misit
515 1736 579 1788 in
612 1734 838 1788 renibus
880 1735 1014 1788 meis
1033 1736 1181 1801 ﬁlias
1202 1735 1478 1804 pharetra
1498 1751 1625 1789 sua.
1664 1737 1857 1790 Factus
1941 1733 2088 1787 sicut
2109 1734 2165 1787 in
2195 1733 2421 1788 renibus
2452 1750 2700 1804 prapago
2722 1734 2956 1788 seminis
2976 1751 3097 1789 esse
3126 1735 3350 1794 dicitur,
3378 1735 3459 1791 ita
3484 1735 3545 1791 in

248 1838 384 1877 sum
413 1825 479 1877 in
507 1824 754 1877 derisum
779 1824 936 1876 omni
958 1826 1159 1893 populo
1188 1840 1323 1887 meo,
1356 1826 1637 1879 canticum
1666 1841 1857 1879 eorum
1942 1823 2052 1876 ﬁde
2077 1828 2135 1876 et
2161 1838 2262 1892 per
2287 1823 2453 1876 ﬁdem
2485 1822 2542 1876 in
2568 1822 2943 1887 credentibus,
2968 1823 3156 1877 omnia
3170 1824 3441 1879 virtutum
3462 1839 3547 1879 se—

252 1914 372 1964 tota
400 1910 508 1964 die.
536 1911 773 1978 Reptevit
801 1926 886 1963 me
914 1913 1415 1973 amaritudinibus,
1446 1913 1746 1967 inebriavit
1775 1929 1860 1967 me

250 1999 577 2067 absynthio.
608 1998 766 2064 Quod
796 1999 935 2053 satis
960 2000 1310 2055 Hierusalem
1343 2000 1609 2056 accidisse
1633 2001 1862 2056 manife-

250 2092 409 2143 stum
438 2093 541 2153 est,
569 2104 695 2142 cum
729 2088 1001 2143 Dominus
1024 2090 1179 2159 justo
1209 2105 1313 2144 suo
1338 2090 1549 2160 judicio
1602 2091 1763 2162 quasi
1792 2092 1862 2146 de

251 2191 397 2231 arcu
427 2177 525 2231 diu
555 2182 781 2232 extenso
807 2196 819 2233 :
856 2178 990 2250 quia
1012 2196 1323 2250 praecavere
1356 2180 1537 2235 noluit
1560 2198 1629 2235 ne
1660 2182 1860 2236 ferire-

251 2270 375 2329 tur,
407 2265 759 2337 fulgurantes
787 2268 977 2322 emisit
1004 2269 1240 2339 sagittas
1268 2269 1412 2323 ﬁlias
1441 2271 1718 2341 pharetrae
1747 2289 1861 2327 suae

248 2353 316 2408 in
343 2354 572 2408 renibus
593 2356 730 2425 ejus.
753 2362 815 2410 ut
836 2355 930 2410 ubi
952 2356 1272 2427 exciperent
1291 2358 1534 2428 primum
1558 2359 1859 2414 vindictam

245 2443 600 2513 judiciorum
648 2444 750 2498 Dei
789 2461 899 2515 quo
938 2446 1118 2516 magis
1159 2453 1541 2517 peccaverant.
1585 2448 1861 2513 Quoniam

251 2532 407 2587 sicut
431 2532 583 2587 idem
611 2537 854 2588 testatur
875 2535 1146 2606 prOpheta
1170 2554 1182 2588 :
1211 2536 1588 2605 Unusquisque
1612 2540 1862 2593 intrabat

250 2623 336 2687 ad
376 2638 611 2676 uxorem
645 2627 892 2691 proximi
914 2628 1005 2677 sui
1039 2624 1254 2695 (Jerem.
1291 2635 1365 2685 v).
1398 2626 1504 2678 Per
1541 2625 1862 2695 pharetram

251 2727 526 2781 namque,
552 2712 787 2783 abyssus
805 2718 863 2767 et
874 2713 1224 2783 profunditas
1236 2714 1576 2782 judiciorum
1602 2715 1700 2769 Dei
1723 2714 1865 2769 desi-

249 2806 488 2870 gnatur.
506 2801 586 2854 De
607 2817 716 2871 qua
737 2801 1003 2855 nimirum
1017 2801 1238 2872 abysso,
1261 2802 1869 2858 Nabuchodonosorvel

253 2889 468 2959 reliqui
510 2906 703 2944 omnes
741 2898 938 2945 contra
967 2892 1465 2961 praevaricatricem
1497 2893 1864 2959 Hierusalem,

1942 1911 2096 1966 mina
2124 1917 2530 1982 propagentur.
2546 1911 2707 1965 Unde
2732 1912 3032 1982 posteritas
3056 1913 3285 1977 Christi,
3317 1929 3382 1967 ac
3395 1913 3443 1966 si
3474 1912 3545 1967 de

1942 2000 2172 2055 renibus
2201 2001 2325 2070 ejus
2354 2006 2673 2055 enascatur.
2726 2000 2909 2054 Habet
2943 2000 3152 2055 etenim
3200 2001 3456 2056 Christus
3484 2001 3545 2056 in

1943 2089 2271 2159 integritate
2300 2090 2486 2143 omnia
2532 2089 2619 2143 sui
2668 2089 2919 2160 corporis
2946 2089 3215 2154 membra,
3251 2090 3399 2145 inter
3421 2107 3545 2161 qu;

1944 2179 2114 2233 habet
2142 2185 2200 2233 et
2228 2196 2409 2243 renes,
2434 2179 2504 2233 de
2535 2196 2772 2250 quorum
2805 2179 2931 2233 ﬁdei
2964 2179 3177 2234 semine
3229 2196 3547 2251 propagan-y

1943 2273 2120 2329 tur,et
2147 2269 2258 2322 alia
2284 2286 2347 2322 ex
2379 2274 2539 2323 utero
2558 2274 2725 2322 castae
2744 2269 2942 2322 matris
2988 2269 3265 2323 Ecclesiae.
3304 2274 3548 2335 |429

1948 2358 2016 2412 Et
2045 2357 2215 2418 misit.
2251 2357 2451 2428 inquit,
2477 2358 2621 2411 ﬁlias
2634 2358 2912 2428 pharetra:
2932 2373 3047 2411 suae
3066 2358 3125 2412 in
3146 2357 3372 2413 renibus
3383 2358 3545 2425 meis,

1944 2446 2155 2501 scilicet
2187 2447 2443 2515 sagittas,
2478 2446 2681 2516 quibus
2737 2448 2938 2500 animae
2975 2447 3045 2500 ad
3077 2463 3327 2502 amorem
3353 2448 3550 2503 vulne-

1947 2541 2162 2598 rentur,
2194 2540 2295 2589 aut
2342 2534 2410 2588 ad
2468 2534 2725 2589 timorem
2763 2554 2773 2586 :
2811 2542 3090 2604 quatenus
3121 2553 3186 2589 ex
3217 2536 3302 2589 his
3332 2542 3389 2590 et
3418 2536 3552 2590 vitia

1947 2623 2316 2694 perimantur,
2341 2630 2399 2676 et
2417 2623 2651 2677 virtutes
2673 2624 2856 2677 calore
2876 2624 3189 2678 dilectionis
3215 2624 3547 2682 adurantur.

1949 2712 2106 2766 Unde
2131 2711 2300 2765 David
2335 2730 2345 2763 :
2392 2713 2512 2765 Ure.
2552 2711 2755 2781 inquit,
2789 2728 2942 2765 renes
2983 2728 3122 2765 meos
3169 2719 3217 2766 et
3246 2729 3337 2766 cor
3367 2729 3552 2766 meum

1956 2799 2116 2853 lPsat.
2142 2800 2290 2863 xxv).
2322 2796 2487 2849 Nulla
2518 2796 2695 2866 igitur
2718 2796 2909 2849 anima
2941 2813 3066 2867 qua:
3096 2813 3207 2850 non
3237 2813 3301 2850 ex
3341 2797 3552 2866 judicio

1954 2885 2050 2939 Dei
2074 2886 2235 2955 quasi
2260 2901 2322 2937 ex
2349 2901 2478 2939 arcu
2500 2892 2781 2955 protenso,
2807 2886 2895 2939 his
2937 2886 3037 2939 Dei
3058 2894 3155 2939 aut
3190 2886 3260 2939 ad
3291 2886 3424 2939 vitia
3453 2890 3553 2940 aut

254 2994 331 3032 ac
348 2978 395 3032 si
418 2979 636 3049 sagith
651 2979 721 3033 ab
738 2997 869 3034 arcu
882 2980 1242 3047 directisunt,
1266 2987 1329 3035 ut
1348 2982 1707 3039 vulnerarent
1721 2998 1865 3047 eam,
1886 2991 1927 3048 ί]
1951 2975 2019 3028 ad
2053 2974 2289 3027 virtutes
2320 2974 2646 3028 vulneretur
2676 2974 2914 3045 sagittis.
2950 2975 3029 3028 De
3060 2974 3260 3045 quibus
3306 2974 3554 3045 profecto

253 3067 575 3139 expositam
593 3085 626 3123 a
646 3069 884 3124 Domino
898 3071 1055 3141 quasi
1074 3070 1298 3140 signum
1320 3071 1389 3125 ad
1411 3071 1696 3141 sagittam.
1716 3072 1866 3135 Quos

255 3172 393 3210 cum
424 3156 697 3227 propheta
724 3157 1042 3228 increparet
1063 3158 1260 3213 saltem
1284 3165 1347 3213 ut
1360 3160 1479 3229 jam
1503 3159 1712 3214 obsessi
1733 3176 1865 3215 con-

253 3249 639 3311 verterentur,
664 3245 746 3299 illi
776 3262 905 3300 vero
934 3246 1121 3300 omnia
1146 3246 1313 3301 verba
1338 3249 1461 3318 ejus
1490 3253 1775 3302 verterunt
1806 3248 1863 3300 in

256 3332 537 3389 derisum.
561 3334 721 3388 Unde
746 3351 979 3404 gemens
1007 3335 1124 3389 ait:
1157 3337 1351 3390 Factus
1381 3343 1624 3403 ιιεπδ
1642 3353 1771 3416 sum
1801 3340 1865 3390 in

256 3423 518 3477 derisum
547 3426 704 3477 omni
721 3428 923 3493 poputo
943 3441 1059 3478 meo
1081 3427 1362 3479 canticum
1389 3441 1582 3479 eorum
1613 3430 1724 3479 tota
1754 3427 1861 3480 die.

257 3510 431 3575 Quod
454 3511 742 3567 evidenter
765 3512 835 3568 de
858 3512 1041 3584 seipso
1070 3519 1219 3568 retro
1246 3514 1452 3568 factum
1480 3514 1750 3568 insinuat.
1776 3516 1866 3568 Re-

253 3603 458 3671 plevit,
476 3600 681 3671 inquit,
699 3618 786 3656 me
802 3604 1302 3657 amaritudinibus.
1325 3602 1487 3657 Dolet
1501 3602 1860 3674 completum,

261 3688 418 3762 quod
448 3690 722 3744 Dominus
750 3691 1092 3745 exercituum
1134 3692 1278 3745 Deus
1308 3690 1484 3747 Israel
1514 3708 1683 3764 supra
1712 3709 1867 3747 com-

259 3777 619 3833 minaverat:
650 3779 779 3834 Ecce
805 3795 916 3848 ego,
948 3779 1151 3851 inquit,
1188 3781 1371 3834 cibabo
1399 3785 1669 3850 populum
1699 3784 1870 3836 istum

260 3868 584 3935 absynthio,
599 3872 649 3921 et
667 3869 803 3922 dabo
816 3874 1010 3937 potum
1030 3871 1107 3923 eis
1134 3885 1339 3937 aquam
1359 3871 1507 3937 fellis
1524 3873 1745 3941 (Jerem.
1770 3874 1866 3931 Ix).

264 3954 487 4020 Quibus
508 3955 858 4012 Hierusalem
874 3958 992 4028 jam
1018 3958 1290 4028 repletam
1316 3964 1372 4012 et
1390 3958 1723 4013 inebriatum
1747 3976 1871 4031 pro-

266 4042 447 4112 pheta
474 4043 632 4113 luget
660 4063 672 4097 :
708 4045 970 4116 quoniam
1003 4047 1215 4117 repleta
1248 4047 1358 4100 fuit
1383 4047 1656 4117 angustiis
1691 4055 1747 4102 et
1776 4049 1870 4101 tri-

269 4128 654 4185 bulationibus
692 4132 1023 4195 innumeris,
1053 4151 1165 4187 non
1198 4134 1381 4188 minus
1416 4135 1473 4188 in
1502 4137 1748 4189 secunda
1776 4153 1868 4191 ca-

266 4223 532 4295 ptivitate
561 4224 663 4278 sub
690 4224 835 4291 Tito,
863 4242 1031 4297 quam
1060 4232 1117 4280 et
1147 4227 1204 4281 in
1235 4228 1417 4298 prima
1443 4228 1546 4283 sub
1576 4229 1869 4290 Chaldaeis.

1948 3062 2166 3134 sagittis
2217 3063 2365 3116 idem
2397 3063 2568 3116 David
2597 3081 2608 3116 :
2647 3066 2942 3131 Quoniam,
2976 3063 3178 3134 inquit,
3208 3067 3416 3131 sagittae
3444 3080 3556 3119 sua

1950 3156 2134 3221 inﬁma:
2151 3158 2283 3207 sunt
2314 3155 2456 3206 mihi
2482 3156 2647 3219 (Psat.
2665 3158 2857 3218 xxvn).
2892 3153 3037 3206 Nam
3068 3160 3125 3206 et
3149 3170 3347 3207 omnes
3375 3152 3557 3207 sancti

1947 3242 2367 3314 praedicatores,
2388 3242 2545 3312 quasi
2572 3242 2791 3312 sagittae
2820 3241 2889 3295 de
2918 3242 3184 3312 pharetra
3212 3242 3452 3307 Domini,
3479 3242 3564 3297 di-

1949 3332 2087 3386 recti
2127 3337 2275 3386 sunt.
2314 3332 2472 3386 Unde
2522 3332 2627 3385 hoc
2658 3332 2778 3401 ipse
2819 3347 2883 3385 ex
2918 3348 3158 3402 persona
3202 3331 3426 3386 Domini
3456 3334 3559 3388 :ln

1942 3423 2209 3491 pharetra
2242 3437 2363 3485 sua,
2388 3421 2590 3491 inquit,
2633 3422 2920 3474 abscondit
2958 3437 3041 3473 me
3060 3422 3188 3486 (Isa.
3208 3429 3374 3482 χιιι).
3402 3423 3483 3476 Ac
3509 3420 3559 3476 si

1948 3515 2207 3581 patenter
2225 3509 2402 3563 dicat:
2440 3508 2687 3563 Verbum
2736 3508 2921 3563 Patris
2945 3508 3243 3563 abscondit
3271 3525 3360 3563 me
3386 3510 3555 3580 longo

1948 3599 2004 3653 in
2024 3604 2297 3668 tempore,
2323 3597 2484 3669 quasi
2505 3597 2772 3667 sagittam
2791 3599 3025 3651 electam
3046 3597 3103 3650 in
3134 3597 3398 3667 pharetra
3418 3612 3550 3651 sua:

1951 3693 2228 3759 quatenus
2250 3687 2345 3742 diu
2363 3687 2711 3741 occultarum
2734 3686 3142 3756 scripturarum
3173 3685 3429 3756 caligine,
3452 3701 3557 3740 suo

1950 3776 2221 3847 producat
2249 3793 2313 3829 ex
2337 3792 2493 3839 arcu,
2528 3782 2591 3830 ut
2621 3774 2850 3846 probem
2906 3791 3070 3829 renes
3102 3781 3160 3829 et
3188 3775 3360 3829 corda
3382 3774 3557 3844 judex

1952 3865 2203 3920 omnium
2223 3865 2579 3919 constitutus.
2598 3866 2721 3918 Jam
2749 3875 2947 3920 caetera
2965 3864 3023 3918 in
3053 3865 3141 3918 his
3171 3864 3420 3919 versibus
3434 3880 3557 3935 qua:

1950 3963 2283 4024 sequuntur,
2309 3954 2605 4008 manifesta
2633 3960 2765 4007 sunt
2795 3954 2863 4008 de
2894 3954 3139 4017 Christo,
3163 3954 3309 4024 quod
3341 3954 3460 4024 ipse
3479 3954 3558 4007 fa-

1951 4050 2073 4096 ctus
2102 4050 2188 4097 est
2216 4043 2273 4096 in
2303 4043 2548 4096 derisum
2583 4043 2788 4113 pepulo
2817 4043 3158 4105 Iudaeorum,
3191 4051 3249 4096 et
3275 4042 3556 4096 canticum

1954 4152 2146 4190 eorum
2167 4143 2285 4189 tota
2305 4136 2415 4193 die.
2444 4136 2760 4206 quandiuin
2783 4152 2950 4190 carne
2979 4141 3230 4191 versatus
3260 4142 3362 4189 est.
3396 4135 3557 4191 Unde

1955 4224 2221 4292 alibi:Ego
2238 4242 2365 4279 sum
2377 4242 2521 4278 verm
2533 4225 2862 4295 z's,inquit,ct
2878 4242 2985 4279 non
3003 4226 3184 4283 homo.
3200 4225 3557 4293 opprobrium

270 4310 503 4380 quando
524 4314 669 4384 capti
690 4318 839 4379 sunt,
868 4322 925 4369 et
948 4316 1183 4386 dispersi
1204 4324 1338 4370 sunt
1356 4321 1411 4370 in
1430 4318 1711 4388 gentibus.
1736 4336 1873 4389 quas
1895 4310 1937 4367 Ι)
1957 4316 2249 4367 hominum
2267 4319 2314 4366 et
2331 4315 2558 4382 abjectio
2582 4316 2754 4382 plebis
2778 4316 2940 4374 ,Psat.
2966 4320 3095 4375 χχι).
3128 4314 3337 4371 Omnes
3367 4313 3561 4367 viden-

269 4414 386 4452 non
420 4411 694 4459 noverant
730 4405 838 4476 ipsi
878 4410 936 4460 et
974 4413 1163 4476 patres
1192 4422 1385 4460 eorum
1426 4426 1436 4458 :
1469 4413 1637 4477 atque
1670 4408 1724 4461 in
1756 4416 1873 4463 toto

271 4489 430 4554 orbe,
464 4497 528 4544 ut
558 4493 723 4549 hodie
765 4495 1032 4558 cernitur,
1076 4502 1209 4550 sunt
1257 4496 1512 4567 dispersi,
1565 4496 1656 4550 ubi
1698 4498 1872 4568 potati

272 4589 411 4640 sunt
443 4582 764 4655 absynthio,
785 4584 996 4638 scilicet
1022 4585 1449 4639 necessitatibus
1482 4586 1791 4640 innumeris
1819 4593 1876 4641 et

272 4674 557 4746 angustiis
582 4673 651 4727 ab
677 4673 929 4728 hostibus
958 4695 970 4728 ;
1004 4679 1062 4727 et
1090 4681 1427 4744 acceperunt
1449 4682 1644 4745 potum
1671 4692 1876 4747 aquam

271 4764 442 4830 fellis,
464 4779 565 4834 per
585 4778 752 4833 quam
772 4761 1054 4832 signiﬁcat
1073 4762 1487 4817 multitudinem
1507 4765 1803 4827 malorum,
1824 4769 1881 4819 et

269 4853 679 4924 sempiternum
730 4851 1067 4923 captivitatis
1109 4869 1323 4918 eorum,
1350 4854 1571 4923 jugum,
1605 4861 1705 4908 aut
1730 4862 1880 4909 certe

266 4939 655 5012 ignorantiam
691 4939 829 5009 legis
864 4939 983 5004 Dei,
1015 4956 1081 4993 eo
1114 4940 1262 5010 quod
1292 4940 1406 4994 sint
1435 4942 1632 5012 repleti
1672 4942 1880 4996 amari-

269 5030 473 5084 tudine
503 5028 667 5086 fellis,
703 5032 761 5081 et
789 5044 889 5099 pro
911 5028 1132 5083 Christo
1155 5030 1431 5100 recepturi
1462 5030 1576 5084 sint
1606 5031 1882 5085 Antichri-

272 5125 450 5174 stum.
487 5120 762 5173 Caeterum
788 5117 1063 5173 Christus.
1088 5118 1181 5189 qui
1213 5126 1315 5184 est,
1341 5129 1397 5173 et
1425 5120 1519 5189 qui
1552 5119 1701 5186 vivit,
1726 5122 1881 5191 plan-

269 5209 363 5280 git
382 5206 545 5278 quasi
565 5214 734 5277 caput
754 5214 1029 5269 nostrum,
1046 5224 1155 5261 non
1182 5208 1367 5261 minus
1388 5226 1489 5279 pro
1510 5209 1687 5274 nobis,
1709 5227 1874 5280 quam

270 5304 334 5352 et
359 5315 463 5369 pro
495 5297 625 5353 illis.
658 5299 808 5351 Misit
840 5303 1022 5366 itaque
1054 5301 1200 5364 filias
1230 5300 1507 5367 pharetrae
1543 5316 1653 5353 sua
1682 5302 1745 5353 in
1789 5316 1876 5354 re-

270 5390 442 5451 nibus
467 5389 622 5440 meis.
641 5385 914 5440 Pharetra
935 5402 1179 5457 namque
1200 5387 1395 5458 patris,
1419 5396 1571 5442 recte
1593 5388 1881 5460 Scriptura

269 5481 471 5535 sancta
507 5473 798 5547 accipitur,
832 5491 901 5545 ex
943 5491 1055 5548 qua
1091 5474 1290 5547 judicii
1332 5476 1435 5543 Dei
1462 5477 1624 5548 quasi
1654 5494 1719 5533 ex
1742 5494 1880 5535 arcu

1956 4408 2041 4456 tes
2067 4420 2173 4464 me,
2192 4403 2515 4457 deriserunt
2535 4420 2641 4466 me,
2659 4403 2827 4457 locuti
2851 4410 2985 4457 sunt
3000 4402 3162 4457 labiis
3192 4410 3249 4456 et
3266 4407 3563 4456 moverunt

1956 4499 2142 4563 caput,
2164 4492 2559 4547 subsannando
2573 4492 2785 4547 scilicet
2801 4500 2856 4546 et
2873 4493 3212 4556 insultando,
3228 4492 3400 4545 sicuti
3409 4492 3560 4563 psius

1958 4583 2180 4637 Domini
2198 4583 2379 4653 passio
2396 4583 2749 4653 apertissine
2763 4584 3012 4637 declarat
3025 4604 3036 4635 ;
3061 4584 3297 4649 Itvpterit
3310 4600 3392 4636 me
3404 4599 3560 4638 ama-

1959 4675 2382 4733 ritudinibus,et
2396 4675 2691 4727 inebriavit
2708 4690 2789 4725 me
2809 4671 3282 4739 absynthio.Unde
3293 4678 3350 4726 et
3365 4672 3420 4726 in
3440 4689 3561 4744 pas-

1961 4762 2119 4816 sione
2143 4762 2494 4832 myrrhatum
2526 4762 2716 4815 vinum
2744 4762 3022 4815 dederunt
3064 4760 3113 4814 ei
3144 4760 3333 4816 bibere
3365 4764 3555 4825 (Marc.

1962 4864 2052 4917 XV)
2077 4871 2087 4905 :
2114 4852 2378 4922 quoniam
2426 4868 2584 4905 versa
2611 4858 2733 4904 erat
2756 4850 2919 4904 vinea
2948 4850 3169 4904 Domini
3189 4858 3377 4921 (quam
3400 4852 3560 4922 plan-

1962 4948 2179 4996 taverat
2195 4959 2312 5013 Ipse
2324 4942 2486 4996 vinea
2499 4940 2727 5007 Sorech)
2748 4940 2806 4993 in
2828 4940 3262 4994 amaritudinem
3284 4941 3408 4995 vitis
3425 4940 3561 4995 alie-

1962 5048 2047 5086 nm
2084 5033 2205 5095 ιΙδιι.
2238 5042 2307 5095 ν).
2335 5030 2490 5094 Quod
2511 5037 2699 5083 autem
2738 5029 3074 5084 inebriatum
3107 5048 3168 5083 se
3195 5030 3329 5084 dicit
3354 5029 3560 5100 absyn-

1962 5122 2101 5184 thio,
2125 5121 2371 5175 Ostendit
2399 5137 2524 5174 eum
2558 5136 2666 5173 non
2701 5120 2887 5173 minus
2914 5119 3245 5175 intrinsecus
3266 5118 3559 5173 omnicor-

1959 5211 2044 5264 dis
2063 5210 2254 5263 dolore
2275 5212 2556 5268 atfectum,
2574 5227 2740 5280 quam
2760 5210 3003 5264 exterius
3032 5208 3404 5263 amaritudine
3430 5225 3560 5278 pas-

1958 5300 2133 5354 sionis
2162 5300 2532 5353 vulneratum.
2556 5299 2770 5363 Quibus
2788 5303 3032 5370 profectu
3054 5297 3340 5351 doloribus
3361 5304 3561 5368 etsup-

1961 5390 2158 5461 pliciis,
2187 5408 2353 5445 Omne
2385 5407 2590 5461 corpus
2614 5390 2815 5447 ονιιιιίέιί
2846 5406 3022 5461 usque
3056 5388 3121 5442 ad
3156 5387 3344 5455 ﬁnem,
3382 5386 3562 5442 donec

1963 5479 2154 5537 omnia
2162 5488 2645 5549 consummentur,
2662 5480 2723 5555 in
2733 5496 2798 5537 eo
2808 5479 2963 5536 intus
2972 5477 3174 5537 ferisve
3185 5476 3554 5546 exoruciatur,
