3960 6168
506 208 640 269 1159
1264 208 1321 261 8.
1365 204 1745 261 PASCHASII
1786 206 2144 264 RADBERTI
2184 210 2487 269 ABBATIS
2525 212 3015 269 CORBEIENSIS.
3596 222 3710 282 1160

498 344 558 394 et
583 335 893 392 derisiones
920 332 1134 406 patitur
1158 348 1192 387 a
1214 328 1681 404 persecutoribus,
1707 329 1778 384 ab
1795 330 2090 397 haereticis,
2105 337 2152 395 A
2171 336 2371 406 potuit.
2404 338 2494 394 Sic
2523 343 2580 393 et
2612 338 2857 394 Ecclesia
2899 340 3187 396 multoties
3226 341 3442 414 repulsa
3465 342 3714 402 heretico-

497 448 532 484 a
568 428 722 483 falsis
755 424 1041 487 fratribus,
1075 422 1145 477 ab
1201 421 1572 475 invisibilibus
1627 421 1899 485 hostibus,
1933 427 1990 476 et
2025 422 2095 476 ab
2177 443 2300 481 rum
2329 428 2491 481 malis
2510 436 2678 499 atque
2699 438 3141 499 persecutorum.
3167 433 3551 501 praeteritorum
3575 435 3719 491 oblita

500 518 652 575 omni
672 532 933 589 pressura
948 513 1132 568 saeculi
1158 513 1227 567 ,ΙΙ
1251 516 1377 564 Cor.
1400 525 1493 575 λι).
1524 510 1630 564 Sed
1662 517 1720 563 et
1747 511 1939 564 anima
1954 528 2099 582 quae-
2178 514 2471 579 bonorum,
2498 517 2811 572 innumeris
2840 535 3106 589 oppressa
3127 520 3427 585 doloribus,
3455 524 3578 578 adeo
3600 532 3654 579 ut
3672 528 3722 580 ii-

496 609 636 665 libet
664 606 870 662 talibus
895 610 952 658 et
982 600 1364 672 hujuscemodi
1387 600 1858 654 amaritudinibus
1878 618 1936 653 se
1956 617 2097 671 quo-
2179 605 2267 659 nis
2291 607 2413 675 ejus
2443 606 2581 659 adeo
2614 607 2842 677 periisse
2872 614 2930 661 et
2957 625 3084 680 spes
3114 608 3370 664 videatur
3391 630 3402 663 :
3421 620 3474 665 et
3498 629 3593 667 non
3620 613 3722 669 dico

500 700 638 755 tidie
669 696 841 751 sentit
869 690 1157 751 inebriari,
1188 690 1288 754 ita,
1321 695 1385 742 ut
1420 689 1556 742 nihil
1591 689 2094 759 impraesentiarum
2179 694 2249 748 ab
2278 695 2615 759 inﬁdelibus,
2638 712 2828 750 verum
2859 697 3027 751 etiam
3056 705 3117 752 et
3147 697 3421 754 interdum
3442 702 3722 758 afidelibus.

505 787 633 843 boni
661 783 1032 847 sentint,dum
1056 778 1227 833 tantis
1247 777 1633 832 indesinenter
1649 778 1892 832 atticitur
1911 778 2091 831 malis.
2178 783 2336 838 Unde
2367 784 2647 855 Propheta
2673 802 2684 836 :
2713 787 2819 838 Mei
2846 791 3054 851 autem,
3085 787 3293 857 inquit,
3316 805 3448 857 pene
3473 794 3593 843 moti
3619 796 3726 844 sunt

501 878 645 932 Hinc
674 873 927 944 sequitur
950 893 960 926 :
2174 874 2348 941 pedes,
2366 888 2501 941 pene
2523 875 2684 940 effusi
2704 879 2835 927 sunt
2853 889 3067 941 gressus
3093 879 3238 930 mei:
3263 878 3393 945 quia
3413 880 3574 931 zet‘avi
3594 894 3727 946 super

2177 963 2400 1030 iniquos
2418 978 2603 1029 pacem
2618 969 2963 1031 peccatorum
2991 966 3183 1018 ridens
3207 967 3376 1028 (Psal.
3400 980 3536 1019 Lxxn
3562 972 3633 1029 ,et
3650 984 3728 1021 caa-

2178 1056 2300 1104 tera
2329 1066 2452 1120 quae
2479 1057 2811 1120 sequuntur.
2854 1051 3029 1105 Porro
3068 1051 3380 1108 moraliter.
3410 1054 3581 1108 anima
3606 1055 3728 1109 intus

1228 976 1360 1014 VAU.

571 1055 850 1121 Con/regit
876 1052 949 1105 ad
978 1066 1277 1104 numerum
1294 1050 1477 1102 (lentes
1509 1062 1667 1105 meos,
1691 1047 1889 1101 cibarii
1909 1061 1997 1099 me
2023 1048 2097 1099 ci-

500 1161 649 1199 nere.
670 1143 737 1198 Et
752 1145 973 1211 repulsa
988 1145 1061 1193 est
1081 1142 1277 1193 anima
1301 1153 1439 1201 mea,
1458 1138 1658 1189 oblitus
1668 1152 1789 1189 sum
1807 1136 2092 1189 bonorum.
2177 1138 2398 1192 fastidio
2411 1139 2814 1209 scripturarum
2830 1152 3154 1195 sanctarum
3173 1150 3440 1205 saueiata,
3455 1149 3591 1196 recte
3605 1143 3730 1213 plan-

504 1235 567 1289 Et
586 1235 711 1288 dixi
733 1251 748 1287 :
770 1233 942 1286 Periit
959 1231 1089 1297 finis
1118 1244 1287 1281 meus.
1311 1232 1359 1281 et
1395 1234 1425 1291 Ι
1443 1230 1636 1290 43η)
1663 1241 1777 1293 spes
1798 1240 1967 1278 meaa
1990 1225 2095 1278 Do-
2178 1228 2287 1298 git:
2323 1229 2603 1295 Confregit
2629 1231 2702 1282 ad
2724 1245 3026 1283 numerum
3054 1231 3242 1283 dentes
3270 1246 3428 1296 meos,
3450 1230 3630 1302 quibus
3652 1249 3728 1287 ru-

474 1326 683 1379 .mino.
722 1320 879 1385 Quod
914 1319 1061 1372 male
1085 1322 1359 1371 tractatus
1407 1314 1479 1370 sit
1511 1313 1782 1369 Jeremias
1805 1330 1837 1366 a
1864 1313 2090 1384 populo,
2179 1317 2394 1370 minare
2421 1315 2586 1370 debui
2620 1316 2847 1372 verbum
2868 1317 2987 1372 Dei.
3013 1318 3285 1389 Alioquin
3301 1320 3478 1374 omnis
3499 1321 3582 1391 qui
3608 1321 3730 1374 intus

502 1413 648 1485 quod
672 1411 840 1465 etiam
863 1415 920 1463 et
949 1407 1188 1479 populus
1219 1404 1288 1459 ab
1342 1403 1615 1468 hostibus,
1667 1403 1805 1457 nulli
1837 1402 2089 1456 dubium.
2176 1405 2578 1477 scripturarum
2606 1412 2926 1461 sanctarum
2957 1408 3200 1478 mystica
3222 1408 3496 1463 audiendo
3516 1409 3725 1481 percipit,

501 1502 679 1559 Unde.
705 1498 1117 1569 inquit,cibavit
1142 1512 1226 1548 me
1254 1497 1454 1557 cinere,
1487 1493 1616 1563 quia
1640 1493 1918 1563 Propheta
1946 1491 2094 1545 fame
2176 1495 2283 1550 nisi
2304 1511 2499 1550 rursus
2530 1495 2851 1550 meditando
2870 1496 2956 1550 vel
2986 1496 3388 1567 cogitandoad
3412 1498 3657 1569 liquidum
3677 1514 3729 1552 ea

499 1606 642 1662 pene
670 1593 1009 1660 peremptus.
1045 1589 1102 1639 et
1130 1582 1368 1655 populus
1388 1582 1537 1636 omni
1570 1597 1858 1652 paenarum
1888 1596 2152 1662 genere_
2178 1583 3729 1659 ruminaverit,proculdubioimmundaerit.Hincquoque

502 1653 589 1733 est
633 1678 918 1749 depassus.
956 1675 1064 1729 Pro
1120 1653 1323 1744 quibus
1370 1670 1720 1725 miseriarum
1770 1669 2090 1734 ancoribuS.
2109 1653 2157 1714 B
2176 1681 2233 1729 et
2260 1674 2317 1728 in
2349 1674 2487 1745 lege,
2510 1653 2677 1728 omne
2697 1673 2909 1727 animal
2931 1673 3037 1728 nisi
3065 1674 3342 1739 ruminet,
3368 1681 3423 1729 et
3448 1653 3635 1729 dividat
3653 1653 3730 1729 un-

504 1766 665 1840 quasi
696 1767 883 1820 cinere
903 1763 1193 1836 plangitur
1207 1760 1442 1818 cibatus.
1469 1760 1547 1814 ita
1568 1766 1633 1814 ut
1660 1759 1881 1830 repulsa
1906 1758 2097 1813 anima

502 1856 570 1911 de
599 1871 830 1925 corpore
859 1853 1137 1907 credatur.
1170 1852 1315 1920 Ergo
1347 1849 1618 1903 bonorum
1650 1848 1923 1902 memoria
1951 1848 2099 1902 inter

502 1944 773 2016 snpplieia
798 1941 1155 1996 eitolubitur:
1183 1939 1343 1993 sicuti
1376 1955 1406 1992 e
1428 1938 1801 2001 contrario,et
1820 1938 2096 1991 malorum

501 2034 652 2088 inter
672 2038 894 2087 aeternae.
911 2028 1194 2084 fruitionis
1221 2027 1429 2097 gaudia
1459 2043 1567 2080 non
1599 2027 1925 2080 recordatur
1955 2045 1968 2079 :
2008 2026 2097 2079 in-

497 2128 718 2178 tantum
754 2129 815 2175 ut
836 2122 1023 2190 lugeat
1049 2118 1315 2189 propheta
1339 2117 1507 2170 finem
1538 2117 1724 2187 populi
1754 2116 2097 2185 sui,etspem

501 2210 860 2266 convertendi
882 2227 913 2261 ιι
938 2207 1178 2261 Domino
1206 2205 1529 2276 deperiisse,
1562 2204 1708 2275 quod
1731 2205 1867 2257 sicut
1891 2203 2095 2274 impius

501 2317 628 2355 cum
659 2300 714 2353 in
738 2298 1075 2369 profundum
1105 2296 1379 2350 malorum
1403 2294 1619 2349 venerit
1648 2296 1824 2359 (Prov.
1854 2293 2097 2361 xvm),hi

502 2388 802 2443 Dominum
831 2391 1311 2455 centempserunt.
1359 2384 1581 2438 Interea
1626 2399 1725 2436 vox
1753 2382 1951 2453 capitis
1990 2387 2094 2448 est,

503 2478 649 2548 quod
666 2475 1000 2547 confregerit
1017 2475 1084 2528 ad
1104 2490 1396 2529 numerum
1410 2473 1607 2526 dentes
1618 2473 1741 2542 ejus
1762 2472 1815 2525 in
1840 2473 2099 2543 passione

500 2566 711 2621 scilicet
723 2565 1005 2637 apostolos
1018 2570 1075 2617 et
1093 2563 1409 2633 discipulos,
1432 2563 1524 2633 qui
1541 2568 1691 2616 recte
1717 2562 1913 2615 dentes
1931 2561 2098 2615 inici--

500 2656 781 2727 liguntur:
818 2654 1082 2726 quoniam
1108 2653 1254 2707 sicut
1275 2650 1539 2706 dentibus
1567 2651 1755 2705 omnia
1779 2651 2098 2704 mandimus

501 2762 566 2800 ac
593 2744 1025 2800 comminuimus
1068 2759 1191 2813 quae
1221 2743 1277 2795 in
1304 2757 1535 2812 corpore
1557 2740 1886 2809 trajieimus,
1911 2741 2099 2809 itaper

500 2835 802 2906 apostolos.
824 2833 1080 2887 Christus
1094 2832 1383 2885 credentes
1412 2830 1466 2883 in
1494 2846 1595 2882 suo
1624 2828 1852 2882 admisit
1866 2844 2096 2898 corpore

501 2930 559 2978 et
577 2922 952 2994 transposuit;
997 2921 1090 2991 qui
1123 2920 1365 2989 denique
1393 2935 1458 2972 eo
1487 2918 1701 2978 relicto,
1735 2916 1935 2970 timore
1969 2934 2095 2987 per-

2175 1764 2388 1835 gulam,
2420 1762 2771 1817 immundum
2807 1779 2929 1817 esse
2965 1768 3233 1818 censetur
3258 1766 3450 1831 (Leuit.
3480 1781 3561 1832 :1;
3602 1765 3725 1819 Deut.

2179 1858 2311 1917 x1v).
2350 1853 2425 1907 Ex
2444 1868 2554 1923 quo
2578 1852 2851 1922 peccatrix
2874 1852 3059 1906 anima
3078 1854 3214 1923 jure
3236 1853 3408 1923 luget.
3424 1870 3486 1908 eo
3503 1854 3629 1925 quod
3650 1852 3730 1908 ini-

2182 1943 2359 1997 micus
2383 1941 2550 1995 etiam
2576 1948 2630 1995 et
2653 1941 2721 1995 ad
2741 1957 3036 1995 numerum
3060 1941 3408 2012 confregerit
3420 1942 3597 1996 dentes
3616 1942 3726 2011 ejus,

2179 2048 2250 2087 ne
2279 2029 2489 2101 aliquid
2526 2030 2583 2083 in
2613 2046 2680 2084 eo
2710 2030 2992 2084 residuum
3023 2030 3117 2093 sit,
3144 2048 3258 2101 quo
3288 2031 3559 2085 ruminare
3576 2034 3725 2102 queat.

2182 2122 2485 2191 Propterea
2509 2119 2855 2173 immundam
2878 2137 2937 2173 se
2953 2119 3225 2182 sentiens,
3251 2120 3464 2191 plangit
3486 2120 3615 2190 quod
3632 2134 3730 2172 con-

2176 2211 2337 2265 fracti
2357 2213 2471 2264 sint
2492 2209 2687 2264 dentes
2708 2210 2848 2279 ejus,
2873 2226 2937 2263 ex
2960 2209 3167 2279 quibus
3188 2211 3559 2264 comminuere
3575 2208 3727 2262 debuit

2179 2299 2443 2371 pabulum
2465 2299 2587 2352 vita;
2610 2317 2621 2351 :
2652 2300 2792 2365 Quia
2818 2315 2928 2351 non
2949 2301 3013 2352 in
3032 2301 3147 2352 solo
3165 2315 3312 2367 pane
3340 2301 3470 2353 vivit
3494 2298 3644 2360 homo,
3660 2296 3727 2349 sed

2181 2393 2243 2443 in
2271 2391 2430 2442 omni
2456 2389 2614 2440 verba
2644 2388 2789 2456 quod
2816 2388 3059 2455 procedit
3088 2388 3155 2440 de
3193 2404 3287 2441 ore
3316 2389 3415 2442 Dei
3442 2388 3600 2453 (Deut.
3624 2396 3722 2449 vm;

2180 2480 2307 2533 Luc.
2339 2480 2432 2537 IV).
2458 2475 2703 2529 Verbum
2730 2491 2863 2545 ergo
2895 2475 2995 2529 Dei
3028 2475 3294 2530 sensibus
3321 2476 3559 2531 evolvere
3584 2480 3632 2528 et
3653 2489 3728 2526 ru-

2182 2566 2414 2627 minare,
2436 2563 2649 2617 sanitas
2674 2563 2801 2617 vita;
2821 2570 2924 2617 est.
2950 2563 3165 2617 Idcirco
3184 2563 3463 2626 laudatur,
3481 2560 3610 2633 quod
3626 2559 3728 2613 deu-

2180 2660 2265 2709 tes
2298 2652 2469 2724 Moysi
2502 2668 2676 2723 usque
2706 2652 2777 2705 ad
2808 2652 3068 2705 ultimum
3106 2654 3234 2708 vitae
3264 2669 3375 2707 non
3402 2651 3591 2706 fuerint
3614 2663 3728 2703 com-

2181 2743 2337 2805 moti,
2371 2741 2503 2811 quia
2526 2740 2754 2795 verbum
2786 2740 2910 2795 vitae
2938 2757 3168 2813 semper
3195 2741 3253 2795 in
3283 2757 3379 2795 ore
3406 2746 3461 2794 et
3482 2738 3626 2793 corde
3653 2752 3726 2789 ru-

2180 2831 2429 2887 minavit.
2448 2845 2761 2901 panemque
2776 2829 3100 2899 angelorum
3120 2824 3726 2884 indesinentercomedit.

2178 2921 2251 2973 At
2270 2936 2419 2977 vero.
2439 2919 2527 2973 cui
2549 2918 2815 2973 confracti
2837 2927 2969 2972 sunt
2988 2918 3192 2973 dentes
3210 2920 3281 2973 ad
3305 2920 3728 2981 numerum,recte

500 3013 660 3076 culsi,
689 3027 884 3064 omnes
927 3010 1195 3078 fugerunt
1228 3008 1624 3069 (Matt/mum).
1660 3005 1890 3059 Cibatus
1905 3012 2092 3059 autem
2114 3005 2156 3029 υ
2178 3008 2418 3062 cibatam
2452 3025 2513 3062 se
2542 3008 2729 3062 cinere
2761 3008 2992 3078 plangit,
3015 3013 3077 3061 ut
3105 3025 3211 3078 per
3228 3008 3469 3062 cinerem
3495 3008 3601 3077 ejus
3625 3018 3728 3057 mae-

501 3102 689 3154 cinere
706 3099 874 3152 etiam
891 3097 1171 3167 pet-David
1187 3095 1416 3148 dicitur:
1442 3096 1603 3161 Quia.
1627 3094 1829 3164 inquit,
1855 3098 2094 3148 cinerem
2178 3097 2331 3152 stitia
2349 3097 2534 3151 cordis
2554 3103 2612 3151 et
2631 3096 2960 3168 poenitentia
2980 3097 3334 3167 designetur.
3354 3097 3504 3151 Unde
3520 3094 3610 3149 Job
3626 3106 3727 3146 cum

503 3195 769 3258 tanquam
788 3202 989 3255 panem
1014 3185 1441 3240 manducabam.
1474 3188 1521 3236 et
1545 3187 1733 3251 potum
1764 3200 1947 3237 meum
1969 3200 2095 3237 cum
2178 3185 2374 3239 auditu
2404 3185 2559 3239 auris
2586 3186 2760 3239 Deum
2789 3185 3056 3250 audisset,
3081 3192 3137 3239 et
3185 3186 3360 3240 oculis
3400 3186 3514 3255 ejus
3538 3197 3648 3237 eum
3672 3179 3728 3231 vi-

498 3280 632 3349 ﬂetu
673 3278 961 3330 miscebant
984 3274 1152 3346 (Psal.
1173 3282 1261 3330 οι).
1287 3272 1531 3344 Repulsa
1560 3277 1662 3332 est,
1685 3272 1885 3342 inquit,
1908 3273 2099 3327 anima
2179 3274 2371 3335 disset.
2397 3274 2602 3328 idcirco
2623 3273 2837 3345 inquit:
2869 3275 2979 3342 Ego
2997 3291 3080 3329 me
3106 3276 3457 3345 reprehendo,
3480 3278 3524 3328 et
3540 3288 3626 3339 ago
3644 3283 3725 3338 pa‘

500 3383 647 3431 mea,
678 3365 891 3420 scilicet
913 3362 1170 3417 omnibus
1206 3369 1359 3417 retro
1386 3362 1771 3416 annumeratis
1800 3362 1997 3430 malis,
2017 3362 2098 3416 ita
2180 3366 2479 3421 nitentium
2512 3366 2574 3416 in
2604 3365 2804 3430 favilla
2831 3368 2879 3417 et
2919 3367 3101 3417 cinere
3125 3366 3275 3434 (Job.
3312 3368 3462 3432 xm).
3493 3363 3550 3417 In
3574 3357 3723 3413 favilla

497 3462 565 3511 ut
590 3455 823 3510 taederet
852 3454 1032 3507 vivere
1059 3470 1069 3504 :
1102 3452 1366 3523 quoniam
1403 3451 1459 3505 hi
1506 3468 1645 3522 quos
1675 3451 1974 3521 plurimum
2007 3451 2095 3505 di-
2178 3450 2323 3504 enim
2356 3467 2421 3503 at:
2467 3450 2654 3504 cinere
2692 3450 3076 3521 penitentiam
3115 3468 3307 3519 agere,
3343 3457 3426 3505 est
3459 3448 3582 3504 nihil
3603 3441 3723 3499 aliud

498 3546 730 3606 lexerat,
755 3551 812 3599 et
842 3548 1070 3616 propter
1100 3559 1240 3613 quos
1262 3540 1818 3595 venerat.omnieum
1843 3540 2097 3611 inseque-
2178 3557 2343 3611 quam
2375 3540 2614 3593 favillam
2647 3557 2706 3594 se
2736 3558 2801 3594 ex
2830 3541 3309 3611 contemplatione
3332 3540 3427 3596 Dei
3453 3547 3507 3594 et
3522 3538 3721 3591 cinerem

501 3636 714 3690 bantur
727 3634 855 3688 odio
893 3632 1038 3702 Ergo
1055 3630 1158 3685 sub
1180 3631 1299 3684 Vau
1316 3630 1497 3683 littera
1513 3629 1720 3683 doloris
1756 3635 1813 3683 et
1841 3629 2095 3683 maeroris
2178 3647 2591 3700 recognoscere.
2611 3630 2770 3685 Unde
2791 3636 2844 3684 et
2876 3630 3083 3684 civitati
3118 3631 3371 3702 reprobte
3399 3631 3454 3683 in
3474 3621 3721 3695 Evangelio

497 3724 608 3779 ista
639 3728 1069 3793 exaggerantur,
1091 3726 1145 3772 et
1167 3736 1265 3789 per
1294 3734 1418 3772 eam
1444 3735 1566 3788 quae
1590 3717 1943 3771 duriusdicta
1964 3722 2099 3772 sunt
2179 3720 2450 3774 Dominus
2477 3720 2614 3773 dicit
2638 3737 2649 3771 :
2694 3720 2757 3775 Si
2786 3722 2847 3772 in
2882 3720 3080 3774 Sidone
3105 3724 3154 3773 et
3196 3721 3334 3790 Tyro
3361 3722 3508 3787 facta:
3529 3713 3718 3783 fuissent

496 3818 906 3884 temperantur.
931 3810 1051 3863 Van
1069 3825 1310 3878 namque
1326 3823 1526 3860 sonare
1549 3805 1765 3859 videtur
1785 3806 1869 3859 vel
1884 3805 1961 3858 sic
1984 3821 2095 3859 non
2179 3810 2427 3865 virtutes.
2445 3824 2564 3875 qua
2584 3809 2741 3874 facta
2755 3812 2885 3861 sunt
2902 3811 2962 3862 in
2986 3810 3149 3871 vobis,
3175 3812 3313 3862 olim
3334 3812 3395 3861 in
3417 3806 3581 3861 cieilio
3596 3807 3638 3856 et
3658 3801 3719 3851 ci-

497 3902 593 3956 ille
617 3920 628 3956 :
662 3903 784 3955 licet
811 3900 954 3955 alius
979 3899 1256 3969 interpres
1279 3896 1500 3960 dixerit,
1526 3902 1584 3949 et
1611 3903 1710 3949 aut
1728 3901 1876 3949 certe.
1898 3901 1955 3948 et
1984 3912 2095 3949 non
2180 3913 2306 3951 nere
2334 3898 2711 3964 paenitentiam
2743 3899 2972 3963 egissent
2990 3898 3204 3958 (Matth.
3231 3911 3314 3964 xt;
3348 3898 3469 3951 Luc.
3498 3900 3563 3950 xl.
3583 3891 3634 3945 In
3656 3886 3718 3941 ci-

496 3992 610 4057 ille,
645 3991 772 4062 quia
801 3990 931 4043 licet
948 3989 1025 4042 sic
1053 3987 1257 4041 dixerit
1289 4005 1299 4038 :
1336 3988 1504 4039 Periit
1536 3987 1666 4051 ﬁnis
1707 4001 1876 4049 meus,
1908 3990 1955 4037 et
1984 4000 2097 4052 spes
2180 4002 2313 4040 nere
2334 4001 2576 4055 namque
2599 3985 2984 4055 pmnitentiam
3003 4002 3172 4055 agere
3192 3994 3298 4049 est,
3316 3986 3544 4039 cinerem
3563 3991 3719 4033 sescn-

499 4098 617 4135 mea
639 4097 673 4134 a
702 4082 949 4139 Domino,
967 4094 1078 4131 non
1103 4077 1183 4130 sic
1212 4076 1303 4129 ille
1334 4074 1641 4128 arbitratus
1670 4082 1772 4132 est.
1800 4079 1855 4127 et
1885 4089 1995 4127 non
2013 4078 2101 4127 est
2180 4075 2285 4128 tire.
2313 4091 2432 4128 esse
2462 4080 2832 4127 mortuorum.
2858 4074 2988 4128 Ideo
3017 4081 3074 4128 et
3100 4074 3171 4128 ad
3205 4072 3571 4146 paenitentiam
3597 4062 3717 4120 adhi-

500 4168 705 4224 oblitus
740 4168 879 4221 adeo
905 4166 1199 4228 bonorum,
1227 4170 1291 4218 ut
1318 4181 1443 4218 cum
1478 4164 1639 4217 Patre
1664 4179 1787 4233 quae
1807 4168 1939 4216 sunt
1958 4179 2100 4217 sem-
2180 4164 2298 4218 beri
2328 4163 2486 4224 solet,
2512 4168 2577 4217 ut
2599 4179 2665 4216 ex
2693 4162 2879 4217 favilla
2899 4169 2956 4217 et
2977 4164 3164 4218 cinere
3195 4162 3597 4236 perpendamus,
3614 4148 3716 4224 quid

498 4258 720 4329 piterna
736 4271 845 4309 non
872 4253 1150 4311 habuerit.
1172 4258 1272 4307 aut
1289 4252 1593 4307 secundum
1614 4252 2020 4306 humanitatem
2040 4252 2096 4306 in
2114 4326 2147 4329 _
2183 4271 2282 4325 per
2294 4252 2568 4324 judicium
2589 4252 2689 4307 Dei
2712 4258 2770 4306 et
2787 4252 2963 4323 culpa:
2991 4253 3215 4307 ruinam
3247 4254 3373 4308 facti
3400 4264 3592 4307 sumus.
3606 4242 3716 4298 Hinc

499 4326 717 4402 unitate.
736 4359 986 4417 personae
1006 4342 1103 4396 illa
1123 4342 1406 4413 percipere
1425 4358 1535 4395 non
1552 4341 1864 4396 crediderit.
1878 4341 2096 4413 Dequi-
2114 4326 2402 4415 unoque
2432 4342 2629 4412 lugens
2657 4341 2796 4395 dicit
2824 4359 2836 4394 :
2877 4343 3089 4397 (libavit
3123 4359 3208 4397 me
3252 4346 3454 4404 cinere;
3492 4353 3549 4393 ac
3572 4334 3612 4388 si
3642 4344 3713 4401 p8-

500 4435 605 4492 bus
636 4435 882 4509 profecto
898 4431 1059 4487 bonis
1080 4431 1283 4485 David:
1307 4431 1489 4494 Credo,
1524 4430 1724 4500 inquit,
1752 4432 1932 4485 ridere
1958 4433 2097 4485 bona
2178 4437 2363 4487 tenter
2389 4430 2541 4484 dicat
2571 4444 2583 4479 :
2617 4430 2807 4501 Culpis
2836 4430 3186 4501 exigentibus
3211 4433 3365 4502 justo
3392 4445 3487 4484 suo
3521 4418 3707 4495 judicio.

499 4528 729 4583 Domini
758 4528 822 4579 in
845 4530 995 4579 terra
1015 4523 1319 4576 viventium
1346 4521 1505 4574 tPsat.
1538 4526 1699 4576 xxvn.
1723 4518 1792 4573 Et
1833 4519 1979 4581 ideo.
2012 4520 2097 4574 vel
2191 4528 2226 4587 |
2243 4525 2429 4587 432
2453 4520 2586 4590 quia
2607 4518 2833 4574 verbum
2856 4519 2981 4575 vita;
2999 4520 3286 4575 ruminare
3303 4516 3502 4581 distuli,
3519 4511 3710 4569 satiatus

501 4615 580 4669 sic
603 4629 715 4669 non
743 4613 857 4680 ille,
907 4618 972 4668 ut
1024 4610 1159 4674 dixi,
1190 4607 1494 4664 arbitratus
1518 4614 1604 4664 est
1654 4607 1819 4662 ﬁnem
1865 4608 2098 4679 periisse
2179 4609 2365 4664 cinere
2393 4608 2771 4673 mortalitatis,
2800 4608 3125 4680 ingemisco.
3149 4610 3217 4664 Et
3237 4611 3450 4680 repulsa
3467 4610 3534 4660 est
3551 4600 3708 4655 anima

500 4720 691 4761 suum.
711 4719 893 4774 neque
922 4718 1077 4774 spem
1109 4716 1268 4756 suam
1300 4715 1335 4753 a
1370 4698 1630 4763 Domino,
1645 4703 1701 4751 et
1721 4714 1833 4752 non
1854 4697 2089 4752 estobli-
2174 4715 2315 4762 mea,
2349 4700 2549 4753 oblitus
2588 4715 2712 4752 sum
2755 4699 3043 4753 bonorum.
3091 4698 3387 4770 Repulsam
3424 4708 3545 4764 ergo
3566 4706 3595 4743 ε
3619 4686 3706 4741 Ποο

501 4796 594 4845 tus
615 4789 908 4850 bonorum.
933 4790 1060 4844 licet
1077 4789 1302 4861 repulsa
1322 4788 1397 4843 sit
1436 4787 1625 4842 anima
1646 4785 1866 4841 illiusin
1892 4801 1957 4839 eo
1981 4802 2095 4857 pm
2175 4805 2235 4844 se
2263 4787 2433 4853 dolet,
2466 4794 2524 4842 et
2552 4787 2858 4858 expositam
2884 4788 2954 4842 ad
2986 4788 3341 4851 tentationes,
3374 4802 3441 4840 ne
3465 4783 3597 4837 ultra
3613 4777 3707 4861 jalll

501 4858 1379 4935 cordisduritualudaaorum.Sed
1397 4876 1628 4931 nimium
1655 4874 2090 4929 animidolorem
2175 4878 2245 4932 ad
2273 4877 2436 4939 bona,
2474 4893 2597 4948 quae
2624 4877 2814 4941 sentit,
2846 4876 3019 4932 libere
3060 4878 3290 4933 tendere
3317 4873 3499 4948 possit,
3534 4870 3629 4923 imo
3651 4858 3705 4915 ab

501 4969 755 5023 insinuat
781 4973 839 5020 et
868 4982 1182 5029 maerorem,
1217 4974 1281 5020 ut
1301 4966 1439 5019 adeo
1462 4966 1535 5019 sit
1559 4964 1868 5019 inebriatus
1889 4964 2097 5034 passio-
2177 4966 2437 5021 omnibus
2472 4966 2737 5022 vitiorum
2781 4967 3100 5037 reperculsa
3131 4966 3293 5021 malis
3334 4966 3477 5020 intus
3502 4952 3706 5012 sauciata

500 5059 591 5113 nis
618 5056 1101 5117 amaritudine,ne
1130 5055 1409 5109 recordari
1436 5061 1609 5126 possit
1629 5054 1995 5118 bonorum,et
2017 5054 2097 5106 di-
2171 5057 2338 5126 jacet.
2368 5055 2427 5109 in
2478 5060 2698 5109 tantum
2735 5060 2800 5110 ut
2846 5054 3122 5110 bonorum
3172 5052 3442 5111 recordari
3486 5042 3699 5126 nequeat-

503 5156 593 5203 cat
614 5148 776 5202 malis
804 5144 1167 5199 exacerbatus
1197 5160 1207 5192 :
1238 5148 1405 5198 Periit
1434 5146 1562 5212 ﬁnis
1584 5161 1733 5197 meus
1765 5149 1812 5197 et
1844 5159 1955 5211 spes
1977 5158 2097 5197 mea

502 5254 537 5291 a
564 5239 815 5292 Domino.
851 5234 1009 5299 Quod
1042 5233 1086 5287 si
1116 5250 1225 5287 non
1258 5243 1343 5287 est
1366 5234 1445 5287 ita
1475 5233 1620 5303 apud
1654 5231 2097 5303 internumjudi-

501 5341 642 5381 cem.
672 5326 817 5395 apud
848 5323 1105 5377 homines
1136 5339 1266 5377 vero
1298 5322 1391 5393 qui
1424 5330 1556 5376 tunc
1602 5322 1837 5376 aderant
1867 5321 2096 5393 periisse

501 5413 796 5467 videbatur
819 5413 1123 5472 intantum,
1158 5417 1221 5465 ut
1261 5418 1421 5476 I4;
1454 5419 1482 5474 Ι
1522 5411 1711 5464 dicant
1740 5412 2091 5465 insultando:

504 5503 611 5572 Qui
637 5502 776 5558 alios
817 5503 997 5559 salvos
1053 5500 1201 5569 fecit,
1234 5499 1481 5573 seipsum
1512 5500 1725 5555 salvum
1767 5502 1951 5557 facere
1982 5516 2097 5557 non

2178 5125 2549 5199 atrocioribus
2579 5162 2771 5216 pressa
2797 5145 3099 5200 doloribus.
3126 5146 3266 5200 Hinc
3286 5149 3369 5198 est
3393 5137 3523 5212 quod
3551 5125 3701 5216 Sequi:

2178 5239 2273 5288 tur
2302 5253 2314 5287 :
2347 5236 2518 5288 Periit
2545 5211 2675 5301 ﬁnis
2700 5251 2873 5292 meus.
2906 5240 2952 5289 et
2982 5251 3098 5304 spes
3122 5252 3238 5290 mea
3263 5251 3297 5288 α
3326 5211 3548 5287 Domino.
3573 5211 3698 5284 ρειοά

2178 5322 2318 5376 bene
2337 5324 2458 5377 Vau
2490 5323 2676 5377 littera
2704 5323 2969 5387 insinuat,
2994 5340 3135 5395 quae.
3160 5324 3300 5378 sicut
3316 5319 3439 5383 dixi,
3456 5321 3498 5370 et
3526 5324 3618 5365 non
3641 5306 3698 5357 σεε

2178 5413 2599 5484 interpretatur.
2634 5413 2788 5467 Perit
2812 5429 3054 5484 namque
3080 5420 3138 5468 et
3163 5429 3270 5467 non
3300 5416 3380 5464 est
3407 5408 3455 5460 in
3487 5395 3692 5484 Domino,

2180 5502 2277 5573 qui
2296 5481 2425 5557 vere
2439 5502 2567 5558 ﬁnis
2580 5502 2755 5558 totius
2773 5481 3268 5587 consummationis
3282 5495 3597 5574 medicatur.
3608 5481 3696 5538 Aul
