3960 6168
897 149 1277 208 EXPOSITIO
1317 149 1395 207 IN
1434 149 2044 214 LAMENTATIONES
2083 156 2428 218 JEREMIZE.
2477 192 2542 204 —
2582 162 2719 221 LIB.
2762 114 2863 222 Ii].
3377 103 3519 232 11ﬁ2

243 287 417 347 certe,
440 281 527 334 vel
546 279 628 368 sic
641 293 754 333 non
763 277 878 368 ille,
896 276 1067 368 sicuti
1087 293 1122 330 a
1141 278 1380 368 quodam
1402 277 1835 368 interpretatur:
1858 284 1909 345 Α
1928 288 2380 352 transgressionis
2392 305 2538 344 mea.
2559 290 2670 346 Sed
2695 292 3063 363 querendum
3085 311 3187 351 cur
3212 300 3523 368 transgres-

244 370 379 443 quia
412 368 500 422 vel
522 367 601 422 sic
621 382 731 421 non
760 365 854 419 ille
884 364 1011 418 ﬁnis
1031 369 1131 428 est,
1159 365 1228 418 de
1259 382 1369 436 quo
1398 366 1630 437 plangit,
1655 367 1714 421 in
1735 385 1846 440 quo
1928 371 2101 427 sionis
2132 374 2255 444 ejus
2282 378 2565 433 recordari
2579 385 2755 451 petat,
2776 399 2905 438 cum
2926 400 3027 440 nec
3054 385 3309 441 Christus
3334 364 3522 442 trans-

244 457 437 512 omnia
474 456 769 522 ﬁniuntur,
810 454 908 508 sed
946 454 1040 508 ille
1078 453 1175 525 qui
1213 455 1361 526 perit
1400 460 1457 510 et
1483 472 1595 511 non
1624 462 1711 511 est
1742 476 1753 511 :
1786 457 1849 520 in
1927 462 2275 531 gressionem
2303 466 2595 523 admiserit
2624 471 2857 541 peccati,
2892 488 2994 527 nec
3022 478 3172 530 recte
3218 479 3528 546 transgres-

246 563 359 616 quo
379 547 492 599 ﬁne
512 561 626 599 non
645 544 891 598 essentia
908 559 1120 597 rerum.
1135 543 1231 597 sed
1253 543 1490 599 interius
1501 545 1843 616 deploratur.
1930 549 2145 605 sionem
2173 568 2335 606 suam
2356 553 2559 625 aliquis
2577 556 2740 611 otl‘ert
2760 558 2939 628 judici
2963 576 3074 631 qua
3101 543 3404 632 puniatur,
3410 560 3526 618 imo

247 635 396 688 Hinc
426 638 483 687 et
509 649 664 705 spem
708 648 868 686 suam
899 648 933 684 a
960 632 1200 686 Domino
1230 632 1461 704 periisse
1503 633 1674 704 luget,
1718 634 1851 705 quia
1933 643 2095 707 rogat
2134 655 2262 694 cum
2300 641 2472 696 David
2504 658 2519 699 :
2566 647 2758 699 Averte
2795 648 2994 714 faciem
3030 654 3186 703 tuam
3230 665 3266 703 a
3295 652 3529 719 peccatis

247 721 460 776 talibus
481 720 788 791 praepedita
807 719 1042 791 laqueis,
1076 720 1147 774 ad
1173 737 1240 774 ea
1268 737 1390 792 quae
1420 721 1610 788 sentit,
1635 722 1849 793 erigere
1933 730 2086 790 meis,
2144 732 2193 781 et
2231 745 2417 783 omnes
2464 733 2787 800 iniquitates
2828 750 2974 789 meas
3017 737 3178 790 dele?
3235 739 3399 804 (Psat.
3439 738 3529 807 ι..)

247 827 310 865 se
341 826 457 865 non
485 809 651 863 valet.
683 809 989 879 Propterea
1017 813 1075 862 et
1100 809 1390 880 signanter
1417 816 1474 864 et
1501 810 1633 864 Zain
1663 809 1852 864 littera
1936 815 2043 869 Sed
2071 819 2174 883 est,
2204 817 2352 887 quod
2382 818 2640 875 Christus
2660 823 3124 894 transgressionis
3152 840 3267 880 sure
3294 829 3421 880 orat
3437 840 3533 881 re-

248 898 635 969 anteponitur.
659 896 793 951 Zain
814 895 1018 968 quippe
1038 899 1146 951 duc
1159 903 1225 961 te,
1240 899 1399 968 juxta
1428 898 1719 970 quosdam,
1752 904 1851 952 aut
1936 903 2154 957 cordari
2188 922 2203 960 :
2250 905 2383 976 quia
2418 923 2548 962 cum
2595 911 3100 982 transgressionem
3141 912 3300 983 legis,
3339 918 3533 969 tamen

249 990 379 1054 huc,
412 1002 614 1041 sonare
643 985 880 1051 videtur,
911 985 1059 1056 quod
1088 985 1225 1040 satis
1244 992 1435 1058 aperte
1455 987 1705 1042 insinuat
1719 987 1853 1058 quid
1939 997 2341 1063 praeceptorum
2356 994 2478 1060 Dei,
2491 996 2648 1052 nulla
2670 998 2962 1055 admiserit
2986 1014 2998 1049 :
3026 1000 3399 1072 transgressio
3427 1017 3533 1074 pro

247 1076 405 1141 velit,
428 1093 495 1130 ac
515 1075 559 1129 si
582 1079 841 1146 patenter
859 1073 1010 1128 dicat
1028 1090 1096 1128 ex
1114 1091 1353 1146 persona
1383 1075 1501 1141 Dei,
1527 1082 1629 1131 aut
1646 1092 1711 1130 ex
1732 1092 1856 1148 per-
1939 1079 2099 1135 nobis
2118 1080 2297 1135 factus
2314 1087 2417 1137 est.
2442 1084 2583 1140 Hinc
2611 1102 2746 1141 sane
2770 1091 2829 1142 et
2853 1088 3153 1159 Apostolus
3178 1107 3189 1142 :
3214 1090 3322 1157 Qui
3342 1073 3533 1160 pecea-

252 1181 399 1220 sona
425 1164 671 1218 doctoris
701 1181 713 1216 :
746 1164 866 1217 Duc
893 1169 950 1217 te
974 1163 1093 1232 jam
1119 1163 1251 1217 hinc
1288 1164 1452 1234 longe
1485 1169 1636 1218 retro
1664 1165 1857 1219 multis
1941 1173 2061 1223 tum
2094 1185 2204 1224 non
2242 1171 2390 1238 fecit,
2432 1188 2528 1227 nec
2572 1177 2828 1229 inventus
2873 1181 2949 1230 est
2990 1178 3149 1232 dolus
3196 1180 3260 1231 in
3288 1194 3380 1233 ore
3416 1181 3534 1248 ejus

254 1254 557 1308 convoluta
595 1252 777 1307 malis.
808 1250 879 1306 Et
922 1268 993 1306 ne
1038 1251 1423 1307 indifferenter
1452 1254 1610 1324 quasi
1640 1270 1854 1321 errans.
1943 1259 1994 1324 (Ι
2017 1260 2162 1312 Petr.
2197 1260 2275 1327 n).
2308 1258 2419 1314 Pro
2438 1260 2601 1315 nobis
2629 1268 2921 1333 peccatum
2952 1263 3132 1320 factus
3160 1269 3248 1320 est
3274 1271 3332 1321 et
3357 1265 3536 1322 male-

259 1343 518 1399 nesciens
548 1358 658 1412 quo
688 1346 795 1405 eat,
844 1341 1048 1411 duplex
1075 1341 1464 1412 interpretatio
1490 1343 1857 1409 demonstrat,
1944 1344 2153 1399 dictum
2189 1348 2272 1411 (ΙΙ
2295 1347 2417 1403 Cor.
2446 1349 2501 1417 v)
2537 1368 2551 1404 :
2581 1349 2716 1420 quia
2763 1351 3093 1407 maledictus
3121 1353 3179 1407 in
3208 1353 3331 1424 lege
3358 1352 3542 1409 omnis

258 1432 426 1504 quasi
471 1431 656 1485 dicat:
691 1431 816 1485 Duc
839 1435 897 1483 te
934 1428 1004 1484 ab
1041 1429 1130 1483 his
1170 1430 1372 1501 quibus
1420 1431 1733 1486 adversaris
1762 1450 1773 1484 :
1806 1436 1863 1486 et
1945 1434 2041 1504 qui
2072 1434 2277 1505 pendet
2325 1435 2385 1489 in
2434 1436 2586 1507 ligno
2633 1439 2806 1508 (Deut.
2837 1442 2970 1511 xxt).
3002 1440 3072 1495 Et
3104 1440 3250 1508 ideo,
3295 1446 3361 1496 ut
3404 1440 3539 1508 dixi,

177 1560 180 1563 -
256 1521 359 1574 illa
382 1520 694 1589 interroget
732 1534 842 1588 quo
870 1518 954 1571 ire
982 1518 1184 1573 debeat
1219 1538 1229 1572 :
1261 1519 1354 1573 ille
1374 1536 1503 1573 vero
1532 1521 1641 1574 huc
1656 1520 1859 1591 inquit,
1882 1556 1929 1616 B
1948 1522 2042 1593 qui
2062 1539 2163 1593 pro
2183 1523 2343 1578 nobis
2376 1524 2555 1580 factus
2575 1527 2967 1598 transgressio,
2990 1532 3056 1582 ut
3081 1533 3303 1583 nostras
3331 1528 3548 1583 deleret

256 1616 318 1664 et
345 1624 602 1680 sequere,
636 1607 971 1678 deprecandi
990 1607 1137 1661 viam
1159 1624 1329 1678 quam
1351 1609 1618 1663 insinuat.
1636 1610 1705 1664 Et
1729 1608 1859 1681 quid
1882 1607 1925 1616 ”
1950 1612 2447 1683 transgressiones,
2480 1630 2747 1686 magnum
2797 1620 2882 1670 est
2920 1616 3094 1687 igitur
3138 1633 3337 1688 rogare
3365 1617 3551 1673 Deum

242 155 379 211 1‘16l

258 1703 352 1752 est
388 1697 537 1767 quod
564 1712 762 1766 rogare
791 1696 1009 1756 debeat,
1036 1713 1163 1750 mox
1194 1697 1365 1751 infert
1390 1715 1402 1750 :

997 1799 1142 1839 ZAIN.

337 1875 637 1929 Recordare
648 1876 995 1942 paupertatis
1021 1879 1071 1928 et
1101 1877 1557 1942 transgressionis
1589 1892 1736 1940 mea,
1768 1876 1868 1929 ab-

260 1963 487 2030 synthii
514 1967 561 2015 et
590 1964 758 2029 fellis.
794 1963 1061 2015 Memoria
1098 1979 1307 2016 memor
1338 1979 1448 2029 ero,
1480 1969 1529 2017 et
1560 1965 1777 2018 tabescit
1805 1967 1870 2018 in

262 2068 357 2105 me
384 2055 584 2105 anima
603 2067 741 2104 mea.
779 2052 896 2105 Haec
924 2054 1161 2104 recolens
1186 2054 1249 2105 in
1273 2054 1429 2107 corde
1459 2069 1594 2119 meo,
1628 2054 1745 2106 ideo
1762 2069 1874 2121 spe-

264 2142 426 2194 rabo.
475 2139 558 2193 Ab
594 2138 759 2192 initio
788 2139 956 2209 hujus
995 2139 1278 2210 alphabeti
1326 2140 1583 2195 miserias
1612 2140 1876 2196 describit

264 2230 491 2285 miserae
514 2229 775 2293 civitatis,
806 2235 864 2283 et
909 2230 1197 2300 passiones
1240 2231 1471 2296 Christi,
1521 2237 1579 2285 et
1623 2232 1877 2287 Ecclesiae

265 2317 686 2383 tribulationes,
702 2317 841 2371 adeo
854 2333 954 2387 pro
969 2316 1055 2371 his
1072 2317 1353 2384 omnibus,
1369 2324 1435 2372 ut
1452 2324 1739 2374 ostensum
1769 2324 1874 2386 est,

265 2405 512 2477 plangit,
531 2406 678 2477 quod
691 2406 933 2477 perierat
945 2405 1073 2459 ﬁnis
1084 2407 1290 2476 ejus,et
1299 2423 1425 2477 spes
1440 2408 1559 2476 ejus
1573 2424 1606 2461 a
1618 2408 1875 2473 Domino,

270 2494 439 2566 quasi
460 2494 530 2548 ob
550 2494 997 2566 desperationem
1030 2510 1096 2548 ex
1114 2494 1470 2549 miseriarum
1496 2496 1874 2567 oppressione.

273 2583 389 2638 Sed
413 2600 480 2638 ex
509 2584 706 2638 eodem
737 2583 1014 2637 elemento
1046 2584 1208 2654 quasi
1237 2584 1526 2650 divinitus,
1551 2589 1616 2638 ut
1645 2584 1877 2650 audivit,

1952 1699 2177 1754 Patrem
2228 1702 2511 1756 recordari
2566 1705 2916 1775 paupertatis
2975 1710 3033 1759 et
3084 1704 3551 1777 transgressionis

1952 1788 2076 1858 ejus
2106 1810 2117 1841 :
2148 1789 2300 1859 quia,
2326 1806 2453 1844 cum
2474 1790 2627 1845 dives
2642 1797 2807 1857 esset,
2831 1808 2932 1863 pro
2949 1792 3111 1847 nobis
3136 1810 3351 1865 pauper
3366 1794 3550 1849 factus

1953 1882 2056 1941 est,
2085 1882 2151 1931 ut
2178 1894 2281 1932 nos
2303 1895 2404 1932 sua
2433 1878 2642 1933 ditaret
2667 1884 3001 1951 paupertate
3033 1882 3110 1947 (Il
3140 1882 3261 1936 Cor.
3294 1884 3454 1951 VIII);
3487 1885 3549 1936 et

1948 1965 2140 2035 jungit
2181 1982 2385 2037 corpus
2430 1983 2557 2021 cum
2600 1968 2800 2038 capite,
2842 1973 3118 2039 quatenus
3157 1969 3553 2041 deprecatione

1954 2052 2153 2124 capitis
2190 2070 2393 2125 corpus
2431 2060 2725 2126 purgetur.
2769 2057 2984 2128 Corpus
3021 2063 3230 2124 autem,
3273 2057 3407 2129 quia
3432 2057 3555 2113 sine

1957 2142 2402 2212 transgressione
2427 2149 2462 2209 ι
2476 2148 2665 2211 434
2678 2151 3010 2216 praesentem
3023 2163 3136 2201 non
3147 2151 3332 2218 potest
3350 2147 3555 2201 ducere

1957 2230 2280 2298 vitam,ideo
2291 2231 2542 2302 repletur
2552 2231 3058 2305 impraesentiarum
3073 2235 3266 2290 multis
3291 2234 3559 2291 amaritu-

1960 2319 2202 2385 dinibus,
2235 2326 2292 2375 et
2327 2321 2592 2376 aerumnis
2628 2322 2912 2394 absynthii
2950 2330 3009 2378 et
3046 2323 3209 2379 fellis.
3240 2325 3367 2379 Non
3404 2324 3561 2379 enim

1960 2408 2097 2462 dixit
2117 2409 2465 2480 simpliciter,
2500 2412 2796 2466 Recordare
2814 2415 3161 2482 paupertatis
3182 2418 3233 2468 et
3258 2418 3564 2482 transgres-

1960 2498 2132 2550 sionis
2161 2514 2323 2551 meae:
2350 2498 2449 2552 sed
2478 2498 2714 2567 addidit,
2738 2501 3025 2567 absynthii
3042 2506 3091 2555 et
3111 2502 3282 2571 fellis,
3293 2500 3564 2573 quoniam

1961 2589 2018 2638 et
2029 2589 2329 2656 paupertas
2341 2586 2703 2641 ecclesiarum
2724 2592 2781 2641 et
2796 2588 3170 2659 transgressio
3190 2589 3249 2643 in
3264 2588 3563 2661 absynthio

270 2673 562 2744 Propheta
589 2672 981 2737 commonitus,
1019 2672 1128 2727 duc
1155 2678 1229 2737 te,
1265 2689 1392 2726 mox
1423 2672 1552 2726 acsi
1583 2689 1736 2727 novae
1764 2672 1884 2744 spei
1964 2677 2218 2727 versatur
2248 2678 2305 2728 et
2330 2673 2478 2740 felle,
2505 2691 2635 2730 cum
2680 2676 2871 2731 multis
2915 2692 3123 2748 sponsa
3152 2682 3559 2749 coangustatur

276 2778 493 2833 genere
509 2766 714 2825 tactus,
733 2760 923 2815 animo
940 2766 1243 2824 recreatus,
1268 2777 1565 2815 conversus
1584 2761 1654 2814 ad
1681 2761 1881 2826 Deum,
1965 2759 2270 2827 laboribus,
2287 2767 2344 2817 et
2359 2762 2643 2818 doloribus
2656 2763 2946 2834 fatigatur,
2960 2764 3009 2819 si
3031 2781 3142 2836 quo
3162 2765 3327 2820 modo
3340 2766 3563 2822 camino

279 2867 482 2923 preces
499 2850 693 2916 mittit,
708 2855 765 2904 et
780 2849 936 2903 mirae
952 2849 1213 2904 novitatis
1223 2850 1409 2920 gratia
1423 2850 1701 2920 promittit
1716 2865 1775 2903 se
1793 2848 1887 2902 de-
1966 2850 2317 2921 paupertatis
2347 2851 2578 2906 decocta
2600 2851 2670 2906 ab
2698 2851 2786 2906 his
2810 2868 2933 2923 quae
2967 2869 3068 2924 pro
3114 2854 3566 2925 transgressione

282 2941 482 3010 inceps
504 2938 734 2992 meliora
753 2954 999 3009 sperare,
1017 2937 1137 2991 acsi
1150 2937 1356 2991 oblitus
1367 2938 1776 3009 praeteritorum
1787 2936 1886 2990 de-
1906 2946 1949 3008 ο
1970 2954 2073 2992 sua
2098 2938 2380 3010 patienter
2405 2938 2628 3005 tolerat,
2669 2940 2822 2995 intus
2849 2947 3139 3012 purgetur,
3163 2947 3222 2997 et
3247 2959 3451 3015 sponso
3463 2958 3568 2999 suo

284 3028 551 3081 lictorum
560 3027 737 3081 .Unde
750 3026 1162 3083 animadvertat
1174 3027 1417 3097 prudens
1430 3027 1604 3080 lector
1614 3026 1761 3097 quod
1774 3026 1891 3080 haec

288 3116 577 3170 elementa
599 3132 711 3169 non
742 3117 862 3169 sine
882 3132 1085 3185 magno
1107 3115 1374 3186 mysterio
1395 3115 1452 3169 in
1471 3115 1671 3170 divinis
1686 3113 1890 3169 litteris

298 3209 551 3272 1483
578 3208 888 3276 praenotata
915 3203 1294 3269 inveniuntur,
1325 3220 1506 3275 neque
1534 3205 1656 3258 sine
1690 3202 1894 3257 intelli-

287 3293 502 3363 gentiae
525 3292 909 3357 sacramentis,
930 3292 1102 3347 voluit
1122 3292 1396 3363 propheta
1412 3292 1482 3345 ab
1503 3292 1591 3345 his
1619 3291 1887 3356 versibus,

291 3384 459 3455 quasi
481 3389 660 3437 metro
674 3383 871 3454 lugens
898 3382 1167 3436 inchoari.
1187 3382 1438 3453 Denique
1458 3399 1559 3435 nec
1577 3381 1894 3436 existimare

290 3471 744 3541 congruit,quasi
764 3487 866 3540 ego
880 3471 1263 3540 hujuscemodi
1284 3470 1775 3541 interpretationes
1786 3469 1895 3523 sin-

288 3559 447 3630 gulis
476 3558 725 3613 versibus
753 3559 1139 3624 conﬁnxerim,
1172 3557 1482 3630 praesertim
1513 3574 1641 3612 cum
1666 3562 1723 3612 et
1740 3574 1895 3612 sum-

294 3664 423 3703 mos
451 3647 707 3712 doctores
736 3647 987 3702 Ecclesia
1018 3646 1222 3702 Christi
1265 3647 1517 3702 invenias
1549 3648 1626 3701 ita
1674 3663 1768 3700 eas
1816 3646 1898 3699 in-

295 3742 640 3809 terpretatas
660 3753 779 3792 esse
803 3756 814 3791 :
838 3737 925 3791 vel
954 3736 1126 3791 etiam
1156 3733 1308 3801 alibi,
1332 3736 1464 3791 licet
1482 3737 1541 3791 in
1572 3736 1680 3790 alio
1706 3750 1891 3806 opere,

297 3843 398 3880 eas
423 3825 823 3895 intelligentias
851 3825 968 3880 suis
996 3825 1248 3880 versibus
1272 3825 1612 3880 reddidisse:
1633 3824 1897 3896 quoniam

298 3930 492 3970 sermo
542 3914 643 3969 Dei
698 3915 954 3969 oculosus
1010 3920 1112 3980 est,
1156 3915 1285 3969 hinc
1326 3914 1457 3969 inde
1504 3919 1562 3967 et
1619 3912 1901 3986 mysteriis

300 4003 693 4060 adumbratur.
726 4002 940 4067 Quibus
958 4008 1241 4058 reseratas
1257 4008 1414 4074 patet
1433 4001 1707 4067 sensibus,
1733 4015 1901 4071 quam

302 4092 532 4164 egregie
561 4091 803 4163 Spiritus
833 4097 1060 4147 sanctus
1091 4108 1191 4163 per
1216 4109 1311 4147 eos
1336 4092 1431 4163 qui
1457 4090 1762 4161 scripturas
1792 4088 1903 4142 edi-

304 4182 535 4247 derunt,
572 4181 708 4234 talia
752 4185 810 4235 et
855 4180 1236 4250 hujuscemodi
1274 4179 1552 4234 curaverit
1576 4176 1898 4249 praevidere,

1970 3026 2324 3098 passionibus
2353 3027 2561 3083 afﬂicta
2582 3028 2842 3100 deinceps
2872 3030 3153 3101 acceptior
3170 3031 3287 3086 ﬁat.
3316 3031 3458 3087 Hinc
3484 3036 3572 3086 est

1973 3115 2122 3184 quod
2150 3114 2303 3181 dicit,
2338 3117 2635 3171 Recordare
2656 3120 3002 3186 paupertatis
3039 3123 3089 3172 et
3118 3121 3572 3188 transgressionis

1973 3218 2120 3267 mea,
2153 3203 2439 3269 absynthii
2464 3208 2511 3257 et
2538 3205 2687 3270 [aliis
2708 3223 2724 3269 ;
2749 3220 2863 3258 non
2892 3205 3041 3276 quod
3064 3222 3099 3260 a
3126 3206 3365 3262 Domino
3392 3213 3575 3262 trans-

1973 3289 2280 3361 gressionis
2309 3307 2423 3345 sum
2454 3292 2735 3346 recordari
2768 3294 2918 3359 velit,
2950 3294 3049 3348 sed
3084 3294 3341 3351 laborum
3371 3312 3437 3351 ac
3457 3313 3575 3365 cer-

1976 3378 2254 3432 taminum
2281 3394 2403 3449 quae
2432 3395 2533 3449 pro
2571 3379 2659 3433 his
2696 3380 2918 3447 tolerat,
2967 3381 3023 3435 id
3068 3388 3157 3437 est
3195 3383 3479 3456 absynthii
3517 3390 3578 3441 et

1977 3466 2142 3523 fellis.
2170 3468 2438 3520 Memoria
2470 3483 2680 3521 memor
2716 3485 2826 3534 ero,
2850 3469 3052 3540 inquit,
3076 3476 3127 3524 et
3146 3472 3367 3526 tabescet
3395 3475 3459 3527 in
3488 3488 3575 3528 me

1977 3558 2174 3609 anima
2195 3570 2338 3609 mea.
2361 3555 2496 3620 Quae
2525 3555 2793 3611 nimirum
2820 3573 2922 3612 vox
2946 3558 3043 3628 pia
3067 3558 3471 3613 recordationis
3490 3565 3579 3614 est

1980 3648 2037 3697 et
2051 3648 2272 3699 aeternae
2291 3644 2418 3698 vitae
2439 3662 2451 3697 :
2471 3645 2604 3715 quia
2623 3660 2750 3699 cum
2776 3645 3067 3710 memoria,
3099 3646 3154 3700 id
3186 3650 3271 3700 est
3297 3650 3447 3701 recte
3461 3662 3578 3701 me-

1980 3738 2252 3799 moratur,
2272 3749 2400 3787 mox
2417 3733 2654 3787 tabescit
2671 3733 2864 3788 anima
2881 3734 2940 3788 in
2959 3751 3019 3789 se
3039 3734 3107 3789 ad
3137 3751 3261 3789 eam
3287 3735 3578 3807 suspiran-

1980 3823 2073 3878 tis.
2089 3823 2231 3876 Hinc
2245 3821 2418 3876 David
2428 3822 2631 3889 aiebat,
2652 3824 2852 3890 Defecit
2872 3825 2932 3877 in
2948 3826 3194 3878 salutare
3209 3828 3369 3878 tuum
3380 3827 3578 3880 anima

1984 3927 2124 3975 mea,
2148 3917 2199 3965 et
2213 3914 2277 3964 in
2293 3910 2516 3963 verbum
2546 3915 2706 3964 tuum
2733 3914 3143 3979 supersperarit
3173 3913 3338 3978 (Psal.
3361 3913 3576 3984 cxvm).

1986 4000 2076 4054 Sic
2096 3999 2287 4069 itaque
2309 4004 2366 4052 et
2395 3997 2669 4069 propheta
2697 3996 2991 4067 tabescens
3018 3999 3077 4055 in
3089 4015 3149 4055 se
3169 4000 3275 4055 ait:
3303 4002 3411 4061 Hoc
3437 4016 3581 4056 reco-

1986 4091 2100 4141 lens
2128 4090 2193 4140 in
2234 4087 2390 4140 corde
2412 4101 2549 4152 meo,
2579 4087 2698 4139 ideo
2729 4088 2971 4155 sperabo.
3005 4087 3149 4152 Quia
3174 4105 3302 4143 cum
3331 4088 3580 4161 profecto

1985 4191 2185 4245 corpus
2213 4173 2421 4229 Christi
2440 4174 2511 4228 ad
2543 4174 2664 4244 ejus
2691 4174 2819 4230 vitae
2842 4177 3371 4249 contemplationem
3398 4181 3582 4233 totum

307 4270 525 4324 scilicet
550 4276 617 4323 ut
636 4274 693 4323 et
717 4269 1005 4323 fastidium
1025 4270 1343 4339 detergeret
1361 4267 1688 4339 legentium,
1707 4271 1765 4320 et
1792 4260 1971 4318 ani-D
1989 4279 2048 4317 se
2077 4262 2286 4333 dirigit,
2317 4263 2513 4333 utique
2541 4264 2601 4317 in
2630 4280 2689 4318 se
2704 4262 2995 4319 tabescens
3011 4264 3205 4335 gemit,
3231 4264 3398 4336 idque
3427 4282 3586 4320 reco-

310 4375 435 4414 mos
454 4357 626 4412 etiam
647 4357 796 4411 inter
815 4357 1092 4428 lacrymas
1120 4362 1401 4410 recrearet
1422 4356 1499 4427 pii
1531 4354 1714 4426 cperis
1749 4370 1906 4407 exer-

311 4447 661 4502 citium.Nec
691 4445 920 4500 dubium
944 4445 1079 4516 quin
1103 4445 1172 4500 de
1202 4444 1423 4499 Christo
1453 4449 1511 4499 et
1538 4444 1659 4513 ejus
1678 4458 1909 4513 corpore

312 4536 425 4591 ista
440 4535 803 4606 interpretari
816 4534 1018 4589 debere
1042 4553 1053 4587 :
1080 4533 1324 4604 profecto
1344 4549 1470 4587 cum
1486 4532 1543 4585 in
1574 4532 1676 4584 hac
1695 4530 1911 4584 miserae

312 4623 738 4679 lamentationis
777 4639 925 4688 voce,
944 4623 1151 4692 jungat
1176 4638 1300 4675 cum
1329 4620 1601 4691 principio
1626 4621 1814 4681 ﬁnem,
1849 4622 1914 4672 ut

314 4713 362 4768 is
392 4714 492 4785 qui
513 4712 652 4766 dicit
672 4731 685 4765 :
706 4713 815 4779 Ego
833 4716 923 4765 vir
937 4711 1123 4764 videns
1133 4713 1510 4779 paupertatem
1541 4724 1741 4772 meam,
1764 4707 1915 4760 dicat

308 4809 368 4858 et
396 4804 457 4857 in
493 4803 625 4863 ﬁne,
659 4802 955 4855 Recordare
985 4800 1325 4867 paupertatis
1362 4803 1410 4850 et
1460 4797 1913 4864 transgressionis

315 4908 464 4946 meae.
498 4890 656 4944 Hanc
697 4888 871 4959 igitur
899 4890 1284 4959 paupertatem
1323 4885 1513 4956 magni
1544 4884 1756 4959 aliquid
1793 4900 1915 4938 esse

312 4984 501 5053 putat,
554 4983 612 5033 et
649 4977 775 5031 ideo
822 4975 981 5047 quasi
1026 4992 1126 5047 pro
1166 4991 1225 5028 se
1254 4990 1445 5045 agens,
1479 4974 1601 5044 ejus
1632 4971 1915 5027 recordari

313 5074 501 5140 rogat.
533 5066 695 5122 Unde
715 5071 769 5121 et
791 5065 1036 5121 Ecclesia
1066 5068 1235 5118 tantae
1262 5063 1582 5135 paupertati
1612 5061 1916 5134 comparti-

316 5157 497 5230 cipari
525 5155 735 5227 gaudet
762 5173 772 5207 .'
800 5153 1064 5226 quoniam
1090 5152 1199 5207 ﬁde
1228 5151 1406 5206 credit
1433 5151 1582 5222 quod
1602 5150 1817 5205 dictum
1834 5154 1919 5205 est

315 5264 350 5301 a
372 5245 621 5301 Domino
645 5260 655 5293 :
680 5246 832 5298 Beati
848 5258 1111 5312 pauperes
1131 5243 1358 5310 spiritu,
1382 5243 1650 5309 quoniam
1670 5242 1917 5308 ipsorum

315 5341 391 5391 est
425 5350 662 5402 regnum
690 5335 948 5387 calorum
982 5331 1192 5400 (Matth.
1223 5329 1296 5399 v).
1323 5330 1629 5403 PrOpterea
1660 5328 1827 5382 etiam
1863 5332 1921 5381 et

318 5426 446 5497 ipsa
496 5422 632 5477 dicit
686 5437 815 5476 cum
852 5418 1034 5490 capite
1076 5438 1088 5473 :
1144 5420 1439 5475 Recordare
1482 5419 1824 5487 paupertatis
1872 5422 1919 5471 et

562 5522 807 5580 Parnm.
875 5516 1054 5578 CXX.
1146 5540 1157 5547 -

1989 4352 2129 4416 lens,
2161 4351 2306 4417 ideo,
2332 4350 2534 4422 inquit,
2569 4350 2823 4423 sperabo.
2850 4353 2995 4406 Nam
3016 4352 3163 4423 quod
3182 4351 3263 4406 ait
3284 4368 3296 4402 :
3319 4354 3586 4408 Memoria

1993 4456 2202 4494 memor
2228 4455 2338 4507 ero,
2368 4439 2581 4493 idioma
2615 4439 3030 4511 Scripturarum
3062 4448 3147 4493 est
3178 4458 3189 4493 :
3230 4445 3297 4494 ut
3335 4445 3439 4506 est,
3472 4439 3589 4495 vita

1993 4530 2196 4595 vivere,
2224 4534 2280 4583 et
2297 4528 2504 4599 gaudio
2522 4528 2788 4599 gaudere,
2819 4528 2904 4581 vel
2929 4532 3110 4582 morte
3133 4528 3296 4594 mori,
3319 4534 3590 4585 etcaztera

1994 4636 2116 4691 quae
2142 4617 2358 4672 homini
2386 4617 2445 4671 in
2476 4616 2778 4687 Scripturis
2806 4615 3012 4670 sanctis
3053 4616 3435 4684 inveniuntur,
3473 4635 3589 4675 non

1994 4708 2281 4779 superﬂua
2305 4705 2528 4777 quidem
2559 4704 2856 4768 locutione,
2907 4704 3005 4758 sed
3047 4707 3381 4761 necessitate
3410 4707 3590 4779 plenae

1995 4793 2436 4866 signiﬁcationis,
2470 4792 2733 4863 quoniam
2764 4792 2916 4846 aliud
2949 4797 3037 4847 est
3064 4793 3590 4864 simplicitervivere

1995 4885 2080 4937 vel
2106 4882 2371 4954 gaudere,
2405 4886 2462 4935 et
2492 4880 2643 4935 aliud
2675 4886 2760 4935 est
2786 4880 2899 4935 vita
2924 4881 3105 4936 vivere
3133 4887 3188 4936 et
3215 4884 3421 4953 gaudio
3446 4901 3591 4955 gau-

1996 4971 2149 5025 dere.
2180 4971 2377 5040 Itaque
2408 4974 2466 5023 et
2491 4968 2761 5023 memoria
2788 4969 3110 5034 memorari,
3141 4969 3307 5040 longe
3336 4970 3489 5024 aliud
3520 4969 3593 5024 si-

1995 5059 2353 5131 gniﬁcantius
2391 5057 2642 5112 insinuat
2684 5073 2851 5129 quam
2882 5056 3214 5129 simpliciter
3237 5056 3540 5112 memorari
3573 5073 3589 5115 :

1999 5148 2134 5220 quia
2161 5132 2257 5202 illa
2286 5146 2564 5202 memoria
2608 5145 2930 5214 memorari,
2963 5151 3050 5201 est
3079 5163 3145 5202 ex
3183 5147 3280 5201 illa
3322 5146 3596 5203 memoria

1999 5243 2221 5292 aeterna).
2232 5237 2375 5299 vitae,
2391 5253 2514 5308 quae
2527 5235 2798 5306 inspirata
2808 5240 2893 5291 est
2903 5236 3132 5290 affectus
3152 5234 3355 5289 mentis
3366 5240 3592 5306 nostra,

1998 5325 2364 5393 memorando
2389 5324 2665 5380 introrsus
2684 5324 2979 5391 viviﬁcare,
3002 5329 3066 5379 ut
3086 5323 3598 5381 addiscantChristi

2003 5414 2256 5470 membra
2286 5414 2426 5469 nihil
2448 5413 2600 5468 aliud
2619 5412 2937 5481 memorari,
2955 5417 3055 5468 aut
3073 5411 3339 5483 cogitare,
3357 5418 3456 5469 aut
3475 5413 3600 5469 dili-

3280 5515 3355 5572 37
