3960 6168
376 252 512 313 1163

1148 254 1203 306 S.
1248 250 1625 308 PASCHASII
1665 252 2022 308 RADBERTI
2060 252 2363 309 ABBATIS
2403 253 2892 310 CORBEIENSIS.

3514 252 3651 308 1164

367 395 523 452 gere,
553 393 723 451 quam
760 393 825 433 ex
853 377 954 433 illa
977 376 1266 442 memoria,
1303 375 1491 431 omnia
1514 376 1573 430 in
1604 375 1764 431 nobis
1793 377 1862 431 de
1888 379 2353 438 ve-Asecundum
2367 394 2630 446 magnam.
2645 380 3085 433 misericordiam
3102 384 3332 432 tuam:et
3346 379 3659 432 secundum

369 473 583 525 tustate
608 469 669 522 in
692 466 999 523 novitatem
1026 466 1349 521 reformare.
1400 464 1544 519 Hinc
1582 481 1737 535 rogo,
1778 465 1963 519 videat

367 557 617 630 prudens
667 556 845 611 lector
888 558 1162 626 quantum
1206 552 1505 624 profecerit
1545 552 1725 607 ﬁdelis
1760 569 1967 625 sponsa

370 645 600 711 Christi,
645 644 705 698 in
748 649 867 699 tam
911 642 1096 698 subito
1125 639 1229 695 sub
1269 640 1376 695 hac
1414 640 1620 709 littera,
1670 646 1967 713 postquam

368 734 636 790 divinitus
664 732 877 788 audivit
909 748 921 783 :
954 731 1063 784 duc
1092 734 1167 783 te.
1200 730 1345 784 Nam
1375 734 1527 784 retro
1554 729 1704 785 inter
1722 731 1970 785 lamenta

369 839 550 895 usque
578 821 648 876 ad
691 818 1138 891 desperationem
1172 818 1344 886 venit,
1386 835 1535 874 nunc
1562 835 1693 874 vero
1740 819 1800 874 in
1838 836 1968 875 voce

369 927 540 983 quam
567 908 796 974 audivit,
831 908 989 979 quasi
1014 908 1073 962 in
1098 907 1268 962 verbo
1308 907 1411 962 Dei
1432 906 1684 963 caelestia
1714 908 1773 962 in
1798 925 1858 962 se
1877 912 1966 962 ta-

366 998 599 1054 bescens
624 996 949 1052 meditando
967 996 1301 1068 concupivit,
1323 1013 1388 1050 ac
1404 996 1608 1051 deinde
1630 1014 1698 1051 ea
1715 997 1966 1051 recolens

368 1103 491 1158 quin
519 1090 670 1141 retro
696 1102 962 1157 perpessa
987 1090 1090 1151 est,
1104 1086 1270 1156 longe
1289 1086 1408 1157 jam
1437 1086 1498 1140 in
1535 1090 1780 1153 I435
1798 1084 1966 1140 verbo

366 1175 519 1247 quod
547 1172 760 1229 audivit
786 1173 855 1229 ab
892 1174 983 1229 his
1011 1173 1271 1239 adducta,
1304 1173 1430 1228 ideo
1473 1174 1730 1245 sperabo,
1761 1174 1964 1245 inquit.

368 1263 461 1318 Sic
498 1263 691 1333 itaque
737 1266 794 1316 et
829 1261 911 1315 illi
957 1279 1023 1316 ex
1072 1262 1372 1333 Evangelio
1401 1278 1503 1333 per
1527 1267 1707 1316 totam
1746 1267 1967 1317 noctem

367 1351 709 1418 laborantes,
739 1350 883 1405 nihil
912 1355 1199 1421 ceperunt.
1234 1350 1395 1406 Unde
1435 1350 1638 1405 Petrus
1674 1369 1685 1404 :
1717 1353 1785 1405 In
1810 1353 1969 1405 verbo

366 1446 553 1496 autem
576 1445 669 1494 tuo
694 1441 888 1495 laxabo
916 1445 1047 1502 rete,
1072 1445 1122 1493 et
1138 1442 1528 1494 concluserunt
1546 1440 1968 1493 multitudinem

360 1531 604 1600 piscium
619 1529 765 1597 (Luc.
789 1528 839 1597 v)
852 1568 864 1581 .
883 1527 974 1582 Sic
991 1527 1259 1581 nimirum
1282 1532 1340 1581 et
1358 1543 1564 1598 sponsa
1577 1526 1786 1582 Christi
1814 1538 1966 1582 retro

2044 469 2467 520 multitudinem
2477 470 2901 521 miserationum
2915 473 3141 521 tuarum
3151 468 3282 533 ,dcle
3293 468 3658 535 iniquitatem

2048 571 2227 608 meam
2268 558 2429 623 (Psal.
2464 556 2515 623 L)
2535 599 2547 611 .
2586 555 2847 626 Magnam
2886 554 3165 626 siquidem
3203 553 3657 608 misericordiam

2049 648 2244 698 contra
2273 643 2499 714 aliquod
2527 659 2800 714 magnum
2827 644 3115 710 delictum,
3146 643 3276 697 licet
3304 640 3661 697 immanissi-

2050 748 2225 798 mum,
2270 732 2552 804 implorat,
2593 732 3013 787 multitudinem
3040 748 3171 786 vero
3199 731 3657 805 miserationum,

2049 827 2246 876 contra
2258 821 2559 877 innumera
2578 827 2822 894 peccata,
2842 821 3076 876 credens
3097 825 3154 875 et
3175 821 3450 875 conﬁtens
3472 835 3484 868 :
3518 819 3661 890 quia

2048 912 2265 966 nullum
2295 917 2411 966 tam
2458 928 2723 981 magnum
2755 916 2941 982 potest
2980 927 3102 966 esse
3130 910 3418 974 delictum,
3466 925 3661 980 neque

2046 1005 2164 1054 tam
2180 1000 2495 1065 innumera,
2513 999 2716 1070 quibus
2738 998 3070 1070 magnitudo
3086 1004 3144 1054 et
3157 997 3457 1052 multitudo
3488 997 3662 1051 mise-

2047 1089 2413 1143 ricordiarum
2437 1088 2539 1143 Dei
2570 1105 2680 1143 non
2720 1089 2951 1143 excedat
2978 1088 3050 1143 ad
3077 1088 3317 1153 veniam,
3346 1092 3574 1140 tantum
3604 1086 3659 1140 si

2049 1182 2407 1233 convertatur
2433 1176 2623 1231 anima
2650 1183 2714 1231 ut
2735 1179 2901 1231 vivat.
2935 1177 3005 1231 Et
3032 1176 3165 1231 hinc
3198 1160 3476 1246 est’quod
3526 1175 3612 1228 ait
3640 1193 3655 1227 :
3720 1202 3725 1203 ί

2052 1268 2193 1335 Quia
2214 1283 2326 1321 non
2345 1268 2661 1335 defecerunt
2682 1268 3061 1321 miserationes
3081 1268 3220 1334 ejus.
3246 1265 3390 1328 Quia
3417 1265 3477 1317 in
3494 1263 3661 1318 nullo

2050 1354 2337 1420 deficiunt,
2364 1358 2429 1409 ut
2455 1370 2566 1408 non
2592 1354 2662 1407 de
2699 1353 2851 1408 fonte
2885 1355 3065 1408 ﬂuant
3103 1353 3349 1424 pietatis,
3382 1352 3432 1407 si
3457 1354 3661 1422 cujus-

2047 1442 2186 1497 libet
2218 1444 2563 1497 conversatio
2600 1457 2713 1497 non
2755 1442 3039 1496 defecerit.
3073 1443 3141 1496 Et
3166 1442 3270 1496 hoc
3300 1446 3387 1496 est
3417 1441 3654 1495 initium

2048 1530 2423 1585 conversionis
2449 1534 2671 1597 nostrae,
2712 1546 2884 1602 pavor
2909 1529 2995 1584 vel
3018 1530 3191 1584 timor
3218 1527 3460 1592 Domini,
3498 1534 3560 1582 et
3579 1527 3659 1582 ab

367 1617 564 1673 multis
592 1616 950 1688 querelarum
974 1614 1200 1671 vocibus
1228 1615 1437 1671 afﬂicta
1465 1622 1521 1671 et
1543 1615 1785 1683 ﬂetibus,
1836 1632 1964 1670 mox
1983 1690 2012 1692 _
2045 1621 2167 1692 ipso
2189 1619 2414 1674 initium
2431 1619 2558 1673 vitae
2574 1619 2734 1690 quasi
2761 1618 3041 1673 indultum
3062 1633 3098 1671 a
3120 1618 3359 1672 Domino
3389 1633 3601 1672 munus
3636 1636 3653 1671 :

363 1710 431 1762 ut
459 1705 708 1777 percepit
736 1703 891 1759 verbi
920 1720 1129 1771 vocem,
1162 1704 1271 1759 duc
1321 1709 1397 1771 te,
1445 1704 1727 1759 convaluit
1771 1690 2027 1759 contraB
2046 1690 2331 1780 quoniam,
2364 1707 2511 1762 sicut
2527 1706 2703 1762 David
2726 1707 2826 1773 ait,
2844 1708 3035 1761 Beatus
3056 1710 3147 1760 vir
3165 1709 3266 1775 qui
3286 1709 3440 1760 timet
3464 1707 3658 1760 Domi-

365 1812 542 1868 spem,
576 1797 635 1848 et
657 1794 730 1848 ad
759 1809 917 1865 spem
943 1792 1131 1859 rediit,
1167 1793 1553 1865 memoriaque
1577 1793 1728 1848 illius
1758 1793 1964 1865 sempi—

363 1889 538 1940 ternae
556 1882 686 1939 vita
702 1886 976 1950 recreata,
1000 1886 1315 1954 propterea,
1334 1881 1538 1954 inquit,
1562 1881 1816 1954 sperabo.
1834 1882 1966 1937 Ani-

363 1988 471 2028 mae
483 1988 705 2045 quoque
724 1976 852 2043 post
870 1970 994 2025 dira
1013 1969 1354 2041 ﬂagitiorum
1370 1971 1624 2039 crimina,
1645 1975 1703 2026 et
1722 1971 1810 2026 sui
1837 1987 1962 2026 rea-

363 2066 457 2118 tus
489 2060 783 2133 supplicia,
815 2075 917 2114 vox
938 2064 1025 2113 est
1044 2059 1416 2130 paupertatis,
1439 2060 1537 2114 sed
1553 2076 1680 2115 mox
1709 2061 1767 2114 in
1795 2059 1963 2115 verbo

360 2150 676 2206 renascitur
695 2154 751 2204 et
774 2148 1105 2213 viviﬁcatur,
1128 2164 1256 2203 cum
1272 2147 1537 2213 audierit,
1559 2149 1668 2203 duc
1696 2153 1772 2215 te,
1790 2153 1855 2203 ut
1867 2149 1963 2203 ille

363 2256 431 2295 ex
451 2237 769 2309 Evangelio,
799 2252 985 2307 surge.
1017 2237 1180 2291 Unde
1216 2237 1481 2291 continuo
1514 2235 1618 2291 sub
1642 2237 1746 2292 hac
1772 2237 1964 2292 littera

361 2326 435 2380 ad
459 2327 639 2381 Deum
675 2340 865 2380 vocem
887 2324 1308 2396 supplicationis
1332 2325 1613 2392 emittens,
1639 2328 1956 2386 Recordare,

360 2414 566 2486 inquit,
591 2416 939 2484 paupertatis
969 2418 1018 2467 et
1049 2416 1502 2483 transgressionis
1528 2430 1675 2482 meae,
1696 2415 1962 2486 quoniam

359 2502 423 2559 in
451 2503 628 2558 Adam
646 2502 806 2574 quasi
818 2500 877 2556 in
897 2501 1078 2574 primo
1099 2502 1237 2557 ﬂore
1250 2507 1605 2573 transgressa
1623 2508 1727 2569 est,
1752 2508 1810 2558 et
1828 2521 1963 2575 pau-

358 2597 580 2665 pertate
607 2590 880 2646 nuditatis
909 2591 1178 2659 confecta,
1227 2595 1637 2659 verumtamen,
1685 2592 1818 2647 licet
1864 2610 1959 2647 oc-

360 2681 528 2749 culte,
547 2681 682 2736 dum
713 2679 817 2736 sub
845 2680 952 2734 hac
972 2680 1167 2735 littera
1187 2696 1247 2735 se
1268 2679 1542 2735 abducere
1556 2680 1807 2751 jubetur,
1830 2698 1958 2736 mox

358 2770 635 2825 memoria
662 2768 965 2824 memorari
992 2769 1215 2835 dicitur,
1246 2774 1303 2823 et
1331 2774 1396 2824 ut
1432 2768 1550 2823 ﬁlia
1590 2769 1829 2824 Abrahae
1859 2786 1960 2841 per

357 2858 853 2931 repromissionem
873 2862 1070 2911 contra
1087 2873 1244 2927 spem
1264 2857 1337 2911 ad
1354 2872 1511 2926 spem
1526 2856 1712 2923 rediit,
1734 2862 1791 2911 et
1808 2857 1961 2911 venit

359 2948 431 3005 ad
461 2947 609 3001 Heth
634 2947 903 3011 litteram,
954 2961 1076 3015 quae
1107 2948 1244 3010 oita,
1278 2949 1342 2999 ut
1371 2944 1632 3011 diximus,
1664 2946 1770 3013 vel,
1798 2946 1961 3016 juxta

359 3036 518 3103 alios,
556 3051 731 3104 pavor
770 3035 1179 3103 interpretatur
1210 3050 1222 3086 :
1264 3037 1543 3103 quatenus
1582 3038 1711 3104 post
1737 3050 1960 3091 amaras

359 3122 840 3194 querimoniarum
868 3122 1163 3191 lacrymas,
1197 3120 1443 3193 primum
1473 3137 1759 3192 pavorem,
1792 3122 1849 3178 id
1864 3132 1965 3185 test

357 3211 462 3266 Dei
488 3210 753 3264 timorem
779 3208 1073 3280 concipiat,
1106 3210 1251 3264 sicut
1273 3209 1545 3281 scriptum
1576 3216 1662 3265 est
1687 3225 1698 3259 :
1724 3213 1963 3267 Initium

359 3301 644 3368 sapientiae
670 3300 839 3353 timor
866 3298 1096 3352 Domini
1115 3298 1276 3370 (Psal.
1300 3313 1369 3352 cx
1393 3316 1406 3365 ;
1434 3299 1599 3353 Eccli.
1626 3303 1707 3363 x1)
1725 3318 1740 3356 :
1759 3305 1815 3355 et
1831 3306 1967 3356 tunc

359 3383 588 3438 demum
617 3386 808 3453 gustet
829 3380 1196 3439 nihilominus
1214 3382 1424 3438 bonum
1443 3383 1563 3438 Dei.
1589 3383 1819 3439 Accedit
1836 3402 1967 3441 con-

360 3470 620 3529 fessionis
647 3487 800 3528 voce.

980 3624 995 3637 ’
1077 3628 1293 3671 83TH.-

436 3756 817 3813 Misericordia
837 3756 1065 3810 Domini
1092 3758 1226 3825 quia
1254 3773 1367 3811 non
1391 3772 1585 3811 sumus
1614 3758 1962 3826 consumpti:

367 3850 501 3920 quia
520 3862 634 3901 non
654 3846 967 3913 defecerunt
986 3846 1365 3899 miserationes
1386 3848 1519 3915 ejus,
1542 3861 1606 3899 ac
1622 3849 1824 3901 caetera
1843 3861 1965 3915 quae

366 3933 471 3990 sub
506 3934 614 3987 hac
656 3934 970 4003 sequuntur
1019 3930 1227 3987 littera.
1260 3931 1464 4004 Incipit
1505 3949 1637 4004 ergo
1684 3933 1961 4005 deinceps,

367 4020 653 4094 dispositis
669 4017 1141 4074 lamentationum
1165 4020 1550 4090 querimoniis,
1574 4022 1864 4077 moraliter
1875 4039 1967 4077 re-

366 4108 621 4165 vertendi
649 4107 719 4162 ad
750 4106 929 4162 Deum
958 4107 1106 4161 viam
1148 4108 1466 4178 explanare,
1500 4124 1566 4162 ac
1604 4109 1674 4163 de
1720 4126 1780 4165 se
1825 4110 1967 4165 nihil

366 4213 707 4270 praesumere
738 4213 753 4252 :
782 4195 913 4268 quia
955 4211 1143 4267 neque
1167 4197 1461 4263 currentis,
1497 4213 1681 4269 neque
1707 4198 1959 4264 volentis,

2047 1814 2187 1853 num
2223 1799 2389 1867 (Psal.
2438 1799 2581 1864 CXI).
2620 1795 2764 1860 Quia
2790 1796 3059 1850 timentes
3098 1795 3299 1859 Deum,
3331 1794 3658 1867 utiquesa-

2045 1887 2279 1958 pientes,
2312 1891 2481 1957 atque
2500 1884 2671 1939 beati.
2690 1884 2883 1939 Beatus
2908 1887 3058 1938 enim
3076 1900 3237 1953 quem
3258 1889 3320 1937 tu
3344 1885 3650 1951 erudieris,

2046 1977 2292 2039 Domine,
2327 1980 2376 2029 et
2400 1976 2464 2029 de
2504 1975 2614 2042 lege
2660 1979 2757 2028 tua
2803 1972 3050 2027 docueris
3099 1989 3226 2026 eum
3274 1972 3437 2040 (Psal.
3466 1974 3653 2040 XCIII).

2044 2064 2187 2118 Nam
2218 2068 2541 2118 sanctorum
2570 2078 2742 2133 pavor
2782 2078 2903 2116 esse
2940 2060 3248 2123 consuevit,
3285 2060 3431 2115 sicut
3469 2076 3650 2131 pavor

2044 2152 2244 2207 cecidit
2270 2152 2328 2206 in
2354 2150 2638 2205 Abraham
2676 2167 2801 2204 cum
2850 2148 3183 2204 sacriﬁcium
3231 2149 3462 2203 offerret
3486 2149 3645 2215 (Gen.

2046 2242 2156 2309 xv),
2196 2245 2255 2294 et
2283 2238 2459 2295 David
2488 2239 2569 2293 ait
2599 2256 2610 2291 :
2641 2239 2750 2306 Ego
2786 2240 2909 2292 dixi
2936 2240 2999 2291 in
3034 2252 3235 2306 pavore
3262 2252 3419 2290 meo:
3449 2237 3649 2292 Omnis

2046 2330 2205 2384 homo
2251 2329 2490 2383 mendax
2518 2330 2682 2395 (Psal.
2716 2325 2861 2391 cxv).
2904 2325 3064 2380 Unde
3103 2330 3323 2379 constat
3361 2325 3514 2396 quod
3548 2325 3650 2397 qui

2042 2417 2249 2473 timent
2275 2418 2474 2483 Deum,
2509 2415 2659 2469 beati
2689 2419 2840 2469 sunt.
2874 2414 3111 2468 Sanctus
3152 2412 3328 2483 igitur
3354 2419 3442 2467 est
3469 2412 3651 2467 timor

2044 2506 2270 2561 Domini
2311 2505 2444 2577 quia
2489 2520 2617 2559 vere
2663 2509 2986 2558 sanctorum
3034 2507 3119 2557 est
3168 2518 3360 2573 pavor.
3408 2500 3485 2556 Ex
3528 2519 3646 2574 quo

2042 2594 2238 2666 liquet,
2260 2594 2576 2666 quicunque
2595 2593 2745 2647 hunc
2772 2590 3032 2645 habuerit
3058 2606 3342 2662 pavorem,
3365 2590 3436 2644 ad
3465 2590 3647 2645 vitam

2039 2683 2262 2736 transit.
2296 2682 2470 2752 Cujus
2515 2679 2790 2734 confessio
2834 2679 2921 2734 vel
2957 2679 3242 2733 conversio
3286 2677 3391 2732 sub
3433 2695 3646 2749 pavore

2041 2769 2162 2836 Dei,
2183 2785 2353 2840 quam
2375 2773 2602 2840 accepta
2620 2767 2713 2831 sit,
2735 2782 2975 2838 sequens
2997 2782 3188 2820 versus
3208 2765 3485 2821 insinuat:
3502 2767 3650 2820 Novi

2040 2859 2305 2921 diluculo,
2337 2860 2517 2911 multa
2534 2862 2608 2910 est
2628 2857 2757 2923 ﬁdes
2774 2860 2890 2910 tua.
2916 2855 2985 2909 Et
3003 2854 3132 2926 quid
3157 2859 3243 2909 est
3271 2854 3457 2908 dicere
3470 2855 3641 2920 Novi,

2044 2946 2152 3000 nisi
2179 2950 2309 3017 post
2323 2944 2806 3016 querimoniarum
2827 2944 3126 3015 lacrymas,
3144 2948 3271 3014 post
3287 2942 3413 2996 dira
3431 2942 3649 3014 suppli-

2042 3034 2146 3101 cia,
2181 3037 2307 3104 post
2335 3032 2740 3087 confessionem
2770 3032 3065 3095 scelerum,
3097 3034 3226 3101 post
3249 3029 3653 3086 tribulationes

2047 3126 2104 3176 et
2145 3121 2454 3192 angustias,
2503 3125 2631 3193 post
2659 3136 2850 3192 preces
2893 3123 2950 3174 et
2992 3118 3503 3173 misericordiarum
3544 3119 3649 3175 Dei

2047 3211 2472 3276 confessionem,
2517 3226 2646 3264 mox
2688 3209 2790 3263 Dei
2846 3208 3041 3262 adesse
3085 3223 3276 3262 vocem
3324 3206 3653 3261 miserentis

2047 3299 2343 3355 accidere?
2389 3298 2531 3355 Novi
2569 3297 2991 3353 tribulationem
3040 3302 3196 3351 tuam
3226 3301 3284 3351 et
3311 3295 3654 3367 patientiam

2046 3394 2225 3456 tuam,
2244 3389 2371 3443 novi
2393 3388 2683 3458 angustias
2706 3394 2764 3442 et
2786 3389 3194 3459 paupertatem,
3228 3385 3356 3439 novi
3377 3385 3528 3457 quod
3557 3401 3655 3440 ex-

2046 3480 2259 3534 clusam
2276 3477 2587 3533 orationem
2602 3482 2761 3532 tuam
2777 3474 3117 3548 ingemiscis.
3144 3475 3275 3530 Haec
3305 3473 3495 3530 omnia
3514 3490 3652 3529 cum

2046 3584 2234 3624 coram
2261 3584 2351 3621 me
2380 3572 2531 3633 sunt,
2562 3566 2692 3621 novi
2733 3582 2923 3620 veram
2968 3564 3373 3620 confessionem
3397 3568 3561 3618 tuam
3589 3569 3657 3619 et

2046 3657 2177 3711 ﬁdei
2207 3656 2602 3722 constantiam,
2635 3654 2769 3726 quia
2795 3654 3052 3709 confessa
3090 3670 3149 3708 es
3181 3654 3332 3725 quod
3357 3669 3471 3708 non
3498 3652 3657 3707 defe-

2047 3746 2226 3802 cerint
2253 3745 2643 3799 miserationes
2668 3760 2825 3799 meae.
2860 3745 2940 3798 Ac
2977 3741 3026 3797 si
3062 3741 3232 3809 dicat,
3282 3742 3351 3796 Et
3389 3758 3481 3810 ego
3516 3744 3657 3797 novi

2046 3836 2315 3899 diluculo,
2334 3836 2512 3887 multa
2528 3837 2604 3885 est
2620 3833 2749 3899 fides
2770 3836 2887 3886 tua.
2907 3832 2976 3886 Et
2990 3831 3124 3903 quid
3144 3836 3231 3887 est
3241 3831 3447 3898 dicere,
3478 3831 3646 3897 Novi,

2047 3922 2156 3977 nisi
2175 3921 2324 3975 inter
2341 3924 2427 3974 tot
2448 3918 2773 3974 discrimina
2790 3919 3058 3991 approbo,
3082 3936 3205 3991 qua
3225 3919 3517 3974 humiliter
3541 3936 3649 3990 ge-

2049 4029 2208 4067 mens
2253 4010 2615 4075 enumerasti,
2657 4016 2717 4064 et
2742 4006 2907 4064 nosse
2939 4008 3045 4064 tibi
3086 4010 3228 4064 facio
3266 4015 3396 4081 post
3421 4014 3652 4065 noctem

2048 4100 2310 4155 caecitatis
2354 4106 2413 4154 et
2465 4098 2856 4170 angustiarum
2892 4103 3121 4153 tuarum
3169 4098 3449 4166 tenebras,
3495 4097 3655 4170 quod

2047 4190 2292 4245 diluculo
2327 4189 2506 4244 multa
2543 4194 2630 4243 est
2674 4189 2812 4243 ﬁdes
2839 4204 2874 4242 a
2899 4188 3158 4243 Domino;
3188 4187 3479 4243 Laudatur
3525 4203 3654 4259 quae

370 4285 471 4342 sed
490 4284 807 4340 miserentis
845 4288 933 4339 est
965 4285 1069 4338 Dei
1092 4287 1263 4352 (Rom.
1297 4289 1393 4356 Ix).
1424 4285 1563 4341 Hinc
1587 4303 1808 4358 quoque
1837 4286 1918 4342 ait
1948 4274 2203 4372 :DPI‘iuS
2232 4274 2302 4329 οδ
2331 4273 2719 4372 inﬁrmitati}!!!
2748 4272 2984 4344 Periisse
3016 4272 3292 4341 Videatur,
3339 4272 3487 4372 situt
3523 4273 3605 4327 ait
3630 4292 3647 4328 :

369 4375 749 4432 Misericordia
765 4375 994 4429 Domini
1013 4376 1146 4441 quia
1177 4389 1289 4427 non
1318 4390 1510 4427 sumus
1535 4379 1865 4446 consumpti,
1899 4393 1964 4433 eo

2057 4366 2297 4430 I480
2330 4365 2505 4417 Periit
2541 4364 2671 4429 ﬁnis
2701 4378 2853 4415 meus
2899 4367 2948 4415 et
2988 4378 3102 4430 spes
3138 4377 3260 4415 mea
3306 4378 3343 4416 a
3390 4362 3649 4416 Domino.

370 4464 521 4537 quod
547 4462 732 4535 gratia
756 4461 859 4516 Dei
887 4476 953 4514 ex
983 4458 1158 4514 Israel
1186 4460 1438 4531 reliquiae
1469 4461 1634 4516 salvae
1658 4463 1816 4519 factae
1835 4471 1969 4521 sunt

367 4554 546 4625 (Rom.
587 4553 684 4620 xI),
724 4551 857 4619 quia
909 4563 1021 4601 non
1064 4548 1376 4615 defecerunt
1419 4552 1800 4607 miserationes
1828 4557 1962 4623 ejus.

367 4641 480 4698 Sed
519 4644 576 4695 et
611 4638 801 4692 anima
843 4634 1106 4708 quaelibet
1130 4634 1305 4690 tantis
1349 4635 1560 4706 afﬂicta
1591 4638 1774 4707 malis,
1818 4645 1968 4697 recte

366 4735 553 4786 totum
583 4725 783 4781 tribuit
806 4723 1202 4780 misericordiae
1249 4725 1494 4793 Domini,
1538 4728 1688 4798 quod
1728 4744 1840 4783 non
1883 4735 1971 4785 est

368 4819 701 4886 consumpta
726 4813 877 4869 inter
901 4819 1020 4868 tam
1057 4813 1184 4868 dira
1222 4814 1440 4886 ﬂagitia
1466 4820 1654 4887 reatus
1680 4816 1788 4884 sui,
1821 4817 1971 4873 inter

365 4905 725 4964 inﬁrmitates
770 4902 953 4958 carnis
993 4918 1127 4969 suae,
1173 4902 1323 4957 inter
1365 4903 1774 4960 oblectamenta
1799 4906 1969 4977 hujus

366 4994 575 5062 saeculi,
597 4993 747 5047 inter
762 4991 993 5046 insidias
1007 4996 1065 5046 et
1082 4991 1308 5046 fraudes
1330 4992 1572 5048 hostium
1598 5013 1608 5049 :
1633 4994 1780 5048 inter
1796 4995 1968 5050 etiam

366 5083 535 5139 falsos
554 5081 775 5148 fratres,
800 5084 857 5134 et
883 5080 1115 5151 laqueos
1139 5079 1367 5149 diaboli,
1395 5086 1454 5136 et
1474 5098 1602 5136 cum
1631 5087 1713 5138 tot
1739 5083 1970 5140 saeviant

367 5172 481 5229 doli
496 5178 551 5227 et
580 5171 807 5225 fraudes
836 5169 1069 5238 inimici,
1093 5169 1574 5226 crebrescentibus
1604 5172 1785 5240 malis,
1818 5174 1967 5245 quod

365 5259 1036 5318 nonconsumituranima
1059 5277 1069 5312 :
1103 5265 1285 5317 totum
1310 5267 1375 5315 ut
1398 5260 1510 5314 dixi
1526 5265 1679 5315 recte
1714 5266 1758 5327 ι
1776 5267 1968 5328 430

363 5352 481 5408 Deo
491 5350 690 5406 tribuit
702 5355 759 5404 et
773 5348 1164 5403 misericordiis
1177 5350 1224 5415 ej
1234 5366 1314 5402 us.
1336 5349 1476 5416 Quia
1495 5364 1605 5401 non
1626 5350 1961 5416 defecerunt,

364 5440 567 5514 inquit,
586 5443 962 5493 miserationes
991 5442 1125 5506 ejus.
1156 5436 1315 5500 Quod
1334 5435 1475 5489 bene
1496 5436 1669 5490 David
1696 5442 1822 5508 post
1841 5455 1963 5494 rea-

361 5537 485 5588 tum
528 5544 697 5585 suum
742 5527 1081 5596 intelligens,
1113 5529 1237 5578 orat
1277 5542 1288 5577 ε
1322 5525 1579 5578 Miserere
1624 5530 1748 5591 mei,
1797 5529 1956 5594 Deus,

2050 4451 2407 4508 Consuetudo
2428 4451 2633 4523 quippe
2662 4455 2750 4505 est
2776 4450 3179 4522 prophetarum
3193 4449 3303 4504 cito
3322 4455 3655 4521 permutare

2049 4559 2335 4617 personas,
2351 4556 2567 4597 necnon
2580 4539 2705 4595 etin
2718 4539 2962 4595 Canticis
2974 4539 3323 4595 canticorum
3340 4539 3522 4602 (Cant.
3545 4555 3604 4605 In
3633 4558 3647 4594 :

2051 4632 2184 4704 quia
2203 4648 2353 4686 nunc
2382 4645 2620 4702 sponsus
2650 4628 2721 4682 ad
2749 4644 3029 4699 sponsam,
3066 4626 3307 4682 vicissim
3345 4633 3404 4682 et
3442 4644 3657 4700 sponsa

2050 4720 2121 4776 ad
2150 4734 2437 4792 sponsum,
2461 4734 2612 4773 nunc
2636 4734 2766 4772 vero
2799 4716 2874 4771 ad
2902 4715 3121 4771 sodales
3151 4721 3210 4771 et
3235 4715 3470 4782 amicos,
3501 4732 3656 4772 nunc

2050 4810 2200 4865 idem
2224 4825 2463 4881 sponsus
2491 4806 2692 4861 absens
2721 4805 2928 4860 saliens
2956 4821 3129 4877 super
3162 4809 3382 4860 montes
3413 4810 3473 4859 et
3498 4810 3656 4860 tran-

2050 4899 2240 4955 siliens
2279 4890 2465 4964 colles,
2507 4897 2833 4967 frequenter
2862 4893 3022 4966 quasi
3065 4893 3267 4948 absens
3307 4893 3548 4962 videtur,
3586 4899 3656 4950 ut

2051 5004 2211 5043 amor
2237 5003 2453 5058 sponsae
2489 4985 2672 5040 acrius
2700 4982 3108 5049 inﬂammetur,
3143 4982 3242 5038 sed
3285 4982 3419 5037 inde
3460 4983 3653 5039 subito

2050 5077 2354 5143 multoties,
2389 5075 2548 5147 quasi
2589 5074 2716 5146 pius
2747 5073 3081 5140 consolator,
3118 5073 3317 5127 adesse
3353 5073 3647 5128 cernitur:

2049 5167 2211 5223 sicuti
2240 5171 2299 5221 et
2325 5164 2852 5237 impraesentiarum,
2875 5168 3174 5234 postquam
3196 5161 3300 5217 sub
3333 5161 3483 5217 Heth
3503 5162 3654 5217 scili-

2047 5263 2135 5313 cet
2162 5255 2542 5311 confusionem
2572 5270 2803 5326 suarum
2822 5253 3208 5323 angustiarum
3239 5251 3447 5323 attigit,
3487 5250 3652 5323 quasi

2047 5346 2370 5400 derelictum
2401 5361 2435 5398 a
2464 5345 2578 5399 Deo
2626 5360 2687 5397 se
2726 5342 2955 5413 planxit,
3008 5341 3103 5396 sed
3144 5357 3339 5395 rursus
3386 5338 3645 5406 audiens,

2042 5436 2149 5489 duc
2174 5440 2247 5499 te,
2282 5433 2561 5488 convaluit
2602 5431 2764 5502 quasi
2804 5430 2873 5486 de
2918 5430 3165 5485 tenebris
3205 5429 3276 5484 ad
3316 5429 3523 5493 lucem,
3575 5427 3647 5482 de

2041 5523 2365 5579 confusione
2387 5523 2454 5577 ad
2469 5522 2761 5593 gaudium,
2777 5527 2842 5574 ut
2866 5518 2969 5575 sub
2992 5536 3193 5590 pavore
3214 5524 3267 5572 et
3292 5518 3495 5572 timore
3516 5516 3640 5572 Dei.
