3960 6168
235 282 376 343 1165

911 282 1291 340 EXPOSITIO
1329 282 1407 339 IN
1445 282 2054 341 LAMENTATIONES
2090 282 2438 342 manum.
2483 315 2547 328 —
2588 284 2724 344 LIB.
2767 258 2889 344 mf

3368 292 3504 359 1166

230 410 539 481 puritatem
590 409 721 467 ﬁdei
774 414 1147 465 conservaret.
1210 410 1313 466 Cui
1363 410 1626 465 continuo
1674 411 1973 474 adestAin
1990 410 2417 483 quamplurimis
2436 405 2688 467 insinuat
2703 412 2842 468 locis
2854 411 3287 471 licetnaturasit
3301 416 3503 486 bonus,

231 515 497 570 sponsus,
526 499 687 570 quasi
730 497 971 553 blandus
997 499 1315 554 consolator
1349 518 1361 553 :
1394 500 1534 554 Novi
1559 502 1826 567 diluculo,

232 592 417 644 multa
448 592 524 642 est
550 589 680 656 ﬁdes
717 593 834 653 tua,
867 587 926 642 id
955 593 1042 641 est
1085 587 1353 659 approbo,
1382 592 1440 642 et
1467 587 1697 642 exhibeo
1740 604 1830 642 me

226 682 591 749 praesentem,
602 693 769 749 quem
785 676 1075 732 absentem
1091 676 1252 748 quasi
1266 677 1549 732 crudelem
1570 677 1830 732 effectum

220 766 497 838 lugebas:
533 768 674 833 Quia
717 768 966 821 diluculo
1005 769 1185 821 multa
1215 770 1291 820 est
1318 768 1447 835 ﬁdes
1480 770 1597 820 tua.
1631 766 1701 820 Et
1731 765 1829 821 illa

215 856 385 926 quasi
404 856 475 911 de
497 854 743 911 Canticis
761 862 891 926 post
916 855 1195 909 lamenta:
1224 856 1362 910 Pars
1388 871 1508 909 mea
1530 856 1823 924 Dominus,
1854 916 1861 922 ,

220 947 371 1000 ἀέξηιί
400 946 600 999 anima
643 960 787 1011 mea,
814 949 1102 1013 propterea
1143 945 1426 1013 expectabo
1456 960 1601 998 eum.
1644 943 1826 1008 Quam

222 1048 393 1088 rarus
421 1032 483 1088 in
516 1032 684 1089 terris
721 1032 819 1104 qui
855 1033 1035 1105 possit
1059 1033 1245 1088 dicere
1278 1052 1289 1087 :
1321 1034 1460 1088 Pars
1488 1049 1613 1087 mea
1638 1031 1827 1088 Domi-

223 1123 371 1177 nus!
414 1122 594 1186 Quam
631 1121 851 1177 alienus
887 1138 923 1178 a
960 1121 1126 1188 vitiis,
1168 1138 1338 1193 quam
1386 1126 1712 1193 segregatus
1758 1120 1828 1175 ab

223 1210 384 1277 omni
415 1210 538 1267 labe
565 1211 798 1282 peccati,
831 1210 928 1282 qui
954 1210 1095 1265 nihil
1134 1210 1339 1266 habeat
1370 1227 1665 1267 commune
1696 1227 1828 1281 cum

222 1300 460 1355 saeculo!
494 1301 640 1356 Nam
669 1306 740 1369 et,
753 1300 928 1355 David
947 1299 1053 1355 sub
1076 1300 1182 1355 hac
1202 1300 1399 1355 eadem
1419 1300 1610 1356 littera
1639 1305 1831 1355 octavo

224 1389 285 1447 in
317 1389 441 1444 loco
474 1389 736 1445 similiter
763 1388 952 1461 posuit
980 1407 991 1442 :
1034 1392 1220 1444 Portio
1254 1406 1393 1457 mea,
1434 1391 1685 1455 Domine,
1712 1391 1834 1443 dimi

221 1480 501 1533 custodire
522 1483 690 1547 legem
714 1485 869 1533 tuam
896 1480 1055 1547 (Psal.
1076 1484 1294 1546 cxvm).
1317 1478 1462 1543 Quia
1480 1479 1832 1534 solummodo

221 1567 279 1623 ei
306 1584 413 1623 vox
441 1555 564 1622 esse
594 1572 799 1638 potest,
833 1566 930 1637 qui
959 1567 1029 1621 de
1059 1567 1300 1638 septima
1332 1567 1540 1622 transit
1576 1567 1648 1621 ad
1678 1572 1833 1622 octa-

1911 499 2025 555 imo
2060 500 2321 556 bonitas:
2358 500 2623 574 quoniam
2666 518 2799 575 cum,
2836 503 3111 575 perversis
3147 507 3505 578 pervertitur,

1912 594 1969 644 et
1997 607 2124 646 cum
2174 590 2597 646 adversantibus
2643 592 2991 665 adversatur.
3032 594 3245 653 Idcirco
3275 613 3510 669 speran-

1910 679 2062 734 tibus
2090 680 2149 734 in
2178 695 2238 735 se
2259 680 2391 750 jure
2408 678 2588 734 bonus
2609 678 2836 740 dicitur.
2858 683 2928 737 Et
2953 699 3038 761 ne,
3058 684 3239 740 otiosa
3261 685 3335 741 sit
3359 704 3506 759 spes,

1912 767 2129 823 addidit
2148 770 2352 823 animae
2372 771 2643 838 quaerenti
2661 770 2850 825 illum.
2875 771 3152 838 Quoniam
3177 774 3273 847 qui
3298 772 3508 853 sperat,

1909 855 2150 911 necdum
2168 854 2339 912 habet
2355 854 2415 911 in
2436 874 2497 911 re
2518 857 2667 929 quod
2691 860 2814 930 jam
2830 864 2989 916 tenet
3007 862 3289 937 etfruitur
3304 864 3367 943 in
3389 858 3511 943 spe.

1909 944 2215 1017 Propterea
2263 949 2457 1015 restat,
2488 952 2569 1023 ut_
2601 954 2816 1020 quierat
2860 966 2962 1022 per
2997 936 3359 1022 desiderium,
3398 936 3531 1011 non

1910 1033 2317 1105 qualecunque,
2339 1034 2438 1089 sed
2459 1051 2745 1099 summum
2773 1036 3013 1109 bonum;
3045 1039 3191 1117 sicut
3217 1025 3429 1115 sponsa
3451 1041 3513 1097 in

1910 1122 2156 1205 canticis
2189 1142 2200 1177 :
2236 1123 2305 1178 In
2338 1126 2533 1179 lectulo
2575 1142 2711 1195 meo,
2755 1125 2959 1198 inquit,
2990 1130 3054 1182 in
3097 1135 3247 1183 nocte
3286 1121 3541 1205 quaesivi;

1910 1229 2069 1291 quem
2087 1214 2275 1279 diligit
2294 1215 2493 1279 anima
2511 1230 2631 1267 mea
2653 1214 2830 1285 (Dant.
2847 1210 2949 1287 In).
2965 1215 3072 1271 Ubi
3092 1233 3259 1291 quam
3280 1212 3519 1289 pulchre

1914 1288 2158 1372 quatuor
2176 1299 2428 1356 insinuat
2451 1301 2605 1355 omni
2630 1302 2923 1375 quaerenti,
2949 1288 3121 1376 quam
3138 1288 3299 1362 valde
3317 1292 3515 1365 neces?-

1912 1390 2063 1445 saria
2091 1410 2107 1445 :
2156 1395 2223 1445 ut
2266 1389 2514 1462 primum
2547 1390 2820 1445 deliberet
2861 1380 2994 1464 quid
3034 1400 3247 1465 quaerat
3278 1415 3289 1450 :
3324 1392 3382 1450 et
3416 1395 3513 1451 ubi

1912 1479 2071 1544 illud,
2096 1479 2183 1535 vel
2205 1479 2428 1550 quando
2449 1484 2697 1551 quaerat:
2723 1485 2823 1534 aut
2843 1481 3105 1557 quandiu‘
3118 1488 3347 1557 quaerat.
3366 1468 3514 1557 Nam

1915 1584 2043 1622 cum
2057 1568 2193 1623 dicit
2216 1592 2227 1625 :
2251 1568 2316 1623 In
2333 1568 2538 1647 lectulo
2561 1568 2824 1640 quaesisse
2846 1550 2976 1624 eum
2990 1570 3049 1624 in
3065 1550 3323 1639 noctibus
3346 1554 3515 1645 quem

228 1673 384 1723 vam,
426 1655 638 1715 scilicet
661 1672 728 1710 ex
765 1655 1026 1727 praesenti
1051 1656 1126 1710 ad
1160 1656 1408 1711 futuram
1439 1662 1496 1710 et
1522 1672 1724 1712 novam
1753 1654 1883 1737 vi-_
1917 1656 2102 1728 diligit
2146 1658 2266 1727 ejus
2315 1656 2505 1737 anima
2536 1675 2548 1709 :
2589 1673 2692 1712 nec
2737 1656 2973 1713 dubium
3016 1660 3164 1735 quod
3210 1678 3421 1732 sponsa
3446 1648 3517 1716 de

221 1750 368 1800 tam.
400 1747 545 1800 Nam
575 1745 625 1799 is
660 1751 884 1801 tantum
908 1746 1037 1814 jure
1066 1750 1254 1817 potest
1281 1745 1466 1799 dicere
1500 1764 1514 1798 :
1552 1748 1687 1800 Pars
1713 1733 1896 1799 meaB
1916 1746 2139 1800 Christo
2154 1732 2420 1816 loquitur,
2438 1733 2906 1823 quasiquasierit
2923 1765 3051 1803 eum
3073 1732 3131 1803 in
3148 1732 3527 1835 nocte,a'tque:

223 1836 521 1899 Dominus,
571 1833 668 1905 qui
711 1833 816 1889 sub
856 1841 1048 1888 octava
1094 1839 1369 1898 versatur,
1411 1833 1507 1904 qui
1551 1833 1692 1887 nihil
1728 1832 1834 1887 sibi

227 1924 409 1994 hujus
431 1923 629 1978 mundi
648 1923 912 1989 vindicat,
936 1924 1160 1979 cuinon
1180 1928 1268 1978 est
1283 1923 1596 1978 carnalium
1621 1939 1836 1994 posses-

228 2013 317 2067 sio
350 2011 742 2083 cupiditatum,
776 2028 944 2083 quem
976 2029 1088 2067 non
1133 2012 1453 2066 inﬂammat
1492 2010 1684 2079 libido,
1722 2027 1835 2066 non

227 2101 489 2157 stimulat
506 2101 763 2167 avaritia,
787 2117 899 2156 non
918 2101 1146 2156 lascivia
1165 2101 1470 2168 effeminat,
1494 2116 1607 2154 non
1631 2099 1834 2155 sternit

226 2190 486 2255 ambitio,
510 2207 624 2246 non
654 2196 903 2256 macerat
930 2190 1161 2256 invidia,
1192 2206 1307 2245 non
1334 2190 1447 2244 alia
1474 2190 1831 2260 negotiorum

227 2296 368 2335 cura
396 2279 661 2335 sollicitat
683 2280 1056 2347 saecularium,
1082 2279 1179 2350 qui
1215 2279 1349 2343 Deo,
1384 2294 1497 2333 non
1509 2277 1645 2345 sibi,
1675 2278 1830 2333 vivit.

224 2369 383 2424 Talis
411 2385 659 2440 namque
682 2374 833 2424 recte
858 2374 1044 2440 potest
1069 2369 1255 2424 dicere
1280 2386 1291 2422 :
1325 2370 1463 2422 Pars
1493 2384 1613 2421 mea
1642 2369 1831 2422 Domi-

228 2474 359 2524 nus,
391 2463 677 2526 propterea
714 2460 1018 2527 exspectabo
1047 2473 1196 2511 eum.
1225 2455 1384 2512 Unde
1412 2457 1480 2510 ad
1512 2456 1656 2524 Teth
1681 2455 1834 2510 litte-

226 2563 357 2602 ram
386 2547 586 2601 exinde
610 2547 852 2611 venitur,
875 2547 1035 2616 cujus
1053 2544 1446 2616 interpretatio
1467 2550 1634 2599 sonat
1656 2548 1836 2601 exclu-

227 2635 341 2704 sio,
354 2636 446 2690 vel
465 2637 687 2690 bonum.
706 2636 773 2691 Et
787 2636 933 2690 mira
946 2634 1293 2690 dissonantia
1304 2633 1523 2689 videtur
1542 2650 1835 2705 assurgere

229 2724 479 2781 duarum
529 2724 1083 2796 interpretationum.
1115 2725 1174 2780 Si
1215 2723 1367 2779 enim
1414 2725 1493 2780 sic
1522 2724 1840 2793 excluditur

232 2814 402 2885 quasi
430 2830 464 2866 a
492 2813 659 2869 domo
683 2814 888 2885 aliquis
917 2813 1272 2886 hospitioque
1298 2814 1579 2885 dejicitur,
1604 2830 1639 2868 a
1664 2830 1838 2884 regno

229 2903 339 2957 Dei
366 2901 641 2974 bonisque
665 2902 964 2958 fraudetur
982 2905 1123 2974 ejus,
1147 2903 1294 2957 sicut
1319 2903 1554 2957 exclusae
1580 2907 1715 2956 sunt
1732 2902 1838 2956 viro

227 2991 415 3062 gines,
440 3008 565 3062 quae
589 3008 782 3046 secum
807 2992 992 3047 oleum
1021 3007 1136 3046 non
1164 2991 1420 3046 tulerunt
1444 2991 1655 3061 (Matth.
1687 2989 1833 3051 xxv).

1916 1834 1975 1888 in
1999 1832 2246 1889 tenebris
2274 1833 2720 1907 praesentiarum.
2746 1850 2851 1888 nec
2864 1850 2975 1889 non
2987 1840 3045 1889 et
3062 1834 3118 1911 in
3139 1832 3515 1908 perturbatio-

1917 1922 2082 1977 nibus
2100 1939 2309 1977 rerum.
2336 1910 2445 1977 Sed
2472 1921 2631 1976 facile
2662 1926 2750 1977 est
2775 1914 3090 1994 intelligere
3114 1940 3179 1978 ex
3212 1924 3512 1997 Evangelio

1917 2011 2197 2083 quomodo
2225 2008 2591 2087 perturbatur
2617 2027 2713 2065 cor
2740 2011 3144 2085 discipulorum
3171 1998 3439 2089 suorum,
3456 2021 3515 2070 et

1915 2098 2285 2155 tenebrantur
2300 2090 2445 2156 oculi
2461 2099 2643 2171 cordis
2661 2100 2853 2155 eorum
2869 2118 2883 2154 :
2900 2086 3339 2178 quotiescunque
3353 2086 3511 2177 mens

1915 2206 2029 2255 non
2041 2189 2191 2261 sapit
2199 2205 2264 2244 ea
2279 2205 2400 2260 quae
2412 2188 2512 2257 Dei
2525 2193 2675 2265 sunt,
2690 2188 2789 2244 sed
2802 2205 2924 2262 quae
2939 2176 3250 2250 hominum.

1915 2279 2146 2343 Quoties
2193 2295 2325 2350 ergo
2368 2278 2536 2334 homo
2579 2275 2772 2334 noster
2818 2295 2932 2335 non
2975 2279 3126 2335 videt
3153 2298 3220 2336 ea
3249 2299 3371 2357 quae
3407 2282 3512 2338 Dei

1915 2374 2067 2435 sunt,
2099 2368 2345 2423 dormire
2379 2367 2582 2449 merito
2624 2367 2847 2437 dicitur,
2882 2372 2949 2447 et
2975 2369 3034 2425 in
3061 2369 3318 2427 noctibus
3356 2388 3504 2431 esse.

1917 2455 2143 2512 Claudit
2162 2456 2313 2512 enim
2341 2458 2530 2533 oculos
2559 2458 2893 2547 ignoﬁantiae
2911 2458 3175 2547 caecitatis
3196 2461 3348 2527 velut
3371 2479 3503 2543 som-

1916 2563 2042 2602 nus.
2070 2547 2378 2621 Propterea
2420 2529 2737 2625 ApostOIus'
2766 2547 2912 2603 filios
2943 2529 3046 2617 Dei
3087 2529 3259 2625 negat
3304 2532 3515 2629 essein

1918 2641 2099 2692 nocte.
2129 2638 2217 2692 Vos
2237 2629 2637 2710 enim,.inquit,
2657 2624 2880 2707 fratres,
2901 2632 3013 2694 non
3032 2640 3156 2693 estis
3172 2643 3235 2694 in
3255 2624 3509 2712 tenebris,

1919 2730 1984 2779 ut
2002 2742 2091 2781 vos
2109 2727 2223 2781 dies
2234 2729 2337 2782 illa
2359 2732 2630 2801 tanquam
2648 2710 3006 2801 fura'rripiat
3020 2747 3037 2782 :
3055 2744 3240 2801 omnes
3258 2746 3346 2784 vos
3360 2718 3515 2808 enim

1920 2818 2043 2869 estis
2064 2818 2175 2883 ﬁlii
2194 2818 2352 2880 lucis,
2377 2820 2423 2870 et
2448 2819 2559 2884 ﬁlii
2574 2818 2687 2872 diei
2707 2835 2724 2871 :
2756 2832 2869 2873 non
2898 2818 3021 2892 estis
3051 2821 3223 2891 noctis
3244 2804 3514 2895 aequate;

1918 2906 2223 2999 morarum
2252 2904 2300 2977 (I
2325 2905 2509 2999 _Thess.
2542 2905 2620 2975 v).
2650 2905 2809 2999 Unde
2846 2902 2963 2962 nec
2994 2898 3349 2995 dormiamus
3368 2900 3541 2999 sicth

1918 2992 2124 3059 ceteri,
2160 2993 2258 3048 sed
2290 2992 2583 3071 vigilemus
2612 2999 2670 3049 et
2695 2992 2867 3068 sobrii
2893 2990 3088 3073 simus.
3112 2990 3257 3062 Quia
3284 2989 3389 3052 etsi
3417 2982 3515 3071 boi

229 3080 398 3144 Quod
425 3080 477 3134 si
512 3080 593 3135 ita
629 3086 733 3147 est,
767 3080 1048 3151 quomodo
1075 3079 1285 3135 bonum
1317 3080 1524 3151 poterit
1552 3078 1895 3154 perciperec
1917 3096 2025 3135 nus
2057 3086 2143 3135 est
2169 3081 2442 3153 Dominus
2468 3082 2826 3165 sperantibus
2852 3083 2910 3138 in
2936 3101 3016 3157 se,
3044 3076 3334 3165 signanter
3356 3080 3517 3152 addi-

229 3170 494 3224 exclusus
521 3185 556 3224 a
578 3186 754 3240 regno
778 3170 914 3224 Dei?
937 3169 1099 3234 Quod
1118 3185 1232 3224 non
1250 3169 1511 3237 arbitror,
1535 3169 1631 3223 sed
1654 3168 1836 3238 magis

228 3259 623 3330 accipiendum
640 3259 729 3314 cui
746 3275 877 3330 pars
893 3259 1164 3314 Dominus
1185 3259 1374 3325 fuerit,
1391 3264 1544 3313 totus
1565 3257 1837 3313 inhaereat

226 3345 400 3408 bono,
424 3350 721 3416 totumque
756 3349 998 3412 I488
1011 3344 1297 3416 possideat
1312 3343 1451 3399 illud
1470 3350 1528 3399 et
1545 3344 1834 3419 sempiter:

228 3452 371 3491 num
399 3434 632 3500 bonum,
655 3438 919 3506 totusque
937 3434 1192 3490 exclusus
1220 3434 1294 3488 sit
1318 3438 1375 3488 et
1403 3433 1590 3488 saeculi
1616 3432 1831 3488 actibus

227 3529 288 3578 et
313 3522 609 3594 praesentis
638 3522 765 3577 vitae
791 3522 1215 3577 oblectamentis
1249 3541 1261 3575 :
1292 3522 1558 3593 quoniam
1588 3520 1834 3593 perfecta

225 3611 481 3667 charitas
510 3611 660 3667 foras
688 3611 932 3667 excludit
953 3611 1235 3667 timorem.
1269 3611 1429 3666 Unde
1458 3611 1715 3682 sequitur
1742 3629 1754 3664 :

961 3770 1119 3810 TETH.

297 3884 485 3937 Bonus
530 3885 605 3936 est
646 3880 915 3935 Dominus
958 3880 1307 3949 sperantibus
1350 3882 1416 3934 in
1444 3896 1591 3945 eum,
1622 3882 1828 3935 animae

218 3972 501 4041 quaerenti
525 3970 715 4025 illum.
746 3971 962 4025 Bonum
990 3974 1065 4023 est
1090 3972 1406 4038 praestolari
1441 3986 1569 4025 cum
1606 3972 1826 4025 silentio

221 4061 480 4114 salutare
524 4058 640 4112 Dei.
682 4057 804 4123 Vel,
847 4057 993 4113 sicut
1029 4058 1142 4114 alia
1178 4057 1351 4113 habet
1385 4057 1774 4130 interpretatio
1810 4076 1822 4112 :

221 4149 443 4202 Bonum
471 4152 547 4200 est
590 4149 860 4202 sustinere
903 4152 952 4201 et
997 4162 1216 4216 sperare
1257 4150 1504 4202 salutare
1532 4149 1647 4204 Dei.
1690 4147 1827 4217 Quis

220 4236 376 4291 enim
404 4236 648 4291 sustinet
673 4235 994 4303 Dominum,
1019 4236 1130 4290 nisi
1150 4236 1247 4307 qui
1266 4252 1301 4290 a
1318 4236 1504 4290 studio
1533 4236 1824 4292 charitatis

218 4326 484 4380 exclusus
530 4330 617 4380 est
665 4323 736 4379 ab
780 4324 934 4383 omni
962 4324 1087 4380 labe
1114 4325 1415 4383 vitiorum?
1442 4325 1579 4390 Quis
1608 4330 1694 4380 est
1726 4325 1820 4397 qui

1916 3169 2019 3236 dit,
2041 3174 2247 3241 anima;
2265 3174 2535 3241 quaerenti
2561 3156 2703 3228 eum].
2722 3172 2867 3237 Quia
2887 3166 2989 3249 qui
3011 3156 3329 3247 dormiunt,
3351 3172 3539 3254 nocte:

1918 3258 2206 3314 dormiunt
2257 3279 2268 3314 :
2323 3265 2381 3314 et
2442 3266 2604 3316 nocte
2660 3268 2937 3341 quaerunt,
3005 3256 3173 3339 quem
3239 3263 3300 3318 in
3328 3248 3516 3341 nocte

1916 3346 2247 3403 dormiendo
2293 3348 2541 3403 invenire
2588 3331 2713 3404 non,
2740 3331 3018 3421 possunt:
3052 3332 3236 3424 neque
3281 3331 3515 3427 resoluii

1914 3435 1973 3506 in
2028 3436 2171 3491 lecto
2229 3436 2450 3508 quietis,
2491 3442 2728 3509 possunt
2778 3438 2839 3493 in
2894 3439 3082 3521 prima
3136 3439 3377 3519 inveniri
3429 3442 3512 3513 vi-

1909 3523 2064 3595 gilia,
2111 3518 2293 3595 neque
2338 3524 2398 3579 in
2442 3526 2705 3603 secunda,
2757 3518 2940 3611 neque
2987 3528 3059 3601 in
3101 3528 3270 3589 tertia
3297 3518 3512 3613 vigilia

1911 3612 2224 3687 vigilantes;
2255 3612 2467 3689 Idcirco
2506 3600 2569 3694 et
2598 3600 2870 3670 Dominus
2906 3616 3248 3692 pervigilans
3283 3600 3513 3697 inrora:

1912 3701 2066 3757 tione
2095 3702 2418 3773 frequenter
2463 3692 2758 3759 seCessisse
2787 3704 3048 3781 refertur,
3080 3710 3138 3760 et
3172 3692 3508 3781 pernoctans

1909 3790 1968 3846 in
2008 3790 2353 3866 orationibus
2381 3784 2701 3865 incubuisse
2735 3793 2886 3865 (Luc.
2934 3778 3060 3861 xu).
3098 3776 3513 3865 Verumtamen

1909 3880 2006 3951 qui
2046 3864 2264 3953 quaerit,
2313 3896 2479 3935 nosse
2533 3897 2662 3962 eum
2709 3864 2903 3949 debet,
2957 3886 3234 3962 quatenus
3291 3864 3508 3960 quierat

1908 3948 2083 4041 quem
2102 3970 2288 4045 diligit
2310 3970 2500 4025 anima
2520 3954 2662 4043 ejus.
2685 3970 2898 4035 Quaerit
2917 3948 3255 4053 edimlquam
3281 3948 3505 4044 siepe‘et

1906 4074 2020 4113 non
2052 4058 2282 4131 invenit,
2313 4057 2533 4138 vocabit
2560 4075 2690 4127 eum
2737 4061 2792 4113 et
2838 4074 2950 4114 non
2980 4050 3276 4115 exaudiet.
3304 4050 3529 4135 Neque'

1907 4147 2058 4219 enim
2088 4147 2338 4219 quandiu
2375 4142 2746 4219 delectabitur
2778 4147 2898 4204 loco
2926 4147 2986 4202 in
3015 4165 3124 4221 quo
3152 4148 3423 4205 dormitat
3444 4156 3504 4206 et

1908 4236 2135 4303 dormit,
2168 4240 2354 4309 potest
2399 4237 2513 4291 illic
2555 4236 2806 4315 invenire
2834 4224 3002 4309 quem
3037 4237 3255 4312 quaerit.
3286 4232 3504 4295 ‘Audiet

1908 4334 2049 4397 ergo‘
2088 4324 2365 4380 dicentem
2396 4325 2755 4401 salomonem
2787 4343 2799 4380 :
2835 4326 2985 4399 quod
3015 4326 3160 4381 sicut
3191 4322 3398 4383 ostium
3440 4329 3500 4384 in

218 4418 434 4486 sperat,
468 4379 586 4468 nisi
612 4413 709 4485 qui
736 4414 794 4468 id
831 4379 981 4486 quod
1009 4379 1487 4485 speratetoptat'
1502 4379 1561 4469 et
1595 4379 1820 4485 diligit?
1838 4379 1885 4437 Β
1901 4379 2128 4470 ca:dine
2154 4432 2255 4469 suo
2288 4379 2544 4480 vertitur,
2592 4379 2944 4499 piger;
2985 4379 3153 4491 cubili
3182 4379 3493 4491 suo—

221 4502 388 4567 Quod
416 4502 567 4558 enim
596 4518 909 4573 speramus,
936 4519 1039 4574 per
1056 4503 1387 4574 patientiam
1410 4508 1814 4574 exspectamus.

216 4592 368 4663 Ergo
389 4592 489 4663 qui
504 4596 692 4662 sperat
704 4592 963 4658 sustinet,
983 4591 1079 4663 qui
1093 4592 1334 4647 sustinet
1351 4609 1451 4663 per
1461 4592 1811 4664 patientiam,

214 4680 468 4737 excludit
487 4696 681 4736 omnes
708 4681 939 4736 affectus
967 4680 1171 4747 carnis,
1196 4686 1254 4735 et
1279 4681 1662 4737 molestiarum
1692 4698 1815 4736 om-

215 4770 381 4825 nium
410 4769 706 4824 tumultus.
741 4770 806 4825 In
834 4768 981 4824 bono
1029 4769 1178 4824 enim
1226 4770 1539 4826 excluditur
1566 4770 1637 4825 ab
1663 4770 1816 4826 omni

213 4860 393 4915 malo.
426 4859 499 4913 Et
522 4859 649 4913 ideo
676 4864 914 4930 uterque
941 4857 1046 4913 sub
1070 4859 1175 4913 hac
1202 4858 1394 4914 littera
1420 4859 1525 4913 sibi
1558 4860 1819 4931 congruit

210 4964 422 5004 sensus
439 4946 990 5019 interpretationum,
1016 4952 1082 5003 ut
1099 4947 1279 5002 bonus
1297 4947 1373 5003 sit
1394 4948 1666 5003 Dominus
1695 4966 1817 5004 om-

209 5036 386 5093 nibus
410 5035 766 5108 sperantibus
792 5037 849 5093 in
880 5053 1011 5093 eum
1033 5056 1044 5090 :
1072 5036 1349 5101 Quoniam
1377 5037 1473 5108 qui
1498 5043 1729 5109 sperant
1754 5039 1815 5093 in

210 5143 370 5193 eum,
410 5127 574 5196 juxta
613 5127 811 5194 David,
853 5142 969 5181 non
1010 5125 1346 5197 delinquunt
1386 5127 1557 5198 (Psal.
1600 5141 1812 5195 xxxm).

208 5216 378 5273 Unde
426 5215 565 5270 alibi
609 5220 668 5271 et
705 5215 765 5271 in
806 5215 1045 5270 Psalmis
1083 5215 1188 5270 sub
1219 5216 1324 5270 hac
1352 5215 1548 5270 eadem
1576 5215 1765 5270 littera
1795 5233 1807 5269 :

206 5307 527 5361 Bonitatem
554 5306 749 5373 fecisti,
778 5306 1028 5370 Domine,
1059 5307 1359 5360 secundum
1388 5306 1614 5359 verbum
1651 5310 1813 5359 tuum

210 5396 382 5465 (Psal.
410 5396 626 5455 cxvm).
646 5393 717 5448 Et
734 5393 870 5465 quid
896 5400 982 5449 est
1007 5394 1193 5450 dicere
1220 5413 1232 5449 :
1266 5394 1583 5449 Bonitatem
1609 5393 1810 5459 fecisti,

206 5488 278 5537 ut
303 5499 462 5538 esses
492 5482 634 5536 mihi
664 5481 880 5538 bonus?
911 5486 1087 5551 Quam
1110 5486 1280 5539 bonus
1309 5500 1443 5554 ergo
1472 5484 1643 5538 Israel
1672 5484 1813 5537 Deus

204 5575 284 5627 iis
301 5574 404 5643 qui
433 5577 581 5628 recto
607 5579 738 5628 sunt
762 5575 952 5629 corde!
973 5575 1137 5642 (Psal.
1161 5575 1352 5645 Lxxu.)
1377 5571 1605 5628 Cateris
1624 5575 1816 5626 autem

1900 4506 2071 4576 xxvn).
2115 4503 2205 4559 Sic
2247 4503 2405 4575 piger
2451 4504 2685 4559 vertitur
2730 4498 2825 4559 ille
2868 4498 3037 4576 quem
3066 4504 3284 4577 quaerit,
3330 4510 3387 4577 et
3434 4505 3495 4560 in

1895 4574 2098 4648 lectulo
2128 4609 2229 4647 suo
2258 4574 2425 4668 quem
2467 4593 2771 4671 desiderat,
2819 4574 3018 4671 quaerit
3046 4574 3105 4646 et
3131 4574 3261 4663 non
3280 4574 3496 4665 invenit

1897 4698 2062 4736 eum:
2090 4687 2148 4737 et
2170 4666 2294 4737 ideo
2314 4666 2683 4754 relinquenda
2699 4686 2784 4737 est
2809 4666 3130 4757 dormitatio
3155 4680 3488 4757 dormiendi,

1897 4771 2262 4826 excutiendas
2292 4786 2522 4825 somnus
2549 4786 2613 4824 ex
2642 4769 2815 4824 oculis
2860 4769 3068 4824 nostris
3100 4786 3113 4825 :
3151 4774 3210 4824 et
3238 4773 3494 4842 quamvis

1898 4859 2078 4915 adhuc
2105 4876 2214 4914 nox
2243 4859 2318 4913 sit
2343 4846 2563 4924 dandae,
2588 4863 2723 4914 sunt
2749 4863 2940 4912 tamen
2960 4858 3181 4929 vigiliae,
3204 4864 3271 4913 ut
3292 4861 3493 4932 possit,

1899 4948 1995 5020 qui
2022 4948 2312 5020 quaeritur,
2349 4947 2606 5001 inveniri.
2646 4946 2802 5002 Licet
2838 4945 2948 5001 alia
2974 4947 3366 5021 interpretatio
3395 4950 3493 5005 ha-

1896 5037 2043 5105 beat,
2069 5038 2207 5092 odor
2229 5036 2663 5109 thymiamatum
2683 5035 2740 5090 in
2759 5036 2964 5091 lectulo
2989 5053 3136 5106 meo,
3156 5042 3344 5093 tamen
3365 5039 3491 5093 dor-

1895 5126 2197 5181 mientibus
2225 5142 2334 5180 non
2362 5129 2513 5179 recte
2533 5116 2837 5180 invenitur.
2859 5124 3020 5180 Unde
3048 5131 3106 5181 et
3131 5143 3333 5196 sponsa
3362 5143 3487 5197 quae

1895 5232 2024 5270 cum
2052 5231 2165 5270 non
2192 5213 2496 5269 invenisset
2513 5213 2572 5268 in
2599 5213 2833 5269 lectulo:
2860 5215 3192 5284 Exsurgam,
3211 5215 3414 5287 inquit,
3438 5221 3488 5270 et

1894 5306 2135 5359 circuibo
2164 5306 2461 5370 civitatem,
2485 5307 2533 5358 et
2563 5307 2626 5359 in
2658 5305 2932 5359 nundinis
2952 5309 2999 5358 et
3013 5306 3212 5373 plateis
3238 5320 3487 5373 quaeram

1896 5409 2055 5461 quem
2083 5393 2272 5461 diligit
2292 5395 2489 5447 anima
2508 5409 2648 5447 mea.
2677 5393 2910 5461 Quasivi
2931 5408 3057 5446 eum
3077 5396 3126 5446 et
3155 5407 3266 5446 non
3294 5396 3489 5449 inveni

1900 5481 2075 5551 (Cant.
2105 5482 2210 5551 in).
2243 5480 2386 5547 Quia
2436 5480 2566 5536 licet
2594 5481 2943 5553 diligentiam
2969 5485 3026 5535 et
3052 5479 3508 5555 sollicitudinem.

1896 5568 2237 5640 adhibuerit,
2260 5585 2373 5625 non
2391 5575 2456 5626 ut
2474 5570 2724 5643 oportuit
2745 5568 3012 5642 quaesivit,
3035 5572 3092 5623 et
3109 5568 3235 5624 ideo
3259 5570 3491 5625 minime
