3960 6168
565 314 696 372 1167
1327 316 1383 371 S.
1427 312 1799 369 PASCHASII
1844 310 2201 367 RADBERTI
2244 311 2548 367 ABBATIS
2589 312 3079 368 CORBEIENSIS.
3666 320 3773 376 [138

549 440 800 496 invenire
820 440 1013 495 valuit.
1028 440 1171 495 Hinc
1191 456 1410 512 quoque
1430 439 1630 494 anime
1651 438 1921 510 querenti
1942 439 2140 505 Deum,
2163 441 2210 498 A
2228 438 2545 493 celestibus
2574 438 2832 493 instituta
2859 437 3183 510 disciplinis.
3222 441 3441 496 exclusa
3467 442 3531 495 ab
3557 443 3777 499 omnibus

554 530 799 601 primum
829 529 1200 601 requirendus
1230 533 1315 582 est
1342 528 1542 582 modus
1574 526 1876 598 querendi,
1909 533 1972 581 ut
1995 528 2148 582 inve-
2232 543 2353 596 que
2382 528 2575 581 mundi
2606 532 2756 589 sunt,
2780 526 2948 580 etiam
2971 527 3117 581 ultra
3139 529 3449 598 angelicam
3467 530 3772 601 dignitatem,

554 619 677 674 nire
721 624 909 690 queat,
941 618 1197 672 videlicet
1239 632 1353 670 non
1395 633 1523 670 cum
1563 615 1856 670 desidiosis
1894 616 1953 671 in
1982 617 2142 682 lecto,
2231 619 2287 668 et
2313 631 2380 669 ea
2408 633 2531 687 que
2565 621 2701 670 sunt
2730 616 3035 683 recondita,
3068 622 3130 670 ut
3156 617 3405 672 inveniat
3431 636 3581 690 quem
3599 620 3775 674 dilexit.

552 726 735 781 neque
765 708 824 763 in
852 706 1138 769 nundinis,
1157 722 1337 777 neque
1358 704 1417 760 in
1448 705 1668 777 plateis,
1701 721 1883 777 neque
1911 706 1968 760 in
1991 705 2145 760 nullo
2229 702 2388 757 Unde
2410 721 2629 759 summo
2649 705 2976 759 deliciarum
3001 704 3231 760 invento
3251 705 3415 774 bono,
3438 708 3628 764 fatetur
3640 709 3775 764 susti-

551 797 789 852 istorum
838 796 977 861 loco,
1021 794 1118 849 ubi
1146 800 1246 849 aut
1285 794 1501 849 caecitas
1528 794 1786 855 vertitur,
1819 800 1918 850 aut
1953 795 2146 849 odiosa
2227 808 2361 847 nere
2392 798 2450 847 et
2492 810 2719 865 sperare
2762 795 2819 847 in
2860 794 3108 849 salutare
3148 795 3255 850 Dei
3291 814 3303 848 :
3337 802 3395 850 et
3429 802 3491 851 ut
3520 797 3636 851 huic
3657 797 3776 852 bono

549 885 737 940 seculi
760 883 987 955 negotia
1012 883 1379 949 meditantur,
1409 884 1496 938 vel
1524 882 1749 938 lascivia
1769 888 2133 954 pervagatur.
2225 898 2447 953 semper
2466 882 2755 939 inhereat.
2784 884 2994 937 Bonum
3021 899 3140 937 esse
3159 884 3378 939 fatetur
3392 888 3524 952 viro,
3546 902 3657 941 eum
3676 902 3777 956 por-

546 974 706 1029 Unde
736 979 794 1028 et
816 974 844 1028 J
849 990 977 1027 esus
998 978 1223 1044 arrepto
1244 972 1465 1043 ﬂagello
1485 973 1788 1027 vendentes
1807 978 1864 1026 et
1891 977 2141 1026 ementes
2226 973 2422 1024 laverit
2451 987 2620 1041 grave
2634 975 2839 1040 jugum
2863 973 3238 1027 adolescenti:
3255 991 3387 1029 sue.
3411 975 3605 1030 Sedebit
3620 974 3774 1044 singu-

543 1079 739 1118 omnes
760 1062 829 1116 de
849 1062 1059 1133 templo
1079 1061 1261 1132 ejecit,
1276 1077 1347 1115 ne
1362 1061 1563 1116 domus
1586 1060 1770 1115 Patris
1785 1061 1923 1131 ejus,
1938 1060 2138 1115 domus
2220 1056 2416 1112 lariter
2442 1063 2731 1113 solitarius
2760 1066 2808 1113 et
2840 1062 3049 1114 tacebit.
3093 1061 3227 1115 Hec
3255 1078 3390 1132 ergo
3419 1063 3554 1117 bona
3572 1063 3773 1118 exclusio

538 1151 939 1222 negotiationis
971 1156 1118 1205 esset
1142 1152 1335 1218 (Marc.
1369 1164 1453 1217 x1;
1486 1152 1613 1204 Luc.
1647 1150 1775 1218 XIX).
1815 1149 1961 1213 Quid
1986 1149 2136 1204 enim
2220 1150 2322 1212 est,
2355 1151 2417 1199 ut
2446 1146 2639 1201 sedeat
2665 1163 2853 1201 secum
2883 1148 3035 1201 solus
3073 1164 3201 1202 cum
3236 1149 3371 1204 Deo.
3407 1150 3705 1222 Quicunque
3725 1168 3773 1205 se

537 1241 767 1313 prodest
793 1240 850 1293 in
884 1239 1082 1311 plateis
1112 1256 1241 1294 eum
1272 1254 1541 1309 querere,
1565 1237 1682 1304 ubi,
1710 1238 1856 1292 sicut
1893 1242 2140 1303 [44o
2218 1236 2390 1289 sentit
2407 1241 2632 1306 portare
2647 1238 2847 1307 jugum
2868 1253 3038 1307 grave
3058 1238 3115 1291 in
3132 1239 3431 1307 juventute
3446 1239 3769 1308 sua,sedebit,

534 1329 812 1401 propheta
835 1328 988 1394 dicit,
1021 1344 1120 1381 vox
1150 1328 1270 1398 ejus
1295 1344 1408 1381 non
1433 1333 1517 1381 est
1546 1327 1777 1381 audita?
1805 1327 2005 1381 Merito
2035 1325 2137 1397 igi-
2216 1323 2789 1395 inquit,singulariter
2808 1332 2865 1379 et
2877 1325 3082 1393 silebit,
3103 1326 3240 1397 quia
3254 1327 3389 1382 tulit
3400 1330 3587 1398 jugum
3602 1345 3763 1398 grave.

534 1424 631 1473 tur
658 1420 738 1473 sic
767 1422 1111 1489 querentem
1132 1416 1401 1483 animam,
1429 1416 1686 1470 custodes
1704 1415 1945 1470 civitatis
1965 1416 2133 1485 hujus
2218 1412 2326 1467 Sed
2346 1414 2479 1483 quia
2500 1414 2616 1467 hec
2637 1414 2917 1468 institutio
2938 1420 3162 1469 tantum
3186 1415 3479 1471 moraliter
3491 1416 3766 1483 addiscitur,

534 1508 949 1561 circumeuntes
977 1504 1278 1571 civitatem,
1298 1510 1582 1559 errantem
1603 1520 1727 1558 eam
1753 1503 2047 1559 inveniunt
2076 1511 2133 1559 et
2216 1503 2578 1572 querendum
2605 1502 2675 1557 de
2705 1520 2815 1574 quo
2834 1504 2971 1574 jugo
2990 1503 3238 1572 dicatur;
3272 1504 3406 1577 quia
3428 1511 3510 1560 est
3532 1513 3583 1560 et
3603 1507 3766 1576 jugum

532 1593 1036 1666 comprehendunt,
1069 1608 1429 1663 erroremque
1456 1591 1633 1663 ipsius
1676 1593 1947 1659 revelant,
1981 1592 2129 1663 quod
2211 1607 2382 1661 grave
2408 1608 2577 1661 super
2602 1591 2746 1645 ﬁlios
2777 1592 2958 1646 Adam
2987 1609 3022 1646 a
3051 1593 3142 1647 die
3172 1599 3335 1648 ortus
3364 1611 3550 1649 eorum
3579 1615 3593 1650 :
3629 1600 3701 1648 est
3722 1598 3767 1647 et

478 1726 485 1734 .
532 1700 714 1755 neque
740 1683 799 1738 in
828 1682 1048 1754 plateis,
1070 1698 1254 1752 neque
1283 1681 1342 1735 in
1371 1680 1655 1744 nundinis,
1682 1697 1864 1752 neque
1883 1681 1940 1734 in
1960 1680 2123 1747 lecto,
2146 1753 2171 1755 ᾲ
2208 1679 2407 1749 jugum
2427 1680 2803 1735 inﬁdelitatis:
2831 1688 2917 1735 est
2932 1686 3119 1736 autem
3131 1689 3192 1736 et
3202 1684 3407 1754 jugum
3428 1683 3634 1738 Domini
3652 1684 3762 1750 leve,

528 1777 629 1829 aut
654 1772 713 1826 in
741 1776 902 1826 nocte
933 1770 1195 1826 caecitatis
1221 1769 1363 1824 bene
1403 1770 1692 1841 queritur.
1733 1770 2006 1825 Custodes
2030 1786 2126 1824 au-
2142 1753 2190 1814 Β
2211 1768 2358 1838 quod
2380 1784 2609 1823 suarum
2635 1769 2904 1824 virtutum
2924 1787 3065 1825 onus
3094 1788 3196 1842 spe
3226 1753 3674 1827 remunerationis
3692 1787 3770 1825 so-

524 1868 641 1917 tem
657 1860 895 1916 civitatis
914 1865 1140 1927 nostre,
1164 1859 1419 1913 doctores
1438 1859 1523 1913 vel
1544 1875 1835 1914 sermones
1853 1864 1986 1913 sunt
2001 1876 2125 1930 pro-
2208 1856 2375 1911 latur.
2416 1855 2490 1911 Et
2529 1858 2634 1911 hoc
2681 1858 2936 1913 fortassis
2959 1860 3163 1929 jugum
3193 1877 3387 1931 grave,
3421 1860 3473 1915 id
3503 1866 3582 1915 est
3599 1861 3763 1931 jugum

520 1952 838 2024 phetarum,
872 1950 930 2003 in
961 1949 1183 2021 quibus,
1211 1949 1258 2002 si
1297 1953 1447 2003 recte
1482 1948 1895 2019 interrogatum
1926 1948 2118 2014 fuerit,
2208 1945 2615 1999 emendationis
2634 1947 2764 2017 jure
2786 1947 3011 2015 dicitur,
3029 1949 3195 2017 juxta
3217 1950 3384 2004 illud:
3417 1950 3760 2012 Veniteadme,

522 2039 818 2096 manifeste
847 2038 1012 2093 citius
1036 2037 1340 2104 invenitur,
1369 2038 1516 2092 sicut
1542 2054 1746 2109 sponsa
1775 2037 2124 2109 deprehensa
2208 2050 2393 2088 omnes
2415 2037 2515 2103 qui
2537 2039 2758 2089 onerati
2776 2039 2921 2099 estis,
2946 2043 2995 2091 et
3026 2038 3202 2091 tollite
3221 2042 3761 2107 jugummeumruper

518 2146 630 2186 non
660 2128 967 2202 preterivit
995 2128 1345 2199 interrogare
1384 2143 1498 2194 eos,
1547 2127 1646 2182 sed
1688 2126 1770 2181 ait
1797 2141 1810 2174 ς
1852 2128 2126 2196 Nunquid
2209 2138 2297 2176 vos
2322 2124 2533 2190 (Matth.
2559 2127 2657 2192 x1).
2691 2124 2748 2179 Si
2780 2125 2906 2195 quis
2935 2131 3123 2179 autem
3153 2133 3463 2199 antequam
3491 2126 3632 2196 gravi
3655 2140 3761 2179 one-

519 2236 678 2288 quem
699 2220 889 2285 diligit
914 2220 1110 2271 anima
1130 2233 1251 2271 mea
1269 2217 1521 2270 uidistis?
1543 2216 1611 2270 Et
1640 2232 1765 2269 cum
1788 2217 2125 2284 pertransis-
2206 2216 2365 2266 retur
2381 2211 2601 2266 sarcina
2619 2218 2972 2284 peccatorum
2991 2214 3190 2269 tulerit
3207 2216 3431 2286 jugum,
3454 2214 3761 2285 singulariter

519 2323 651 2374 sem,
683 2305 887 2378 inquit,
924 2306 1230 2374 paululum
1272 2306 1341 2359 ab
1377 2308 1473 2371 eis,
1504 2307 1698 2359 inveni
1733 2321 1894 2372 quem
1932 2305 2123 2372 diligit
2205 2300 2441 2367 sedebit,
2461 2317 2574 2355 non
2603 2317 2728 2356 cum
2748 2302 3009 2373 plurimis
3040 2308 3127 2358 est
3155 2304 3542 2370 conferendas,
3561 2303 3645 2357 sed
3661 2317 3758 2356 cum

518 2397 717 2449 anima
737 2410 858 2448 mea
887 2393 1065 2460 (Cant.
1091 2398 1197 2460 ιιι).
1226 2393 1304 2447 Ex
1332 2409 1443 2464 quo
1471 2393 1718 2464 profecto
1750 2392 1947 2464 liquet,
1972 2392 2119 2464 quod
2202 2388 2297 2443 illo
2325 2389 2420 2460 qui
2451 2405 2578 2444 cum
2618 2390 2735 2445 Deo
2765 2392 3127 2462 singulariter
3165 2393 3226 2448 in
3265 2410 3365 2465 spe
3395 2399 3479 2448 est
3511 2393 3757 2447 collocatus

519 2482 834 2537 velamento
862 2480 1042 2552 operti
1061 2485 1196 2535 sunt
1213 2497 1499 2536 sermones
1522 2481 1924 2553 prophetarum
1950 2486 2119 2551 atque

518 2570 759 2642 eloquia,
784 2586 849 2624 ac
874 2568 1200 2624 testimonia
1226 2569 1647 2641 Scripturarum
1678 2574 2020 2635 sanctarum,
2058 2570 2117 2623 in

518 2659 723 2731 quibus
752 2658 1006 2713 Christus
1045 2658 1184 2712 latet
1224 2658 1604 2713 absconditus.
1642 2658 1795 2724 Quos
1831 2674 1957 2712 cum
1989 2674 2116 2729 per-

516 2747 866 2814 transissem,
890 2746 1094 2818 inquit,
1118 2746 1303 2801 inveni
1334 2763 1499 2817 quem
1528 2745 1722 2800 dilexit
1749 2746 1940 2799 anima
1968 2762 2113 2810 mea,

517 2837 731 2891 scilicet
758 2835 1106 2908 patriarchas
1137 2840 1194 2889 et
1234 2835 1553 2906 prophetas,
1588 2850 1805 2888 necnon
1834 2839 1891 2887 et
1922 2850 2115 2888 eorum

517 2924 853 2981 adumbrata
870 2924 1147 2979 dictorum
1178 2922 1417 2993 eloquia,
1443 2923 1502 2976 in
1532 2921 1735 2993 quibus
1763 2926 1820 2975 et
1846 2938 2118 2993 premon-
2202 2920 2509 2992 Propterea
2530 2928 2713 2993 potest
2729 2924 2929 2994 jugum
2952 2923 3103 2977 verbi
3123 2941 3299 2995 grave
3322 2941 3460 2984 esse,
3477 2924 3563 2978 sed
3586 2936 3745 2977 suave:

516 3019 726 3070 stratus
747 3020 804 3068 et
833 3013 1152 3068 declaratus
1184 3011 1499 3066 ostenditur
1524 3011 1674 3065 Deus
1703 3010 1891 3063 homo.
1916 3009 2119 3064 Tribus
2140 3066 2178 3083 η
2198 3025 2368 3079 grave
2395 3010 2860 3075 adolescentibus,
2884 3029 3124 3083 quorum
3148 3019 3289 3069 etas
3316 3019 3401 3068 est
3429 3010 3744 3073 ﬂorulentior,

514 3066 769 3173 namque
1002 3102 1257 3165 dilectus,
1279 3099 1491 3153 scilicet
1509 3097 1755 3152 Verbum
1768 3098 1971 3158 Patris.
2009 3099 2119 3154 fide
2136 3066 2181 3125 Ο
2198 3066 2511 3171 noluntque
2556 3101 2695 3171 jugo
2750 3066 2921 3155 verbi;
2950 3066 3301 3172 subjicienda
3548 3066 3748 3172 prebere

2204 2480 2369 2546 (Psat.
2400 2480 2502 2548 Iv).
2544 2479 2954 2534 Verumtamen
2986 2482 3359 2552 querendum
3407 2480 3658 2553 quomodo
3683 2480 3755 2549 ju-

2199 2582 2337 2637 gum
2382 2583 2552 2637 grave
2591 2568 2683 2632 sit,
2716 2585 2841 2622 cum
2874 2569 3149 2625 Dominus
3182 2571 3388 2641 jugum
3433 2586 3585 2624 suum
3623 2581 3755 2621 suave

2202 2672 2324 2709 esse
2353 2655 2505 2709 dicat
2528 2674 2538 2707 :
2564 2661 2622 2710 et
2642 2657 2871 2711 Graecus
2890 2663 3111 2712 tantum
3129 2660 3339 2730 jugum
3369 2659 3563 2731 posuit,
3582 2673 3669 2711 nec
3683 2655 3754 2709 ad-

2200 2743 2361 2807 didit,
2395 2761 2583 2814 grave.
2619 2746 2735 2800 Etsi
2779 2745 2860 2800 ita
2897 2746 2987 2814 sit,
3018 2763 3189 2818 porro
3214 2749 3417 2819 jugum
3447 2764 3599 2802 suave
3623 2744 3751 2810 dixit,

2200 2836 2257 2885 et
2282 2848 2423 2886 onus
2450 2833 2586 2897 leve,
2625 2850 2729 2888 nec
2756 2840 2947 2889 tamen
2982 2836 3191 2905 jugum
3238 2837 3357 2891 leve
3395 2836 3567 2890 dicere
3592 2832 3747 2887 voluit.

515 3197 572 3248 et
613 3191 979 3256 confessione,
1013 3193 1070 3243 et
1118 3187 1477 3242 conversione
1522 3202 1649 3241 cum
1689 3184 1967 3257 probitate
2015 3186 2117 3241 do-

514 3282 709 3337 ctrine
741 3278 1028 3352 queritur.
1063 3277 1223 3332 Unde
1254 3276 1421 3331 David
1465 3294 1476 3329 :
1529 3277 1764 3343 Quaerite
1792 3276 2115 3342 Dominum,

515 3372 740 3441 quaerite
792 3370 990 3437 faciem
1041 3369 1156 3435 ejus
1187 3380 1397 3433 semper
1426 3365 1591 3434 (Psal.
1633 3365 1759 3434 σιν).
1800 3364 1937 3419 Ecce
1975 3381 2116 3435 quo-

515 3475 693 3531 usque
709 3456 1044 3529 querendus
1058 3454 1235 3509 donec
1250 3452 1499 3507 invenias
1514 3469 1682 3524 quem
1703 3452 1888 3523 diligit
1902 3453 2112 3520 anima,

512 3549 573 3602 in
615 3546 861 3619 perfecto
906 3543 1088 3599 Patris
1119 3542 1331 3597 lumine
1372 3541 1761 3612 refulgentem.
1810 3542 1985 3596 Porro
2019 3543 2113 3597 ubi

515 3636 849 3711 querendus
872 3634 964 3701 sit,
986 3632 1238 3688 insinuat
1260 3632 1480 3703 Moyses
1509 3649 1520 3685 :
1556 3648 1669 3686 non
1701 3632 1861 3702 quasi
1890 3648 2111 3687 sursum

514 3733 611 3783 aut
641 3727 923 3791 deorsum,
952 3739 1053 3778 seu
1081 3726 1281 3776 cetera
1299 3736 1421 3792 que
1445 3720 1505 3774 in
1527 3719 1967 3775 Deuteronomio
1986 3737 2115 3775 con-

513 3818 769 3872 tinentur
809 3815 983 3886 (Deut.
1025 3813 1119 3881 IV),
1151 3810 1250 3865 sed
1279 3810 1338 3864 in
1370 3809 1537 3864 corde
1568 3814 1685 3875 tuo,
1719 3809 1921 3880 inquit,
1956 3814 2015 3864 et
2054 3809 2113 3864 in

516 3925 613 3963 ore
630 3913 730 3961 tuo
754 3908 998 3970 tantum,
1022 3907 1088 3957 ut
1111 3916 1306 3973 pacem
1335 3899 1613 3953 indultam
1634 3914 1668 3952 a
1686 3898 1801 3952 Deo
1828 3897 2072 3952 retineas
2097 3915 2110 3951 :

514 3996 649 4069 quia
676 3995 737 4050 in
762 4010 897 4066 pace
923 3992 1104 4046 factus
1132 3994 1217 4044 est
1246 3990 1400 4043 locus
1423 3989 1563 4059 ejus,
1598 3992 1655 4041 et
1690 3985 1963 4040 habitatio
1994 3987 2113 4056 ejus

516 4086 575 4140 in
601 4084 756 4148 Sion.
773 4082 1050 4152 Loquitur
1076 4086 1264 4133 autem
1296 4093 1486 4149 pacem
1517 4076 1576 4130 in
1605 4074 1825 4148 plebem
1854 4091 2034 4142 suam,
2058 4079 2115 4129 et

516 4175 576 4227 in
605 4188 700 4226 eos
728 4171 824 4241 qui
850 4173 1253 4224 convertuntur
1281 4166 1350 4221 ad
1379 4182 1494 4220 cor.
1526 4164 1633 4220 Ubi
1662 4164 1709 4219 si
1738 4170 1889 4219 recte
1918 4163 2115 4235 queri-

519 4276 666 4327 mus,
698 4257 777 4312 ibi
802 4256 1136 4329 querendus
1166 4260 1269 4322 est,
1285 4254 1379 4309 ubi
1409 4254 1758 4325 propinquus
1786 4251 2105 4307 invenitur:

2200 3187 2489 3242 cervicem.
2512 3189 2707 3245 Potest
2734 3195 2791 3244 et
2816 3207 2987 3261 grave
3015 3190 3171 3246 verbi
3193 3193 3396 3263 jugum
3426 3189 3602 3253 videri,
3619 3185 3745 3242 Chri-

2164 3343 2177 3353 '
2201 3276 2273 3329 sti
2305 3276 2579 3342 Ecclesie,
2604 3284 2833 3351 propter
2851 3297 3026 3334 onera
3052 3280 3363 3353 discipline
3387 3278 3745 3335 austeritatem-

2201 3380 2309 3434 que
2338 3366 2719 3431 correctionis,
2742 3368 2961 3439 pondus
2990 3368 3367 3437 abstinentiae,
3389 3367 3741 3424 restrictionem

2199 3452 2454 3508 lascivie.
2482 3455 2769 3526 Siquidem
2799 3457 2920 3512 hec
2944 3458 3135 3512 omnia
3164 3466 3431 3531 Operatur
3455 3457 3678 3512 Christus
3696 3451 3740 3504 in

2197 3558 2298 3596 suo
2328 3559 2582 3615 corpore,
2610 3549 2888 3615 quatenus
2906 3561 3075 3600 suave
3101 3546 3178 3601 sit
3207 3564 3351 3601 onus
3377 3544 3573 3600 ferendi
3595 3542 3737 3596 fructu

2194 3631 2409 3701 gratie,
2436 3650 2533 3704 spe
2554 3635 3030 3689 remunerationis
3051 3640 3298 3704 eterne,
3321 3635 3576 3691 suavitate
3593 3628 3738 3703 purio-

2196 3719 2275 3773 ris
2303 3721 2674 3777 conscientie.
2695 3724 2953 3794 Namque
2977 3725 3179 3794 jugum
3202 3725 3357 3780 verbi
3383 3738 3539 3779 suave
3559 3719 3673 3775 dixit
3693 3720 3735 3769 et

2197 3822 2338 3861 onus
2379 3808 2710 3865 obedientie
2756 3810 2875 3865 leve
2910 3832 2920 3864 :
2958 3814 3228 3883 quoniam
3275 3814 3369 3885 qui
3400 3814 3582 3883 jugum
3615 3801 3732 3859 verbi

2196 3896 2431 3966 patienti
2470 3899 2680 3953 cervice
2721 3901 3049 3971 susceperit.
3095 3901 3405 3974 discipline
3441 3916 3568 3955 onus
3600 3905 3730 3967 grave

2194 3982 2340 4055 ferre
2368 4002 2480 4040 non
2509 3989 2733 4057 poterit.
2768 3988 2912 4059 Ergo
2943 3989 3041 4059 qui
3068 3989 3268 4045 tulerit
3294 3990 3352 4045 in
3376 3990 3639 4061 juventute
3662 3983 3727 4051 ju-

2193 4088 2329 4142 gum
2348 4091 2537 4144 grave,
2561 4082 2790 4148 propter
2801 4078 3113 4147 juventutis
3132 4096 3251 4134 sue
3271 4084 3451 4145 estus,
3469 4072 3726 4140 sedarique

2195 4162 2557 4234 singulariter
2584 4182 2709 4220 cum
2740 4167 2855 4221 Deo
2885 4171 2943 4221 et
2971 4167 3208 4234 siluerit,
3244 4167 3479 4223 revelata
3504 4162 3594 4218 sibi
3615 4171 3723 4230 gall-

2195 4249 2333 4305 dens
2372 4252 2571 4309 divine
2622 4254 3093 4310 remunerationis
3120 4261 3333 4312 eterna
3360 4251 3615 4326 mysteria,
3646 4241 3723 4299 sub

517 4348 649 4422 quia
669 4346 915 4420 profecto
937 4342 1182 4441 verbum.
1192 4343 1390 4441 eodem
1412 4341 1733 4412 legislatore
1749 4345 1913 4441 teste,
1936 4340 1994 4395 in
2014 4358 2111 4396 ore
2127 4340 2328 4441 Djugo
2356 4343 2771 4414 prestolabitur
2810 4344 3058 4400 salutare
3086 4345 3209 4400 Dei.
3252 4347 3412 4401 Certe
3438 4346 3528 4397 aut
3560 4332 3717 4439 silebit.

513 4446 633 4505 tuo,
658 4442 716 4493 et
736 4436 795 4491 in
819 4433 985 4491 corde
1012 4438 1131 4487 tuo.
1159 4430 1448 4487 Invenitur
1465 4435 1755 4494 autem,ut
1782 4430 2026 4485 diximus
2048 4431 2106 4484 in
2127 4427 2180 4441 ⁴¹¹
2198 4446 2326 4483 cum
2354 4448 2495 4502 opus
2526 4432 2735 4487 habens
2759 4434 3115 4489 excusatione
3147 4439 3385 4502 [44g
3402 4427 3605 4505 peccati.
3624 4434 3719 4477 cum

514 4527 721 4582 sanctis
741 4525 878 4591 suis,
900 4523 1049 4577 vivet
1075 4520 1226 4575 intus
1243 4523 1431 4574 autem
1456 4523 1513 4573 et
1530 4517 1589 4571 in
1620 4517 1923 4589 Scripturis
1964 4519 2109 4590 Ergo

514 4616 648 4686 quia
676 4614 1009 4687 querendus
1033 4616 1136 4677 est,
1158 4608 1235 4664 ibi
1265 4608 1461 4680 utique
1480 4623 1590 4679 quo
1620 4606 1859 4662 inveniri
1890 4614 2061 4681 queat
2092 4626 2105 4662 :

515 4709 573 4759 et
585 4708 719 4758 tunc
731 4704 943 4775 utique,
959 4700 1182 4774 quando
1196 4714 1368 4771 prope
1379 4702 1483 4764 est,
1498 4702 1762 4752 monente
1788 4696 2072 4767 Propheta
2088 4713 2101 4752 :

516 4794 750 4860 Quaerite
770 4794 1071 4846 Dominum
1092 4791 1227 4843 dum
1249 4789 1499 4842 inveniri
1511 4791 1694 4856 potest,
1716 4788 1961 4840 invocate
1981 4802 2106 4840 eum

511 4882 648 4935 dum
682 4895 846 4949 prope
887 4885 960 4933 est
1011 4881 1134 4949 (Isa.
1180 4882 1287 4942 ιν).
1335 4875 1479 4942 Quia
1507 4892 1679 4947 prope
1709 4880 1795 4929 est
1833 4874 2108 4929 Dominus

512 4969 773 5025 omnibus
817 4965 1206 5022 invocantibus
1252 4981 1378 5020 eum
1386 5008 1404 5034 ,
1434 4964 1692 5020 omnibus
1722 4964 1819 5035 qui
1846 4964 2106 5019 invocant

510 5048 636 5118 eum
660 5060 719 5114 in
739 5057 991 5115 veritate.
1013 5057 1195 5126 Igitur
1209 5055 1342 5125 quia
1366 5054 1677 5109 immensus
1702 5058 1789 5107 est
1811 5052 1932 5107 sine
1952 5053 2104 5109 fasti-

506 5151 599 5206 dio
651 5166 779 5205 cum
831 5146 940 5201 ﬁde
996 5143 1346 5215 quaerendus,
1390 5148 1447 5198 et
1484 5142 1616 5213 quia
1654 5158 1801 5197 unus
1838 5141 2099 5215 idemque

504 5246 591 5296 est
618 5254 839 5310 semper
868 5234 1045 5306 magis
1074 5232 1363 5303 magisque
1386 5231 1507 5286 sine
1539 5232 1656 5287 ulla
1682 5232 2096 5302 permutatione

2189 4524 2414 4574 matura
2428 4521 2773 4577 confessione
2794 4523 3072 4594 pervenit,
3090 4527 3149 4578 et
3167 4539 3403 4596 propera
3434 4512 3715 4575 correctione

2190 4608 2467 4680 deposuit.
2488 4611 2613 4665 Non
2644 4611 2794 4665 enim
2813 4611 3031 4667 dicetur
3055 4612 3217 4667 huic:
3244 4614 3374 4678 Que
3401 4611 3454 4665 in
3479 4603 3713 4680 iuventute

2189 4713 2301 4751 non
2348 4700 2699 4771 congregasti
2737 4701 3014 4772 quomodo
3061 4702 3309 4757 invenies
3350 4702 3405 4755 in
3446 4683 3712 4753 senectute?

2191 4786 2531 4858 Simpliciter
2551 4793 2739 4843 autem
2770 4794 2956 4861 potest
2993 4796 3050 4845 et
3076 4790 3155 4848 sic
3179 4789 3408 4861 intelligi
3434 4806 3446 4843 :
3474 4784 3559 4857 qui
3577 4797 3605 4835 8
3626 4774 3710 4849 Pﬁ‘
3846 4846 3847 4859 χ

2188 4891 2362 4930 mevo
2389 4877 2693 4947 portaverit
2714 4879 2912 4950 jugum
2944 4878 3115 4947 verbi,
3146 4881 3253 4936 hoc
3280 4884 3375 4939 est.
3419 4893 3451 4929 a
3469 4868 3706 4945 juventute
3844 4908 3845 4945 ι

2187 4980 2300 5018 non
2330 4982 2390 5019 se
2421 4966 2707 5021 miscuerit
2743 4982 2872 5022 cum
2894 4968 3211 5039 juvenibus,
3243 4969 3290 5024 is
3323 4970 3495 5022 autem
3516 4951 3699 5015 sedebit,
3842 4998 3843 5029 χ

2185 5068 2435 5108 seorsum
2460 5054 2637 5110 donec
2656 5056 2822 5128 plena
2845 5073 2904 5112 se
2924 5057 3262 5128 perfectione
3282 5052 3488 5111 virtutis
3508 5041 3695 5104 erudit“:
3840 5072 3841 5113 ι

2183 5145 2241 5195 et
2267 5158 2529 5213 magnam
2560 5144 2733 5199 animi
2762 5145 2991 5200 inducat
3013 5146 3338 5217 patientiam
3361 5162 3372 5198 :
3405 5142 3474 5196 ita
3497 5136 3693 5217 demum,

2181 5234 2246 5284 ut
2281 5232 2615 5301 percutienti
2662 5249 2742 5300 se,
2775 5233 2951 5304 possit
2978 5216 3227 5305 prebere
3257 5230 3532 5289 maxillam,
3560 5221 3626 5275 ita

504 5328 794 5383 amandus.
843 5325 984 5379 Hinc
1025 5337 1246 5393 quoque
1278 5321 1550 5390 sequitur,
1593 5322 1804 5374 Bonum
1843 5324 1916 5373 est
1969 5337 2093 5375 eum
2178 5320 2343 5373 cedis
2372 5337 2497 5375 cum
2533 5326 2757 5393 tempus
2797 5323 3063 5394 injuriam
3113 5321 3426 5395 perferendo
3468 5300 3690 5398 mandatis

498 5420 718 5475 silentio
772 5414 1380 5485 prastolari'sulutare
1420 5410 1532 5461 Dei.
1593 5409 1796 5462 Videat
1846 5409 2091 5480 prudens
2175 5408 2586 5479 obsequebatur
2610 5411 2947 5466 colestibus.
2980 5413 3243 5483 Magnum
3274 5416 3355 5466 est
3392 5411 3554 5461 autem
3579 5406 3689 5485 8""

507 5511 684 5578 I44
704 5511 739 5572 I
770 5503 990 5559 animus
1017 5501 1087 5554 de
1113 5503 1272 5554 ῐειηίο
1304 5512 1540 5550 maerore
1571 5498 1884 5567 (postquam
1909 5514 2089 5551 mora-
2169 5497 2264 5551 tiis
2294 5497 2572 5553 abstinere
2598 5500 2917 5569 juvenibus,
2949 5507 3007 5556 et
3034 5480 3102 5555 ea
3131 5502 3189 5556 in
3215 5502 3329 5572 ipso
3355 5487 3585 5550 vestibulo
3613 5480 3685 5578 1'“:

492 5594 805 5669 literccepit
825 5594 963 5647 vires
991 5590 1295 5659 resumere)
1320 5592 1591 5659 quantum
1614 5587 1910 5658 profecerit
1931 5604 2087 5641 mens
2171 5589 2411 5643 ventutis
2439 5590 2710 5644 deserere.
2746 5591 2996 5646 Lubrice
3032 5592 3179 5646 enim
3229 5597 3283 5645 et
3323 5583 3559 5661 perplexe
3583 5567 3681 5624 Sullt

3850 4464 3855 4607 ὅ
