3960 6168
230 260 235 263 ’
332 255 475 315 1169

985 251 1367 311 EXPOSI'I'IO
1407 256 1485 311 ΙΝ
1521 256 2128 315 LAMENTATIONES
2165 223 2517 315 JEREMIIE.
2563 286 2624 299 —
2665 256 2803 314 LIB.
2845 259 2945 315 III.

3471 262 3614 322 1170

327 379 436 436 via
456 377 795 451 juventutis.
814 376 976 433 Unde
995 376 1260 432 Salomon
1289 376 1401 433 tria
1429 377 1536 434 sibi
1563 379 1934 453 impossibilia
1949 382 1999 443 Α
2018 383 2218 436 tribuit
2248 382 2390 436 mihi
2405 380 2435 434 9
2454 380 2690 436 Calicem
2716 385 2986 438 salutaris
3008 387 3297 455 accipiam,
3329 392 3379 442 et
3407 403 3607 443 nomen

327 467 621 539 intelligit,
640 473 697 522 et
721 471 987 538 quartum
1016 466 1165 537 quod
1195 482 1308 521 non
1336 468 1621 538 cognoscit
1650 489 1662 525 :
1695 471 1930 541 vestigia

327 558 594 613 videlicet
619 556 842 628 aquila,
874 555 1022 609 viam
1051 556 1348 627 serpentis,
1381 562 1440 611 et
1466 558 1698 613 semitas
1731 559 1922 627 maris,

325 652 388 702 et
414 646 565 701 viam
590 646 696 701 viri
723 644 782 701 in
807 644 1226 700 adolescentula
1256 646 1431 716 (Prov.
1450 650 1602 716 xxx).
1628 648 1697 703 Et
1715 649 1921 725 David:

320 738 562 803 Delicta,
576 735 786 807 inquit,
811 736 1121 803 iuventutis
1152 749 1279 788 mea:
1301 735 1463 800 (Psal.
1493 738 1665 806 xxrv).
1700 738 1928 794 Iuvenis

326 824 609 881 enimnon
626 824 807 880 solum
823 822 1132 895 fragilitate
1152 822 1380 879 lubrica
1396 824 1577 879 atatis
1591 825 1924 897 prolabitur,

323 930 524 970 verum
537 913 858 985 ignorantia
871 912 1182 968 caelestium
1194 913 1586 969 mandatorum
1595 915 1925 988 plerumque

320 1003 622 1076 delinquit.
646 1004 716 1059 Et
746 1002 870 1075 quis
898 1008 983 1058 est
998 1002 1095 1075 qui
1109 1004 1260 1058 levat
1277 1004 1476 1075 jugum
1497 1020 1668 1076 grave
1688 1021 1858 1076 super
1868 1023 1929 1061 se

317 1109 358 1148 a
376 1094 679 1165 juventute
708 1109 830 1157 sua,
863 1092 975 1148 nisi
1005 1092 1099 1164 qui
1129 1092 1391 1148 omnibus
1421 1093 1608 1149 saculi
1639 1096 1929 1152 renuntiat

318 1181 564 1252 deliciis,
609 1182 887 1238 luxuriam
937 1182 1100 1253 fugit,
1142 1187 1201 1236 et
1241 1182 1630 1238 molestiarum
1668 1184 1921 1240 omnium

318 1267 716 1339 aquanimiter
739 1267 852 1323 fert
871 1268 1181 1323 tumultus?
1203 1269 1382 1339 Super
1400 1286 1460 1323 se
1485 1269 1713 1340 quidem
1735 1271 1921 1327 levare

313 1356 527 1412 dicitur
547 1357 748 1427 jugum
776 1373 947 1427 grave
978 1373 989 1409 :
1025 1356 1158 1428 quia
1186 1357 1291 1412 nisi
1318 1357 1505 1428 gratia
1537 1358 1639 1414 Dei
1668 1360 1914 1431 adjutus,

315 1446 628 1501 secundum
648 1463 711 1500 se
748 1438 895 1501 teri'e
921 1462 1034 1500 non
1064 1446 1287 1517 poterit.
1320 1447 1530 1502 Idcirco
1560 1453 1710 1503 recte
1750 1465 1920 1521 super

2010 470 2242 524 Domini
2268 471 2528 527 invocabo
2547 472 2717 535 (PsaI.
2751 472 2890 541 cxv).
2918 471 3185 545 Alioquin
3215 476 3493 546 quomodo
3517 477 3607 547 ju-

2007 574 2143 629 gum
2174 558 2513 630 captivitatis
2544 558 2613 612 de
2651 574 2754 612 sua
2782 559 3029 631 deponat
3049 562 3260 617 cervice
3285 580 3474 634 grave,
3497 564 3607 619 nisi

2010 662 2136 701 cum
2159 663 2217 701 se
2243 646 2557 702 subdiderit
2575 648 2716 718 jugo
2746 648 2952 703 Christi
2978 650 3087 704 levi
3112 651 3136 704 'l
3187 652 3256 706 Et
3283 654 3602 719 satiabitur,
3696 674 3699 675 ν

2010 735 2213 807 inquit,
2245 738 2552 805 opprobriis
2582 756 2597 791 :
2627 753 2737 791 non
2771 736 2931 803 dixit,
2952 738 3163 794 subibit
3183 740 3604 813 Opprobria,sed

2008 823 2312 879 satiabitur
2347 844 2358 878 :
2386 825 2520 895 quia
2547 823 2711 879 facile
2742 830 2828 880 est
2854 843 3026 881 unam
3054 834 3154 883 aut
3176 830 3412 885 alteram
3440 830 3606 886 susti-

2008 929 2143 968 nere
2170 913 2590 969 contumeliam.
2619 914 2779 969 Unde
2806 915 3041 984 addidit,
3091 921 3395 973 satiabitur
3417 936 3607 990 oppro-

2012 1004 2169 1069 briis,
2202 1002 2466 1075 quoniam
2492 1002 2710 1057 facilius
2757 1004 2980 1059 Domini
3009 1012 3258 1061 moveret
3284 1008 3603 1063 misericor-

2009 1091 2156 1146 diam
2182 1091 2808 1164 opprobriorum,quam
2838 1093 3082 1164 plurium
3113 1095 3469 1151 deformitate
3498 1080 3607 1151 mi-

2003 1179 2279 1242 serabilis,
2327 1178 2423 1233 ubi
2473 1178 2787 1233 ostenditur
2817 1180 3051 1235 aviditas
3107 1182 3512 1237 desideriorum
3553 1189 3610 1238 et

2000 1268 2231 1324 libertas
2257 1267 2475 1339 gratia,
2526 1284 2654 1322 cum
2684 1267 2928 1323 dicitur:
2965 1271 3123 1324 Dabit
3164 1275 3506 1340 percutienti
3554 1289 3607 1325 se

1999 1361 2314 1424 maxillam,
2356 1362 2406 1411 et
2428 1358 2730 1411 satiabitur
2757 1359 3083 1426 opprobriis,
3115 1360 3380 1430 quoniam
3410 1360 3593 1415 omnis

2000 1447 2268 1501 saturitas
2294 1462 2361 1501 ex
2389 1445 2655 1499 aviditate
2696 1446 2954 1499 sumendi
2985 1447 3249 1502 nascitur.
3312 1450 3440 1504 Ideo
3480 1466 3598 1505 ma-

310 1549 376 1587 se
403 1532 602 1588 tulisse
643 1534 849 1588 dicitur
878 1551 891 1587 :
938 1534 1205 1605 quoniam
1236 1534 1385 1588 ultra
1422 1535 1569 1590 vires
1612 1543 1698 1591 est
1723 1553 1917 1593 corru-
1996 1551 2111 1606 gna
2134 1535 2320 1607 gratia
2339 1534 2787 1598 commendatur,
2801 1550 2925 1588 cum
2944 1535 3168 1602 dicitur,
3184 1539 3486 1591 satiabitur
3507 1556 3595 1609 op-

307 1627 424 1696 pta
449 1623 967 1695 natura,quidquid
991 1624 1060 1678 de
1089 1624 1520 1693 ecclesiastibus,
1542 1632 1642 1682 aut
1665 1628 1735 1682 ad
1765 1628 1917 1683 novi-
1990 1627 2258 1693 probriis,
2277 1623 2441 1679 sicuti
2471 1629 2528 1678 et
2555 1623 2731 1677 David
2755 1623 2977 1695 fugiens
2992 1624 3258 1692 Absalon,
3282 1626 3596 1682 satiabatur

305 1716 488 1768 tatem
532 1713 655 1767 vita
700 1713 1031 1783 imperatur.
1088 1713 1355 1783 Sequitur
1398 1714 1499 1768 Ion
1532 1714 1740 1782 littera,
1790 1713 2312 1797 quaBopprobriis
2351 1712 2557 1778 Semei,
2591 1717 2650 1767 et
2677 1713 2960 1769 convictus
2990 1713 3362 1769 maledicebat
3406 1715 3477 1777 ei,
3518 1715 3595 1771 vi-

305 1800 454 1856 forte
486 1805 854 1871 principium,
887 1807 986 1857 aut
1013 1803 1287 1869 desolatio,
1323 1801 1749 1874 interpretatur.
1798 1804 1912 1860 Sub
1993 1818 2120 1857 rum
2145 1802 2572 1873 sanguinarium
2600 1817 2731 1855 eum
2760 1802 3071 1873 appellans.
3094 1803 3219 1873 Ipse
3246 1819 3397 1870 vero,
3413 1804 3594 1875 magis

307 1907 425 1963 qua
446 1891 736 1963 plangitur
755 1908 855 1962 pro
883 1890 1001 1946 viro
1030 1907 1203 1961 supra
1233 1891 1542 1962 pramisso,
1569 1892 1717 1964 quod
1743 1899 1914 1965 ponet
1995 1890 2225 1945 humilis
2245 1907 2436 1945 coram
2459 1890 2575 1944 Deo
2592 1890 2785 1944 volens
2804 1890 3001 1955 videri,
3028 1895 3093 1944 ut
3117 1891 3404 1962 mitigaret
3423 1893 3594 1948 offen-

306 1979 369 2035 in
399 1980 630 2051 pulvere
659 1997 721 2035 os
750 1997 936 2046 suum,
955 1980 1003 2034 si
1016 1980 1158 2034 forte
1173 1980 1248 2034 sit
1275 1981 1546 2051 spes.Vel
1566 1981 1912 2053 etiamjuxta
1992 1996 2115 2034 sam
2165 1979 2389 2035 Domini
2416 1994 2427 2028 :
2486 1994 2611 2033 cum
2659 1977 2851 2032 Abisai
2898 1978 3178 2034 vindicare
3211 1996 3341 2035 eum
3377 1980 3541 2036 vellet
3573 1998 3587 2035 :

304 2069 478 2123 aliam
502 2069 1052 2141 interpretationem,
1081 2071 1237 2123 Dabit
1251 2073 1614 2139 insepultum
1630 2073 1910 2139 fossuram

305 2174 364 2212 os
387 2174 574 2224 suum,
599 2164 648 2213 et
674 2164 860 2213 tamen
888 2163 962 2213 est
989 2175 1105 2227 spes
1124 2160 1503 2227 patientiam
1526 2159 1729 2231 quibus
1746 2161 1906 2217 valde

306 2246 523 2302 discors
556 2248 641 2302 vel
668 2248 896 2302 dissona
923 2247 1143 2302 videtur
1172 2246 1583 2319 interpretatio,
1607 2265 1717 2320 quo
1738 2250 1904 2305 modo

305 2335 646 2407 principium
675 2336 768 2401 sit,
796 2336 945 2407 quod
966 2341 1136 2407 ponet
1156 2335 1212 2390 in
1242 2337 1472 2407 pulvere
1502 2354 1564 2391 os
1585 2354 1751 2393 suum
1779 2356 1905 2410 pro-

302 2429 436 2496 pter
486 2442 681 2496 spem;
728 2425 815 2479 vel
871 2425 1052 2496 qualis
1094 2441 1216 2479 esse
1245 2431 1429 2495 potest
1470 2426 1761 2494 desolatio,
1795 2427 1902 2483 nisi

304 2511 436 2581 quia
468 2528 618 2567 nunc
635 2512 926 2568 moraliter
944 2530 1117 2583 agens
1136 2518 1263 2584 post
1283 2514 1639 2570 miseriarum
1669 2532 1902 2572 suarum

300 2601 598 2672 supplicia,
644 2606 770 2673 post
806 2602 959 2657 diras
985 2608 1399 2658 tormentorum
1440 2604 1751 2675 angustias,
1791 2606 1901 2661 ﬁde

303 2689 412 2744 sibi
442 2690 684 2757 reddita,
715 2691 1053 2763 principium
1081 2697 1167 2747 est
1215 2698 1420 2747 nostra
1452 2692 1813 2764 professionis
1841 2696 1901 2751 in

298 2779 532 2851 pulvere
560 2796 622 2835 os
645 2797 873 2851 ponere,
899 2787 958 2835 et
976 2782 1276 2836 momentis
1305 2782 1542 2852 singulis
1570 2784 1719 2855 quod
1738 2784 1896 2853 cinis,

304 2868 456 2938 quod
488 2870 670 2940 pulvis
684 2887 880 2925 sumus
903 2872 1170 2942 cogitare,
1200 2888 1265 2926 ex
1287 2889 1397 2943 quo
1416 2889 1613 2928 rursus
1641 2891 1768 2946 spes
1799 2892 1900 2930 no-

296 2954 387 3011 bis
418 2959 791 3027 germinetur,
827 2976 891 3014 ac
918 2960 1187 3015 dilatetur
1215 2961 1478 3016 charitas.
1502 2963 1793 3018 Interdum
1823 2969 1903 3019 ta-

1993 2069 2138 2137 Quid
2189 2070 2353 2134 mihi,
2388 2067 2591 2139 inquit,
2624 2073 2673 2121 et
2711 2069 2859 2121 vobis
2905 2073 3000 2133 est,
3032 2070 3144 2136 filii
3171 2069 3382 2125 Sarvise
3412 2075 3436 2123 ?
3464 2070 3588 2124 Ideo

1991 2160 2279 2215 maledixit
2308 2160 2752 2228 mihi,quoniam
2774 2159 3045 2212 Dominus
3056 2161 3229 2228 jussit
3248 2161 3411 2214 illiut
3421 2162 3588 2215 male-

1986 2250 2152 2314 dicat,
2169 2251 2219 2301 si
2239 2263 2345 2317 quo
2366 2249 2523 2301 modo
2544 2248 2723 2301 videat
2746 2247 3124 2301 humilitatem
3152 2254 3405 2315 meam,et
3421 2252 3588 2303 retri-

1987 2338 2118 2390 buat
2169 2337 2313 2391 mihi
2357 2338 2497 2390 bona
2531 2351 2633 2404 pro
2677 2337 2978 2390 maledicto.
3007 2338 3081 2405 (II
3106 2339 3230 2405 Reg.
3262 2340 3392 2403 xvr).
3438 2339 3584 2393 Nam

1984 2425 2110 2480 ideo
2134 2425 2310 2479 voluit
2337 2423 2636 2497 opprobrio
2665 2423 2881 2490 satiari,
2906 2425 3173 2495 quoniam
3200 2442 3327 2480 cum
3348 2425 3584 2498 impleta

1982 2514 2155 2568 fuerit
2181 2514 2489 2581 humilitas,
2521 2518 2815 2584 peccatum
2835 2514 3090 2579 solvitur,
3115 2514 3280 2569 sicuti
3310 2515 3485 2571 Isaias
3503 2516 3587 2571 in-

1984 2603 2176 2658 sinuat
2203 2603 2393 2657 dicens
2424 2618 2436 2652 :
2470 2604 2814 2672 Loquimini,
2855 2602 2955 2669 ait,
3011 2604 3086 2657 ad
3124 2620 3217 2658 cor
3251 2606 3579 2671 Jerusalem,

1995 2698 2032 2758 |
2047 2696 2236 2759 444
2255 2697 2303 2746 et
2315 2693 2617 2747 consolami
2620 2693 2683 2745 ni
2691 2707 2812 2745 eam
2815 2731 2834 2758 ,
2842 2694 2974 2760 quia
2985 2693 3250 2761 completa
3267 2698 3343 2747 est
3356 2696 3583 2748 malitia

1983 2784 2099 2850 ejus
2125 2782 2255 2849 (lsa.
2282 2787 2397 2850 xc).
2438 2780 2508 2834 Et.
2535 2784 2597 2834 ut
2629 2779 2724 2834 alii
2750 2780 2966 2834 codices
2989 2779 3238 2836 habent:
3271 2780 3582 2837 Humiliato

1984 2869 2228 2924 solutum
2263 2874 2349 2924 est
2374 2874 2663 2940 peccatum
2709 2870 2852 2940 ejus,
2902 2868 3134 2925 dimissa
3177 2875 3267 2925 est
3310 2870 3579 2941 iniquitas

1984 2959 2137 3014 illius
2172 2978 2183 3011 :
2216 2959 2351 3030 quia
2378 2958 2624 3029 suscepit
2658 2957 2904 3029 duplicia
2931 2958 3001 3013 de
3031 2975 3201 3013 manu
3224 2958 3449 3013 Domini
3476 2974 3577 3031 pro

298 3061 431 3100 men
460 3046 670 3102 bonum
701 3048 1035 3121 principium
1068 3055 1151 3104 est
1180 3055 1402 3104 nosmet
1430 3052 1675 3122 primum
1704 3069 1906 3124 cogno-
1924 3055 1966 3114 Ο
1988 3046 2249 3103 omnibus
2274 3046 2517 3119 peccatis
2535 3046 2673 3101 suis.
2690 3046 2843 3100 Felix
2867 3046 3043 3117 igitur
3060 3047 3331 3102 desolatio
3352 3046 3456 3102 sub
3473 3047 3580 3102 hac

299 3150 478 3202 scere,
528 3136 716 3192 omnia
746 3154 846 3208 pro
886 3138 1125 3192 Domino
1163 3139 1404 3193 tolerare
1438 3161 1447 3189 .-
1479 3140 1611 3195 licet
1636 3141 1754 3196 hac
1779 3159 1900 3197 om-

298 3223 400 3278 nia
420 3226 682 3297 superius
711 3226 782 3280 de
809 3227 1050 3281 Domino
1071 3226 1220 3281 dicta
1251 3228 1666 3299 intelligantur:
1698 3230 1899 3301 quiaet

1982 3137 2173 3191 littera
2202 3140 2576 3202 monstratur,
2603 3136 2737 3207 quia
2772 3134 2869 3189 ubi
2895 3136 3186 3201 desolatio,
3218 3135 3295 3190 ibi
3325 3135 3580 3207 sequitur

1981 3226 2273 3281 humilitas
2307 3248 2318 3280 :
2352 3230 2410 3279 et
2433 3229 2586 3279 recto
2624 3224 2821 3279 ordine
2850 3224 3230 3279 humilitatem
3253 3224 3527 3296 patientia
3558 3243 3570 3279 :

292 3312 344 3367 si
374 3315 771 3386 compatimur,
802 3320 858 3370 et
888 3314 1376 3386 conreguabimus.
1409 3318 1568 3372 Unde
1596 3299 1766 3385 dabit,
1797 3320 1894 3375 in-
1976 3299 2306 3386 patientiam
2331 3318 2520 3368 autem
2542 3311 2799 3385 probatio
2823 3330 2835 3365 :
2864 3312 3251 3383 probationem
3274 3330 3403 3368 vero
3424 3324 3570 3386 spes;

292 3404 437 3473 quit,
454 3408 787 3473 percutienti
800 3406 1544 3473 semamillam,saturabitur
1563 3409 1886 3476 opprobriis.
1974 3403 2133 3468 Quod
2154 3402 2325 3457 habes
2341 3407 2397 3457 et
2426 3402 2483 3456 in
2514 3401 2813 3473 Apostolo:
2843 3401 2971 3470 Spes
2993 3407 3182 3456 autem
3208 3418 3321 3456 non
3339 3405 3574 3471 confun-

292 3493 370 3549 Et
396 3492 671 3549 Dominus
700 3493 758 3548 in
798 3498 1041 3561 I443
1068 3494 1365 3563 Evangelio
1396 3495 1600 3549 docens
1627 3495 1888 3550 virtutem
1970 3493 2051 3545 dit
2084 3507 2100 3542 :
2131 3494 2265 3560 quia
2294 3491 2539 3544 charitas
2554 3491 2655 3543 Dei
2674 3490 2879 3556 diffusa
2905 3493 2979 3542 est
3002 3492 3065 3543 in
3091 3490 3347 3544 cordibus
3367 3493 3572 3545 nostris

292 3581 586 3654 patientia
610 3581 722 3636 ait:
748 3584 854 3649 Qui
882 3587 929 3636 te
953 3586 1284 3651 percusserit
1308 3584 1368 3634 in
1394 3584 1888 3652 maxillam,prabe
1964 3595 2066 3648 per
2090 3579 2366 3649 Spiritum
2396 3580 2779 3646 sanctum,qui
2793 3579 2983 3646 utique
3008 3582 3335 3631 nostrorum
3354 3583 3432 3631 est
3446 3595 3571 3632 con-

288 3674 342 3726 ei
368 3677 418 3725 et
447 3673 686 3725 alteram
717 3672 862 3743 (Luc.
881 3674 971 3740 γι).
994 3671 1129 3725 Vult
1157 3670 1308 3725 enim
1338 3687 1438 3725 nos
1467 3676 1523 3725 et
1550 3671 1886 3742 injuriarum

288 3776 413 3815 esse
455 3758 753 3831 patientes,
799 3776 901 3815 nec
928 3760 1159 3815 referire
1186 3760 1367 3824 facile,
1401 3760 1498 3814 sed
1536 3760 1773 3815 necdum
1814 3762 1889 3817 fo-

286 3849 423 3903 rire.
460 3847 741 3903 Patientia
785 3849 933 3903 enim
982 3849 1318 3904 humilitatis
1363 3849 1634 3903 indicium
1678 3855 1780 3905 est.
1817 3851 1887 3905 Et

284 3938 415 3993 ideo
437 3936 706 4009 quoniam
737 3938 1006 4004 desolata,
1038 3955 1103 3992 ac
1130 3938 1423 4006 destituta,
1452 3943 1574 3992 erat
1601 3938 1698 3993 illa
1726 3940 1885 3993 Jeru-

283 4028 493 4093 salem,
517 4028 699 4093 Dabit,
730 4026 931 4097 inquit,
938 4031 1276 4096 percutienti
1299 4045 1352 4083 se
1378 4031 1669 4083 maxillam
1698 4044 1877 4084 suam.

284 4116 397 4170 Sed
450 4114 653 4170 melius
682 4115 752 4168 de
782 4115 1003 4170 Christo
1032 4121 1090 4169 et
1117 4115 1378 4181 Ecclesia,
1430 4116 1484 4169 id
1524 4121 1611 4170 est
1651 4116 1720 4170 de
1761 4122 1880 4172 toto

280 4220 521 4276 corpore
544 4220 646 4258 suo
666 4203 973 4274 accipitur:
1010 4204 1099 4258 cui
1130 4204 1307 4259 bonus
1338 4210 1423 4259 est
1452 4205 1722 4260 Dominus
1752 4223 1879 4277 Spe.-

278 4292 455 4357 ranti,
472 4298 530 4347 et
556 4292 644 4347 cui
665 4292 874 4347 bonum
903 4297 990 4346 est
1008 4293 1320 4363 prastolari
1338 4310 1465 4347 cum
1486 4293 1709 4347 silentio
1724 4294 1878 4348 salu-

1968 3671 2175 3722 solator
2193 3670 2489 3735 affectuum
2519 3665 2695 3737 (Rom.
2730 3666 2805 3732 v).
2838 3664 3052 3719 Idcirco
3082 3664 3293 3720 bonum
3333 3671 3420 3719 est
3447 3666 3564 3719 viro

1967 3772 2099 3811 cum
2128 3755 2323 3811 tulerit
2342 3756 2565 3826 jugum,
2594 3758 2657 3808 ut
2682 3753 2876 3808 sedeat
2895 3753 3198 3818 solitarius,
3224 3758 3324 3808 aut
3341 3752 3566 3808 certein

1967 3861 2065 3916 spe
2096 3844 2459 3916 singulariter
2483 3842 2821 3898 constitutus
2853 3864 2865 3899 :
2909 3841 3043 3912 quia
3080 3842 3248 3904 Deus,
3281 3846 3346 3896 ut
3382 3840 3559 3906 aiunt,

1965 3949 2188 4004 semper
2214 3932 2416 4004 impari
2443 3930 2653 4003 gaudet
2676 3945 2930 3985 numero.
2961 3929 3122 3984 Unde
3147 3944 3358 4000 egenus
3386 3928 3479 3985 ille
3506 3934 3563 3984 et

1964 4038 2179 4093 pauper
2201 4021 2259 4076 in
2285 4020 2525 4076 Psalmis
2548 4035 2781 4090 gemens
2805 4034 2870 4073 ac
2898 4019 3095 4089 lugens
3128 4036 3139 4070 :
3185 4019 3437 4087 Vigila-vi,
3469 4018 3559 4072 in-

1963 4111 2104 4182 quit.
2142 4117 2189 4164 et
2218 4112 2404 4180 factus
2427 4125 2554 4162 sum
2584 4111 2729 4162 sicut
2761 4123 2952 4177 passer
2986 4109 3277 4162 solitarius
3316 4109 3380 4161 in
3428 4113 3559 4162 tecto

1962 4202 2131 4269 (Psal.
2155 4204 2250 4269 οι).
2274 4198 2435 4264 Quod
2454 4203 2645 4252 autem
2666 4197 2749 4252 ait
2777 4197 2863 4268 (ut
2880 4213 3053 4268 supra
3071 4195 3185 4250 dixi
3200 4196 3365 4266 juxta
3389 4196 3561 4250 aliam

1960 4286 2686 4361 interpretationem),dabit
2698 4286 2758 4340 in
2785 4286 3076 4357 sepultura
3097 4301 3159 4339 os
3186 4301 3352 4339 suum
3383 4284 3469 4339 vel
3500 4284 3560 4339 in

278 4387 405 4437 tare
440 4380 561 4447 Dei,
593 4379 683 4435 cui
718 4380 888 4435 etiam
922 4380 1130 4436 bonum
1159 4381 1293 4435 dare
1318 4381 1653 4452 percutienti
1687 4382 1876 4436 maxil—
1895 4367 1942 4426 D
1961 4378 2235 4432 fossuram
2264 4396 2276 4431 :
2310 4376 2557 4452 ostendit
2585 4376 2657 4431 ad
2687 4374 2917 4430 modum
2945 4374 3241 4446 quemdam
3274 4374 3556 4445 patientia

279 4470 395 4524 lam
414 4485 599 4535 suam,
626 4474 692 4524 ut
717 4485 830 4524 non
859 4486 919 4524 se
947 4468 1223 4523 subducat
1251 4469 1490 4540 injuria,
1512 4485 1614 4523 nec
1641 4469 1882 4525 declinet

276 4558 448 4613 cadis
475 4558 746 4624 dolorem,
765 4558 863 4613 sed
883 4558 1217 4630 percutienti
1248 4557 1879 4612 maxillam~otTerat.Ni-

276 4649 487 4704 mirum
517 4656 814 4720 postquam
835 4648 1068 4714 audivit,
1090 4648 1254 4719 longe
1270 4652 1443 4715 retro,
1455 4647 1573 4713 duc
1594 4652 1670 4713 te,
1689 4664 1877 4703 mora-

274 4737 406 4792 liter
430 4738 796 4809 Evangelium
824 4737 1106 4803 describit,
1126 4742 1183 4790 et
1217 4736 1342 4791 ideo
1372 4736 1478 4791 ait:
1510 4738 1671 4790 Dabit
1685 4752 1877 4806 percu-

272 4830 440 4899 tienti
464 4845 517 4882 se
546 4828 870 4891 maxillam,
902 4832 964 4881 ut
982 4826 1279 4897 intelligas,
1305 4826 1352 4879 si
1372 4831 1664 4896 percutere
1693 4826 1875 4881 volue-

268 4917 348 4971 rit
374 4916 492 4971 sive
521 4917 619 4988 qui
643 4918 764 4988 jam
788 4916 1127 4988 percusserit
1154 4916 1475 4970 ultroneum
1496 4931 1698 4985 corpus
1712 4915 1875 4970 Chri-

265 5006 361 5073 sti,
389 5023 451 5059 se
481 5006 683 5060 offerre
712 5004 914 5060 debere
943 5022 1043 5077 pro
1065 5004 1327 5059 omnibus
1358 5021 1479 5075 qua
1509 5003 1694 5074 gratia
1718 5004 1872 5058 Chri-

264 5094 341 5149 sti
360 5094 605 5149 contulit
630 5093 791 5148 nobis
814 5111 825 5146 :
856 5099 920 5149 ut
938 5095 1012 5148 sit
1028 5094 1297 5148 indicium
1319 5092 1526 5147 Christi
1567 5092 1867 5147 Ecclesiam

262 5199 381 5239 non
414 5183 583 5238 aliter
609 5183 934 5238 salvandam
947 5200 1068 5238 esse
1090 5200 1258 5255 quam
1284 5199 1384 5254 per
1405 5181 1691 5251 Evangelii
1710 5182 1870 5236 disci-

262 5272 504 5345 plinam,
538 5279 595 5327 et
621 5278 756 5327 tunc
776 5271 984 5328 bonum
1015 5272 1348 5344 principium
1378 5270 1429 5325 ei
1458 5270 1867 5341 incipere,cum

264 5361 503 5433 caperit
557 5362 844 5432 Evangelii
899 5368 1176 5433 pracepta
1217 5377 1462 5422 servare,
1513 5365 1571 5413 et
1604 5358 1867 5430 operibus

262 5451 540 5507 mandata
568 5451 792 5506 Domini
819 5451 1053 5523 implere
1086 5469 1097 5503 :
1128 5453 1209 5506 Ac
1236 5452 1284 5506 si
1312 5467 1441 5506 cum
1469 5449 1751 5521 PrOpheta
1780 5448 1865 5504 di-

261 5547 429 5598 catur
460 5560 473 5595 :
502 5542 651 5611 Quid
677 5543 986 5597 retribuam
1007 5542 1364 5612 Domino,pro
1379 5542 1635 5595 omnibus
1648 5557 1771 5611 quae
1788 5556 1867 5595 re-

1963 4467 2428 4533 taciturnitatem,
2461 4471 2526 4521 ut
2542 4450 2823 4536 tanquam
2853 4463 3107 4534 sepultus
3133 4478 3246 4517 non
3271 4463 3552 4533 loquatur,

1964 4557 2076 4610 imo
2108 4556 2351 4628 quodam
2381 4556 2654 4610 virtutum
2701 4569 2907 4623 aggere
2935 4551 3190 4606 obstruat
3242 4567 3453 4618 vocem,
3485 4567 3556 4605 ne

1961 4644 2170 4698 doloris
2215 4644 2481 4698 admittat
2520 4640 2952 4713 querimoniam,
2977 4644 3311 4709 tantumque
3339 4638 3558 4710 pondus

1961 4750 2217 4788 asserens
2274 4730 2559 4804 patientia
2607 4746 2777 4800 quam
2822 4744 2950 4799 spes
2993 4727 3194 4794 foveat,
3253 4731 3319 4781 ut
3362 4744 3553 4783 vocem

1959 4822 2137 4894 ipsam
2166 4822 2251 4877 vel
2282 4821 2526 4893 quodam
2569 4818 2733 4873 busto
2775 4834 2840 4871 ac
2869 4816 3089 4871 tumulo
3119 4816 3355 4888 sepeliat
3383 4822 3554 4888 atque

1956 4912 2223 4976 includat,
2250 4927 2419 4982 quam
2447 4909 2605 4964 nulla
2633 4912 2986 4978 extorquere,
3019 4906 3285 4978 nullaque
3310 4906 3552 4961 excitare

1954 5000 2131 5072 possit
2157 4998 2553 5070 injuria.Quod
2583 4996 2855 5052 Dominus
2882 4994 3025 5049 bene
3045 4995 3115 5049 de
3127 5011 3185 5049 se
3202 4996 3262 5049 in
3288 4995 3549 5066 passione

1952 5106 2057 5144 sua
2108 5088 2426 5160 exemplum
2481 5084 2736 5158 praebuit,
2774 5085 2869 5157 qui
2915 5084 3061 5139 sicut
3105 5083 3378 5156 propheta
3422 5084 3546 5137 ait:

1959 5180 2131 5247 Quasi
2150 5182 2263 5233 oris
2284 5179 2359 5231 ad
2387 5178 2707 5231 occisionem
2735 5175 2954 5243 ductus,
2999 5179 3047 5227 et
3071 5176 3233 5243 quasi
3258 5186 3437 5239 agnus
3461 5187 3550 5225 co-

1957 5284 2083 5321 ram
2115 5267 2367 5321 tondentc
2385 5282 2459 5331 se,
2494 5267 2572 5318 sic
2603 5280 2714 5319 non
2738 5266 2960 5333 aperuit
2987 5278 3041 5316 os
3066 5276 3229 5315 suum
3262 5260 3546 5329 (Isa.xm).

1949 5356 2159 5410 Videat
2181 5355 2428 5426 prudens
2457 5354 2648 5419 lector,
2683 5352 2766 5406 vir
2800 5351 2905 5406 iste
2942 5349 3134 5403 videns
3157 5352 3547 5419 paupertatem

1949 5461 2110 5500 suam
2133 5449 2262 5517 post
2282 5443 2659 5514 flagella.post
2669 5440 3219 5509 contritionem,post
3231 5437 3543 5507 angustias,

1950 5540 2076 5611 post
2154 5532 2621 5607 querelarumquc
2676 5545 2853 5598 voces,
2921 5525 3211 5582 moraliter
3270 5530 3543 5598 quantum
