3960 6168
494 244 667 341 “im

1294 280 1352 337 s.
1393 274 1771 338 PASCHASII
1810 272 2172 336 RADBERTI
2198 262 2514 335 ἈΒΒΑἸἸΒ
2550 266 3041 334 CORBEIENSIS.

3612 279 3730 337 H72

525 386 847 481 profecerit,
867 410 925 463 et
943 406 1023 463 sic
1046 404 1307 479 deinceps
1326 404 1398 461 ad
1422 404 1576 478 Caph
1603 404 1855 460 litteram
1892 405 2123 460 edoctus
2137 407 2188 465 A
2207 407 2306 471 mi,
2340 408 2402 458 ut
2426 407 2756 473 perverteret
2783 403 3061 457 hominem
3090 404 3157 457 in
3168 402 3375 472 iudicio
3396 405 3732 469 suo,Dominus

524 496 719 551 veniat
730 541 743 554 .

572 585 585 597 ‘
604 584 761 658 Caph
792 584 999 658 quippe
1026 599 1247 649 manus,
1275 581 1360 636 vel
1389 582 1580 649 etiam,
1616 582 1925 639 secundum
1955 583 2123 638 aliam

532 668 1076 747 interpretationem.
1109 676 1370 727 curvatus
1413 671 1841 743 interpretatur,
1870 689 1936 727 eo
1976 672 2125 744 quod

532 779 727 818 omnes
745 761 839 833 qui
862 765 1011 815 recte
1029 759 1299 825 sentiunt,
1314 758 1418 814 sub
1447 775 1619 815 manu
1638 760 1864 815 Domini
1884 778 2123 816 curvan-

530 855 644 907 tur.
661 851 861 905 Manus
890 859 1077 903 autem
1110 864 1279 921 super
1308 864 1503 903 omnes
1535 855 1639 914 est,
1671 855 1736 904 ut
1772 855 1871 905 aut
1901 852 2119 922 puniat,

528 943 629 992 aut
643 941 791 991 certe
820 936 1080 1011 corrigat.
1099 936 1169 991 Et
1196 935 1321 991 ideo
1352 942 1416 992 ut
1434 936 1607 992 tantis
1628 937 1957 994 humiliatus
1973 957 2125 1011 pres-

498 1018 696 1091 suris,
730 1028 788 1078 et
815 1016 1102 1079 correctus
1140 1023 1467 1097 disciplinis,
1509 1024 1780 1081 cervicem
1817 1026 1921 1081 sub
1950 1044 2124 1083 manu

524 1111 752 1167 Domini
787 1128 1019 1167 curvare
1046 1112 1277 1184 gaudet,
1310 1111 1447 1168 dum
1487 1113 1819 1170 humiliatur
1845 1115 1915 1169 ad
1943 1115 2124 1188 poeni-

525 1200 780 1269 tentiam,
807 1206 864 1257 et
893 1202 1201 1256 secundum
1246 1201 1575 1258 interiorem
1604 1203 1910 1272 hominem,
1944 1206 2121 1261 cervi-

524 1306 645 1346 cem
674 1290 858 1345 cordis
897 1307 963 1345 ac
990 1290 1198 1346 mentis
1227 1291 1401 1347 ﬂectit
1425 1289 1833 1361 adDominum,
1851 1310 2009 1365 spem
2026 1295 2124 1349 ha-

523 1376 661 1435 bens
691 1380 842 1452 quod
869 1397 983 1435 non
1012 1380 1237 1453 repellit
1257 1380 1317 1436 in
1345 1381 1751 1454 sempiternum
1775 1383 2067 1439 Dominus.

1246 1510 1410 1553 CAPH.

596 1612 740 1680 Quia
762 1614 815 1667 si
840 1613 1057 1682 abjecit,
1090 1617 1140 1667 et
1168 1616 1525 1670 miserebitur
1545 1617 1849 1672 secundum
1866 1621 2124 1672 muttitu-

520 1703 710 1757 dinem
737 1703 1260 1757 misericordiaan
1288 1719 1543 1759 suarum.
1567 1706 1691 1760 Non
1712 1709 1881 1774 enim,
1914 1706 2118 1780 inquit,

522 1788 850 1846 humiliavit
864 1807 928 1845 ea:
955 1792 1114 1846 corde
1133 1806 1250 1859 suo,
1270 1797 1320 1846 et
1340 1793 1534 1863 abjecit
1553 1795 1696 1862 ﬁlios
1717 1795 2123 1851 hominum.Si-

519 1878 749 1952 quidem
781 1879 904 1952 ipse
941 1895 1112 1935 sonus
1139 1896 1402 1937 versuum
1428 1881 1683 1937 insinuat
1710 1884 1846 1955 quid
1885 1884 1961 1940 sit
1993 1901 2121 1940 cur-

500 1967 638 2024 vari
657 1968 761 2025 sub
779 1969 995 2042 potenti
1007 1985 1181 2025 manu
1200 1969 1322 2037 Dei,
1345 1970 1626 2042 patienter
1638 1973 1851 2028 scilicet
1880 1979 1917 2040 Ι
1931 1978 2123 2041 446

521 2058 713 2114 omnia
723 2059 1003 2115 sustinere
1012 2075 1078 2114 eo
1098 2060 1248 2131 quod
1267 2075 1381 2115 non
1393 2061 1617 2132 repellit
1636 2063 1695 2117 in
1711 2063 2118 2135 sempiternum

519 2146 815 2202 Dominus.
837 2147 1291 2219 Quotiescunque
1320 2148 1405 2202 vir
1424 2149 1629 2219 jugum
1656 2150 1861 2218 ferens,
1890 2151 2123 2205 inclina-

519 2239 617 2289 tur
652 2234 726 2289 ad
768 2233 1011 2305 ﬂagella,
1051 2234 1123 2289 ad
1166 2235 1579 2307 paenitentiam,
1622 2238 1695 2293 ad
1723 2239 2116 2305 contumelias,

519 2324 593 2379 ad
622 2322 1109 2395 opprobria,quasi
1129 2325 1351 2380 curvari
1377 2325 1602 2381 videtur
1629 2327 1702 2381 ad
1721 2327 2116 2383 humilitatem.

526 2411 682 2467 Unde
723 2416 782 2465 et
826 2412 1104 2484 prapheta
1141 2412 1317 2468 David
1355 2413 1460 2469 sub
1497 2415 1602 2470 hac
1656 2416 1847 2471 littera
1885 2416 2072 2488 inquit
2103 2434 2115 2471 :

520 2502 696 2557 Paulo
716 2503 905 2556 minus
925 2508 1391 2558 consummarunt
1404 2506 1560 2560 mein
1585 2505 2116 2577 terra(Psat.cxvm),

524 2589 803 2661 abjectum
845 2606 906 2645 se
945 2591 1196 2646 sentiens
1234 2596 1293 2647 et
1328 2594 1642 2664 expositum
1679 2594 1751 2649 ad
1787 2596 2116 2650 certamina.

526 2679 689 2735 Unde
714 2680 988 2736 cervicem
1018 2680 1225 2736 mentis
1253 2682 1429 2737 ﬂectit
1468 2682 1540 2737 ad
1560 2684 1882 2751 Dominum,
1908 2684 1979 2739 de
2009 2700 2123 2755 qua

490 2798 495 2803 -
520 2768 770 2841 profecto
798 2769 1009 2825 cervice
1034 2770 1244 2826 dicitur
1264 2788 1275 2824 :
1310 2772 1437 2827 Non
1456 2772 1537 2827 sic
1557 2773 1748 2828 ﬂectas
1765 2776 1831 2827 ut
1847 2773 2119 2828 circulum

522 2856 729 2915 collum
757 2858 1065 2923 tuum.Qui
1093 2859 1244 2913 enim
1273 2876 1371 2914 cor
1398 2876 1563 2915 suum
1589 2876 1703 2915 non
1732 2860 1910 2915 ﬂectit
1932 2861 2003 2915 ad
2020 2862 2122 2917 hu-

522 2946 823 3003 militatem
853 2952 911 3002 et
940 2947 1407 3011 misericordiam,
1424 2949 1637 3003 frustra
1664 2949 1933 3004 cervicem
1960 2966 2121 3005 suam

492 3036 721 3092 "curvat
746 3035 992 3090 exterius
1011 3035 1084 3089 ad
1112 3036 1559 3107 supplicandum.
1582 3037 1819 3109 Propter
1837 3038 1986 3109 quod
2004 3039 2124 3109 jam

525 3124 618 3179 hic
644 3124 883 3180 satiatus
908 3123 1225 3195 opprobriis
1238 3124 1605 3195 singulariter
1620 3126 1681 3180 in
1709 3143 1809 3197 spe
1826 3126 2123 3184 subvectus

500 3224 505 3229 ‘
527 3208 769 3268 fidenter
785 3212 868 3267 ait
890 3230 902 3265 :
932 3214 1073 3280 Quia
1090 3216 1142 3267 si
1153 3214 1368 3283 abjecit,
1393 3218 1443 3268 et
1458 3216 1812 3270 miserebitur
1822 3218 2124 3272 secundum

528 3303 955 3357 multitudinem
968 3304 1483 3358 misericordiarum
1495 3305 1843 3360 suarum.Ad
1855 3306 1961 3361 hoc
1970 3306 2127 3380 quip-

494 3414 509 3419 -
527 3406 599 3463 pe
629 3389 833 3461 affligit
859 3389 1130 3446 Dominus
1141 3395 1198 3446 et
1222 3391 1475 3464 corripit,
1496 3398 1563 3448 ut
1586 3393 1943 3449 misereatur.
1963 3395 2125 3460 Quod

528 3479 672 3535 bene
701 3478 1040 3551 intelligens,
1074 3479 1159 3534 vir
1175 3480 1369 3536 videns
1387 3486 1778 3554 paupertatem
1799 3485 2128 3552 suam,fidu-

530 3568 750 3625 cialiter
771 3584 945 3640 agens
973 3569 1043 3624 de
1071 3569 1186 3625 Deo
1207 3587 1219 3622 :
1245 3571 1368 3626 Non
1388 3574 1559 3639 enim,
1582 3572 1784 3644 inquit,
1804 3574 2129 3629 humiliavit

531 3675 598 3714 ea:
622 3661 781 3714 corde
808 3675 923 3714 suo.
959 3654 1110 3714 Deus
1137 3664 1204 3714 ut
1227 3659 1467 3715 satietur
1488 3661 1668 3732 ptenis
1698 3662 1925 3728 nostris,
1962 3679 2131 3732 neque

529 3750 725 3818 abjecit
753 3750 895 3816 ﬁlios
918 3747 1242 3809 hominum;
1276 3750 1492 3803 mavult
1518 3766 1651 3820 ergo
1677 3755 1743 3805 ut
1768 3751 2133 3807 humiliemur

532 3842 591 3893 et
642 3852 940 3892 curvemur
981 3852 1170 3892 coram
1208 3854 1294 3903 eo,
1336 3842 1615 3910 quatenus
1661 3844 1721 3894 et
1768 3840 2127 3897 misereatur.

532 3927 842 3998 Propterea
883 3924 943 3980 in
989 3925 1375 3998 superioribus
1403 3928 1553 3983 idem
1579 3929 1854 4000 prepheta
1879 3929 1983 3985 sub
2026 3930 2132 3985 hac

532 4016 723 4072 littera
748 4015 1051 4071 ostendens
1063 4016 1311 4086 gemitus
1322 4015 1499 4088 plebis
1529 4020 1587 4072 et
1613 4017 1994 4074 humilitatem
2012 4019 2126 4075 ait:

538 4108 731 4163 Omnis
742 4105 985 4174 populus
1005 4106 1122 4173 eius
1136 4108 1548 4174 ingemiscentes
1563 4113 1860 4175 querentes
1884 4125 2083 4178 panem
2110 4130 2127 4165 :

535 4196 803 4249 dederunt
824 4188 1215 4248 desiderabilia
1231 4210 1334 4249 sua
1351 4198 1414 4250 in
1437 4212 1633 4261 escam,
1650 4202 1716 4250 ut
1731 4200 1986 4265 reﬁciant
2006 4204 2132 4255 ani-

540 4297 715 4336 mam.
759 4282 902 4348 Vide,
926 4282 1177 4348 Domine,
1206 4289 1255 4337 et
1278 4286 1455 4353 aspice
1486 4288 1658 4354 :quia
1682 4288 1831 4354 facta
1849 4302 1976 4342 sum
2006 4292 2136 4344 vitis

541 4371 769 4460 (Thren.
786 4372 828 4460 1)_
845 4367 933 4422 vel
946 4368 1069 4460 sine
1086 4370 1317 4426 honore.
1335 4371 1480 4460 Ergo
1504 4373 1600 4444 qui
1622 4374 1822 4429 animae
1838 4392 1955 4431 sua:
1978 4394 2130 4449 quie-
2150 4401 2199 4460 D

502 4488 507 4491 -
534 4459 612 4516 rit
640 4457 1022 4525 refectionem,
1048 4458 1178 4528 jure
1209 4458 1527 4516 humilitate
1553 4468 1836 4530 curvatur,
1865 4483 1976 4538 quo
2005 4484 2128 4539 pos-

536 4549 613 4605 sit
639 4548 806 4604 citius
858 4546 1152 4620 pervenire
1187 4548 1258 4603 ad
1301 4548 1525 4605 Domini
1568 4551 2030 4624 misericordiam,
2064 4574 2129 4613 ac

538 4638 750 4693 sentire
775 4637 835 4693 in
863 4636 1114 4692 bonitate
1142 4654 1154 4690 :
1195 4637 1338 4705 Quia
1373 4642 1425 4692 si
1451 4641 1647 4709 abjecit
1676 4647 1723 4695 et
1753 4646 2125 4701 miserebitur.

540 4727 784 4797 Ideoque
809 4732 1079 4798 tanquam
1110 4732 1374 4783 curvatus
1400 4729 1579 4784 multo
1598 4730 1841 4802 amplius
1861 4733 2053 4789 anima
2076 4741 2134 4791 et

542 4820 731 4869 mente
753 4831 920 4886 quam
950 4831 1183 4887 corpore
1218 4822 1399 4872 totum
1430 4834 1490 4873 se
1510 4819 1699 4874 ﬂectat
1717 4821 1789 4875 ad
1816 4821 2132 4877 multitudi-

540 4919 672 4958 nem
696 4903 1206 4960 misericordiarum
1241 4905 1363 4973 Dei,
1387 4908 1569 4963 sciens
1595 4910 1744 4981 quod
1765 4926 1878 4965 non
1908 4910 2128 4982 abjecit,

539 5007 725 5064 neque
738 4992 1058 5048 humiliavit
1086 5010 1151 5048 ex
1180 4995 1346 5050 corde
1360 5012 1462 5052 suo
1481 4997 1625 5054 ﬁlios
1648 4999 1940 5054 hominum
1957 5006 2023 5055 ut
2042 5019 2138 5074 pe-

541 5082 714 5139 rimat
737 5082 808 5136 ad
839 5082 1196 5154 supplicium,
1223 5084 1320 5139 sed
1350 5091 1415 5140 ut
1441 5087 1704 5143 emendet
1747 5092 1805 5143 et
1832 5088 2041 5145 relevet
2062 5092 2133 5147 ad

502 5188 507 5189 ί
537 5172 799 5228 salutem.
841 5172 1015 5243 Cujus
1045 5174 1292 5244 profecto
1321 5191 1518 5231 sensus
1545 5178 2000 5250 consequentiam
2031 5180 2133 5236 sub

538 5261 781 5317 Iamech
812 5261 1003 5317 littera
1017 5263 1393 5335 prosequitur.

1213 5384 1456 5428 LAMECH.

617 5477 678 5531 (lt
697 5482 994 5533 contereret
1009 5480 1108 5533 sub
1131 5481 1358 5547 pedibus
1377 5482 1494 5534 suis
1514 5497 1599 5534 om
1608 5496 1698 5534 nes
1724 5484 1929 5538 vinctos
1952 5489 2127 5550 terra,

498 5548 503 5557 ί
541 5569 605 5621 ut
617 5562 1204 5635 dectinaretjudicium
1220 5571 1333 5623 viri
1349 5572 1409 5625 in
1429 5568 1710 5641 Conspectu
1730 5548 2131 5630 vuttusAttissi;
2174 5574 2187 5579 ’

2205 492 2643 564 ignoraverit.Et
2653 496 2738 547 est
2758 496 3032 563 quantum
3050 490 3124 545 ad
3136 495 3383 551 nostram
3401 492 3731 566 exspectet[at.

2204 580 2906 655 lenitatisllamentationis
2930 580 3331 651 eloquentiam,
3359 580 3493 634 mira
3515 597 3736 635 versuum

2206 671 2555 743 compositio,
2598 686 2754 725 more
2791 670 2978 736 metri,
3007 674 3075 724 ut
3119 673 3240 723 tres
3266 668 3335 722 ab
3371 685 3479 723 una
3514 669 3739 741 incipiant

2203 776 2398 816 versus
2424 764 2604 832 parte,
2653 775 2877 831 unaque
2913 757 3292 813 terminentur
3332 757 3563 814 clausula
3595 758 3736 825 verbi,

2206 849 2366 920 quasi
2386 849 2685 916 Dominus;
2717 854 2781 903 ut
2807 852 3125 902 contereret
3162 846 3268 902 sub
3300 852 3535 914 1440
3547 845 3739 918 pedibus

2206 940 2325 994 suis
2350 954 2545 993 omnes
2577 938 2790 993 vinctos
2819 941 2984 991 terra:
3013 936 3295 1006 ignoravit
3334 955 3346 990 :
3386 943 3448 991 ut
3488 936 3744 991 declinaret

2201 1027 2479 1100 judicium
2535 1027 2639 1081 viri
2699 1026 2970 1082 Dominus
3018 1025 3331 1097 ignoravit;
3381 1031 3437 1080 et
3477 1028 3743 1097 percuteret

2204 1116 2492 1171 hominem
2536 1117 2597 1170 in
2628 1115 2841 1187 judicio
2887 1131 2989 1169 suo
3037 1114 3341 1185 ignoravit.
3372 1113 3510 1179 Quia
3540 1114 3741 1185 profecto

2203 1207 2354 1261 Deus
2378 1206 2591 1260 mavult
2618 1205 2833 1259 salvare
2855 1211 3136 1260 correctos
3167 1219 3337 1275 quam
3366 1203 3612 1256 damnare
3636 1218 3738 1273 pro-

2203 1300 2407 1350 tervos.
2436 1294 2506 1349 Et
2532 1294 2652 1349 haec
2683 1299 2770 1349 est
2792 1293 2896 1349 sub
2937 1294 3184 1348 Lamech
3230 1292 3417 1347 littera
3443 1307 3627 1362 magna
3644 1307 3740 1345 ver-

2204 1401 2369 1440 suum
2396 1383 2689 1455 disciplina
2709 1384 2794 1438 vel
2823 1383 3008 1438 cordis
3033 1382 3347 1469 confessio:
3371 1381 3514 1452 quia,
3529 1388 3587 1435 ut
3606 1394 3742 1449 supra

2198 1474 2318 1545 jam
2348 1473 2483 1541 dixi,
2498 1473 2739 1529 Lamech
2756 1475 3058 1542 disciplina
3072 1472 3493 1543 interpretatur,
3512 1470 3589 1523 vel
3601 1470 3741 1522 cordis

2204 1567 2305 1616 aut
2342 1566 2492 1616 certe
2537 1577 2705 1615 servo.
2753 1559 2967 1625 Quibus
2997 1558 3270 1613 nimirum
3300 1556 3540 1612 sensibus
3575 1569 3738 1625 magna

2203 1650 2556 1705 decoloratur
2583 1648 2912 1715 obscuritas,
2936 1653 3001 1703 ut
3024 1644 3412 1717 intelligamus
3428 1643 3524 1698 sub
3542 1640 3739 1696 omniin-

2138 1762 2183 1821 Β
2202 1739 2468 1809 tegritate
2509 1742 2568 1793 et
2611 1737 2905 1809 disciplina
2933 1735 3166 1800 Christi,
3209 1750 3338 1789 cum
3369 1731 3513 1787 omni
3540 1729 3737 1821 puritate

2202 1827 2385 1882 cordis
2405 1826 2639 1882 sollicite
2653 1826 2925 1881 servanda
2943 1841 3066 1880 esse
3084 1841 3211 1896 qum
3222 1823 3508 1877 dicuntur:
3525 1818 3737 1891 quoniam

2204 1916 2300 1988 qui
2327 1915 2500 1971 habet
2526 1916 2880 1987 disciplinam
2900 1914 3134 1995 Christi,
3166 1927 3391 1968 servare
3417 1927 3475 1965 se
3500 1910 3738 1980 profitetur

2203 2010 2483 2078 praecepta
2509 2006 2726 2071 salutis,
2761 2011 2818 2059 et
2840 2004 3025 2059 cordis
3050 2002 3379 2075 puritatem.
3410 2001 3586 2070 Neque
3622 1995 3736 2049 enim

2201 2094 2281 2150 sic
2307 2094 2514 2165 abjecit
2541 2110 2735 2149 omnes
2761 2095 2974 2149 vinctos
3000 2098 3171 2148 terra;
3198 2092 3306 2147 sub
3325 2088 3546 2162 pedibus
3568 2085 3665 2140 suis
3690 2088 3738 2137 ut

2202 2189 2537 2240 contereret.
2578 2183 2763 2239 Vincti
2805 2188 2996 2239 autem
3039 2188 3212 2237 terra
3241 2182 3376 2235 sunt
3400 2192 3578 2233 omnes
3600 2180 3736 2229 terre-

2200 2274 2289 2329 nis
2313 2272 2640 2328 criminibus
2670 2272 2917 2343 obligati.
2940 2273 3093 2337 Quos
3118 2277 3187 2327 ut
3203 2274 3510 2325 contereret
3520 2264 3736 2322 Dominus

2203 2361 2307 2417 sub
2332 2362 2567 2434 pedibus
2600 2362 2717 2417 suis
2752 2361 3059 2433 ignoravit;
3093 2361 3234 2433 quia
3259 2375 3364 2415 nec
3391 2358 3468 2412 sic
3491 2353 3664 2426 abjecit
3690 2355 3737 2405 ut

2201 2452 2517 2523 repelleret,
2549 2450 2663 2505 imo
2696 2457 2762 2506 ut
2787 2450 2891 2505 sub
2913 2450 3126 2505 ditione
3145 2465 3253 2506 sua
3282 2462 3472 2503 omnes
3496 2442 3737 2499 constitue-

2203 2546 2310 2608 ret,
2346 2556 2412 2595 eo
2440 2540 2588 2612 quod
2626 2540 2695 2594 de
2726 2539 2841 2594 filio
2870 2539 3057 2611 inquit
3090 2557 3104 2594 :
3160 2540 3364 2595 Omnia
3393 2534 3639 2605 subjecisti
3665 2530 3737 2584 sub

2199 2631 2428 2699 pedibus
2472 2633 2588 2700 ejus
2615 2629 2944 2699 (Psat.vm).
2980 2629 3144 2684 Unde
3174 2628 3309 2700 quia
3341 2623 3644 2680 constitutus
3673 2622 3736 2672 est

2197 2719 2369 2789 judex
2403 2719 2676 2783 omnium,
2709 2718 2950 2773 fideliter
2973 2719 3280 2773 conﬁtetur
3292 2714 3549 2788 judicium
3583 2708 3670 2763 viri
3689 2710 3738 2760 ut

2202 2807 2528 2875 declinaret,
2551 2807 2825 2863 Dominus
2848 2806 3147 2878 ignoravit,
3171 2807 3270 2863 sed
3285 2805 3474 2861 reddet
3494 2796 3734 2867 unicuique

2200 2896 2363 2967 juxta
2384 2912 2556 2968 opera
2584 2913 2704 2952 sua.
2722 2897 2792 2951 Et
2820 2901 2886 2952 ut
2912 2901 3264 2968 perverteret
3280 2893 3546 2949 hominem
3564 2884 3736 2985 in

2206 2984 2291 3039 cio
2320 3001 2441 3051 suo,
2466 2984 2599 3040 licet
2624 2984 3132 3056 impraesentiarum
3162 2983 3532 3039 indifferenter
3547 2983 3733 3044 accipia-

2143 3081 2187 3141 α
2208 3077 2322 3140 tur,
2356 3073 2528 3128 etiam
2558 3090 2685 3128 cum
2702 3072 3010 3144 judicatur,
3025 3071 3303 3128 Dominus
3330 3067 3614 3143 ignoravit:
3636 3076 3736 3133 quo-

2204 3162 2359 3217 niam
2391 3163 2540 3217 mala
2568 3179 2693 3234 quae
2715 3180 2751 3218 a
2779 3163 3020 3218 Domino
3035 3162 3377 3227 inferuntur,
3389 3165 3483 3217 aut
3496 3160 3734 3230 justas“?

2208 3252 2377 3324 plicia
2402 3259 2539 3308 sunt
2580 3253 2932 3319 meritorum,
2968 3258 3070 3311 aut.
3096 3256 3412 3311 futurorum
3443 3242 3733 3321 probationes

2210 3346 2343 3395 sunt
2370 3343 2749 3413 praemiorum.
2793 3346 2939 3417 Ergo
2976 3348 3306 3412 adversitas,
3351 3357 3468 3415 quae
3498 3354 3527 3391 a
3548 3329 3731 3390 Domino

2210 3436 2312 3498 est,
2340 3430 2505 3502 plena
2528 3433 2781 3503 justitiae,
2798 3436 2964 3507 plena
2980 3435 3455 3508 mquitatis,plena
3478 3422 3731 3482 misericor-

2211 3519 2314 3574 diae
2343 3525 2446 3575 est.
2476 3521 2635 3577 Unde
2654 3524 2960 3581 secundum
2991 3526 3343 3599 disciplinam
3361 3516 3548 3577 Christi
3560 3508 3732 3585 proﬁte-

2210 3614 2307 3663 tur
2346 3610 2530 3664 cordis
2567 3612 2945 3669 innocentiam
2981 3634 2994 3671 :
3026 3621 3085 3671 et
3124 3615 3264 3671 dicit
3287 3613 3371 3667 vir
3395 3608 3567 3664 videns
3592 3600 3729 3655 Deum

2212 3714 2370 3753 servo
2399 3698 2714 3756 divinorum
2745 3703 2969 3776 eloquia
2990 3710 3395 3778 praeceptorum
3418 3718 3430 3753 :
3454 3684 3730 3778 quoniamst

2213 3792 2261 3844 si
2285 3795 2417 3845 sunt
2445 3790 2813 3865 haeretici,qui
2839 3773 2979 3850 falso
2991 3773 3193 3850 Dauni
3212 3790 3555 3849 criminentur
3584 3773 3729 3873 ωάᾂςο

2212 3879 2343 3934 liter
2362 3880 2613 3951 afﬂigere
2640 3883 2859 3938 animas
2888 3883 3055 3939 luteis
3079 3884 3362 3939 devinctus
3378 3868 3726 3934 domibus,etin

2213 3968 2403 4023 Veteri
2417 3970 2778 4026 Testamento
2806 3974 2965 4044 quasi
2994 3990 3059 4028 ex
3088 3969 3405 4045 praejudicio
3424 3971 3638 4037 (ιιιοεςιιθ
3650 3965 3725 4047 ΡῨ

2212 4056 2361 4112 nire:
2390 4057 2482 4113 hic
2504 4064 2694 4114 autem
2716 4038 3143 4134 sub—disciplina
3158 4038 3364 4118 Christi
3376 4050 3573 4124 ἣεεθυο
3589 4038 3727 4141 ῗτυέί·

2210 4146 2485 4218 tus,juxta
2507 4148 2654 4219 quod
2670 4150 2943 4221 propheta
2959 4133 3173 4223 inquit:
3209 4150 3383 4219 Virga
3407 4133 3719 4227 castigabeﬁfi

2215 4235 2333 4290 filia
2364 4235 2519 4305 Sion,
2551 4238 2734 4292 cordis
2752 4239 3051 4295 confitetur
3080 4240 3398 4312 puritatem.
3429 4227 3557 4320 (ιιιρά
3583 4232 3723 4320 “in?

2212 4323 2366 4394 justo
2388 4324 2495 4379 Dei
2525 4327 2909 4383 moderamine
2923 4305 3180 4399 agantur,
3201 4334 3264 4385 ut
3289 4305 3721 4405 εείυεθωόωῐξίδξξ

2221 4389 2281 4465 se
2313 4411 2527 4467 tribuat
2554 4414 2941 4471 invocantibus
2956 4389 3034 4471 in
3063 4389 3296 4473 veritate
3321 4413 3476 4485 (Psat.
3494 4397 3656 4467 CXLIV)'
3674 4389 3723 4444 Et

2224 4502 2530 4557 secundum
2569 4501 3091 4574 interpretationem
3138 4505 3354 4567 littera,
3406 4496 3558 4553 libere
3586 4487 3642 4541 de
3663 4494 3719 4581 ,⁸⁸

2212 4591 2421 4646 clamat
2460 4609 2472 4645 :
2502 4592 2675 4647 Servo
2705 4591 3058 4663 disciplinam
3078 4587 3466 4665 castigationis,
3486 4592 3619 4638 servo
3634 4584 3719 4644 l"°‘

2212 4685 2386 4735 tatem
2410 4679 2792 4751 professionis,
2826 4697 2984 4736 servo
3012 4683 3196 4738 cordis
3223 4677 3584 4751 integritatem,
3602 4670 3717 4716 εθπθ

2213 4769 2487 4824 illibatam
2506 4770 2657 4825 inter
2674 4786 2870 4825 omnes
2884 4771 3269 4828 haereticorum
3289 4765 3495 4825 fraudes
3513 4756 3717 4812 Virtutem
3741 4832 3746 4837 ,

2214 4858 2529 4924 ﬂdei,servo
2544 4859 2897 4915 dilectionem
2918 4860 2978 4915 in
2994 4877 3093 4932 spe
3113 4858 3455 4933 singulariter
3467 4845 3712 4905 subvectus:

2216 4947 2318 5003 sub
2348 4947 2449 5003 Dei
2475 4950 2821 5020 protectione
2847 4950 3093 5005 animam
3124 4944 3524 5006 retractabiliter
3544 4940 3713 5020 εετέξιεν

2217 5036 2367 5107 quod
2404 5013 2519 5091 non
2564 5038 2788 5109 repellit
2827 5037 2887 5092 in
2916 5039 3317 5111 sempiternum
3352 5013 3712 5119 Dominuszli‘f:

2212 5106 2359 5197 gnus
2387 5124 2562 5196 igitur
2584 5106 2877 5198 provectus
2913 5128 3117 5184 animae
3159 5127 3492 5184 monstratur,
3519 5116 3571 5168 ut
3601 5106 3711 5207 i11th

2226 5218 2465 5281 144³1
2493 5219 2580 5269 tot
2608 5220 2878 5288 tantaque
2896 5216 3023 5272 vitae
3047 5216 3375 5279 discrimina,
3407 5204 3709 5288 separari-nr

2216 5311 2387 5375 queat
2414 5321 2448 5358 a
2470 5305 2743 5361 charitate
2773 5281 3001 5361 Christi.
3056 5308 3165 5363 Sed
3208 5306 3335 5362 dicit
3353 5314 3463 5357 cum
3495 5281 3705 5365 propth

2174 5384 2181 5405 ³
2213 5397 2388 5452 David
2408 5398 2577 5453 etiam
2595 5398 2745 5453 inter
2758 5399 3006 5471 ﬂagella:
3036 5400 3169 5456 Ecce
3181 5402 3315 5455 sicut
3334 5391 3464 5449 acuti
3485 5381 3704 5471 ςενυον

2214 5486 2276 5540 in
2302 5488 2560 5541 manibus
2570 5488 2927 5543 dominorum
2945 5496 3248 5559 suorum,et
3267 5488 3393 5544 sicut
3408 5456 3702 5559 oculi-“fa”?

2213 5579 2277 5631 in
2305 5576 2565 5632 manibus
2585 5577 2821 5635 domina:
2846 5593 2957 5636 suae
2984 5594 3002 5632 :
3034 5582 3115 5635 ita
3135 5556 3278 5636 acuti
3306 5560 3537 5631 nostriad
3557 5556 3701 5612 θωπί·
