3960 6168
318 251 454 310 1173

986 257 1368 316 EXPOSITIO
1412 262 1490 317 IN
1527 263 2136 323 LAMENTATIONES
2172 268 2518 325 JEREMIE.
2562 299 2627 310 —
2666 271 2801 327 LIB.
2846 273 2946 328 III.

3448 278 3590 336 1174

282 399 448 437 .num
480 384 653 438 Deum
673 389 946 451 nostrum,
980 387 1146 440 donec
1178 390 1507 444 misereatur
1535 393 1710 445 nostri
1743 392 1906 459 (Psat.
1927 394 2125 453 Alaris
2153 401 2240 450 est
2257 395 2401 461 vitae,
2427 401 2705 466 quatenus
2728 395 2985 468 liqueﬁat
3007 397 3138 469 igne
3167 399 3352 455 divino
3376 400 3590 458 ferreus

303 474 493 540 cxxu).
524 471 658 526 Post
685 472 854 543 hujus
882 473 1012 527 ﬁdei
1039 478 1431 544 constantiam,
1473 479 1623 532 venit
1649 480 1719 533 ad
1761 481 1908 534 Mem

301 560 576 626 litteram,
595 566 648 614 et
664 562 846 632 surgit
868 563 1443 636 quasijpropugnatrix
1458 567 1694 638 justitiae
1715 574 1910 622 contra

301 665 502 702 omnes
526 649 845 720 Epicureos,
879 651 966 704 vel
997 653 1168 707 etiam
1210 662 1406 709 contra
1444 673 1539 710 eos
1571 656 1668 726 qui
1715 657 1910 711 dicunt

299 737 484 791 Deum
503 754 616 793 non
641 755 840 793 curare
868 741 1148 795 mortalia.
1174 744 1384 798 Contra
1404 760 1543 814 quos
1565 744 1735 798 etiam
1758 746 1911 799 Psal-

302 841 433 880 mus
458 841 607 882 Lxxu
637 827 932 895 attollitur,
958 828 1015 884 in
1043 847 1151 901 quo
1181 832 1339 887 aiunt
1365 832 1471 904 ipsi
1497 849 1758 904 perversa
1786 851 1910 888 sen-

301 915 512 970 tientes
555 931 568 969 :
600 916 890 981 Quomodo
918 917 1022 972 scit
1058 920 1226 986 Deus,
1257 927 1358 975 aut
1383 921 1430 976 si
1462 927 1547 975 est
1589 922 1824 976 scientia
1849 923 1909 978 in

310 1005 586 1060 excelsis?
617 1006 724 1060 Pro
755 1023 865 1078 quo
894 1007 1064 1062 etiam
1104 1015 1408 1080 praesentes
1439 1010 1696 1065 versiculi
1723 1011 1909 1068 incre-

305 1110 446 1165 pare
468 1093 733 1150 videntur
761 1111 874 1149 eos.

1029 1238 1181 1318 Men.

1992 483 2216 552 quidem
2240 485 2451 555 peccati
2478 484 2649 554 rigor,
2671 491 2727 538 et
2743 501 2985 556 superno
3009 487 3584 558 mollescatincendio,

1990 572 2292 637 intantum,
2319 579 2382 630 ut
2410 573 2582 627 etiam
2601 578 2794 627 contra
2811 574 3168 629 insolentiam
3200 576 3588 647 reproborum,

1989 658 2095 730 ipsi
2116 677 2218 731 pro
2235 661 2342 716 ﬁde
2365 666 2579 715 certare
2605 661 2897 714 videamur
2917 677 2981 714 ac
3000 663 3186 717 dicere
3208 682 3218 716 :
3251 666 3382 732 Quis
3402 671 3474 719 est
3494 668 3592 721 istc

1991 751 2090 816 qui
2120 749 2284 813 dixit,
2309 767 2374 802 ea:
2394 766 2484 803 ore
2504 751 2782 804 Altissimi
2809 767 2919 804 non
2949 755 3301 817 egredientur
3320 771 3418 808 nec
3438 756 3589 810 mala

1991 852 2086 890 nec
2119 839 2258 891 bona
2279 844 2302 890 ?
2321 839 2631 909 prazsertim
2653 855 2780 892 cum
2799 843 2855 891 et
2885 839 3034 892 mala
3057 856 3164 893 non
3193 841 3298 894 nisi
3311 843 3464 912 justo
3488 860 3590 898 suo

1985 924 2196 995 judicio
2226 925 2296 979 ab
2325 925 2445 998 ipso
2470 931 2621 992 sunt,
2636 943 2737 980 nec
2768 925 2915 980 bona
2933 927 3044 981 nisi
3074 929 3194 997 ejus
3209 929 3593 987 misericordia

1993 1018 2331 1084 praestantur
2359 1032 2370 1066 :
2405 1031 2517 1069 non
2543 1015 2665 1069 dico
2685 1014 2847 1069 bonis
2877 1020 2934 1069 et
2951 1017 3178 1082 sanctis,
3203 1034 3396 1073 verum
3417 1020 3593 1074 etiam

1993 1119 2161 1172 quam
2184 1119 2329 1174 saepe
2352 1103 2604 1174 reprobis
2634 1108 2690 1157 et
2718 1104 3016 1158 damnatis.
3041 1104 3201 1159 Unde
3231 1107 3591 1177 professionis

1991 1207 2121 1245 voce
2142 1191 2211 1245 de
2231 1192 2513 1262 utrisque:
2541 1193 2686 1259 Quid
2708 1193 3389 1266 murmuraverit.inquit,
3409 1197 3587 1264 homo,

1989 1282 2190 1344 vivens,
2207 1283 2296 1334 vir
2300 1297 2402 1349 pro
2418 1284 2649 1350 peccatis
2669 1283 2785 1334 suis
2804 1286 2827 1333 ?
2845 1281 3003 1344 Quod
3024 1287 3080 1335 et
3097 1282 3304 1338 Paulus
3321 1303 3331 1336 :
3349 1285 3389 1340 0
3407 1286 3585 1352 homo,

376 1363 510 1429 Quis
528 1366 602 1415 est
622 1363 738 1427 iste,
762 1360 966 1433 inquit,
986 1365 1086 1432 qui
1097 1365 1244 1418 dixit
1267 1370 1327 1418 ut
1348 1367 1518 1433 ﬁeret,
1541 1368 1774 1421 Domino
1793 1383 1904 1422 non
1988 1367 2191 1437 inquit,
2211 1374 2271 1421 tu
2294 1371 2417 1437 quis
2441 1385 2494 1422 es
2507 1371 2608 1437 qui
2631 1371 2950 1436 respondeas
2971 1371 3103 1425 Deo:
3131 1373 3402 1442 Nunquid
3417 1381 3590 1443 potest

289 1452 520 1520 jubente
546 1465 562 1500 :
588 1467 652 1503 ea:
674 1466 764 1504 ore
783 1450 1063 1506 Altissimi
1093 1468 1204 1508 non
1233 1455 1584 1522 egrediantur
1622 1473 1718 1510 nec
1749 1459 1902 1510 mala
1993 1457 2168 1509 dicere
2193 1473 2286 1510 vas
2306 1455 2493 1526 ﬁguli,
2511 1457 2724 1510 scilicet
2749 1461 2896 1510 testa
2907 1457 2976 1510 de
2998 1459 3190 1512 samiis
3205 1463 3387 1524 terrae,
3410 1463 3590 1530 Quare

303 1555 402 1592 nec
425 1541 563 1592 bona
587 1544 612 1591 Ρ
641 1540 787 1606 Quid
828 1545 1218 1595 murmuravit
1261 1543 1419 1596 homo
1461 1547 1664 1610 vivens,
1697 1547 1787 1598 vir
1806 1561 1911 1613 pro
1993 1561 2076 1597 me
2100 1547 2178 1598 sic
2205 1547 2424 1612 fecisti?
2450 1546 2618 1612 (Rom.
2653 1546 2748 1615 ιχ.)
2777 1545 3045 1616 Alioquin
3074 1546 3130 1600 in
3162 1548 3422 1603 omnibus
3454 1551 3590 1621 quid

301 1629 536 1695 peccatis
564 1630 680 1680 suis
713 1633 736 1680 ?
769 1628 918 1690 Haec,
956 1635 1020 1683 ut
1047 1630 1184 1696 dixi,
1216 1631 1321 1684 sub
1351 1632 1498 1686 Mem
1530 1632 1721 1687 littera
1753 1633 1934 1707 plan-7
1992 1633 2368 1687 murmuravit
2397 1633 2564 1688 homo
2594 1633 2800 1699 vivens,
2837 1640 2937 1688 aut
2964 1640 3112 1689 certe
3146 1637 3281 1707 quid
3338 1638 3591 1694 dicturus

271 1787 274 1790 ,
295 1722 534 1786 guntur.
560 1716 703 1770 Mem
723 1716 928 1788 quippe
947 1734 1015 1771 ea:
1035 1721 1254 1773 intimis
1282 1721 1369 1773 vel
1395 1737 1462 1774 ex
1483 1724 1613 1789 ipsis
1635 1721 1908 1792 interpre-
1923 1706 1969 1766 Β
1989 1728 2074 1776 est
2097 1723 2180 1775 vir
2211 1739 2310 1793 pro
2336 1722 2576 1792 peccatis
2593 1723 2730 1788 suis,
2748 1739 2875 1777 cum
2894 1724 3082 1777 omnia
3095 1726 3430 1781 concluserit
3443 1727 3591 1782 Deus

300 1809 458 1858 tatur
481 1823 494 1869 ;
525 1810 580 1858 et
599 1804 769 1858 utalii
796 1805 1025 1859 dicunt:
1060 1809 1208 1874 ignis
1229 1825 1292 1860 es:
1312 1812 1552 1876 ultimis,
1576 1810 1670 1864 sed
1693 1815 1908 1864 utrum-
1988 1804 2092 1864 su'b
2121 1817 2368 1882 peccato,
2401 1815 2466 1864 ut
2495 1827 2660 1864 omne
2690 1827 2750 1864 os
2779 1810 3128 1878 obstruatur,
3182 1819 3240 1868 et
3277 1816 3375 1868 ﬁat
3411 1817 3592 1870 omnis

301 1909 414 1964 que
451 1909 563 1947 non
617 1893 898 1948 discordat
934 1911 969 1947 a
1023 1900 1178 1950 textu
1231 1897 1397 1966 hujus
1451 1898 1684 1952 lamenti
1719 1917 1731 1964 ;
1775 1898 1907 1970 quia
1987 1899 2231 1953 mundus
2257 1899 2513 1954 subditus
2539 1899 2653 1953 Deo
2687 1899 3236 1970 (Gal.Iu).Caeterum
3254 1903 3474 1958 desides
3493 1911 3594 1959 aut

302 1981 495 2052 magni
543 1998 609 2035 ex
647 1982 846 2036 ardore
895 1983 1102 2037 amoris
1151 1990 1253 2050 est,
1291 1986 1438 2056 quod
1484 1987 1602 2055 jam
1655 2002 1768 2040 non
1804 2003 1904 2057 pro

297 2085 361 2124 se
389 2075 589 2124 contra
615 2070 916 2141 improbos,
950 2088 1120 2143 quam
1159 2089 1258 2142 pro
1289 2074 1404 2128 Deo
1431 2075 1540 2128 ﬁde
1572 2080 1789 2129 certare
1819 2075 1903 2129 vi-

301 2158 486 2213 detur.
510 2157 832 2214 Arbitratur
857 2160 1009 2215 enim
1027 2161 1358 2232 obsequium
1387 2179 1448 2216 se
1470 2168 1738 2234 praestare
1759 2165 1896 2230 Deo,

303 2247 351 2301 si
407 2254 603 2301 contra
667 2247 1051 2320 obloquentes,
1127 2250 1288 2320 quasi
1353 2252 1422 2306 de
1490 2253 1635 2306 celso
1698 2253 1904 2307 vertice

301 2336 701 2390 subsannando
731 2337 899 2404 dicat,
934 2339 1065 2405 Quis
1093 2345 1167 2392 est
1201 2341 1295 2392 iste
1340 2343 1440 2409 qui
1467 2343 1612 2394 dixit
1639 2347 1703 2394 ut
1731 2345 1900 2410 ﬁeret,

301 2427 408 2480 Deo
439 2442 548 2479 non
573 2427 798 2494 jubente
817 2433 840 2479 Ρ
863 2443 928 2480 ac
953 2426 1000 2480 si
1029 2432 1289 2498 patenter
1315 2428 1482 2482 dicat.
1511 2429 1646 2494 Quis
1671 2435 1757 2484 est
1776 2431 1900 2495 iste,

299 2529 432 2569 cum
453 2515 529 2568 sit
558 2513 698 2568 cinis
727 2519 783 2568 et
811 2515 1008 2585 pulvis,
1041 2531 1142 2569 suo
1174 2515 1400 2571 inﬂatus
1430 2517 1649 2588 spiritu,
1685 2518 1780 2589 qui
1809 2535 1906 2573 au-

299 2603 435 2658 deat
463 2603 532 2657 de
555 2603 831 2658 immenso
851 2609 909 2658 et
926 2604 1408 2676 incircumscripto
1435 2607 1571 2672 Deo,
1597 2624 1710 2662 sua:
1735 2608 1904 2662 sortis

300 2693 591 2765 disputare
615 2692 822 2757 verbis,
861 2699 917 2748 et
936 2693 1282 2749 subsannare
1298 2711 1400 2749 nos
1417 2696 1514 2766 qui
1532 2697 1901 2767 ﬂagellamur,

299 2799 364 2838 ac
386 2783 434 2837 si
451 2783 554 2836 ﬁlii
574 2782 892 2854 adoptionis
911 2784 1148 2837 necdum
1173 2784 1276 2837 hoc
1300 2785 1508 2838 mundo
1534 2785 1906 2840 damnemur?

299 2871 517 2936 Quibus
539 2872 787 2943 profecto
803 2871 986 2925 verbis
1009 2878 1182 2943 patet,
1201 2873 1347 2944 quod
1369 2873 1510 2926 nihil
1531 2890 1643 2927 non
1665 2875 1904 2941 jubente

289 2962 449 3030 justo
476 2977 606 3014 vero
629 2960 728 3015 Dei
745 2960 956 3030 judicio
984 2962 1045 3014 ﬁt
1063 2961 1122 3014 in
1147 2961 1325 3028 nobis,
1344 2978 1407 3016 ac
1428 2968 1724 3033 propterea
1747 2964 1904 3033 quid-

1987 1987 2270 2053 vecordes,
2295 1989 2510 2057 ﬁngant
2528 1987 2596 2041 de
2612 1985 2869 2041 cordibus
2891 1988 3006 2043 suis
3023 1989 3220 2054 Deum,
3241 1995 3305 2044 ut
3324 1991 3457 2056 dixi,
3477 2009 3591 2048 non

1987 2092 2186 2130 curare
2216 2076 2515 2130 mortalia:
2551 2075 2621 2130 ab
2645 2075 2765 2146 ipso
2794 2082 2944 2141 sunt,
2978 2083 3042 2130 ut
3069 2077 3258 2132 anima
3295 2081 3594 2136 conﬁtetur

1988 2163 2296 2235 disciplinis
2321 2164 2531 2219 Christi
2553 2164 2776 2218 erudita
2796 2165 2945 2218 mala
2965 2165 3047 2218 vel
3079 2165 3243 2219 bona.
3260 2167 3469 2222 Idcirco
3498 2186 3593 2240 op-

1986 2249 2162 2321 pilata
2183 2256 2266 2304 est
2287 2251 2469 2304 omnis
2490 2251 2776 2322 iniquitas,
2792 2268 2894 2305 nec
2913 2251 3081 2306 habet
3094 2253 3226 2324 quid
3244 2256 3588 2327 respondeat

1987 2339 2154 2393 homo
2174 2339 2516 2410 compositus
2535 2338 2671 2404 Deo,
2697 2344 2754 2394 et
2768 2340 2813 2394 si
2845 2341 2945 2394 ﬁat
2964 2358 3060 2396 vas
3081 2342 3140 2396 in
3169 2345 3590 2413 contumeliam,

1989 2425 2124 2480 dum
2145 2426 2394 2497 quotidie
2410 2427 2782 2482 meliorantur
2805 2444 2937 2482 vasa
2956 2445 3127 2484 aurea
3145 2431 3380 2501 ﬂagellis
3396 2431 3514 2498 Dei,
3537 2438 3595 2488 et

1988 2519 2260 2584 argentea
2281 2515 2338 2568 in
2359 2516 2650 2569 honorem.
2674 2516 2791 2570 Hoc
2810 2517 3015 2588 quippe
3044 2518 3212 2573 habet
3236 2537 3301 2573 ex
3331 2520 3547 2575 intimis
3576 2541 3588 2576 :

1987 2601 2091 2655 hoc
2120 2607 2174 2655 et
2205 2601 2350 2671 ignis
2381 2619 2447 2655 ex
2481 2601 2714 2668 ultimis,
2766 2603 2870 2657 hoc
2898 2621 2964 2657 ex
2992 2605 3146 2675 ipsis,
3185 2611 3250 2660 ut
3276 2608 3460 2661 omnis
3498 2625 3592 2664 sa-

1987 2691 2265 2760 pientium
2290 2691 2695 2757 sensus,omnis
2708 2708 2891 2746 sermo
2911 2694 3481 2764 prudentium,omnis
3498 2698 3594 2752 ﬂa-

1988 2781 2276 2851 grantium
2297 2781 2535 2835 tentatio
2549 2781 2890 2852 passionum,
2906 2783 3086 2837 omnis
3104 2789 3337 2838 conatus
3357 2785 3592 2841 actionis

1989 2870 2176 2923 calore
2202 2874 2455 2923 recoctus
2485 2870 2692 2923 amoris
2722 2869 2842 2936 Dei,
2876 2871 3105 2942 incipiat
3128 2888 3248 2926 esse
3276 2872 3592 2943 pretiosior.

1987 2960 2176 3012 Bonus
2206 2958 2383 3028 igitur
2397 2958 2542 3028 ignis
2558 2959 2850 3013 charitatis
2864 2959 2986 3024 Dei,
3005 2959 3183 3015 bonus
3195 2978 3260 3014 ex
3275 2961 3490 3016 intimis
3507 2961 3593 3016 vi-

299 3049 433 3120 quid
467 3048 726 3119 superius
770 3056 967 3102 contra
1017 3050 1193 3103 Deum
1241 3049 1603 3120 lacrymando
1650 3051 1962 3121 protulit,c
1985 3047 2230 3102 secribus
2252 3048 2486 3102 aﬂectus
2516 3047 2743 3114 amoris,
2761 3047 2940 3103 bonus
2960 3065 3024 3102 ex
3053 3049 3189 3120 ipsis
3210 3049 3381 3104 timor
3405 3065 3592 3121 perse-

297 3138 481 3207 magis
503 3153 568 3191 ex
596 3137 750 3191 fonte
779 3137 1005 3208 pietatis
1037 3138 1204 3204 venit,
1231 3155 1398 3208 quam
1432 3156 1497 3193 ex
1531 3139 1905 3210 querimonia-

296 3243 426 3280 rum
447 3225 791 3296 praejudicio.
815 3226 973 3280 Unde
997 3243 1239 3297 praesens
1272 3227 1462 3281 littera
1491 3245 1555 3281 ex
1585 3228 1800 3282 intimis
1821 3245 1905 3283 so-

292 3331 433 3369 nare
459 3314 698 3380 videtur,
734 3315 996 3386 quoniam
1039 3315 1312 3386 quidquid
1342 3333 1512 3370 causa
1539 3317 1903 3372 confessionis

291 3403 507 3468 intulit,
537 3420 605 3456 ex
629 3403 845 3458 intimis
878 3404 1179 3458 visceribus
1200 3405 1378 3468 ﬂuxit,
1412 3410 1470 3458 et
1492 3405 1637 3475 ignis
1668 3407 1906 3460 Charita-

294 3493 368 3548 tis
393 3492 496 3547 Dei
529 3510 596 3546 ex
623 3492 836 3546 ultimis
869 3493 1300 3562 praecordiorum
1343 3495 1591 3548 manavit
1621 3495 1900 3562 medullis,

294 3587 360 3636 ut
391 3581 637 3651 quodam
670 3597 815 3634 nexu
862 3581 1062 3634 caloris
1103 3581 1226 3646 Dei,
1260 3582 1412 3636 intus
1451 3589 1905 3638 concremaretur

294 3669 535 3724 ossibus.
570 3669 660 3723 Sic
691 3668 933 3740 denique
955 3670 1119 3740 longe
1140 3687 1312 3740 supra
1332 3670 1389 3724 in
1421 3670 1631 3725 eisdem
1662 3672 1898 3737 threnis,

294 3758 549 3827 ejusdem
592 3762 776 3811 textus
824 3758 1024 3812 litterae
1067 3758 1169 3811 hoc
1219 3759 1505 3812 continere
1547 3759 1785 3824 videtur,
1822 3760 1904 3812 Ea:

296 3850 434 3912 alto,
465 3846 667 3916 inquit,
698 3846 852 3899 misit
888 3846 1075 3915 ignem
1106 3846 1163 3899 in
1186 3846 1402 3900 ossibus
1432 3846 1571 3900 meis
1597 3849 1815 3914 (Thren.
1841 3850 1900 3914 Ι).

300 3936 490 3989 Bonus
524 3951 656 4004 ergo
687 3935 852 4000 Deus,
907 3935 1002 4004 qui
1034 3934 1194 3988 nobis
1230 3935 1381 3989 hunc
1409 3935 1666 3989 immittit
1691 3935 1900 4005 ignem,

299 4024 451 4079 unde
479 4023 772 4093 diligentes
798 4040 947 4089 eum,
973 4023 1211 4093 gratiam
1237 4030 1294 4077 et
1311 4024 1548 4094 gloriam
1573 4025 1903 4079 meritorum

300 4115 361 4168 in
424 4119 724 4184 conspectu
783 4113 901 4181 ejus
953 4112 1204 4166 invenire
1256 4113 1554 4183 possimus,
1619 4118 1676 4167 et
1734 4130 1901 4183 quem

301 4202 361 4256 in
403 4200 564 4255 nobis
607 4200 796 4254 mittat
823 4199 1030 4270 ignem,
1065 4201 1183 4271 ipse
1217 4217 1318 4255 nos
1357 4201 1572 4257 doceat.
1603 4203 1700 4256 Ait
1727 4203 1898 4268 enim,

313 4294 557 4357 [448
584 4291 768 4357 Ignem
793 4293 916 4342 veni
940 4292 1154 4344 mittere
1184 4293 1246 4344 in
1275 4297 1504 4354 terram,
1529 4296 1576 4344 et
1597 4294 1733 4359 quid
1762 4295 1896 4358 volo,

1984 3152 2202 3204 verans,
2229 3137 2574 3208 operationis
2591 3153 2812 3208 quoque
2834 3154 3035 3209 corpus
3063 3155 3228 3192 omne
3259 3139 3514 3193 Ecclesiae
3531 3139 3590 3194 in

1997 3231 2036 3291 ι
2049 3231 2242 3292 449
2255 3230 2510 3280 mutuam
2524 3226 2794 3280 adolescit
2801 3228 3042 3297 gratiam
3053 3228 3259 3282 .Bonus
3273 3228 3498 3300 quidem
3512 3228 3593 3283 di-

1987 3313 2239 3367 lectionis
2261 3314 2424 3384 ignis,
2441 3331 2549 3385 quo
2579 3315 2964 3386 unusquisque
2989 3322 3215 3370 sanctus
3237 3317 3308 3370 ad
3329 3333 3591 3372 reveren-

1987 3403 2122 3456 tiam
2153 3403 2239 3455 sui
2269 3401 2514 3456 auctoris
2542 3402 2899 3456 accenditur:
2935 3403 3033 3456 sed
3063 3405 3159 3474 qui
3197 3405 3376 3458 Deum
3405 3406 3590 3476 diligit

1987 3491 2115 3560 igne
2145 3491 2435 3544 charitatis
2477 3507 2760 3557 accensus,
2803 3507 2915 3544 non
2956 3492 3331 3562 perfunctorie
3380 3494 3584 3566 diligit,

1987 3578 2083 3630 sed
2106 3593 2170 3630 ex
2191 3576 2406 3630 intimis
2428 3576 2614 3646 diligit
2632 3577 2815 3647 legem
2833 3579 2974 3646 ejus,
2999 3583 3055 3630 et
3073 3596 3139 3632 ex
3159 3579 3292 3649 ipsis
3309 3588 3588 3652 praecepta

1984 3667 2106 3735 ejus
2131 3666 2392 3733 custodit,
2425 3672 2482 3719 et
2514 3682 2580 3718 ex
2608 3665 2743 3736 ipsis
2785 3665 3060 3734 justiﬁcat
3098 3683 3194 3720 cor
3222 3684 3389 3720 suum
3426 3687 3436 3720 :
3472 3686 3585 3724 non

1988 3754 2182 3808 auditu
2223 3755 2520 3819 dictorum,
2553 3754 2652 3808 sed
2691 3753 2876 3808 studio
2930 3753 3366 3824 adimpletionis,
3416 3761 3586 3827 atque

1988 3843 2317 3896 imitationis
2348 3843 2642 3897 factorum.
2671 3843 3075 3896 Verumtamen
3113 3842 3182 3896 ab
3213 3843 3297 3896 his
3327 3843 3586 3900 omnibus

1988 3949 2100 3986 non
2123 3931 2290 3986 habet
2321 3932 2505 3986 vivens
2536 3932 2701 3985 homo
2723 3931 2854 4002 quid
2877 3937 3194 3986 murmuret
3213 3948 3313 4002 pro
3343 3933 3586 4003 peccatis

1989 4021 2123 4075 suis.
2145 4022 2336 4075 Justus
2369 4026 2578 4086 autem,
2607 4019 2791 4090 inquit
2806 4019 3048 4090 Spiritus
3071 4021 3309 4086 divinus,
3338 4037 3497 4076 meus
3518 4039 3585 4077 ex

1989 4111 2095 4165 ﬁde
2123 4110 2256 4164 vivit
2281 4111 2442 4180 (Ilab.
2478 4114 2562 4176 Il).
2596 4107 2752 4172 Quod
2784 4107 2829 4161 si
2862 4108 3030 4162 homo
3064 4110 3251 4164 vivens
3283 4126 3394 4164 non
3420 4111 3585 4181 justi-

1987 4200 2186 4254 ﬁcatur
2215 4214 2281 4252 ex
2311 4198 2439 4263 ﬁde,
2472 4197 2754 4268 justisque
2793 4196 3054 4268 operibus
3087 4198 3217 4252 ﬁdei
3249 4199 3583 4263 iustiﬁcatus

1985 4306 2098 4343 non
2125 4287 2294 4342 habet
2322 4287 2456 4358 quid
2483 4286 2650 4352 dicat,
2686 4292 2896 4357 quanto
2926 4287 3105 4357 magis
3133 4287 3339 4359 impius
3368 4295 3424 4343 et
3451 4305 3583 4361 pec-

303 4381 501 4434 nisiut
529 4379 764 4432 ardeat?
796 4379 943 4444 (Luc.
979 4380 1099 4447 x11.)
1123 4379 1310 4432 Bonus
1341 4378 1514 4449 igitur
1544 4379 1708 4448 ignis,
1736 4368 2180 4452 quechator?
2209 4377 2367 4433 Unde
2406 4377 2695 4447 signanter
2727 4376 2806 4430 ait
2840 4393 2851 4428 :
2914 4377 3003 4430 Vir
3043 4393 3145 4444 pro
3183 4381 3414 4445 peccatis
3441 4381 3576 4436 suis.

301 4467 422 4521 vult
441 4466 693 4521 omnium
718 4466 971 4520 Salvator
983 4465 1162 4535 magis
1185 4466 1475 4537 magisque
1498 4468 1744 4533 accendi,
1770 4485 1904 4539 prae-

301 4556 502 4611 sertim
521 4571 651 4609 cum
673 4559 731 4608 et
750 4554 867 4625 ipse
881 4554 956 4608 sit
975 4553 1119 4624 ignis
1134 4571 1325 4619 vorax,
1349 4556 1444 4626 qui
1467 4561 1659 4610 nostra
1678 4564 1904 4628 peccata

301 4650 620 4708 consumet,
636 4642 962 4713 intimisque
983 4643 1300 4713 pectoribus
1319 4643 1516 4698 divinae
1538 4645 1902 4716 cupiditatem

299 4732 641 4803 cognitionis
665 4731 941 4797 infundat,
987 4738 1265 4802 quatenus
1311 4732 1505 4786 redeat
1541 4734 1597 4786 in
1626 4733 1784 4788 nobis
1809 4751 1905 4788 cor

300 4827 582 4887 nostrum,
617 4827 680 4874 ut
709 4822 892 4891 capiat
908 4820 1220 4873 divinarum
1242 4820 1441 4874 seriem
1460 4821 1897 4893 Scripturarum,

299 4916 359 4965 et
385 4911 619 4965 hauriat
640 4909 847 4963 fontem
875 4926 1032 4980 aqua:
1055 4909 1308 4963 salientis
1343 4910 1401 4963 in
1433 4910 1604 4964 vitam
1634 4918 1902 4966 zeternam

304 5003 486 5068 (Joan.
522 5002 610 5068 ιν).
644 4999 762 5052 Hoc
779 5015 1022 5068 namque
1048 4998 1176 5067 igne
1206 4998 1480 5069 Cleophas
1502 5016 1597 5053 cor
1623 5018 1786 5054 suum
1818 5002 1905 5055 di-

301 5089 470 5142 cebat
500 5087 717 5153 ardere,
750 5103 877 5140 cum
905 5086 1160 5140 Christus
1189 5087 1270 5140 eis
1299 5087 1542 5158 aperiret
1589 5089 1905 5160 Scripturas

302 5178 364 5233 in
385 5177 478 5231 via
503 5177 656 5244 (Luc.
689 5181 854 5244 xxtv).
887 5176 1172 5230 Profunda
1198 5176 1373 5245 igitur
1403 5177 1460 5230 in
1492 5177 1672 5231 verbis
1705 5179 1804 5232 Dei
1832 5179 1906 5232 vi-

302 5266 805 5335 demusmysteria,
821 5265 1023 5320 idcirco
1041 5282 1104 5319 ex
1126 5265 1358 5331 intimis,
1374 5266 1458 5320 vel
1479 5266 1668 5333 etiam,
1689 5268 1903 5323 utalius

303 5357 589 5426 interpres
619 5355 715 5420 ait,
739 5372 803 5407 ex
827 5355 962 5425 ipsis
991 5353 1156 5407 debet
1183 5353 1329 5423 ignis
1356 5355 1602 5423 accendi,
1636 5357 1794 5426 quasi
1839 5375 1905 5411 ex

304 5445 528 5501 ultimis
559 5444 836 5498 viscerum
857 5442 1074 5498 ossibus
1091 5443 1361 5497 exuratin
1388 5443 1547 5498 nobis
1576 5445 1786 5514 fenum,
1811 5448 1908 5500 sti-

305 5535 523 5608 pulam,
549 5533 631 5589 vel
659 5533 952 5606 plumbum
975 5529 1307 5604 iniquitatis,
1332 5533 1416 5589 vel
1441 5534 1714 5608 quidquid
1738 5552 1906 5593 saecu-

1983 4467 2084 4520 V’ir
2111 4483 2356 4536 namque
2377 4483 2541 4520 sexus
2563 4471 2645 4519 est
2668 4481 2872 4519 nomen
2896 4483 2907 4518 :
2934 4465 3103 4519 homo
3132 4482 3263 4520 vero
3285 4482 3581 4522 commune

1986 4561 2072 4609 est
2108 4555 2387 4610 omnibus.
2438 4556 2624 4610 Unum
2678 4554 2957 4626 siquidem
2997 4570 3192 4608 eorum
3233 4570 3296 4607 ex
3327 4559 3532 4610 natura
3565 4573 3577 4608 :

1987 4645 2138 4698 aliud
2185 4661 2314 4698 vero
2363 4644 2691 4714 contingens
2720 4659 2784 4696 ex
2811 4642 3016 4712 gratia,
3065 4649 3129 4696 ut
3158 4659 3341 4714 neque
3372 4645 3468 4715 qui
3517 4661 3583 4700 ex

1985 4734 2292 4805 pr0pagine
2311 4732 2543 4802 originis
2575 4732 2768 4802 primae
2790 4735 3008 4785 naturae
3033 4731 3367 4801 ﬂagellatur,
3399 4750 3582 4805 neque

1989 4824 2068 4876 vir
2094 4825 2189 4894 qui
2212 4824 2331 4893 jam
2369 4838 2434 4875 ex
2477 4821 2662 4891 gratia
2699 4820 3055 4874 discernitur.
3091 4821 3338 4892 Uterque
3365 4826 3578 4890 tamen,

1989 4913 2118 4966 licet
2145 4913 2332 4966 vivens
2367 4910 2494 4975 ﬁde,
2529 4909 2664 4964 dum
2715 4926 2815 4980 pro
2860 4908 3098 4980 peccatis
3145 4909 3434 4980 afﬂigitur,
3469 4927 3582 4966 non

1990 5001 2158 5055 habet
2203 5005 2347 5054 testa
2386 4998 2519 5070 quid
2572 5004 2767 5052 contra
2815 4999 3051 5068 ﬁgulum
3110 4999 3462 5069 respondeat,
3495 5000 3581 5053 vel

1989 5091 2121 5162 quid
2153 5089 2318 5155 dicat,
2353 5089 2466 5143 Cur
2496 5104 2582 5141 me
2612 5087 2789 5141 fecisti
2832 5087 2930 5152 sic,
2972 5089 3058 5141 vel
3088 5104 3259 5158 quare
3293 5087 3371 5140 ita
3401 5085 3581 5140 facis?

1987 5179 2146 5243 Quod
2176 5178 2316 5232 bene
2345 5177 2663 5247 intelligens
2693 5176 2814 5242 Job,
2850 5177 2979 5230 licet
3009 5177 3200 5230 multis
3234 5175 3581 5230 excruciatus

1986 5267 2290 5338 suppliciis,
2323 5267 2380 5320 in
2409 5265 2666 5320 omnibus
2689 5266 2817 5336 jure
2839 5283 2980 5336 pene
2995 5265 3274 5329 laudatur,
3299 5264 3448 5335 quod
3468 5280 3582 5319 non

1987 5355 2233 5427 peccavit
2261 5355 2422 5409 labiis
2449 5355 2584 5420 suis,
2620 5371 2689 5408 ne
2719 5355 2951 5409 stultum
3002 5354 3132 5424 quid
3165 5358 3360 5406 contra
3402 5353 3582 5408 Deum

1989 5445 2205 5498 locutus
2236 5452 2320 5498 est
2343 5447 2474 5513 (Job.
2493 5445 2572 5514 ιι).
2598 5444 2762 5500 Unde
2789 5461 2918 5497 cum
2938 5442 3138 5513 aliquis
3167 5441 3276 5496 ﬁde
3289 5442 3495 5510 vivens,
3519 5447 3583 5496 ut

1991 5538 2264 5606 augeatur
2294 5534 2508 5590 meritis
2535 5552 2546 5588 :
2581 5550 2760 5607 neque
2791 5533 2872 5588 vir
2890 5533 3006 5604 jam
3033 5531 3220 5604 gratia
3247 5532 3519 5589 discretus
3548 5548 3583 5586 a
