3960 6168
300 288 443 347 1177

946 289 1330 347 EXPOSITIO
1371 289 1449 345 IN
1485 290 2094 348 LAMENTATIONES
2131 288 2487 345 JEREMIA'}.
2534 321 2596 334 --
2635 292 2755 348 LIB
2815 294 2917 349 III.

3437 282 3582 342 1178

290 415 405 472 hoc
430 416 612 471 solum
642 415 804 471 nobis
834 415 958 471 vitae
985 414 1303 470 subsidium
1325 420 1430 483 est,
1454 422 1518 472 ut
1543 418 1791 474 levemus
1820 418 1958 477 adA
1980 419 2044 471 in
2072 419 2296 484 signum
2345 418 2438 469 cui
2482 418 2894 471 contradicetur
2938 416 3083 488 (Luc.
3117 416 3197 483 u).
3233 412 3413 478 Unde,
3445 411 3579 482 quia

292 521 429 561 eum
460 505 650 571 corda,
683 521 812 559 cum
838 504 1117 570 manibus,
1152 504 1210 557 in
1232 505 1454 571 coelum,
1502 512 1560 559 et
1600 507 1853 562 dicamus
1885 525 1895 559 :

290 595 508 648 Delicta
529 596 845 662 juventutis
867 610 1012 657 mea,
1031 596 1584 660 ctignorantizmecr,
1613 611 1679 649 ne
1708 598 1901 649 memi-

296 685 453 737 neris
486 684 653 750 (Psal.
685 684 853 750 XXIV).
886 681 1162 745 Quoniam
1189 682 1451 751 graviora
1478 688 1612 737 sunt
1640 688 1900 738 senectu-

293 770 397 840 tis,
427 787 597 841 quam
615 769 928 840 juventutis
941 769 1193 824 vulnera.
1217 770 1359 824 Nam
1386 787 1564 825 unum
1595 787 1791 826 eorum
1811 772 1903 826 de-

293 858 536 913 bilitatis
582 863 669 912 est
718 857 1071 912 remedium:
1105 857 1259 911 aliud
1302 874 1432 911 vero
1476 858 1648 913 robur
1683 859 1899 914 salutis.

295 948 513 1003 Salutis
544 946 826 1001 medicina
851 946 1069 1001 vulneri
1099 946 1372 1018 quaeritur
1402 964 1414 999 :
1443 947 1629 1017 gratia
1661 964 1787 1002 vero
1812 965 1903 1002 sa-

292 1036 487 1091 nitati.
522 1036 766 1106 Ideoque
795 1035 875 1089 ait
906 1052 920 1088 :
956 1038 1167 1089 Bonum
1197 1041 1272 1089 est
1302 1038 1422 1089 viro
1448 1052 1576 1090 cum
1601 1040 1904 1105 portaverit

289 1128 497 1194 iugum
518 1127 582 1177 in
590 1127 877 1192 iuventute
906 1140 1027 1190 sua,
1048 1140 1113 1178 eo
1145 1125 1292 1195 quod
1318 1126 1446 1193 (etsi
1467 1125 1695 1180 senibus
1721 1143 1903 1180 reme-

295 1213 456 1268 dium
499 1217 587 1267 est
633 1211 890 1266 desinere
935 1215 1184 1284 peccare)
1224 1213 1521 1269 stimulant
1550 1231 1645 1269 eos
1672 1220 1904 1286 peccata

296 1318 429 1371 sua,
459 1300 707 1372 exagitat
734 1301 1131 1356 conscientiam
1165 1303 1510 1357 consuetudo
1538 1304 1823 1374 peccandi,
1848 1310 1904 1359 et

296 1390 522 1460 longior
567 1407 706 1444 usus
754 1390 957 1444 erroris
1005 1407 1153 1462 saepe
1187 1390 1504 1446 instabilem
1559 1392 1709 1446 facit.
1745 1394 1904 1447 Unde

296 1479 435 1533 huic
464 1479 523 1532 in
548 1478 797 1549 periculo
838 1495 928 1533 res
957 1483 1080 1533 est:
1107 1481 1298 1550 juveni
1331 1486 1517 1534 autem
1546 1481 1606 1535 in
1637 1481 1800 1536 bono.
1836 1482 1905 1536 Et

1985 504 2216 559 abstulit
2243 505 2516 559 Dominus
2547 521 2743 559 omnes
2768 506 2943 560 fortes
2981 510 3040 559 et
3082 502 3424 573 magniﬁcos,
3459 516 3577 552 me-

1984 593 2092 647 rito
2124 594 2203 646 eis
2245 592 2526 647 sublatum
2574 594 2862 664 plangitur
2907 593 3271 664 adjutorium,
3319 606 3385 643 eo
3431 588 3579 659 quod

1984 682 2298 751 adjutorem
2319 683 2519 748 Deum,
2541 682 2804 737 indurato
2834 684 3018 748 corde,
3046 682 3410 752 reliquerunt.
3436 679 3577 731 Nam

1985 774 2043 824 et
2095 770 2241 823 idem
2301 772 2576 842 propheta
2633 772 2797 841 longe
2846 773 2963 841 jam
3019 787 3190 841 supra
3241 784 3431 822 vocem
3482 764 3582 820 Dei

1985 859 2273 930 praemisit,
2326 860 2513 913 dicens
2556 877 2566 912 :
2628 862 2757 914 Ecce
2800 863 3063 914 constitui
3118 864 3164 913 te
3212 859 3368 911 hodie
3420 870 3582 926 super

1983 953 2165 1015 gentes
2211 953 2259 1001 et
2306 965 2468 1018 super
2516 965 2705 1016 regna,
2751 954 2815 1003 ut
2852 951 3067 1015 evellas,
3113 952 3160 1000 et
3203 949 3470 1009 destruas,
3533 948 3581 996 et

1985 1038 2228 1105 dissipes,
2258 1042 2306 1090 et
2353 1039 2653 1105 disperdas,
2699 1043 2746 1091 et
2784 1042 2999 1107 plantcs
3026 1037 3159 1108 (Jer.
3194 1033 3336 1104 VIII).
3372 1035 3581 1087 Contra

1988 1142 2109 1196 quie
2136 1130 2379 1195 quatuor
2404 1126 2606 1192 tristia,
2638 1127 2749 1180 duo
2778 1127 2905 1181 laeta
2948 1125 3209 1197 opposuit
3241 1143 3251 1175 :
3300 1123 3434 1194 quia
3466 1137 3579 1175 non

1984 1218 2249 1284 poterant
2272 1214 2537 1267 aedificari
2555 1213 2721 1279 bona,
2757 1214 2865 1267 nisi
2890 1214 3172 1268 destructa
3194 1214 3383 1265 essent
3409 1210 3573 1271 mala,

1985 1302 2089 1356 nec
2114 1302 2358 1373 plantari
2378 1303 2609 1373 optima,
2624 1303 2729 1355 nisi
2752 1302 3172 1356 eradicarentur
3191 1300 3449 1371 pessima.
3476 1297 3581 1353 Hic

1986 1396 2174 1446 autem
2214 1391 2648 1445 eradicationem
2695 1397 2751 1444 et
2786 1390 3228 1460 indignationem
3267 1405 3326 1442 se
3366 1387 3582 1459 plangit

1986 1481 2230 1552 positum
2263 1480 2321 1533 in
2351 1480 2533 1534 medio
2564 1480 2899 1551 populorum
2932 1497 2942 1531 :
2974 1479 3103 1549 quia
3135 1494 3346 1542 omnes,
3391 1475 3525 1545 quia
3547 1490 3583 1527 a

295 1569 493 1624 nescio
522 1585 647 1623 cum
675 1568 934 1622 sederitis
974 1569 1357 1639 singulariter,
1389 1570 1435 1625 si
1467 1570 1625 1625 facile
1655 1572 1907 1627 inveniat
1990 1570 2213 1623 Christo
2234 1569 2293 1622 in
2318 1569 2581 1640 passione
2609 1568 3035 1633 obcrraverunt,
3061 1565 3327 1620 eradicati
3356 1569 3488 1618 sunt
3511 1563 3580 1615 de

296 1658 573 1729 aequalem
610 1673 727 1711 una
757 1673 885 1711 cum
919 1658 1084 1711 unico
1131 1658 1308 1729 patris
1340 1658 1480 1712 Filio
1512 1660 1815 1728 solitarius,
1844 1662 1903 1716 in
1989 1664 2141 1712 terra
2169 1658 2493 1722 viventium,
2535 1657 2921 1727 indignatione
2960 1660 3248 1727 perpetua.
3292 1653 3504 1707 Idcirco
3529 1656 3585 1704 et

296 1748 422 1801 loco
447 1762 668 1818 pascuae
699 1745 935 1812 locatus,
965 1762 1091 1800 cum
1122 1752 1179 1801 et
1197 1746 1315 1817 ipse
1336 1747 1717 1818 singularibus
1735 1750 1906 1804 dona-
1925 1768 1972 1828 Β
1988 1748 2258 1817 propheta
2279 1751 2511 1817 prapter
2540 1763 2636 1799 eos
2656 1750 2900 1816 quatuor
2924 1744 3156 1807 inducit,
3183 1742 3429 1797 scilicet:
3458 1741 3584 1807 Ope-

296 1835 456 1889 bitur
484 1833 748 1905 praemiis,
791 1839 848 1888 et
894 1834 1166 1890 ditabitur
1206 1836 1385 1890 donis.
1438 1837 1583 1892 Hinc
1627 1843 1714 1892 est
1756 1838 1903 1910 quod

300 1923 528 1995 quietus
543 1927 597 1977 et
622 1922 855 1977 feriatus
873 1921 944 1977 ab
964 1924 1116 1977 omni
1136 1924 1588 1996 interpellatione
1609 1928 1904 1983 mundanae

298 2010 713 2079 sollicitudinis,
736 2017 792 2064 et
805 2012 1406 2082 voluptatibus,divinis
1420 2031 1619 2069 vacans
1640 2016 1898 2082 oraculis,

301 2100 807 2172 Levemus,.inquit,
828 2102 992 2155 corda
1011 2117 1135 2155 cum
1158 2104 1419 2156 manibus
1439 2104 1513 2156 ad
1527 2105 1823 2157 Dominum
1840 2108 1900 2158 in

296 2192 514 2256 catum,
550 2194 613 2244 ut
651 2189 1018 2260 singulariter
1047 2206 1113 2242 ea
1136 2190 1446 2244 referamus
1476 2207 1598 2261 quae
1629 2208 1754 2245 cum
1786 2193 1901 2246 Deo

293 2276 610 2332 viventibus
639 2278 823 2332 solent
851 2277 1066 2331 felicius
1111 2278 1253 2331 dari.
1306 2280 1540 2333 Interim
1586 2284 1773 2334 tamen
1800 2298 1901 2353 pro

294 2366 599 2438 praeteritis
631 2381 892 2420 curemus
912 2366 1091 2420 Deum
1123 2382 1250 2420 cum
1269 2367 1530 2438 lacrymis
1560 2374 1616 2421 et
1642 2369 1899 2439 precibus

294 2454 606 2510 instantius
629 2471 884 2522 exorare,
913 2459 969 2509 et
997 2455 1251 2509 confiteri
1281 2457 1429 2527 quod
1459 2472 1560 2511 nos
1588 2473 1782 2511 sumus
1804 2458 1900 2529 qui

294 2544 493 2614 inique
523 2543 761 2614 egimus,
794 2560 896 2598 nos
919 2544 1015 2615 qui
1045 2545 1116 2598 ad
1135 2543 1483 2599 iracundiam
1506 2562 1896 2616 provocamus.

296 2632 514 2688 Idcirco
542 2632 675 2703 quia
702 2632 987 2703 praeterita
1001 2632 1307 2702 abundant,
1332 2650 1435 2689 nec
1454 2636 1750 2706 praesentia
1780 2653 1900 2691 ces-

294 2724 445 2788 sant,
478 2720 731 2775 dicamus
758 2737 885 2775 cum
918 2722 1190 2793 propheta
1224 2736 1235 2769 :
1266 2723 1410 2787 Quia
1437 2729 1501 2777 tu
1543 2724 1901 2779 inexorabilis

301 2825 382 2864 es.
417 2810 487 2863 Et
506 2809 638 2880 quia
666 2825 769 2864 nos
798 2825 910 2863 non
939 2810 1117 2877 audit,
1143 2827 1256 2865 non
1285 2813 1406 2882 ejus
1435 2812 1901 2883 inexsuperabilis

301 2896 548 2964 bonitas,
564 2898 662 2952 sed
685 2903 879 2953 nostra
898 2898 1113 2953 malitia
1129 2898 1279 2953 facit.
1302 2901 1462 2955 Unde
1491 2905 1641 2955 recte
1663 2902 1901 2956 Samech

294 2986 492 3041 littera
516 2987 787 3058 sequitur,
823 3003 945 3059 qua:
974 2990 1115 3042 audi
1140 2988 1225 3042 vel
1250 2992 1671 3056 [irritamentum
1699 3006 1899 3045 sonare

1988 1838 2158 1888 rm'sti
2183 1838 2244 1888 in
2273 1838 2483 1901 furore,
2513 1840 2561 1887 et
2576 1836 2903 1902 percussiin
2932 1850 3026 1887 nos
3058 1852 3073 1885 :
3106 1833 3367 1895 occidisti,
3386 1846 3481 1882 nec
3488 1845 3583 1897 pe-

1981 1926 2222 1991 percisti.
2270 1923 2508 1992 Operuit
2537 1922 2762 1992 quidem
2816 1921 2875 1974 in
2920 1922 3108 1975 furore
3145 1935 3246 1973 suo
3271 1918 3584 1970 velamento

1984 2010 2250 2065 caecitatis
2297 2010 2492 2064 faciem
2527 2010 2869 2075 Judzeorum,
2901 2026 2972 2063 ne
3001 2012 3399 2079 agnosceretur
3425 2003 3584 2058 Chri-

1985 2103 2125 2152 stus.
2158 2099 2317 2153 Unde
2355 2104 2413 2153 et
2451 2099 2701 2153 velamen
2742 2098 2984 2168 positum
3031 2101 3155 2151 erat
3182 2110 3350 2166 super
3381 2091 3579 2145 faciem

1983 2188 2162 2258 Moysi
2173 2196 2195 2259 (
2205 2189 2371 2242 Exod.
2388 2192 2566 2256 xxx1v)
2575 2227 2588 2253 ,
2610 2187 2758 2257 quod
2769 2203 2869 2257 usq
2877 2203 2947 2240 ue
2958 2185 3123 2239 hodie
3134 2184 3359 2254 legitur.
3378 2182 3447 2236 Et
3459 2196 3582 2251 per-

1983 2276 2156 2330 cussit
2179 2293 2274 2330 eos
2300 2277 2466 2347 plaga
2495 2275 2859 2347 dispersionis
2879 2274 2935 2328 in
2956 2274 3236 2345 gentibus,
3270 2287 3371 2325 nec
3389 2275 3580 2323 tamen

1982 2365 2223 2419 sensisse
2244 2381 2339 2419 eos
2354 2365 2655 2419 cernimus.
2675 2363 2891 2419 Occidit
2903 2379 3053 2427 vero,
3078 2361 3301 2433 quando
3318 2359 3579 2430 spiritum

1979 2454 2174 2524 gratiae
2208 2454 2328 2508 vitae
2357 2453 2592 2508 abstulit
2624 2469 2635 2503 :
2672 2453 2804 2524 quia
2831 2453 2918 2507 lex
2948 2450 3256 2523 spiritualis
3285 2455 3373 2503 est
3407 2450 3578 2514 (Rom.

1981 2544 2095 2611 vn),
2130 2558 2202 2596 ne
2256 2542 2519 2613 spiritum
2548 2543 2675 2597 vitae
2718 2542 2775 2596 in
2823 2542 3022 2596 eadem
3052 2542 3174 2611 lege
3205 2538 3577 2611 perciperent.

1982 2632 2097 2686 Nec
2123 2632 2391 2702 pepercit,
2427 2632 2650 2702 quando
2681 2637 2739 2685 et
2766 2631 2951 2701 gratia
2980 2648 3013 2684 a
3040 2630 3271 2701 templo,
3304 2645 3339 2680 a
3364 2628 3505 2695 lege,
3547 2641 3582 2678 a

1983 2721 2099 2775 solo
2121 2720 2334 2791 patriae,
2354 2726 2411 2774 et
2429 2720 2498 2774 ab
2519 2720 2779 2774 omnibus
2802 2719 3015 2791 expulit
3040 2719 3169 2773 ﬁdei
3189 2714 3577 2770 sacramentis.

1983 2809 2141 2862 Unde
2190 2808 2367 2862 nubes
2413 2808 2669 2879 opposita
2722 2813 3079 2879 peccatorum
3124 2812 3319 2860 contra
3355 2820 3475 2869 nos,
3509 2819 3581 2856 ne

1983 2902 2237 2951 transeat
2256 2897 2436 2951 oratio
2457 2912 2673 2963 eorum,
2694 2899 2822 2967 jure
2843 2897 3147 2967 plangitur.
3181 2894 3287 2958 Qui
3310 2893 3577 2947 nimirum

1981 2986 2154 3051 locus,
2194 3002 2305 3040 non
2338 2986 2524 3040 minus
2553 3003 2724 3057 supra
2748 3001 3043 3057 personam
3074 2982 3282 3038 Christi
3312 2979 3580 3051 intelligi-

294 3074 520 3130 videtur
551 3093 564 3127 :
595 3080 652 3129 et
686 3080 752 3129 ut
776 3081 970 3130 noster
994 3076 1271 3147 interpres
1298 3077 1395 3143 ait,
1429 3080 1780 3147 adjutorimn
1812 3079 1898 3133 in-
1919 3085 1959 3144 ί]
1982 3080 2096 3141 tur,
2128 3091 2297 3145 quam
2326 3080 2384 3128 et
2410 3091 2580 3145 super
2606 3074 2861 3129 Jeremiaa
2882 3075 3318 3144 interpretatur:
3348 3069 3481 3140 quia
3496 3070 3584 3122 Jev

294 3168 661 3236 terpretatur,
692 3165 842 3235 quod
871 3165 991 3236 ipse
1019 3169 1207 3220 textus
1234 3182 1496 3220 versuum
1524 3166 1791 3221 insinuat.

900 3290 905 3295 ’
973 3321 1215 3361 saneea.

368 3447 649 3517 Operuisti
694 3451 862 3515 enim,
911 3446 1112 3519 inquit,
1160 3451 1223 3502 in
1254 3450 1449 3517 furore
1489 3456 1537 3504 et
1585 3454 1902 3518 percussisti

292 3552 401 3591 nos
425 3556 441 3591 :
463 3538 729 3604 occidisti,
763 3554 860 3592 nec
882 3540 1190 3606 pepercisti.
1215 3538 1524 3606 Opposuisti
1555 3542 1753 3593 nubem
1777 3541 1894 3606 tibi,

292 3642 360 3680 ne
392 3631 641 3681 tremeat
669 3628 864 3679 oratio.
897 3626 1343 3679 Eradicationem
1376 3633 1423 3679 et
1454 3629 1898 3695 indignationem

284 3718 529 3785 posuisti
559 3731 643 3768 me
670 3717 734 3768 in
788 3716 960 3767 medio
997 3716 1352 3783 populorum.
1399 3714 1613 3779 Quibus
1653 3716 1898 3786 profecto

288 3803 496 3869 verbis,
530 3802 709 3873 liquet
731 3818 928 3856 sensus
954 3802 1175 3869 litterae,
1206 3803 1354 3873 quod
1380 3804 1725 3873 adjutorium
1748 3806 1899 3874 juste

291 3890 583 3945 auferetur
601 3889 670 3943 ab
684 3890 784 3955 eis,
808 3890 904 3961 qui
925 3894 982 3944 et
1001 3890 1181 3944 multa
1196 3890 1264 3945 de
1275 3891 1574 3962 praeteritis
1593 3896 1897 3962 aggregata

295 3994 411 4032 non
431 3978 710 4049 plangunt
741 3997 754 4035 :
787 3979 1019 4050 insuper
1044 3984 1100 4033 et
1127 3996 1270 4033 nova
1298 3980 1576 4035 veteribus
1606 3980 1896 4048 addentes,

1986 3163 2191 3217 remias
2242 3167 2475 3217 excelsus
2527 3166 2754 3218 Domini
2804 3162 3026 3217 dicitur.
3079 3160 3354 3215 Dominus
3392 3162 3582 3211 autem

1985 3252 2263 3307 destruxit
2287 3268 2462 3322 regna
2490 3251 2717 3318 diaboli,
2760 3269 2882 3322 qua;
2909 3251 3015 3306 sibi
3046 3251 3103 3304 in
3129 3249 3344 3304 excelso
3375 3245 3583 3299 montis

1985 3341 2330 3404 ostenderat,
2353 3346 2411 3394 et
2429 3341 2777 3395 adversarius
2791 3340 3036 3411 perdidit
3048 3343 3373 3411 potestates,
3390 3335 3583 3389 delens

1982 3429 2418 3499 chirographum
2451 3445 2644 3482 earum
2676 3430 2736 3483 in
2776 3446 2941 3483 cruce
2975 3430 3102 3495 (Col.
3136 3430 3220 3498 II).
3252 3428 3301 3480 A
3341 3428 3584 3491 [454

1983 3517 2204 3588 quibus,
2238 3518 2331 3587 qui
2365 3517 2618 3572 membra
2645 3524 2779 3572 sunt
2817 3518 2986 3588 hujus
3030 3516 3299 3588 corporis,
3329 3513 3580 3568 ablatum

1983 3610 2070 3660 est
2087 3622 2252 3660 omne
2272 3606 2634 3676 adjutorium,
2650 3612 2706 3660 et
2721 3611 2997 3660 statutum
3018 3610 3104 3658 est
3123 3605 3292 3658 chaos
3312 3616 3578 3673 magnum

1981 3693 2131 3748 inter
2158 3710 2252 3748 eos
2279 3694 2375 3764 qui
2401 3694 2638 3765 praesciti
2664 3699 2721 3747 et
2735 3691 3113 3764 praedestinati
3141 3696 3273 3745 sunt
3296 3691 3366 3744 ad
3382 3689 3580 3757 Vvitam,

1981 3788 2152 3853 atque
2181 3782 2330 3836 inter
2354 3799 2449 3836 eos
2480 3783 2575 3853 qui
2603 3781 2961 3852 praeordinati
2992 3784 3142 3843 sunt,
3170 3780 3322 3848 justo
3369 3781 3426 3830 et
3447 3792 3577 3829 vero

1982 3870 2082 3925 Dei
2094 3870 2329 3940 judicio,
2353 3871 2422 3924 ad
2444 3870 2799 3940 supplicium.
2822 3870 2982 3924 Unde
2998 3886 3062 3923 ex
3084 3865 3382 3936 Evangelia
3397 3863 3580 3918 Abra-

1987 3959 2115 4013 ham
2144 3959 2215 4013 ad
2243 3959 2509 4013 divitem:
2549 3961 2699 4013 Inter
2742 3976 2835 4012 nos
2871 3964 2919 4012 et
2972 3975 3053 4012 vos
3101 3958 3256 4011 chaos
3286 3969 3575 4021 magnum,

296 4045 459 4139 pium
475 4045 722 4137 judicem
747 4066 817 4121 ad
848 4045 1196 4122 iracundiam
1217 4072 1541 4139 provocant,
1568 4073 1625 4123 et
1652 4045 1902 4139 quotidie
1983 4048 2186 4139 inquit,
2210 4052 2498 4116 ﬁrmatum
2525 4054 2598 4102 est
2631 4053 2691 4101 ut
2722 4064 2835 4139 non
2858 4049 3065 4139 possint
3095 4047 3221 4139 inde
3251 4045 3376 4139 huc,
3407 4056 3579 4139 neque

298 4134 1114 4227 deiincjuendoﬁnexorabilem
1131 4134 1904 4229 redduntzetsicutsuperius
1985 4153 2048 4189 θα)
2077 4138 2208 4234 Ῑιξζῖσ
2238 4140 2375 4234 “fw
2405 4142 2745 4234 {mn-"7184f?
2781 4138 2933 4234 (L350:
2957 4135 3415 4234 nim-Propterea
3429 4134 3580 4234 recte

298 4244 453 4299 idem
475 4224 769 4315 propheta
802 4243 905 4298 sub
946 4245 1142 4299 eadem
1171 4246 1379 4316 littera_
1400 4246 1635 4300 Samech
1664 4224 1899 4316 plangit,
1984 4241 2022 4324 ᾖ
2047 4225 2381 4324 ίιιιξδιιεάειω
2411 4224 2815 4324 ίηίθτΡΓοῐίδυ-ες
2836 4225 3007 4324 iullus
3027 4224 3228 4324 ιίιιιθξδε
3248 4224 3581 4324 ίῐξξθνρνθξια·

297 4331 569 4402 Abstulit,
598 4332 799 4404 inquit,
832 4335 1102 4387 Dominus
1127 4336 1190 4387 de
1214 4335 1390 4387 medio
1412 4338 1521 4387 mei
1537 4350 1721 4387 omnes
1736 4336 1897 4402 fortes

1985 4313 2081 4379 tio,
2109 4316 2547 4381 ﬁrmamentum,
2561 4319 2660 4368 aut
2678 4315 2815 4368 audi
2835 4314 3257 4383 interpretatur.
3279 4311 3406 4364 Non
3427 4311 3579 4363 enim

298 4400 740 4491 meos(1'liren.—I,
766 4422 870 4489 vel,
885 4427 950 4476 ut
968 4422 1148 4476 nostri
1170 4421 1386 4476 codices
1409 4427 1654 4490 [453
1669 4400 1897 4492 habent,
1919 4440 1966 4499 D
1984 4402 2509 4502 Otiosefiidbau‘li}
2545 4403 2698 4502 flund'
2735 4419 3033 4502 οοηπιξυηε
3070 4406 3165 4502 Ξδῗ
3206 4400 3485 4502 οπξηξιξηεη
3526 4402 3583 4451 et

298 4508 632 4580 magniﬁcos
660 4510 871 4563 vocavit
890 4510 1188 4565 adversum
1218 4528 1309 4566 me
1332 4516 1557 4583 tempus
1588 4528 1599 4564 ε
1633 4517 1699 4566 ut
1720 4518 1897 4567 conte-

1985 4493 2234 4564 suppetit
2253 4492 2528 4547 universis
2548 4492 2668 4562 ipso
2679 4492 2806 4561 jure
2823 4496 3054 4545 naturae.
3070 4491 3195 4544 Non
3216 4494 3301 4542 est
3312 4491 3573 4551 otiosum,

294 4579 453 4652 reret
478 4598 537 4652 in
568 4614 659 4652 me
689 4599 893 4653 electos
924 4616 1105 4657 meos.
1140 4601 1267 4655 Non
1304 4579 1470 4654 enim
1496 4607 1630 4655 tunc
1673 4601 1906 4657 abstulit
1986 4580 2235 4675 i'}fl“_ams
2269 4581 2419 4651 (ἰυοά
2447 4580 2654 4634 diem"
2693 4580 2846 4646 andi:
2897 4580 3067 4675 θῐίξῑῐη
3108 4594 3238 4631 cum
3276 4579 3435 4675 ίῐξγίίί
3478 4579 3580 4675 ἥυίί

294 4703 495 4742 omnes
510 4687 714 4742 Judazaa
730 4688 902 4742 fortes
914 4672 1205 4755 Dominus,
1226 4688 1450 4760 quando
1464 4688 1518 4743 in
1535 4689 1897 4761 Babyloniam

1985 4669 2135 4723 aliud
2164 4676 2414 4739 agentes,
2446 4685 2647 4723 sonum
2674 4675 2861 4722 tamen
2895 4673 2993 4722 aut
3017 4684 3203 4721 vocem
3226 4665 3423 4719 audire
3442 4664 3581 4718 sole-

292 4774 587 4845 regionem
617 4775 936 4831 Iudaeorum
969 4754 1220 4848 captivus
1242 4754 1470 4831 -ductus
1513 4783 1598 4832 est
1641 4754 1899 4849 p0pulus,
1986 4774 2129 4849 mu??-
2160 4757 2271 4849 8θᾴ
2297 4757 2565 4849 qni???"
2596 4762 2682 4811 θεῖ
2709 4758 2813 4812 hoc
2842 4758 3021 4849 3919:“
3042 4755 3257 4849 εξιιάίτθν
3277 4754 3425 4849 φλ(ξά
3455 4770 3581 4849 SUP'

291 4844 393 4918 sed
419 4863 646 4934 quando
658 4864 881 4919 Christo
894 4844 1140 4932 advenit,
1167 4871 1227 4919 et
1244 4865 1562 4920 libertatem
1577 4844 1777 4921 anime
1790 4844 1903 4921 sua:
1983 4847 2126 4917 Petit
2144 4846 2341 4900 andil‘e
2370 4845 2549 4900 omCiO
2566 4851 2800 4911 natum:
2821 4846 2920 4899 sed
2938 4845 3077 4899 mild
3097 4851 3246 4915 (Ιιλοίι
3266 4844 3452 4934 mal“?
3475 4846 3578 4907 θεῖ’

292 4932 586 5023 synagoga
605 4952 825 5023 captiva
841 4970 955 5007 non
974 4954 1128 5019 vidit,
1156 4954 1409 5008 nesciens
1426 4953 1693 5024 gravibus
1712 4955 1901 5008 incur-
1983 4940 2049 4989 ut
2077 4935 2283 5030 au_dias_
2302 4951 2415 5030 ξῖοη
2566 4939 2787 5030 unitum
2806 4932 3581 5030 εοΓΡῩΓίενβίιξδΨξηίθηθξῖίυ

292 5022 429 5096 γεω
461 5022 718 5112 peccatis,
754 5042 957 5096 mentis
984 5057 1098 5096 sua;
1129 5042 1344 5112 erigere
1368 5022 1732 5107 ceivicem,“
1748 5060 1899 5114 qum-
1984 5024 2191 5079 mentis
2224 5042 2234 5077 :
2270 5024 2395 5077 ideo
2418 5023 2743 5093 diligentius
2768 5023 3060 5077 considera
3079 5022 3242 5078 istius
3273 5022 3578 5114 litterae-in-

294 5130 432 5185 dam
461 5108 591 5184 iidei
621 5131 763 5185 colla
790 5131 860 5185 ad
892 5132 1075 5185 lucem
1119 5108 1475 5203 cogitationis
1503 5108 1784 5186 attollere:
1810 5132 1902 5186 Id-
1985 5113 2467 5211 Perpfftaﬁfnem:
2496 5112 2812 5211 ⁸ῗῄθωῖυὲ
2841 5129 3125 5179 versuum:
3158 5108 3581 5211 POStP‘O’me’P

296 5219 448 5273 circo
477 5218 737 5274 Christus
761 5219 923 5291 quasi
941 5201 1244 5275 eradicatio
1269 5225 1325 5273 et
1351 5220 1665 5291 indignatio
1689 5220 1904 5290 positus
1984 5201 2435 5273 ίηιειιίεθιιιίειων
2468 5202 2602 5273 quid
2622 5207 2892 5291 Sequatur
2910 5219 3024 5270 θοδν
3039 5218 3275 5274 quorum
3296 5201 3356 5254 in
3375 5201 3579 5269 semPi'

296 5313 389 5364 est
414 5308 472 5361 in
498 5306 685 5362 medio
706 5290 1062 5380 populorum.
1088 5310 1230 5363 Hinc
1251 5309 1370 5380 ipse
1390 5290 1504 5363 ait:
1537 5310 1646 5377 Ego
1675 5312 1818 5375 veni,
1846 5315 1905 5363 ut
1986 5296 2210 5347 ternum
2241 5292 2400 5392 Ῡυξόν
2419 5290 2684 5363 Ρθθεθηάί
2705 5297 3046 5363 Perseverat-

293 5398 542 5451 videntes
555 5412 667 5451 non
679 5399 919 5463 videant,
936 5403 984 5451 et
996 5401 1096 5466 qui
1107 5400 1289 5452 vident
1302 5400 1427 5453 caeci
1444 5400 1585 5466 fiant
1600 5399 1783 5467 (Joan.
1802 5400 1896 5468 Ix).
2662 5453 2690 5468 Δ
2703 5451 2720 5468 ,
2736 5404 2759 5468 ,]

296 5486 370 5541 Et
398 5484 628 5541 Simeon
657 5500 786 5541 eum
816 5486 1126 5558 suscipiens
1159 5500 1171 5535 :
1207 5488 1331 5542 Ecce
1356 5490 1563 5557 positus
1606 5492 1681 5543 est
1711 5488 1802 5543 hic
1838 5490 1901 5543 in

296 5578 561 5644 ruinam,
608 5579 658 5630 et
696 5578 1155 5632 resurrectionem
1182 5579 1494 5633 multorum
1524 5580 1587 5633 in
1623 5580 1815 5646 Israel,
1848 5582 1899 5633 et

2662 5451 2881 5490 SAMECH
2892 5476 2903 5488 .

2064 5576 2224 5633 Unde
2251 5581 2553 5649 opposuisti
2561 5580 2760 5635 nubem
2772 5579 2892 5645 tibi,
2910 5591 2976 5632 ne
2988 5580 3210 5633 transeo
3226 5581 3245 5631 t
3264 5579 3418 5632 orato
3442 5574 3587 5631 .Alia
