3960 6168
502 285 640 346 1179

501 501 758 556 Christus
791 519 801 554 :
836 500 948 555 alia
993 499 1170 554 nubes
1196 499 1382 553 lucida
1426 502 1485 551 et
1509 497 1748 551 candida
1775 521 1785 551 :
1817 498 1930 552 alia
1963 514 2092 552 vero

497 589 812 645 tenebrosa.
834 589 944 645 Sed
963 587 1140 643 nubes
1162 603 1284 658 quae
1315 586 1570 657 opposita
1592 586 1894 656 plangitur,
1913 585 2095 641 densi-

499 682 672 734 tatem
691 682 1048 750 peccatorum
1067 675 1364 746 signiﬁcat.
1385 676 1529 728 Nam
1550 679 1609 729 et
1627 675 1889 729 columna
1907 674 2090 740 nubis,

502 784 627 840 quae
670 765 1033 839 praecedebat,
1076 763 1324 819 Hebreis
1365 762 1698 818 exeuntibus
1726 781 1792 818 ex
1830 765 2090 836 Egypto,

500 856 747 910 mediam
769 872 827 909 se
838 869 1145 925 opponens,
1161 852 1608 924 interAEgyptios
1619 857 1787 924 atque
1797 852 2061 907 Hebrmos
2076 870 2087 906 :

499 945 622 1017 ipsa
648 944 956 1013 eademque
983 943 1079 997 lux
1115 947 1239 997 erat
1275 940 1606 997 exeuntibus
1643 942 1774 997 ﬁliis
1808 943 2005 1012 Israel,
2036 948 2095 997 et

495 1034 712 1087 ctecitas
733 1032 1011 1104 Egyptiis
1038 1033 1227 1098 (Exod.
1257 1036 1395 1099 xm).
1428 1031 1517 1086 Ita
1545 1036 1602 1086 et
1633 1030 1811 1087 nubes
1846 1032 2093 1104 corporis

500 1122 709 1178 Christi
749 1122 845 1176 lux
893 1120 1247 1176 credentibus
1287 1137 1297 1170 :
1340 1135 1454 1175 non
1494 1120 1850 1175 credentibus
1879 1125 2090 1189 autem,

500 1212 740 1277 caecitas,
765 1216 822 1265 et
838 1215 997 1282 petra
1020 1209 1510 1276 scandali,necnon
1530 1210 1741 1281 etlapis
1752 1210 2090 1265 oﬂensionis.

501 1302 681 1367 Unde,
697 1300 899 1372 inquit,
919 1300 1197 1369 Operuisti
1216 1302 1279 1353 in
1290 1300 1502 1366 furore.
1522 1299 1667 1363 Quid
1683 1299 1833 1353 enim
1852 1300 2090 1371 operuit,

499 1389 609 1445 nisi
639 1390 772 1461 quia
798 1388 1046 1460 seipsum
1076 1387 1381 1441 Dominum
1409 1387 1468 1440 in
1497 1387 1725 1442 homine
1755 1389 2095 1445 occultavit?

502 1481 568 1535 Et
579 1481 917 1548 percussisti,
936 1493 1001 1531 ac
1028 1477 1076 1531 si
1104 1476 1271 1543 dicat,
1304 1476 1535 1531 vulnere
1562 1477 1925 1532 inﬁdelitatis.
1953 1479 2097 1534 Occi-

501 1569 635 1622 disti
663 1566 751 1621 sui
776 1566 832 1620 in
850 1566 1197 1636 paenitudine
1221 1565 1405 1620 cordis
1442 1568 1551 1619 Nec
1558 1569 1865 1636 pepercisti,
1889 1567 2091 1639 inquit,

499 1660 729 1728 propter
755 1655 1110 1709 severitatem
1135 1654 1353 1725 judicii.
1387 1655 1456 1709 Et
1475 1655 1612 1721 haec,
1644 1655 1895 1727 inquam,
1920 1656 2096 1712 nubes

1251 287 1308 341 S.
1349 284 1729 341 PASCHASII
1764 284 2132 341 RADBERTI
2168 282 2473 341 ABBATIS
2509 282 3003 341 CORBEIENSIS.

498 413 705 485 quippe
748 411 930 468 nubes
970 412 1108 467 levis
1152 411 1377 483 legitur,
1409 426 1580 481 super
1623 425 1792 480 quam
1841 409 2160 471 ascenditA

3596 282 3711 342 1180

2919 421 3034 463 ΜΝ.

2248 496 2449 551 Oculus
2478 511 2629 549 meus
2665 496 2910 564 a/ﬂictus
2938 501 3031 562 est,
3074 510 3174 550 nec
3202 496 3390 560 tacuit,
3413 510 3465 549 eo
3484 496 3716 565 quodnon

2174 590 2304 640 esset
2333 588 2565 652 requies,
2608 589 2665 638 et
2704 582 2762 637 in
2791 583 2959 638 tertio
2988 582 3092 638 sub
3122 583 3295 654 hujus
3323 582 3509 637 litterae
3539 599 3712 637 versu:

2179 674 2378 729 Oculus
2406 688 2556 727 meus
2593 673 2916 741 depredatus
2941 678 3034 738 est,
3069 671 3277 742 inquit,
3308 674 3545 726 animam
3570 687 3717 726 meam

2178 763 2398 827 (Thren.
2422 770 2504 819 ιιι)
2516 801 2529 814 .
2544 760 2819 825 Quoniam
2831 760 3120 815 oculorum
3134 764 3223 814 est
3232 758 3487 826 ofﬁcium,
3501 759 3719 814 nuntiare

2176 854 2325 925 quod
2357 852 2617 907 viderint.
2650 853 2721 906 Et
2747 852 3003 907 Christus
3032 851 3161 906 aliis
3191 851 3404 922 positus
3450 850 3604 905 estin
3626 848 3720 904 rui-

2175 958 2328 1007 nam,
2353 941 2476 996 aliis
2506 941 2563 995 in
2585 940 3072 995 resurrectionem.
3105 940 3220 993 Per
3246 938 3353 993 Ain
3382 938 3603 992 litteram
3621 953 3721 993 ocu-

2173 1031 2358 1091 lorum
2387 1030 2570 1085 ofﬁcia
2587 1030 2965 1095 declarantur,
2981 1033 3048 1084 ut
3061 1044 3203 1084 sane
3222 1028 3462 1082 deﬂeant
3478 1042 3569 1097 pro
3584 1027 3720 1081 offen-

2174 1120 2285 1188 sis;
2331 1120 2418 1175 vel
2464 1120 2636 1175 etiam
2683 1135 2749 1173 ex
2792 1117 3072 1174 desiderio
3111 1116 3315 1188 gratiae
3358 1114 3721 1187 ingemiscant:

2178 1225 2419 1280 quorum
2479 1208 2723 1265 ofﬁcium
2769 1212 2855 1262 est
2897 1223 3122 1279 semper
3176 1204 3443 1260 delectari
3487 1202 3720 1269 suavibus,

2175 1299 2382 1354 oﬂ‘endi
2410 1303 2599 1354 autem
2629 1297 2896 1353 adversis.
2938 1297 3099 1352 Unde
3149 1296 3352 1351 Ennon
3393 1309 3530 1365 sepe
3568 1292 3723 1357 oculus

2175 1386 2808 1459 suppliciorumdicitur,
2824 1391 2863 1452 Ι
2877 1378 3724 1451 Δωοειιιιιεωηιεῆοηίερωὶί

2176 1476 2347 1543 hcedi,
2395 1476 2541 1531 oculi
2582 1475 2790 1542 vitulos,
2837 1474 3032 1529 oculus
3059 1470 3463 1544 generationis,
3508 1470 3595 1524 aut
3627 1468 3724 1521 fons

2174 1564 2574 1636 generationis,
2603 1563 2662 1619 in
2690 1580 2801 1636 quo
2829 1561 3153 1634 baptizabat
3180 1563 3424 1617 Joannes
3453 1574 3465 1608 :
3495 1562 3724 1628 quatenus

2177 1671 2373 1709 eorum
2395 1653 2699 1709 afﬂictione
2719 1669 2821 1723 per
2838 1652 3051 1707 fontem
3063 1647 3447 1722 generationis
3456 1647 3510 1702 in
3521 1644 3725 1716 adoptio-

503 1744 762 1816 opposita
799 1749 885 1798 est
915 1759 1103 1798 coram
1134 1744 1309 1798 oculis
1333 1742 1533 1799 divina;
1566 1745 1893 1814 majestatis,
1927 1763 2095 1816 quam
2113 1770 2157 1830 Β
2177 1759 2305 1798 nem
2334 1748 2532 1797 renata
2556 1741 2863 1830 transirent
2891 1740 3141 1795 ﬁliorum
3180 1737 3410 1830 Dei:_Et
3437 1735 3637 1830 hoc-est
3656 1731 3724 1784 di-

500 1850 613 1888 non
635 1838 819 1904 potest
845 1833 1089 1887 transire
1112 1832 1362 1904 quandiu
1392 1833 1611 1887 caecitas
1640 1850 1705 1887 ex
1734 1839 1894 1905 parte
1924 1835 2096 1889 Israel

502 1922 775 1977 manserit
801 1920 1149 1977 inﬁdelitatis
1186 1922 1387 1975 oratio.
1422 1921 1632 1976 Idcirco
1681 1923 1939 1978 Christus
1967 1926 2097 1995 jure

502 2011 804 2066 eradicatio
832 2017 890 2065 et
908 2010 1221 2081 indignatio
1242 2010 1455 2082 positus
1480 2028 1603 2065 esse
1622 2012 1928 2083 plangitur,
1953 2014 2098 2069 sicut

460 2096 465 2103 ’
501 2100 571 2155 de
600 2100 916 2155 inﬁdelibus
945 2100 1350 2165 comminatur;
1395 2105 1693 2171 propterea
1737 2101 1923 2173 inquit
1964 2120 2098 2174 pro-

502 2190 673 2260 pheta
715 2195 771 2243 et
806 2188 1245 2260 praecedentibus
1290 2204 1413 2259 quae
1461 2194 1795 2259 sequuntur,
1847 2192 1988 2245 Deus
2014 2193 2099 2245 de-

503 2283 677 2332 struet
708 2282 773 2345 te,
806 2281 869 2331 in
899 2280 1065 2344 ﬁnem
1094 2279 1281 2332 evellet
1311 2282 1375 2343 te,
1394 2284 1442 2331 et
1465 2280 1763 2346 emigrabit
1784 2284 1829 2332 te
1843 2281 2098 2334 detaber-

504 2369 724 2431 naculo,
739 2371 787 2419 et
800 2367 1043 2420 radicem
1061 2371 1218 2420 tuam
1233 2368 1297 2420 de
1319 2372 1471 2420 terra
1484 2369 1790 2423 viventium
1812 2368 1977 2435 (Psal.
2000 2368 2093 2438 L1).

505 2453 576 2508 Et
602 2454 707 2507 hoc
735 2458 821 2508 est
843 2458 1027 2508 textus
1056 2454 1223 2525 hujus
1253 2454 1476 2523 litterae,
1496 2454 1643 2509 sicut
1669 2454 1893 2522 dicitur,
1926 2456 2058 2511 audi
2081 2476 2094 2511 :

505 2542 768 2615 quoniam
780 2542 1366 2614 incomprehensibilia
1377 2549 1415 2613 Ι
1431 2545 2093 2614 4558untjudiciaDei.

503 2632 715 2688 Idcirco
746 2638 938 2687 monet
964 2650 1063 2704 per
1090 2635 1235 2688 hanc
1263 2633 1509 2687 litteram
1546 2650 1656 2704 qua
1685 2634 1906 2700 dicitur,
1943 2636 2094 2703 audi,

507 2725 567 2776 ut
594 2738 789 2776 omnes
817 2723 888 2776 ad
913 2722 1342 2793 intelligentiam
1376 2724 1626 2789 redeant,
1660 2729 1719 2777 et
1751 2740 1817 2777 ex
1845 2724 1933 2777 his
1975 2741 2097 2795 quae

502 2811 766 2866 dicuntur
785 2812 969 2866 cordis
990 2812 1364 2882 intelligibilia
1385 2812 1716 2883 percipiant.
1751 2812 1908 2866 Unde
1926 2818 1983 2867 et
2010 2830 2099 2867 su-

502 2918 604 2974 pra
616 2901 718 2956 sub
730 2902 834 2955 hac
856 2902 1045 2955 littera
1068 2920 1080 2954 ε
1101 2903 1307 2955 Lacum
1330 2901 1560 2955 calcavit
1578 2900 1872 2970 Dominus,
1893 2902 2093 2971 inquit,

501 2990 704 3060 virgini
734 2990 861 3044 ﬁliae
888 2990 1062 3054 Judae,
1089 3005 1200 3043 non
1233 2989 1377 3059 quod
1400 2994 1535 3043 tunc
1566 2989 1856 3055 Dominus,
1881 2995 1946 3045 ut
1962 2990 2094 3057 dixi,

2177 1848 2302 1887 cere
2333 1845 2344 1879 :
2377 1831 2585 1886 Oculus
2608 1847 2769 1885 meus
2796 1828 3036 1884 afﬂictus
3055 1833 3164 1894 est,
3186 1825 3365 1881 oculis
3396 1829 3452 1878 et
3468 1818 3721 1886 doloribus,

2177 1937 2280 1976 nec
2323 1920 2520 1975 tacuit.
2577 1921 2774 1990 Itaque
2814 1918 2950 1990 quia
2993 1917 3189 1973 nullus
3240 1914 3449 1969 clamor
3490 1910 3557 1965 ad
3584 1910 3724 1963 Deum

2177 2009 2479 2064 ascendere
2497 2008 2765 2074 creditur,
2788 2023 2958 2078 quam
2979 2006 3197 2060 clamor
3212 2004 3573 2074 lacrymarum
3596 1996 3723 2068 :quia

2180 2104 2238 2152 et
2266 2097 2315 2152 si
2363 2114 2522 2152 voces
2567 2097 2751 2151 surdae
2790 2100 2943 2162 sunt,
2988 2107 3405 2164 nonnunquam
3443 2104 3611 2144 coram
3636 2086 3723 2140 Deo

2178 2187 2438 2259 lacrymie
2463 2202 2705 2257 semper,
2738 2190 2884 2240 teste
2930 2183 3147 2255 Spiritu
3196 2186 3411 2247 sancto,
3456 2175 3655 2232 maxilla
3677 2173 3721 2228 in

2178 2275 2401 2341 caelum,
2424 2291 2553 2329 cum
2572 2274 2726 2329 omni
2740 2274 2986 2328 clamore
3006 2271 3197 2326 cordis
3215 2268 3510 2325 ascendere
3527 2263 3722 2337 proban-

2177 2367 2290 2419 tur.
2322 2364 2482 2429 Quod
2512 2368 2702 2418 autem
2730 2362 2929 2417 Ennon
2959 2361 3158 2416 oculus
3188 2357 3574 2431 suppliciorum
3591 2353 3725 2406 inter-

2180 2458 2455 2524 pretatur,
2472 2452 2534 2507 in
2554 2468 2664 2523 quo
2687 2450 2933 2522 baptizat
2950 2451 3220 2517 Joannes,
3244 2447 3381 2518 quid
3398 2443 3541 2501 aliud
3556 2438 3719 2503 innuit,

2158 2542 2288 2597 .nisi
2319 2542 2469 2613 quod
2495 2546 2730 2595 renatus
2754 2540 3038 2595 desiderat
3062 2538 3175 2594 sibi
3204 2535 3432 2610 propria
3444 2535 3643 2606 peccata
3656 2527 3723 2583 di-

2178 2631 2348 2699 mitti,
2371 2647 2612 2703 quorum
2632 2629 2908 2701 supplicia
2923 2629 3090 2684 corde
3107 2627 3347 2700 provido
3365 2615 3725 2696 perhorrescat?

2179 2722 2377 2792 Itaque
2404 2720 2535 2774 licet
2562 2719 2756 2774 oculus
2775 2718 3183 2790 suppliciorum
3213 2716 3452 2779 dicatur,
3476 2707 3726 2783 praeviden-

2179 2811 2253 2864 tis
2282 2815 2369 2864 est
2395 2815 2588 2863 tamen
2617 2807 2908 2879 supplicia,
2943 2822 3056 2861 non
3083 2803 3436 2862 sustinentis.
3456 2802 3611 2856 Porro
3621 2810 3723 2850 ocu-

2179 2899 2268 2953 lus
2296 2898 2649 2962 tentationis,
2668 2897 2803 2968 quia
2834 2913 2934 2968 per
2952 2911 3083 2951 eum
3111 2911 3265 2967 sepe
3294 2897 3579 2949 tentamur.
3601 2882 3725 2940 Unde

2182 2987 2469 3043 Salvator:
2502 2988 2608 3054 Qui
2636 2988 2856 3052 viderit,
2887 2984 3092 3056 inquit,
3114 2981 3496 3039 mulieremad
3519 2972 3725 3040 ωηειφί·

500 3079 648 3132 fores
668 3078 981 3144 abstulerit,
998 3078 1220 3147 quando
1238 3078 1437 3131 ductus
1459 3084 1543 3132 est
1565 3078 1817 3148 captivus
1839 3079 2097 3149 populus,
2118 3089 2162 3148 ρ
2181 3068 2441 3131 scendum
2487 3091 2629 3142 eam,
2663 3079 2790 3144 jam
2821 3075 3113 3130 machatus
3141 3078 3221 3127 est
3255 3087 3375 3126 eam
3403 3071 3463 3123 in
3487 3065 3624 3121 corde
3650 3072 3725 3113 ευο

503 3166 598 3220 sed
632 3166 857 3235 quando
906 3166 1162 3219 Christus
1210 3166 1453 3220 advenit.
1502 3167 1657 3220 Tunc
1697 3167 1902 3238 quippe
1945 3168 2099 3223 lacus
2184 3166 2396 3233 (Matth.
2423 3166 2494 3233 v).
2532 3165 2600 3218 Et
2616 3179 2733 3218 non
2760 3162 2901 3216 dixit
2926 3161 3282 3233 simpliciter,
3311 3158 3405 3231 qui
3430 3152 3611 3210 viderit
3631 3161 3724 3238 φιλ·

502 3254 683 3308 factus
713 3253 920 3308 Judaais
960 3254 1144 3325 passio
1174 3254 1498 3319 Salvatoris,
1532 3272 1655 3325 quae
1686 3236 1948 3326 gentibus
1975 3273 2101 3328 por-
2180 3253 2395 3319 lierem,
2433 3253 2530 3306 sed
2569 3253 2641 3307 ad
2681 3251 3210 3323 concupiscendum.
3261 3247 3491 3304 Oculum
3541 3236 3724 3312 quidem

502 3346 623 3397 tam
654 3343 850 3397 salutis
879 3343 1140 3398 ostendit.
1174 3345 1320 3398 Nam
1361 3360 1493 3398 crux
1524 3344 1767 3410 Domini,
1813 3345 1959 3399 sicut
1984 3361 2096 3400 non

501 3431 860 3487 credentibus
878 3432 1247 3504 praecipitium
1275 3439 1377 3499 est,
1410 3433 1492 3488 ita
1519 3434 1877 3488 credentibus
1902 3440 2097 3506 portus

505 3522 718 3577 salutis.
755 3521 829 3576 Et
849 3522 976 3576 ideo
1001 3522 1275 3593 praemisit
1299 3523 1591 3594 propheta,
1626 3522 1776 3589 audi,
1817 3528 1881 3577 ut
1906 3524 2097 3579 futura

500 3627 863 3683 cognosceres
885 3611 1149 3682 quoniam
1178 3611 1427 3665 torcular
1447 3614 1564 3678 (aut
1580 3612 1734 3666 lacus
1749 3613 1909 3682 juxta
1926 3613 2095 3667 aliam

499 3700 1043 3772 interpretationem)
1085 3716 1252 3771 quem
1296 3700 1528 3754 calcavit
1575 3700 1845 3755 Dominus
1895 3701 2095 3772 virgini

500 3790 628 3845 ﬁliae
654 3790 828 3855 Judae,
857 3789 1089 3844 calcavit
1114 3795 1179 3843 ut
1206 3806 1270 3843 ex
1302 3789 1422 3861 ipso
1455 3789 1731 3861 passionis
1760 3791 1931 3861 praelo
1960 3791 2098 3844 ﬁdes

500 3879 850 3934 credentium
902 3880 1235 3933 claresceret
1264 3918 1277 3942 ,
1345 3883 1444 3932 aut
1498 3879 1598 3932 faex
1645 3878 1992 3933 inﬁdelitatis
2039 3879 2097 3933 in

502 3985 787 4024 amurcam
801 3968 1086 4023 transiret.
1105 3967 1393 4022 Moraliter
1405 3973 1616 4034 autem,
1638 3973 1788 4021 recte
1803 3983 1862 4021 se
1883 3968 2100 4039 plangit

501 4059 709 4123 anima,
745 4058 968 4127 quando
998 4056 1236 4127 caligine
1264 4056 1486 4127 operuit
1513 4056 1849 4126 iniquitatis,
1879 4062 1942 4110 ut
1970 4073 2097 4127 per-

500 4162 722 4201 cussam
772 4152 941 4215 atque
978 4145 1218 4200 occisam
1262 4145 1469 4199 sentiat
1511 4146 1664 4215 justo
1710 4145 1807 4199 Dei
1858 4145 2092 4215 judicio,

503 4239 705 4302 agente
731 4234 959 4287 vulnere
988 4234 1282 4303 pravitatis
1312 4250 1444 4288 suae.
1482 4233 1582 4287 Cui
1632 4234 1889 4304 opposita
1920 4234 2096 4289 nubes

499 4320 791 4392 plangitur
823 4320 1173 4387 delictorum,
1208 4338 1330 4392 quae
1379 4322 1558 4392 magis
1600 4316 1794 4376 centra
1840 4339 1942 4377 nos
1980 4324 2095 4377 cla-

2181 3342 2436 3409 absolvit,
2461 3347 2706 3396 mentem
2733 3340 2946 3411 ligavit.
2971 3339 3131 3396 Unde
3157 3355 3274 3394 non
3303 3335 3456 3401 dixit,
3486 3328 3723 3421 adultera:

2182 3432 2260 3487 vit
2287 3448 2410 3486 eam
2443 3431 2601 3486 oculo
2632 3430 2731 3485 sed
2759 3429 2819 3484 in
2847 3429 3034 3484 corde.
3054 3428 3268 3484 Oculus
3296 3430 3479 3481 autem
3505 3416 3637 3474 haedi
3650 3416 3723 3484 qui

2177 3521 2246 3576 ad
2268 3520 2554 3575 sinistram
2574 3524 2678 3585 est,
2701 3518 2850 3590 quod
2872 3535 2941 3572 ea
2964 3534 3088 3589 quae
3107 3533 3143 3571 a
3168 3514 3381 3571 dextris
3404 3516 3546 3576 sunt,
3570 3516 3722 3577 pecca'

2179 3616 2269 3665 tor
2295 3609 2483 3664 videre
2504 3625 2619 3663 non
2639 3608 2834 3680 possit.
2865 3606 3175 3678 Propterea
3211 3610 3435 3661 sanctus
3453 3597 3604 3677 dicit;
3624 3594 3724 3646 Pro-

2178 3700 2425 3753 uidebam
2446 3701 2747 3753 Dominum
2765 3699 2829 3750 in
2840 3699 3121 3765 conspectu
3141 3711 3260 3749 meo
3280 3683 3722 3760 semper,quom'am

2179 3805 2214 3841 a
2240 3790 2452 3841 dextris
2478 3792 2552 3841 est
2580 3786 2724 3840 mihi
2752 3802 2818 3839 ne
2846 3800 3187 3839 commovear
3225 3784 3388 3850 (Psat.
3414 3775 3550 3846 xxv).
3572 3772 3653 3826 Est
3679 3768 3722 3819 et

2180 3876 2373 3931 oculus
2427 3875 2657 3931 vitulae:
2706 3874 2843 3945 quia
2887 3872 3034 3927 sicut
3069 3889 3105 3926 a
3144 3871 3273 3944 jugi
3327 3871 3443 3925 loro
3479 3856 3722 3919 attrahunt

2178 3964 2523 4036 iniquitates,
2557 3980 2669 4017 non
2698 3962 3137 4032 disrumpentes,
3169 3976 3356 4032 neque
3384 3950 3719 4012 abscindentes

2179 4053 2487 4124 proprium,
2532 4051 2633 4106 sed
2680 4052 2845 4122 longe
2893 4051 3182 4105 trahentes
3219 4051 3355 4104 fune
3393 4045 3715 4130 peccatorum}.

2179 4142 2387 4197 Oculus
2415 4157 2638 4212 quoque
2663 4138 3063 4211 generationis,
3096 4144 3196 4193 aut
3242 4139 3367 4192 fons
3392 4125 3715 4205 generationis

2177 4230 2421 4285 dicitur:
2459 4229 2589 4300 quia
2618 4246 2683 4284 ex
2706 4229 2997 4284 oculorum
3041 4232 3293 4299 aspectu,
3341 4227 3439 4279 aut
3479 4220 3608 4273 bona
3640 4212 3717 4300 aut

2177 4320 2408 4374 adversa
2426 4292 2790 4389 generantur.
2824 4318 3035 4372 Idcirco
3056 4292 3241 4373 etAin
3258 4292 3454 4370 merito
3471 4305 3638 4364 oculus
3649 4292 3713 4351 vel

498 4425 656 4464 mare
705 4425 872 4480 quam
914 4424 1149 4463 exorare
1194 4409 1431 4463 videtur.
1498 4411 1656 4464 Unde
1700 4412 1970 4466 Dominus
2022 4401 2301 4466 adeons
2334 4408 2539 4465 dicitur
2566 4430 2577 4466 :
2611 4407 2744 4479 quia
2772 4407 2920 4461 sicut
2944 4407 3014 4461 de
3043 4405 3197 4461 fonte
3226 4408 3437 4460 tractus
3465 4393 3713 4480 ﬂuvioruln

496 4500 639 4555 Cain
662 4518 673 4553 :
699 4500 825 4553 Ecce
842 4514 942 4552 vos:
959 4500 1257 4565 sanguinis
1276 4500 1475 4565 fratris
1499 4500 1584 4551 tui
1611 4501 1673 4552 de
1716 4504 1868 4553 terra
1893 4505 2096 4555 clamat

499 4590 572 4642 ad
592 4605 674 4642 me
709 4588 856 4658 (Gen.
881 4590 975 4655 Iv).
1006 4585 1078 4640 Et
1109 4586 1242 4657 quid
1272 4590 1357 4641 est
1383 4586 1587 4653 dicere,
1613 4587 1682 4649 de
1710 4593 1865 4643 terra
1891 4591 2099 4643 clamat

501 4676 572 4729 ad
598 4692 707 4741 me,
732 4677 842 4730 nisi
865 4677 997 4748 quia
1015 4681 1243 4730 terrena
1262 4676 1549 4747 cogitatio,
1571 4682 1628 4730 et
1640 4678 1928 4732 suﬁ‘ocatio
1943 4679 2093 4745 boni,

501 4770 669 4835 atque
695 4764 1020 4820 immanitas
1061 4766 1390 4820 delictorum
1430 4765 1563 4819 facit
1590 4782 1658 4820 ne
1698 4767 1872 4837 possit
1909 4772 2099 4822 nostra

502 4853 683 4908 oratio
708 4853 949 4907 transire
976 4854 1045 4907 ad
1075 4855 1272 4920 Deum,
1299 4871 1403 4909 nec
1423 4855 1541 4926 ipse
1561 4855 1851 4909 orantibus
1870 4870 2099 4926 parcere

462 4960 467 4965 θ
501 4942 682 5009 nobis,
723 4942 859 4995 dum
908 4942 1122 4996 clamor
1148 4943 1396 5013 quotidie
1441 4949 1639 4998 contra
1684 4960 1785 4998 nos
1828 4944 1897 4998 de
1944 4949 2099 4999 terra

501 5047 755 5088 crescens
803 5031 1086 5101 augetur?
1117 5032 1241 5085 Jam
1288 5032 1549 5103 deinceps
1589 5049 1766 5104 usque
1813 5032 1883 5087 ad
1927 5034 2096 5087 ﬁnem

499 5121 668 5193 hujus
689 5120 993 5193 alphabeti,
1021 5120 1205 5191 passio
1237 5121 1462 5175 Domini
1493 5122 1616 5177 luce
1641 5122 1848 5175 clarius
1877 5137 2097 5176 resera-

504 5217 617 5267 tur.
641 5211 851 5267 Idcirco
872 5209 959 5264 his
980 5210 1061 5264 ita
1081 5209 1402 5281 praemissis,
1435 5210 1570 5281 quid
1600 5210 1706 5265 Ain
1722 5210 1911 5265 littera
1932 5210 2100 5281 signi-

506 5300 652 5366 ﬁcet,
695 5300 1025 5371 pendamus.
1051 5299 1158 5354 Ain
1190 5300 1414 5372 quippe,
1440 5301 1557 5370 jam
1591 5300 1923 5355 Hebraicam
1952 5299 2100 5354 veri-

2177 4513 2442 4553 emanare
2479 4497 2728 4551 cernitur
2769 4496 2850 4550 ita
2894 4513 2961 4550 ex
3006 4495 3129 4549 visu
3175 4494 3474 4555 oculorum,
3503 4479 3640 4557 (1088i
3658 4474 3711 4529 de

2178 4585 2351 4652 fonte,
2397 4586 2565 4656 longo
2615 4583 2887 4654 proﬂuvio
2910 4583 3058 4639 bona
3096 4583 3183 4637 vel
3219 4582 3367 4637 mala
3399 4571 3709 4660 generanth-

2180 4650 2636 4743 Quotiescunque
2647 4672 2719 4726 ad
2735 4671 2882 4726 bona
2895 4672 3057 4727 nobis
3076 4672 3405 4743 aperiuntur
3420 4650 3708 4738 perﬁciendi.

2180 4762 2339 4833 quasi
2363 4762 2488 4815 fons
2526 4760 2759 4830 justitiaa
2790 4766 2847 4815 et
2874 4761 3032 4831 origo
3058 4760 3256 4831 gratiae
3278 4756 3432 4814 nobis
3456 4745 3674 4807 adoritur

2181 4829 2399 4923 quoties
2421 4829 2552 4904 vero
2582 4849 2656 4903 ad
2682 4849 2914 4916 malum,
2947 4829 3028 4904 illi
3056 4829 3271 4921 utique,
3304 4845 3397 4919 qui
3423 4835 3582 4914 aperti
3604 4829 3708 4923 sntit

2179 4914 2313 4995 Adae
2330 4943 2561 5010 propter
2578 4954 2800 5010 pcenam
2820 4914 3052 5009 peccati,
3074 4914 3235 4993 nobis
3254 4914 3567 4992 ἡξει-δοίητε
3581 4914 3706 5010 Una?

2179 5000 2633 5099 idem-propheta
2657 5000 3108 5099 longe-supra'in
3152 5027 3362 5082 eisdem
3400 5013 3590 5076 threnis
3626 5000 3707 5061 sub

2180 5118 2373 5174 eadem
2391 5117 2578 5172 littera
2597 5116 2703 5172 Ain
2719 5118 2853 5186 :Ego
2870 5120 3117 5186 pteram,
3135 5116 3334 5188 inquit,
3348 5109 3569 5167 etocutus
3587 5106 3703 5188 illam

2180 5209 2444 5263 deducens
2472 5222 2697 5275 aquam,
2722 5183 3047 5275 qaia'longe
3060 5183 3241 5274 factus
3259 5208 3331 5260 est
3358 5217 3392 5255 a
3410 5213 3486 5252 me

2183 5303 2268 5353 tor
2299 5301 2612 5351 conuertens
2639 5296 3331 5364 animam.meam(Thren.
3358 5292 3410 5359 ι).
3434 5286 3544 5342 Non

506 5361 937 5455 tatem,.oculus,
961 5389 1047 5443 vel
1065 5391 1188 5457 fons
1203 5361 1623 5469 interpretatur.
1649 5389 1805 5443 Unde
1828 5389 2102 5462 pr0pheta
2183 5386 2488 5442 abductum
2527 5401 2588 5439 se
2634 5383 2906 5455 propheta
2931 5384 3001 5438 de
3028 5361 3194 5439 terris
3221 5381 3334 5438 suis
3365 5389 3477 5434 esse
3499 5361 3695 5469 dolebit,

509 5476 613 5533 sub
649 5477 754 5531 hac
792 5474 1216 5548 signiﬁcatione,
1260 5478 1393 5549 quia
1434 5478 1628 5533 oculus
1675 5477 2099 5550 interpretatur,

470 5600 473 5611 ι
507 5566 673 5624 ualde
696 5565 909 5625 allusit.

2183 5475 2283 5530 sed
2312 5490 2347 5528 a
2376 5471 2600 5529 Christo
2630 5449 2901 5544 populum
2936 5472 3378 5545 relinquendum,
3422 5449 3695 5545 consolatio:

2186 5580 2429 5638 nemque
2455 5535 2659 5621 futurae
2694 5535 2820 5623 vitae
2852 5535 3120 5629 cernebat
3141 5563 3414 5621 amissuri.
3433 5552 3496 5610 Et
3513 5546 3612 5637 hac
3630 5535 3697 5591 θεῖ
