3960 6168
302 265 440 324 1181
955 265 1336 324 EXPOSITIO
1374 267 1453 323 IN
1491 264 2104 323 LAMENTATIONES
2146 263 2494 321 JEREMIIE.
2538 293 2603 305 -
2645 263 2782 318 LIB.
2824 263 2924 319 III.
3432 264 3572 325 1182

309 394 554 458 Im
584 390 817 463 inquam
830 391 1072 446 dolenda
1089 390 1402 462 captivitas,
1436 408 1561 463 quae
1587 395 1798 447 aeterna
1812 393 1966 455 est’A
1981 398 2193 454 Idcirco
2212 397 2406 452 oculus
2426 413 2616 452 amore
2636 396 2847 451 Christi
2871 398 3137 470 repletus,
3160 398 3472 469 depmdari
3491 399 3572 455 di-

297 481 564 536 libertate
618 481 851 552 privata.
900 481 1060 536 Unde
1108 481 1617 552 impraesentiarum
1655 482 1898 536 afﬂictus
1980 487 2128 540 citur
2140 486 2488 549 animam,ut
2514 490 2697 540 totum
2727 502 2787 538 se
2815 485 3159 556 exspolietur
3179 503 3309 553 ase,
3330 491 3574 542 ettrans-

297 570 593 641 plangitur
618 570 813 624 oculus
842 586 944 624 nec
973 571 1236 637 tacuisse,
1284 587 1349 625 eo
1378 570 1527 642 quod
1567 571 1722 625 nulla
1752 576 1900 625 esset
1981 576 2180 630 fundat
2216 592 2275 629 se
2305 575 2362 630 in
2390 576 2570 629 Deum
2612 575 2762 629 ultra
2789 591 2868 629 se.
2907 578 2974 629 In
3002 576 3233 641 cunctis,
3259 576 3463 646 inquit,
3495 579 3563 643 ﬁ-

298 659 547 730 requies.
578 659 748 713 Nulla
772 659 946 730 igitur
981 660 1223 730 requies,
1256 659 1350 715 ubi
1395 660 1491 731 qui
1519 660 1898 715 consolabitur
1980 665 2159 719 liabus
2217 666 2371 717 urbis
2419 679 2548 717 mea:
2594 683 2608 717 :
2659 663 2792 734 quia
2832 680 2933 733 per
2960 663 3212 734 singulas
3241 664 3574 725 delictorum

300 748 549 820 Spiritus
569 752 798 803 sanctus
816 749 1458 804 recesserit.Paracletus
1473 765 1717 819 namque
1735 749 1900 820 spiri-
1977 754 2318 818 affectiones,
2362 758 2420 807 et
2460 758 2682 807 aeternae
2714 752 2836 806 vitae
2874 752 3259 822 cogitationes,
3306 758 3484 808 totam
3514 768 3575 807 se

298 842 417 903 tus,
439 838 758 891 consolator
777 837 1001 902 dicitur,
1035 846 1094 892 et
1120 838 1246 893 ideo
1274 839 1371 909 qui
1399 838 1469 892 ab
1502 839 1623 908 ejus
1653 838 1900 893 sanctifi-
1977 842 2138 913 quasi
2175 842 2553 913 depraedatam
2584 859 2618 895 a
2650 857 2710 895 se
2758 841 3007 896 refundit
3035 841 3094 895 in
3122 842 3320 909 Deum,
3362 848 3427 896 ut
3462 858 3578 896 una

299 926 526 980 catione
565 927 920 993 recesserint,
970 927 1184 981 nullam
1234 927 1347 981 diei
1396 926 1650 994 Sabbati,
1698 927 1757 981 in
1791 944 1903 998 qua
1978 947 2105 985 cum
2135 931 2248 984 Deo
2279 928 2618 984 inveniatur.
2640 928 2715 983 Et
2740 930 2858 983 haec
2875 935 2962 982 est
2984 930 3175 983 littera
3192 947 3313 999 qua:
3342 931 3467 997 fons
3487 930 3573 984 vel

301 1013 456 1067 Deus
488 1014 831 1085 requievisse
859 1014 1083 1085 legitur,
1133 1015 1387 1086 requiem
1420 1014 1708 1069 invenient
1749 1016 1898 1083 (Gen.

300 1102 546 1171 n).Quos
566 1103 734 1173 longe
762 1103 1071 1174 praevidens
1102 1105 1295 1158 oculus
1324 1104 1688 1175 prophetalis,
1707 1121 1902 1160 eorum

301 1197 593 1263 perpetuae
612 1191 953 1263 captivitatis
964 1209 1294 1261 aerumnam,
1319 1211 1488 1264 quam
1506 1194 1754 1265 perfidiae
1774 1211 1902 1265 pre-

298 1281 384 1335 tio
413 1280 813 1335 damnatorum
840 1282 1079 1353 papulus
1108 1282 1278 1337 habet
1314 1284 1617 1348 exsolvere,
1655 1284 1784 1353 jure
1813 1299 1904 1338 re—

301 1370 493 1442 quiem
514 1387 574 1425 se
595 1386 709 1425 non
737 1372 1014 1426 invenisse
1034 1372 1209 1441 luget.
1230 1372 1337 1426 Sed
1362 1371 1496 1442 quia
1512 1372 1645 1426 licet
1662 1372 1905 1427 afﬂictus

302 1475 410 1514 nec
433 1459 632 1529 tacuit,
661 1460 964 1515 Dominum
1000 1460 1311 1532 respexisse
1340 1466 1397 1515 et
1425 1460 1625 1515 vidisse
1655 1461 1724 1515 de
1752 1461 1904 1516 coelis

300 1548 475 1603 infert
510 1566 521 1601 :
555 1548 821 1620 quoniam
850 1553 951 1618 qui
963 1552 1391 1619 perseveraverit
1421 1566 1588 1619 usque
1622 1553 1685 1604 in
1714 1553 1900 1618 ﬁnem,

299 1639 394 1692 hic
418 1638 606 1692 salvus
633 1642 742 1692 erit
766 1640 980 1707 (Matth.
1013 1640 1089 1708 x).
1125 1640 1271 1693 Sunt
1300 1638 1449 1693 enim
1481 1638 1628 1693 oculi
1657 1638 1903 1706 Domini,

1984 1022 2174 1077 oculus
2204 1018 2625 1089 interpretatur,
2655 1023 2719 1072 ut
2745 1035 2847 1073 nec
2873 1018 3065 1073 oculus
3096 1019 3218 1073 sine
3245 1019 3399 1074 fonte
3418 1019 3575 1074 inve-

1985 1110 2193 1174 niatur,
2226 1125 2328 1162 nec
2374 1107 2496 1162 fons
2544 1108 2665 1161 sine
2694 1108 2854 1162 oculo
2883 1107 3195 1162 dilectionis
3224 1124 3291 1161 ex
3320 1107 3481 1162 nobis
3520 1112 3578 1161 et

1986 1198 2046 1251 in
2091 1196 2250 1252 nobis
2278 1213 2508 1251 manare
2537 1197 2799 1250 credatur
2831 1215 2843 1249 :
2899 1202 3178 1266 quatenus
3206 1213 3306 1267 pro
3340 1196 3456 1251 suis
3481 1212 3577 1251 ex-

1986 1286 2233 1341 cessibus
2283 1287 2435 1340 fonte
2489 1284 2865 1356 rebaptizatur
2902 1285 3302 1355 lacrymarum,
3354 1291 3412 1339 et
3455 1287 3579 1340 fons

1985 1376 2095 1431 isto
2139 1375 2427 1431 nutriatur
2477 1376 2637 1430 oculo
2690 1380 2895 1429 sanctas
2958 1375 3464 1446 contemplationis,
3515 1382 3580 1430 ut

1987 1465 2167 1537 possit
2193 1465 2378 1519 dicere
2408 1464 2598 1518 anima
2638 1464 2755 1517 Deo
2796 1464 3053 1517 devincta
3086 1481 3096 1515 :
3133 1464 3306 1518 Orabo
3347 1466 3575 1532 spiritu,

1986 1556 2150 1609 orabo
2189 1559 2237 1608 et
2279 1559 2474 1618 mente,
2515 1556 2756 1622 psallam
2785 1556 3011 1621 spiritu,
3057 1555 3295 1620 psallam
3328 1557 3376 1604 et
3405 1557 3583 1605 mente

1989 1646 2043 1710 (Ι
2066 1645 2188 1700 Cor.
2213 1659 2265 1709 κ,
2298 1641 2411 1713 14).
2450 1641 2721 1713 Sequitur
2752 1641 2869 1696 Phe
2898 1642 3089 1695 littera
3112 1639 3293 1694 tribus
3315 1640 3432 1693 suis
3458 1655 3583 1693 ver-

298 1726 466 1796 cnjus
504 1726 746 1797 ﬁguram
770 1727 1053 1798 Propheta
1077 1728 1245 1797 gerit,
1275 1727 1424 1782 sicut
1454 1744 1660 1798 sponso
1698 1727 1905 1781 dicitur
1920 1725 1967 1785 B
1984 1732 2136 1786 sibus
2163 1732 2435 1803 explicata
2477 1732 2593 1785 Phe
2614 1747 2857 1801 namque
2879 1733 3012 1797 oris,
3033 1735 3095 1784 ut
3123 1745 3295 1800 supra
3316 1728 3580 1800 praemisi,

300 1814 362 1868 in
389 1814 637 1869 Canticis
670 1833 682 1868 :
722 1816 883 1870 Oculi
908 1820 995 1870 tui
1033 1834 1099 1871 ac
1119 1819 1171 1870 si
1191 1819 1419 1886 piscinae
1452 1820 1513 1871 in
1542 1818 1797 1882 Hesebon,
1842 1820 1905 1870 in

296 1907 480 1973 portis
494 1906 624 1971 ﬁlia
640 1907 1025 1959 multitudinis
1047 1906 1277 1976 (Cautio.
1295 1904 1414 1975 vn).
1436 1905 1583 1970 Quid
1602 1905 1751 1959 enim
1773 1910 1907 1960 sunt

301 1992 534 2063 piscina)
561 1992 620 2046 in
650 1993 929 2060 Hesebon,
954 1995 1064 2048 nisi
1094 1994 1507 2049 rationabilitas
1536 1999 1593 2048 et
1620 1994 1907 2049 abundan-

301 2081 387 2135 tia
422 2082 807 2138 doctrinarum
827 2084 887 2138 in
915 2083 1506 2155 cogitationibus,un
1535 2089 1621 2138 est
1651 2082 1906 2138 Ecclesiae

302 2167 363 2224 in
390 2170 612 2241 portis?
641 2171 746 2226 Cui
776 2173 978 2227 merito
1010 2172 1263 2228 defertur
1284 2173 1588 2227 multitudo
1618 2172 1902 2227 doctrinm.

305 2258 463 2314 Filiae
484 2260 636 2314 enim
659 2261 1057 2329 multitudinis,
1082 2262 1385 2334 posteritas
1416 2267 1503 2316 est
1532 2262 1906 2333 plurimarum

303 2348 1020 2421 sentcntiarum,quoniam
1050 2350 1333 2422 Propheta
1360 2350 1546 2422 inquit
1575 2369 1586 2403 :
1621 2353 1906 2405 Pertrans-

306 2438 471 2491 ibunt
499 2439 615 2491 dies
640 2439 903 2507 plurimi,
938 2444 988 2493 et
1012 2444 1309 2509 multiplex
1336 2443 1442 2494 erit
1470 2442 1703 2494 scientia
1731 2440 1901 2511 (Dan.

304 2525 430 2595 xu).
463 2525 713 2590 Quarum
738 2528 932 2582 oculus
959 2544 1070 2583 non
1094 2534 1261 2596 tacet,
1295 2546 1423 2584 cum
1453 2528 1645 2583 multis
1661 2526 1906 2581 inebria-

303 2617 405 2668 tur
434 2614 715 2686 lacrymis,
740 2615 918 2670 donec
944 2617 1209 2687 respiciat
1232 2623 1289 2672 et
1322 2617 1507 2672 videat
1533 2617 1806 2671 Dominus
1836 2614 1907 2669 de

304 2702 725 2758 ccelianterim
743 2709 934 2760 tamen
950 2706 1136 2777 inquit
1159 2724 1170 2759 :
1192 2708 1392 2762 Oculus
1404 2723 1554 2760 meus
1567 2707 1906 2775 deprzdatus

305 2797 383 2847 est
412 2796 672 2847 animam
701 2810 882 2848 meam
910 2797 973 2848 in
992 2798 1204 2849 cunctis
1223 2796 1447 2864 ﬁliabus
1478 2798 1631 2849 urbis
1658 2812 1802 2849 mea.
1828 2794 1906 2848 Ex

307 2897 424 2952 quo
470 2882 748 2954 prapheta
788 2884 1075 2939 evidenter
1108 2885 1364 2939 futurum
1402 2884 1609 2939 Christi
1632 2883 1904 2953 judicium

307 2971 629 3038 denuntiat,
662 2988 729 3026 eo
748 2973 898 3043 quod
931 2973 1233 3044 prmvideat
1271 2991 1393 3044 quae
1413 2978 1648 3027 ventura
1676 2979 1810 3027 sunt
1836 2972 1910 3026 ci-

310 3059 583 3115 vitatibus
602 3042 781 3127 lude,
803 3066 862 3116 et
889 3042 957 3116 ea
985 3062 1137 3116 omni
1175 3042 1495 3134 profusione
1524 3063 1907 3133 lacrymarum
1926 3042 1970 3103 Ο

307 3149 485 3203 deﬂet
512 3166 524 3199 :
558 3150 691 3221 quia
719 3151 925 3204 malam
943 3150 1129 3221 impiae
1148 3150 1325 3222 plebis
1342 3168 1455 3206 suae
1468 3151 1759 3222 perfidiam
1780 3167 1909 3221 pro-

304 3231 552 3303 videbat,
574 3255 689 3310 qua
708 3239 1074 3310 pertinaciter
1092 3240 1382 3311 proprium
1403 3244 1708 3310 negaverat
1726 3246 1913 3293 aucto-

305 3343 453 3382 rem.
470 3328 579 3382 Sed
608 3328 801 3383 oculus
826 3328 1075 3383 animam
1103 3328 1413 3399 depraedari
1440 3328 1667 3394 dicitur,
1690 3328 1912 3399 quando

306 3432 511 3471 omnes
541 3417 773 3472 affectus
794 3417 1005 3472 doloris
1032 3423 1090 3472 et
1116 3417 1373 3472 maeroris
1400 3415 1909 3487 effuderit-,quando

305 3521 541 3561 omnem
566 3506 894 3577 languorem
933 3511 988 3562 et
1018 3507 1278 3561 ardorem
1298 3506 1475 3561 animi
1504 3522 1605 3577 per
1634 3506 1910 3576 lacrymas

304 3595 728 3662 monstraverit,
773 3596 998 3667 quando
1045 3613 1212 3651 omne
1255 3612 1587 3668 quocunque
1616 3600 1704 3649 est
1739 3594 1797 3648 in
1843 3609 1911 3647 ea

306 3683 478 3755 quasi
521 3684 723 3739 ﬂuvius
751 3685 822 3739 de
844 3686 999 3741 fonte
1027 3686 1108 3741 sic
1136 3686 1434 3745 efﬂuxerit.
1466 3686 1613 3739 sicut
1638 3683 1912 3755 propheta

307 3771 492 3827 David
512 3772 681 3827 dicit:
716 3775 917 3843 Defecit
945 3778 1143 3830 anima
1164 3792 1286 3830 mea
1307 3779 1371 3830 in
1392 3779 1638 3829 salutare
1667 3780 1847 3839 tuum,
1862 3778 1911 3826 et

306 3865 464 3916 oculi
477 3865 587 3916 mei
601 3865 664 3916 in
689 3867 967 3932 eloquium
989 3870 1170 3931 tuum,
1203 3867 1468 3919 dicentes:
1493 3864 1720 3930 Quando
1731 3879 1911 3917 conso-

310 3953 519 4006 laberis
547 3968 633 4005 me
652 3958 676 4005 ?
705 3954 871 4019 (Psal.
906 3958 1115 4021 cxvm.)
1141 3954 1225 4009 Ad
1256 3955 1361 4008 hoc
1388 3952 1594 4024 quippe
1623 3952 1814 4006 anima
1841 3952 1911 4007 ab

310 4040 482 4094 oculo
521 4040 895 4111 deprendatur,
928 4047 993 4096 ut
1037 4059 1139 4096 suo
1170 4043 1457 4097 adhaereat
1482 4042 1754 4108 Creatori,
1796 4042 1912 4096 suis

312 4128 630 4200 exspoliata
672 4129 902 4197 viribus,
959 4136 1018 4185 et
1044 4147 1104 4185 se
1132 4135 1311 4186 totam
1340 4132 1605 4186 refundat
1632 4131 1771 4185 fonti
1809 4131 1913 4202 pia:

1986 1821 2408 1891 interpretatur,
2454 1822 2617 1890 juxta
2642 1820 2782 1874 alios
2828 1836 2955 1872 vero
2984 1818 3340 1889 interpretes,
3372 1820 3579 1882 erravi,

1986 1910 2102 1964 sive
2123 1926 2177 1963 os
2206 1912 2405 1977 aperui
2440 1924 2641 1962 sonare
2669 1908 2906 1962 videtur.
2941 1908 3098 1962 Unde
3127 1907 3401 1978 prapheta
3428 1905 3584 1975 plan-

1984 2015 2125 2069 gens
2154 1998 2315 2068 quasi
2344 2014 2410 2052 ex
2437 1997 2617 2069 ipsius
2638 1997 2841 2051 litterae
2868 2002 3022 2051 textu
3056 2015 3072 2049 :

2717 2156 2820 2193 PHE
2830 2178 2841 2189 .

2038 2270 2074 2323 Α
2083 2265 2783 2338 peruerunt,inquit,super
2799 2279 2894 2317 nos
2907 2277 3137 2317 ossuum
3157 2276 3340 2314 omnes
3362 2261 3584 2313 inimici

1988 2361 2184 2412 nostri.
2206 2357 2297 2413 Sic
2325 2356 2551 2427 quidem
2580 2354 2639 2407 in
2665 2352 2921 2424 plurimis
2951 2349 3419 2405 lamentationum
3439 2348 3587 2402 litte-

1988 2446 2067 2499 ris
2087 2445 2337 2499 alludere
2360 2442 2630 2507 invenies,
2661 2447 2725 2495 ut
2755 2446 2812 2495 et
2836 2440 3036 2494 litterae
3063 2454 3262 2492 sensus
3284 2435 3580 2490 verborum

1988 2534 2264 2605 aperiant,
2314 2538 2373 2587 et
2419 2529 2589 2585 verba
2631 2545 2876 2584 consona
2925 2543 3054 2581 voce
3101 2541 3330 2580 sensum
3361 2524 3583 2578 littera-

1990 2640 2116 2677 rum
2147 2622 2424 2693 expleant.
2471 2620 2631 2676 Unde
2674 2635 2786 2673 non
2832 2616 3020 2671 minus
3055 2630 3274 2669 errasse
3311 2613 3586 2685 propheta

1989 2730 2049 2768 se
2076 2712 2303 2779 fatetur,
2355 2710 2661 2766 secundum
2689 2723 2915 2762 sensum
2947 2705 3166 2771 litterae,
3219 2702 3368 2774 quod
3398 2702 3583 2755 textus

1989 2801 2248 2857 versiculi
2277 2801 2564 2872 sequentis
2584 2798 2851 2860 insinuat,
2903 2811 3030 2849 cum
3059 2794 3177 2847 ait:
3235 2792 3492 2846 Formido
3536 2796 3585 2844 et

1991 2896 2216 2960 laqueus
2264 2892 2415 2957 facta
2450 2895 2529 2943 est
2557 2889 2711 2942 nobis
2762 2886 3087 2939 uaticinatio
3124 2888 3172 2936 et
3196 2883 3474 2935 contritio.
3509 2879 3588 2933 Ex

1991 2998 2102 3052 quo
2145 2980 2393 3052 profecto
2436 2978 2633 3048 liquet,
2669 2974 2817 3046 quod
2847 2970 3054 3027 erroris
3083 2969 3157 3023 sit
3198 2983 3415 3033 sensus,
3446 2981 3587 3037 quo-

1994 3071 2147 3125 niam
2198 3067 2521 3122 vaticinatio
2575 3065 2996 3136 prophetarum,
3032 3066 3089 3114 et
3115 3057 3375 3114 contritio
3404 3055 3589 3111 cordis

1995 3175 2211 3223 eorum,
2252 3155 2656 3211 correctionem
2685 3159 2742 3208 et
2769 3149 3206 3207 satisfactionem
3246 3145 3591 3219 poenitentiae

1995 3247 2173 3317 magis
2192 3244 2799 3317 persuadebant,quam
2822 3255 3072 3295 errorem
3094 3239 3153 3292 in
3172 3237 3402 3309 populo.
3426 3234 3584 3290 Unde

1996 3353 2026 3390 e
2054 3335 2334 3389 contrario
2366 3334 2499 3405 quia
2526 3350 2591 3386 ex
2622 3331 2907 3403 praphetm
2936 3327 3197 3382 vaticinio
3224 3325 3464 3380 formido
3492 3324 3584 3378 in-

1993 3423 2261 3479 sanabilis
2287 3421 2645 3493 peccantibus
2669 3419 2967 3484 acciderat,
2992 3421 3049 3471 et
3069 3417 3304 3487 laqueus
3331 3414 3479 3468 facta
3506 3418 3593 3468 est

1991 3512 2252 3567 contritio
2276 3511 2561 3583 propheta:
2575 3508 2874 3580 gementis,
2894 3506 3102 3560 idcirco
3131 3504 3235 3559 sub
3272 3505 3374 3558 hac
3399 3503 3590 3558 littera

1992 3600 2374 3672 significanter
2401 3598 2671 3662 insinuat,
2705 3595 2903 3660 erravi,
2953 3609 3066 3647 non
3120 3591 3269 3663 quod
3318 3592 3591 3662 propheta

1991 3694 2179 3744 motus
2225 3689 2298 3743 sit
2324 3685 2613 3758 gressibus
2657 3685 2787 3739 ﬁdei
2818 3700 2932 3738 sua;
2961 3686 3025 3735 ut
3048 3684 3285 3745 erraret,
3313 3679 3411 3732 sed
3458 3677 3591 3748 quia

1992 3778 2231 3850 populus
2275 3775 2632 3830 oberraverat
2660 3774 2960 3836 intantum,
2990 3775 3048 3824 et
3074 3769 3196 3839 ejus
3239 3765 3504 3822 contritio
3535 3769 3593 3820 et

1992 3864 2335 3931 vaticinium,
2366 3864 2601 3935 laqueus
2631 3862 2828 3925 ruinas,
2851 3866 2909 3915 et
2937 3858 3176 3914 formido
3208 3862 3457 3925 I459
3473 3870 3592 3911 cor-

1994 3953 2258 4009 rectionis
2285 3958 2450 4008 esset.
2484 3952 2643 4007 Unde
2674 3967 2739 4005 ex
2768 3965 3009 4022 persona
3048 3947 3227 4019 plebis
3256 3945 3589 4012 oberrantis,

1994 4048 2060 4098 ut
2110 4043 2452 4097 elementum
2500 4045 2802 4111 exponeret
2852 4054 3048 4092 eorum
3096 4035 3357 4101 infamiae,
3389 4033 3595 4088 indidit

1996 4131 2115 4186 suis
2143 4130 2325 4185 verbis
2360 4129 2495 4200 quid
2540 4128 2750 4183 eisdem
2776 4125 3057 4181 acciderat
3089 4143 3100 4178 :
3136 4123 3406 4196 quoniam
3452 4137 3584 4194 pro-

312 4217 615 4273 ubertatis.
682 4218 897 4273 Defecit
951 4219 1198 4291 quidem,
1258 4236 1323 4275 eo
1384 4221 1532 4292 quod
1574 4220 1917 4292 concupiscit
1997 4218 2582 4291 pterincredulitatem
2598 4214 3147 4283 eorum,vaticinium
3165 4213 3588 4285 prophetarum,

314 4323 473 4370 eum,
523 4306 683 4377 cujus
737 4307 995 4378 passione
1038 4313 1124 4363 est
1166 4310 1398 4364 salvata.
1456 4309 1691 4377 Defecit,
1738 4314 1801 4363 ut
1858 4309 2055 4378 inﬂet
2083 4307 2349 4362 contritio
2379 4307 2562 4362 cordis
2591 4306 3049 4376 corum,laqueus
3065 4308 3189 4357 erat
3204 4302 3387 4357 illiset
3407 4301 3589 4367 ruina,

316 4413 499 4452 unum
555 4396 817 4468 spiritum
881 4402 1153 4465 transeat,
1220 4403 1278 4453 et
1343 4400 1407 4453 ﬁt
1480 4415 1627 4453 unus
1686 4392 2082 4470 spiritusuita
2110 4403 2176 4452 ut
2202 4396 2548 4469 perimerent
2571 4413 2686 4463 eos,
2718 4411 2790 4450 ne
2818 4394 2878 4449 in
2903 4392 3130 4450 nomine
3158 4393 3258 4446 Dei
3289 4392 3591 4462 loqueren-

315 4502 451 4541 cum
495 4487 632 4541 Deo.
700 4487 861 4543 Unde
913 4487 1202 4559 signanter
1243 4506 1255 4540 :
1308 4490 1657 4558 Depraedatus
1696 4494 1790 4555 est,
1829 4488 1918 4542 in-
1999 4491 2096 4541 tur
2122 4486 2192 4540 ad
2220 4486 2750 4551 eos.Quodcernens
2766 4485 3076 4556 Propheta:
3103 4484 3596 4549 Divisionesaqua-

319 4576 469 4648 quit,
510 4577 703 4631 oculus
741 4591 894 4631 meus
924 4580 1182 4631 animam
1220 4594 1420 4642 meam,
1473 4582 1530 4631 ct
1580 4594 1694 4631 non
1750 4576 1916 4644 oculi,
1999 4591 2135 4629 rum
2161 4575 2392 4646 (inquit)
2409 4575 3099 4639 deduxitoculusmeusn'n
3119 4573 3450 4625 contritione
3468 4572 3597 4638 ﬁlias

317 4670 389 4719 ut
416 4681 531 4721 una
568 4681 730 4720 mens
766 4681 892 4719 cum
938 4666 1054 4719 Deo
1082 4665 1432 4737 intelligatur
1470 4671 1711 4733 I453
1757 4666 1920 4721 sicuti
1997 4667 2193 4735 papuli
2220 4667 2347 4717 mei.
2371 4664 2772 4717 Verumtamen
2791 4661 2902 4716 alia
2918 4659 3596 4732 contritioprophetarum

319 4754 581 4809 Christus
610 4754 667 4809 in
700 4753 944 4808 Canticis
972 4755 1043 4809 ad
1063 4772 1326 4826 sponsam
1355 4756 1462 4810 ait:
1501 4758 1812 4811 Vulnerasti
1830 4771 1922 4810 cor

318 4836 529 4910 meum,
561 4845 874 4898 vulnerasti
903 4843 1120 4914 (inquit)
1152 4847 1215 4897 in
1246 4860 1357 4897 uno
1377 4847 1664 4898 oculorum
1695 4850 1920 4898 tuorum

318 4931 508 4999 (Cant.
532 4937 621 4996 ιν).
651 4933 721 4987 Et
746 4931 970 4999 merito,
984 4932 1119 5003 quia
1141 4931 1399 4987 Christus
1424 4932 1483 4987 in
1514 4949 1626 4987 uno
1649 4932 1809 4987 oculo
1837 4933 1920 4985 vi-

319 5021 512 5087 detur,
544 5036 656 5075 non
689 5020 919 5092 quidem
946 5020 1178 5089 carnali,
1209 5022 1307 5076 sed
1340 5020 1636 5091 spirituali,
1655 5038 1721 5076 ac
1742 5021 1924 5092 diligi-

319 5117 443 5165 tur.
490 5110 599 5165 Alii
644 5110 873 5181 quidem
919 5115 1053 5165 sunt
1107 5111 1252 5165 oculi
1306 5110 1511 5177 carnis,
1564 5110 1659 5164 alii
1703 5110 1818 5182 qui,
1859 5116 1925 5165 ut

323 5200 592 5265 diximus,
621 5200 803 5272 aperti
825 5200 1032 5254 suntin
1052 5199 1232 5254 Adam
1267 5201 1418 5266 (Gen.
1442 5197 1546 5270 ιιι),
1569 5198 1666 5254 alii
1696 5199 1919 5265 mentis,

324 5290 429 5361 qui
456 5294 753 5345 transeunt
778 5289 837 5343 in
864 5304 1061 5357 unum,
1098 5294 1163 5344 ut
1188 5290 1264 5344 sit
1290 5305 1452 5344 mens
1479 5305 1594 5344 una
1629 5305 1756 5343 cum
1784 5289 1925 5357 Deo,

322 5379 424 5435 alii
447 5378 594 5435 oculi
616 5377 875 5434 Ecclesiae
906 5390 917 5424 :
957 5378 1091 5450 quia
1111 5394 1317 5451 sponsa
1354 5378 1497 5433 duos
1531 5377 1682 5448 gerit
1710 5377 1920 5443 oculos,

323 5470 602 5525 moralem
630 5484 695 5523 ac
729 5467 1049 5540 mysticum.
1082 5467 1192 5522 Sed
1219 5468 1491 5531 mysticus
1521 5464 1742 5538 plenius
1775 5464 1924 5519 videt

323 5560 509 5617 Deum
546 5563 619 5615 et:
651 5557 890 5626 acutius,
936 5556 1066 5614 licet
1117 5556 1346 5613 moralis
1392 5554 1609 5613 dulcior
1645 5554 1918 5612 videatur.

2004 4771 2070 4808 ex
2095 4753 2389 4807 devotione
2420 4751 2618 4806 divinae
2640 4750 3042 4821 inspirationis,
3083 4750 3196 4804 alia
3220 4765 3351 4804 vero
3399 4765 3596 4805 eorum

2004 4844 2120 4915 qui,
2149 4860 2250 4915 pro
2280 4841 2521 4913 peccatis
2559 4840 2711 4895 omni
2756 4839 3092 4894 contritione
3128 4821 3342 4905 afflicti,
3395 4837 3599 4909 spiritu

2002 4929 2345 4985 vexabantur
2371 4928 2595 4984 erroris.
2621 4927 2883 4998 Alioquin
2903 4928 3053 4982 Deus
3072 4926 3375 4982 contritum
3406 4931 3469 4980 et
3489 4926 3597 4979 hu-

2005 5020 2285 5075 miliatum
2314 5035 2426 5073 non
2468 5022 2777 5089 sperneret,
2814 5016 2922 5071 nisi
2954 5022 3012 5072 et
3051 5017 3157 5089 ipsi
3185 5015 3510 5071 vaticinium
3540 5018 3598 5068 et

2004 5108 2398 5163 contritionem
2428 5123 2641 5174 eorum,
2678 5107 2774 5177 qui
2801 5123 2904 5178 pro
2933 5106 3070 5178 ipsis
3096 5105 3361 5177 gentibus
3390 5103 3594 5173 fatiga-

2005 5197 2211 5253 bantur
2236 5198 2394 5269 prius
2422 5196 2783 5268 sprevissent,
2798 5201 2856 5250 et
2881 5195 3321 5251 immutaverunt
3347 5191 3599 5247 formidi-

2004 5303 2134 5342 nem
2164 5302 2288 5358 quaa
2315 5286 2470 5340 nulla
2491 5290 2615 5340 erat
2643 5285 2751 5340 nisi
2788 5286 2969 5341 Deum
2997 5284 3350 5356 repellerent.
3384 5282 3598 5338 Idcirco

2005 5381 2063 5430 et
2080 5374 2402 5430 vaticinatio
2429 5374 2575 5429 facta
2603 5380 2690 5430 est
2713 5374 2794 5430 eis
2824 5372 3241 5447 laqueus.Quod
3261 5373 3320 5427 in
3340 5372 3603 5445 passione

2003 5463 2229 5519 Domini
2262 5464 2528 5520 accidisse
2557 5464 2699 5520 nulli
2744 5462 3000 5529 dubium,
3030 5478 3201 5534 super
3235 5476 3422 5534 quem,
3455 5450 3521 5516 ac
3550 5460 3598 5515 si

2000 5553 2123 5610 haec
2147 5568 2390 5627 persona
2404 5553 2668 5612 omnium
2678 5553 2900 5613 dicatur
2914 5549 3299 5611 membrorum
3324 5569 3343 5607 εν
3366 5553 3601 5623 Aperue-
