3960 6168
532 286 669 344 1183

1287 287 1345 341 S.
1387 282 1765 339 PASCHASII
1804 282 2166 339 RADBERTI
2203 284 2509 342 ABBATIS
2545 279 3038 341 CORBEIENSIS.

3618 278 3735 335 1181

528 418 669 466 runt
694 430 859 483 super
888 430 984 469 nos
1003 429 1189 469 omnes
1218 412 1441 466 inimici
1473 410 1653 462 nostri
1679 424 1735 461 os
1763 424 1950 462 suum.
1983 408 2117 472 Qui-
2139 411 2191 471 A
2208 426 2413 481 sponsa
2447 431 2458 466 :
2489 411 2571 465 ita
2591 414 2657 465 ut
2684 424 2717 462 a
2746 402 3020 479 principio
3045 401 3180 458 ﬁdei
3199 400 3477 456 transierit
3497 402 3737 468 saeculum,

524 498 629 556 bus
659 500 899 557 formido
921 501 1067 558 facta
1095 506 1181 555 est
1217 497 1399 552 omnis
1429 496 1831 566 prophetarum
1860 497 2124 551 vaticina-

523 589 605 643 tio
641 607 652 643 :
686 607 797 645 non
839 596 903 645 ut
942 608 1006 644 ex
1048 606 1115 644 ea
1142 586 1559 656 corrigerentur
1598 590 1827 655 propter
1856 585 2123 641 duritiam

525 678 709 734 cordis
736 696 952 745 eorum,
984 679 1083 733 sed
1113 694 1183 732 ne
1200 674 1593 744 contingerent
1610 673 1679 728 de
1710 674 1805 727 illo
1827 692 1950 746 quae
1971 676 2121 746 lege-

523 765 751 823 bantur.
784 768 1138 838 Quapropter
1167 764 1353 836 passio
1382 768 1440 817 et
1479 762 1740 817 contritio
1788 764 2125 819 humilitatis

526 855 731 909 Christi
765 856 912 909 facta
940 861 1026 909 est
1055 855 1135 908 eis
1172 854 1407 924 laqueus
1444 850 1704 906 omnibus
1729 869 1841 907 non
1889 854 2121 908 creden-

524 943 677 997 tibus
707 944 763 998 in
796 944 1039 997 ruinam.
1058 942 1217 997 Unde
1241 942 1523 1012 Propheta
1553 941 1712 1011 quasi
1742 959 1808 995 ex
1837 942 2013 1013 ipsius
2036 944 2122 998 lit-

523 1036 658 1087 terae
679 1049 844 1086 sono:
872 1035 1010 1100 Quia
1040 1049 1095 1085 os
1121 1032 1338 1099 aperui,
1361 1036 1409 1083 et
1428 1033 1644 1083 attraxi
1666 1033 1930 1099 spiritum
1953 1033 2117 1102 (Psal.

527 1135 738 1181 cxvm;.
771 1121 1086 1175 Divisiones
1123 1136 1400 1191 aquarum
1430 1118 1660 1173 deduxit
1701 1120 1893 1175 oculus
1923 1138 2121 1191 meus;

526 1208 688 1279 quasi
704 1208 852 1263 dicat
866 1209 1003 1264 illud
1025 1226 1090 1263 ex
1110 1207 1411 1278 Evangelio
1437 1226 1447 1260 :
1476 1209 1604 1261 Nisi
1627 1211 1838 1262 loeutus
1862 1212 1937 1263 eis
1960 1227 2124 1265 essem

527 1302 577 1352 et
618 1299 1001 1366 pra'dz'carcm,
1036 1302 1317 1365 peceatum
1358 1312 1471 1350 non
1510 1296 1769 1351 haberent
1806 1300 1986 1364 (Joan.
2016 1302 2119 1369 xv).

528 1387 691 1440 Nunc
738 1390 926 1440 autem
966 1385 1370 1440 inexcusabiles
1411 1385 1565 1450 facti,
1598 1386 1832 1456 laqueus
1863 1388 2011 1442 facta
2040 1395 2122 1444 est

532 1474 613 1529 eis
643 1475 984 1540 vaticinatio,
1020 1491 1084 1528 eo
1115 1473 1264 1545 quod
1306 1489 1419 1527 non
1458 1473 1798 1529 crediderint
1824 1476 1883 1530 in
1922 1476 2122 1548 quibus

527 1579 590 1617 os
617 1562 814 1633 aperui
859 1565 1033 1629 (Joan.
1071 1566 1124 1630 ι),
1168 1568 1233 1616 ut
1274 1561 1681 1616 inexcusabiles
1727 1576 1933 1617 essent.
1981 1565 2119 1618 Pro-

526 1655 722 1723 pterea
739 1656 796 1704 et
812 1650 915 1705 sub
930 1652 1033 1705 hac
1054 1652 1262 1717 littera,
1288 1652 1454 1721 longe
1475 1667 1646 1722 supra
1684 1651 2124 1724 lacrymabiliter

2205 505 2264 553 et
2292 499 2371 553 sic
2399 500 2626 554 demum
2657 492 3048 568 pertransierit
3073 490 3148 545 ad
3177 505 3429 560 regnum.
3460 490 3573 546 Hac
3596 491 3741 562 siqui-

2205 588 2333 642 dem
2362 588 2549 660 gratia
2598 584 2841 657 Spiritus
2869 580 3046 636 sancti
3092 578 3222 633 aliis
3272 578 3391 631 fons
3416 584 3513 643 est,
3538 578 3646 632 aliis
3665 595 3745 648 pu-

2203 681 2348 743 teus,
2369 677 2493 731 aliis
2517 692 2647 731 vero
2670 676 2866 729 hortus
2890 669 3211 734 conclusus,
3236 666 3358 721 fons
3385 665 3629 736 signatus,
3645 667 3745 722 aliis

2207 766 2499 820 hortorum
2521 765 2698 826 rivus,
2727 778 2850 834 qua:
2878 760 2938 813 in
2970 757 3221 813 Ecclesia
3253 755 3413 825 quasi
3438 754 3615 809 divisio
3639 772 3745 810 con-

2205 860 2559 909 numeratur.
2604 852 2744 908 Aliis
2782 851 3006 921 inpetus
3035 844 3386 901 descendens
3421 861 3453 897 a
3490 842 3671 898 Libano
3703 852 3748 901 et

2203 959 2442 1014 magnus
2458 942 2685 1014 quidem
2706 940 2951 1009 impetus
2970 936 3066 1007 qui
3087 949 3382 1004 nunquam
3409 931 3593 986 deﬁcit
3621 932 3747 995 Quod

2204 1036 2395 1086 autem
2437 1030 2739 1084 divisiones
2763 1026 2957 1081 oculus
2986 1022 3287 1078 deduxisse
3325 1036 3545 1090 gemens
3581 1034 3638 1071 ac
3660 1019 3749 1089 plo-

2207 1135 2339 1173 rans
2384 1118 2652 1183 insinuat,
2693 1116 2807 1170 sive
2863 1113 2997 1185 quia
3044 1128 3219 1182 quam
3274 1113 3487 1163 meatus
3525 1106 3749 1162 inundan-

2206 1208 2351 1263 tium
2399 1208 2740 1262 ﬂuentorum
2780 1223 2792 1258 :
2850 1203 2932 1257 ita
2959 1206 3025 1255 ut
3053 1196 3479 1255 exuberantium
3527 1197 3749 1267 lacryma-

2207 1313 2334 1350 rum
2366 1296 2566 1351 ductus
2614 1310 2714 1366 per
2759 1291 2982 1362 singula
3012 1288 3102 1344 sui
3132 1287 3322 1343 cordis
3358 1284 3600 1341 eﬂ‘uderit
3633 1301 3751 1338 amo-

2206 1386 2284 1439 ris
2340 1384 2614 1454 germina,
2671 1382 2785 1437 sive
2847 1380 2994 1451 quod
3052 1376 3364 1432 abluendos
3430 1372 3750 1444 superfuderit

2212 1474 2396 1528 cordis
2452 1473 2708 1538 crimina,
2764 1471 3069 1534 intentum,
3100 1472 3168 1523 ut
3209 1466 3386 1520 etiam
3415 1463 3621 1518 easdem
3657 1463 3749 1532 ipse

2204 1564 2399 1617 oculus
2427 1561 2723 1616 deduxerit
2747 1558 3048 1614 divisiones
3076 1572 3181 1628 per
3220 1555 3411 1609 omnia
3455 1551 3649 1606 timoris
3671 1550 3754 1604 dis-

2206 1652 2461 1717 crimina,
2517 1652 2599 1704 vel
2652 1649 2824 1704 etiam
2865 1645 3075 1701 amoris
3115 1644 3373 1699 vulnera.
3406 1642 3554 1697 Unde
3589 1655 3753 1711 sponsa

527 1739 702 1794 series
732 1739 1081 1794 ostenditur:
1110 1741 1398 1808 Expandit
1419 1741 1554 1794 Sion
1572 1756 1773 1794 manus
1786 1748 1995 1805 suas,et
2011 1760 2123 1797 non
2146 1726 2190 1785 Β
2209 1741 2269 1795 in
2299 1739 2542 1795 Canticis
2575 1758 2588 1793 :
2628 1738 2939 1793 Vulnerata
2966 1734 3264 1789 charitatis
3305 1748 3409 1802 ego
3451 1746 3585 1785 sum.
3614 1727 3756 1782 Habet

527 1833 601 1882 est
634 1831 732 1896 qui
761 1832 1066 1882 consoletur
1087 1844 1305 1893 eam,ac
1321 1828 1367 1881 si
1396 1833 1655 1898 patenter
1679 1829 1859 1883 dicat:
1886 1831 2124 1901 Dignam
2208 1830 2357 1883 enim
2389 1829 2470 1883 vis
2501 1827 2709 1883 summi
2750 1825 2960 1880 doloris
2989 1824 3073 1879 vel
3101 1821 3338 1886 amoris,
3381 1826 3453 1917 _ut
3477 1818 3755 1917 cum‘lacry-

525 1916 1036 1970 remunerationem
1080 1917 1286 1971 erroris
1314 1916 1531 1987 recipit,
1567 1934 1689 1988 quae
1718 1919 2124 1989 cxpandentem
2208 1918 2314 1972 mis
2367 1914 2780 1988 quodammodo
2809 1914 2930 1985 ipse
2969 1911 3167 1966 oculus
3219 1909 3429 1964 mentis
3456 1924 3515 1961 se
3540 1906 3749 1960 videatur

528 2021 731 2059 manus
777 2004 835 2058 in
881 2022 1044 2059 cruce
1091 2005 1289 2060 audire
1344 2005 1607 2076 neglexit,
1641 2011 1699 2060 et
1738 2007 1841 2061 sub
1869 2008 1973 2061 alis
2004 2009 2125 2077 ejus

527 2094 825 2148 succedere
876 2094 1097 2164 refugit.
1152 2095 1395 2165 Dignum
1447 2095 1621 2164 igitur
1673 2102 1736 2150 ut
1769 2095 1891 2167 ipsa
1934 2104 2128 2168 postea

525 2182 866 2253 expenderet
912 2199 1129 2248 manus,
1180 2188 1236 2236 et
1288 2184 1672 2238 consolantem
1716 2185 1966 2240 invenire
2013 2203 2123 2241 non

526 2276 731 2340 posset.
752 2270 893 2324 Hinc
921 2270 1210 2341 signauter
1235 2272 1316 2325 ait
1344 2272 1652 2343 Propheta:
1693 2278 1759 2330 In
1793 2278 2124 2331 contritione

524 2360 652 2425 ﬁliae
676 2361 871 2428 populi
902 2364 1025 2426 mei,
1060 2362 1191 2431 quia
1223 2362 1328 2415 etsi
1358 2368 1488 2416 ante
1528 2362 1832 2418 adventum
1877 2364 2118 2431 Domini,

528 2446 912 2516 captivitatem
964 2450 1285 2504 Iudaeorum
1332 2451 1546 2504 illatam
1589 2469 1710 2506 esse
1758 2470 1792 2506 a
1848 2454 2123 2508 Chaldaeis

2216 2011 2452 2074 ιιιθι
2514 2004 2819 2068 effundere,
2874 2018 3082 2072 easque
3109 1998 3396 2054 deducere
3424 1996 3686 2068 lacrymas,
3705 2009 3753 2046 ex

2208 2113 2318 2168 quo
2368 2100 2638 2166 tanquam
2684 2110 2750 2147 ex
2796 2089 3162 2145 divisionibus
3214 2102 3507 2159 aquarum,
3560 2085 3755 2154 impetus

2206 2184 2413 2239 doloris
2471 2184 2554 2237 vel
2597 2181 2805 2236 amoris
2847 2177 3236 2235 vehementior
3274 2176 3594 2231 declaratur.
3639 2168 3753 2225 Felix

2207 2274 2381 2344 igitur
2421 2272 2551 2328 talis
2598 2272 2887 2335 decursus,
2919 2273 2976 2323 et
3021 2266 3203 2321 beataa
3234 2264 3549 2328 divisiones,
3580 2277 3682 2332 qua
3703 2257 3753 2311 de

2208 2363 2426 2418 unitate
2474 2360 2638 2427 oculi,
2689 2366 2753 2421 et,
2790 2358 3036 2430 puritate
3075 2354 3251 2410 fontis
3290 2353 3518 2408 veniunt
3562 2348 3754 2421 Spiritus

2207 2453 2406 2507 sancti.
2435 2452 2621 2506 Bonus
2664 2450 2926 2520 impetus,
2957 2446 3054 2518 qui
3079 2444 3266 2500 nescit
3310 2442 3524 2507 laedere,
3569 2444 3619 2493 et
3640 2436 3756 2492 norit

529 2533 736 2589 deﬂere
770 2537 1038 2603 \ideatur,
1073 2544 1263 2593 tamen
1315 2540 1638 2610 prephetico
1686 2541 1907 2612 spiritu,
1957 2542 2123 2596 istam
2209 2541 2443 2611 implere
2476 2559 2487 2593 :
2517 2538 2783 2610 quoniam
2814 2535 2995 2591 sancti
3024 2533 3253 2623 repleti
3277 2530 3512 2623 apostoli
3553 2528 3752 2623 (Διειχιι)ἶ

528 2623 710 2694 magis
783 2625 1165 2697 captivitatem
1242 2628 1569 2698 praevidens,
1643 2646 1753 2700 qua
1828 2647 1921 2684 eos
1968 2630 2129 2685 intel-
2211 2629 2371 2700 quasi
2405 2627 2807 2683 vehementiori
2826 2625 3012 2696 gratia
3032 2628 3224 2678 musto
3242 2618 3572 2710 inebriatiac
3595 2614 3754 2710 ςθρὶςξί

528 2712 759 2783 ligibilis
815 2714 1108 2770 Chaldaeus
1170 2715 1273 2769 sub
1336 2717 1589 2787 perpetui
1644 2718 1849 2773 erroris
1909 2718 2129 2773 vincula
2209 2718 2598 2789 culpabantur.
2632 2713 3257 2804 Deducebatetgillaex
3286 2707 3576 2804 Evangelia
3599 2702 3756 2804 'hasdi:

528 2802 781 2871 subjecit,
826 2808 882 2857 et
938 2804 1260 2858 domestica:
1308 2805 1529 2860 virtutis
1586 2812 1833 2861 extorres
1885 2808 1952 2860 de
2010 2814 2126 2862 sta-
2210 2806 2446 2861 visiones
2477 2821 2775 2876 aquarum,
2808 2821 2931 2875 quae
2958 2802 3219 2872 irrigavit
3255 2799 3424 2872 pedes
3465 2796 3755 2896 Dominis”?t

528 2896 591 2946 tu
643 2893 840 2963 patriae
897 2894 1207 2947 devotionis
1261 2894 1580 2961 eliminans,
1634 2897 1950 2967 longinquae
1992 2898 2127 2952 aﬂ'e-
2210 2896 2340 2950 fidei
2370 2913 2485 2950 sua;
2503 2894 2682 2965 pretio
2712 2892 2849 2947 emit
2870 2892 3074 2946 animae
3102 2907 3222 2945 suae
3252 2895 3310 2944 et
3332 2885 3567 2959 corporis
3589 2884 3755 2937 samia-

531 2980 608 3033 cit
643 2985 891 3047 I460
915 2981 1313 3035 dominationis
1340 2983 1551 3036 exsilio.
1589 2984 1721 3047 Quae
1752 2984 1997 3055 profecto
2030 2991 2132 3040 mi-

2213 2984 2605 3039 tem.l)eduxit
2634 2999 2768 3053 ergo
2789 2987 2847 3035 et
2865 2980 3038 3035 David
3062 2981 3164 3034 has
3187 2977 3482 3034 divisiones
3500 2969 3753 3028 secundum

534 3068 761 3122 serabili
800 3070 1056 3139 deplorat
1084 3070 1293 3123 dolore.
1336 3072 1503 3125 Nulla
1540 3073 1689 3126 enim
1735 3075 1919 3143 patria
1950 3076 2193 3139 veriorC
2219 3074 2671 3144 magnitudinem
2685 3070 3171 3127 etmultitudinem
3203 3068 3528 3124 delictorum
3549 3073 3751 3120 suorum,

529 3156 779 3210 omnium
831 3157 888 3210 in
933 3158 1036 3211 hac
1077 3159 1545 3228 peregrinatione,
1596 3178 1761 3231 quam
1810 3165 1960 3229 ﬁdes.
1994 3165 2128 3228 Quae

528 3244 800 3299 nimirum
840 3262 934 3299 eos
971 3246 1066 3317 qui
1096 3247 1261 3317 longe
1289 3255 1453 3301 erant
1499 3266 1672 3320 prope
1720 3268 1841 3306 esse
1892 3252 2040 3317 fecit,
2073 3259 2130 3309 et

532 3333 776 3388 advenas
797 3337 966 3405 atque
996 3336 1341 3405 peregrinos,
1358 3337 1599 3392 civitatis
1624 3355 1880 3411 supernae
1910 3342 2122 3412 patriae,

520 3424 650 3493 jure
684 3424 1001 3489 connexuit,
1034 3424 1179 3479 sicut
1226 3425 1497 3497 scriptum
1520 3432 1607 3482 est
1637 3448 1652 3483 :
1694 3430 1838 3497 Ergo
1855 3434 1983 3499 jam
2014 3448 2126 3507 non

526 3513 670 3576 estis,
712 3511 792 3565 ait
816 3512 1138 3583 Apostolus,
1177 3515 1409 3582 hospites
1441 3521 1487 3568 et
1517 3518 1755 3583 advenat,
1788 3521 1877 3571 sed
1898 3522 2021 3573 estis
2052 3524 2127 3574 ei-

525 3615 611 3654 ves
639 3606 1045 3668 sanetorum,et
1076 3604 1358 3656 domestici
1388 3606 1723 3673 Dei(Ephes.
1749 3608 1827 3675 ιι).
1855 3609 1962 3661 Sed
1993 3609 2127 3680 quia

524 3689 595 3743 ab
628 3689 716 3743 his
745 3689 1023 3755 omnibus,
1044 3691 1253 3745 scilicet
1282 3708 1315 3745 a
1335 3692 1452 3746 solo
1469 3694 1685 3764 patriae,
1708 3712 1743 3749 a
1764 3696 1896 3763 Deo,
1920 3704 1977 3751 et
1995 3698 2120 3764 (ide,

525 3782 582 3831 et
610 3777 753 3847 lege,
787 3783 845 3832 et
873 3783 1212 3835 testamento
1247 3787 1461 3848 sancto,
1503 3784 1841 3839 contritione
1886 3785 2122 3856 dispersi

525 3870 704 3933 erant,
733 3872 882 3921 recte
912 3868 1016 3922 ait:
1050 3870 1354 3923 Dz‘risiones
1378 3887 1657 3939 aquarum
1680 3875 1909 3927 deduxit
1932 3877 2122 3929 oculus

524 3956 949 4027 meus.0ptabat
971 3958 1121 4011 enim
1149 3975 1208 4012 se
1235 3976 1363 4014 cum
1385 3960 1560 4014 Paulo
1588 3962 1863 4031 apostolo,
1888 3968 1951 4016 ut
1970 3964 2122 4017 aesti-

524 4060 636 4112 mo,
663 4047 963 4100 anathema
999 4064 1120 4101 esse
1139 4064 1266 4102 cum
1286 4048 1554 4103 fratribus
1578 4050 1695 4103 suis
1718 4052 1888 4117 (Rom.
1914 4066 2016 4118 IX).
2046 4052 2123 4106 Ex

527 4148 637 4202 quo
674 4139 846 4204 patet,
896 4136 1045 4205 quod
1081 4153 1287 4207 magna
1317 4138 1393 4192 sit
1418 4139 1696 4209 possessio
1718 4140 2032 4205 charitatis,
2068 4148 2125 4195 et

526 4220 724 4274 hortus
753 4222 1079 4277 deliciarum
1103 4226 1435 4296 praecipuus,
1454 4228 1511 4281 in
1538 4245 1647 4299 quo
1674 4229 1924 4283 omnium
1946 4230 2122 4284 virtu-

524 4313 649 4362 tum
680 4325 887 4378 genera
916 4313 1263 4381 nutriuntur,
1284 4333 1350 4369 ex
1369 4333 1479 4385 quo
1497 4317 1656 4386 quasi
1673 4318 1743 4370 de
1763 4318 2021 4388 paradiso
2035 4337 2123 4373 vo-

2211 3179 2275 3217 ex
2303 3162 2506 3233 quibus
2536 3163 2606 3216 de
2632 3168 2856 3233 peccato
2898 3159 3145 3230 gratiam
3192 3157 3407 3221 retulit,
3436 3159 3489 3209 et
3513 3168 3603 3224 pro
3628 3152 3753 3202 reatu

2210 3268 2276 3306 ex
2301 3251 2666 3306 divisionibus
2697 3265 2971 3321 aquarum
3001 3248 3277 3303 virtutum
3301 3259 3527 3318 quaeque
3553 3234 3753 3294 cumule

2209 3341 2289 3394 vit
2311 3342 2477 3395 dona.
2504 3342 2581 3395 Ex
2609 3339 2809 3411 quibus
2839 3344 2897 3392 et
2923 3337 3232 3408 apostolus,
3264 3341 3389 3407 post
3415 3332 3603 3387 trinam
3621 3338 3751 3394 nega-

2209 3430 2440 3492 tionem,
2489 3428 2733 3500 gratiam
2772 3427 2859 3482 sui
2888 3426 3101 3497 recepit
3127 3424 3475 3496 apostolatus
3499 3420 3633 3490 (Luc.
3656 3414 3747 3508 Ἧι).

2209 3519 2353 3583 Quid
2383 3518 2556 3589 igitur
2585 3534 2648 3571 ex
2680 3517 2765 3570 his
2804 3515 2983 3570 dicam
3014 3514 3405 3579 divisionibus,
3446 3524 3564 3564 cum
3606 3515 3747 3571 magis

2208 3608 2290 3662 vis
2315 3607 2523 3679 eloquii
2555 3605 2849 3670 minuitur,
2883 3620 3052 3676 quam
3078 3602 3312 3658 ubertas
3338 3598 3493 3655 nobis
3528 3597 3749 3679 lacryrpa-

2208 3713 2331 3751 rum
2353 3677 2517 3750 corde
2546 3696 2820 3750 obdurato
2853 3694 2938 3747 vel
2977 3693 3164 3765 gratia
3190 3687 3482 3763 aperitur?
3510 3681 3649 3738 Unde
3668 3677 3748 3731 Da-

2208 3786 2296 3839 vid
2325 3791 2382 3839 et
2404 3785 2499 3839 alii
2524 3783 2928 3859 quamplurimi
2957 3782 3029 3836 ad
3053 3780 3307 3854 medium
3339 3776 3674 3833 deducantur,
3698 3766 3745 3817 ut

2206 3892 2273 3929 ex
2298 3874 2385 3928 his
2408 3874 2692 3945 percipere
2719 3872 3017 3944 possimus,
3052 3869 3185 3942 quid
3205 3869 3316 3942 ipsi
3346 3882 3443 3940 pro
3471 3861 3653 3917 eisdem
3675 3869 3743 3950 re-

2207 3963 2461 4030 tulerint,
2496 3962 2592 4033 qui
2628 3978 2728 4032 pro
2762 3961 2928 4015 modo
2972 3959 3221 4013 criminis
3269 3959 3507 4013 lamenta
3530 3951 3742 4017 lacrylnls

2208 4051 2550 4106 coauxerint.
2586 4050 2732 4104 Dicit
2758 4051 2937 4104 enim:
2976 4049 3184 4103 Lavabo
3209 4064 3314 4116 per
3340 4044 3576 4111 singutas
3603 4036 3740 4089 nocte:

2206 4144 2401 4195 lectum
2437 4156 2637 4204 meum,
2665 4142 2930 4204 taerymis
2963 4140 3094 4191 meis
3123 4140 3369 4189 stratum
3400 4143 3566 4185 meum
3589 4119 3738 4189 rigabo

2209 4230 2370 4293 (Psat.
2405 4228 2495 4297 γι).
2530 4228 2712 4295 Atque
2760 4225 2968 4279 iterum
3001 4240 3015 4277 :
3067 4225 3318 4277 Fuerunt
3370 4218 3503 4273 mihi
3529 4216 3739 4276 lacrth

2208 4334 2334 4371 mea
2358 4333 2525 4385 panes
2550 4314 2819 4385 (Psatm);
2850 4330 3066 4369 necnon
3091 4318 3137 4367 et
3168 4313 3427 4381 poculum
3454 4317 3616 4358 meum
3638 4308 3732 4350 eum

523 4369 759 4469 luptatis
798 4397 921 4453 fons
955 4401 1224 4467 ascendit,
1253 4369 1365 4471 'qui
1385 4369 1593 4473 irrigat
2200 4411 2332 4477 fletu
2358 4369 2373 4385 ι
2391 4397 2676 4460 miscebant
2733 4369 2895 4473 (Plsat.
2936 4406 3148 4467 cxvm).
3195 4402 3268 4456 Et
3313 4404 3376 4454 ut
3404 4394 3598 4450 videres
3619 4387 3737 4440 lere-

518 4488 1007 4560 genera.Primum
1037 4506 1096 4543 se
1111 4491 1373 4544 attollens
1400 4490 1458 4544 in
1479 4498 1721 4561 quatuor
1735 4493 2002 4549 virtutum
2034 4513 2123 4551 ca-

524 4576 662 4646 pita,
696 4594 759 4631 ac
796 4578 843 4631 si
872 4579 1101 4633 demum
1140 4596 1242 4651 per
1269 4596 1464 4634 omnes
1494 4580 1792 4635 divisiones
1822 4599 2115 4653 aquarum,

526 4669 591 4718 ut
613 4666 803 4720 omnia
831 4666 1110 4722 inebrient
1131 4668 1260 4723 ﬁdei
1282 4674 1340 4722 et
1368 4686 1587 4723 morum
1625 4671 1901 4740 germina.
1945 4674 2121 4727 Gran-

527 4751 674 4806 diter
723 4754 872 4807 enim
910 4758 1168 4812 aﬂ‘ectum
1198 4758 1448 4828 gerentis
1475 4752 1861 4830 penitentiam
1893 4779 2137 4832 expres--

528 4840 622 4907 sit,
644 4845 744 4895 aut
771 4842 1038 4897 nimirum
1067 4846 1378 4901 dilectionis
1402 4864 1653 4902 amorem
1684 4848 2019 4919 designavit,
2038 4868 2120 4905 se-

524 4928 770 4983 cundum
798 4929 935 4984 illud
968 4932 1114 5001 quod
1146 4933 1205 4987 in
1252 4935 1494 4990 Canticis
1533 4936 1802 5007 scriptum
1832 4943 1919 4991 est
1947 4957 1958 4990 :
1985 4941 2121 4993 Fons

523 5018 834 5083 hortorum,
863 5025 1061 5087 puteus
1091 5038 1371 5089 aquarum
1403 5027 1729 5089 viventium,
1761 5043 1884 5079 cum
1912 5030 2117 5096 impetu

522 5107 842 5162 descendens
866 5124 900 5160 α
932 5108 1135 5161 Libano
1157 5111 1319 5176 (Cant
1337 5124 1424 5175 ιν).
1468 5114 1594 5168 Ista:
1623 5114 1795 5184 igitur
1817 5115 2119 5171 divisiones

522 5211 818 5267 aquarum,
853 5213 964 5250 non
994 5197 1179 5252 minus
1225 5198 1463 5256 abluunt
1489 5209 1731 5273 peccata,
1768 5221 1895 5259 cum
1948 5206 2117 5260 etiam

521 5300 624 5355 per
643 5301 838 5340 omnes
863 5285 1191 5365 deliciarum
1225 5290 1441 5345 areolas
1470 5291 1672 5357 ﬂuunt,
1698 5298 1762 5347 ut
1782 5294 1971 5349 omnia
1999 5311 2120 5349 aro-

520 5377 740 5428 matum
778 5375 1015 5448 irrigent
1034 5392 1263 5446 genera.
1294 5377 1444 5442 Quas
1468 5379 1765 5436 divisiones
1784 5383 1993 5438 Christi
2023 5385 2118 5438 Ec-

519 5460 710 5529 clesia,
735 5479 861 5518 cum
892 5464 1105 5537 impetu
1132 5465 1359 5521 deducit
1388 5483 1422 5521 a
1450 5467 1660 5524 Libano
1689 5469 1966 5528 abluendo
1993 5490 2117 5545 pec-

519 5555 665 5622 cata,
694 5568 760 5609 ex
798 5554 957 5626 cujus
1007 5554 1222 5628 impetu
1262 5556 1390 5629 puri
1416 5556 1606 5627 fontis,
1637 5558 1820 5617 afﬂuit
1846 5578 1880 5617 a
1906 5562 2115 5619 Libano

2205 4494 2373 4548 miam
2430 4492 2973 4547 imitantem-illum:
3024 4490 3240 4555 Exitus,
3284 4483 3477 4572 inquit,
3503 4482 3733 4572 aquarum

2203 4586 2551 4639 deduxerunt
2587 4584 2736 4636 oeuli
2780 4585 2907 4634 mei.
2964 4580 3032 4634 Et
3057 4595 3171 4633 non
3200 4576 3356 4642 dixit,
3387 4571 3509 4661 quia
3534 4564 3727 4661 afﬂigva

2205 4674 2337 4744 quia
2366 4672 2635 4743 ﬂagellor,
2659 4669 2807 4741 quod
2831 4667 3149 4733 maledicor,
3169 4671 3227 4721 et
3254 4684 3289 4721 a
3317 4659 3526 4754 proprio
3542 4654 3733 4754 deﬁcit-:1“

2203 4740 2322 4817 solo
2359 4740 2465 4815 vel‘
2484 4740 2792 4832 persequor
2815 4777 2828 4824 ;
2859 4757 2959 4812 sed
3002 4756 3135 4828 quia
3163 4770 3277 4810 non
3305 4743 3561 4842 custodiri.

2202 4850 2643 4916 tuam,Domine.
2661 4850 2741 4903 Ac
2757 4848 2805 4902 si
2828 4847 3063 4902 diceret:
3089 4842 3414 4899 Fluentibus
3436 4833 3723 4918 οοιιιὶεὶιξϐιξγ

2203 4912 2433 5011 deploro
2464 4956 2529 4993 ea
2578 4955 2700 5010 qua:
2752 4936 2864 4991 illis
2895 4933 3299 5007 aspicientibus
3324 4924 3529 5022 admisi.
3557 4912 3723 5022 Bait-iiii

2202 5007 2427 5100 quidem
2454 5007 2803 5082 idem'multa
2840 5025 2951 5079 alia
2979 5041 3101 5095 quae
3123 5023 3371 5087 deﬂeret,
3402 5015 3480 5069 vel
3500 5007 3720 5100 incestum

2203 5091 2350 5184 filim,
2396 5118 2481 5170 vel
2504 5116 2801 5171 interitum
2831 5091 3076 5169 ﬁliorum
3098 5114 3183 5183 (Il
3210 5114 3329 5178 Reg.
3360 5107 3498 5174 nn):

2204 5222 2315 5260 non
2346 5205 2453 5260 hoc
2484 5222 2543 5260 se
2594 5204 2811 5258 ﬂevisse
2839 5202 2992 5269 dicit,
3033 5200 3131 5255 sed
3174 5199 3306 5270 quia
3343 5209 3448 5283 non

2200 5295 2382 5365 legem
2422 5293 2670 5349 Domini.
2710 5264 3172 5361 Quandoquidem
3189 5264 3238 5342 -α
3259 5280 3452 5342 sanctis
3477 5264 3713 5366 Virg-Ph}?

2199 5359 2380 5455 culpa,
2429 5399 2599 5454 quam
2639 5396 2888 5437 aerumna
2913 5359 3218 5451 plangitur.
3262 5372 3412 5431 Unde
3449 5370 3501 5420 et
3536 5359 3712 5459 ﬁlio}?

2200 5450 2380 5527 morte
2407 5450 2589 5543 posito
2622 5472 2700 5539 (ΙΙ
2725 5471 2847 5538 Reg.
2881 5450 3005 5535 xu),
3044 5483 3148 5522 nec
3174 5450 3708 5552 cibumsumpsiiifff

2197 5535 2427 5636 regium-
2448 5535 2734 5629 thronum,
2782 5535 2884 5617 nec
2910 5557 3091 5617 cubile
3135 5552 3393 5619 ascendit,
3422 5543 3508 5602 sed
3541 5535 3707 5594 ειηιιιδ
