3960 6168
284 230 417 287 1185

946 225 1326 283 EXPOSITIO
1365 227 1442 281 IN
1483 222 2086 280 LAMEN’I‘ATIONES
2124 224 2469 280 JEREMI/E.
2514 257 2577 267 —
2620 229 2751 286 LIB.
2800 235 2900 290 IIl.

3415 242 3545 302 1186

273 356 332 411 in
358 360 533 423 terra,
570 356 802 427 jejunus
842 369 968 409 cum
1019 350 1279 422 lacrymis
1319 349 1535 422 planxit
1574 368 1583 401 :
1629 349 1721 404 ubi
1763 365 1874 403 non
1895 350 2075 409 Aavis
2123 351 2236 409 illa.
2287 351 2355 404 de.
2411 370 2523 422 qua
2576 355 2781 425 legitur
2825 358 2883 414 in
2924 361 3026 415 Job
3069 381 3079 415 ξ
3124 364 3389 420 Semita»:
3436 372 3554 424 avis

271 450 389 499 tam
440 444 541 499 ﬁlii
579 448 839 508 mortem,
881 457 1049 513 quam
1079 439 1288 511 peccati
1336 455 1557 510 poenam
1590 454 1875 493 removere

269 534 622 597 desiderans,
656 532 827 587 ﬂevit.
864 531 955 586 Sic
981 535 1037 584 et
1073 529 1345 584 Jeremias
1379 548 1390 579 :
1424 531 1744 593 Divisiones,
1788 527 1876 580 in-

271 622 414 694 quit,
446 637 732 691 aquarum
760 622 987 675 deduxit
1024 622 1214 672 ocul-us
1245 635 1394 671 meus
1438 621 1501 670 in
1543 618 1877 669 contritione

269 713 403 779 filia:
418 712 613 780 populi
636 711 761 763 mei.
782 706 1072 779 Siquidem
1095 722 1206 761 non
1237 710 1457 760 tantum
1480 706 1605 759 vitae
1630 720 1875 775 praesen-

269 799 345 853 tis
364 797 761 853 contritionem
782 796 999 867 lugens,
1028 811 1195 866 quam
1219 811 1383 866 passa
1403 799 1489 848 est
1507 793 1577 847 ab
1600 792 1871 856 hostibus,

269 904 443 959 quam
493 886 664 941 etiam
714 891 944 957 propter
980 883 1174 938 ειεξινηί
1225 882 1480 953 supplicii
1531 897 1774 952 poenam,
1806 897 1873 934 eo

269 976 426 1047 quod
454 981 683 1047 propter
717 972 1203 1045 impaenitudinem
1232 977 1289 1026 et
1315 970 1579 1025 duritiam
1634 973 1875 1035 ιιιιη

267 1064 456 1119 cordis
501 1080 693 1118 eorum
747 1068 979 1117 noverat
1026 1079 1038 1114 :
1092 1060 1223 1131 quia
1272 1060 1481 1130 duplici
1540 1056 1875 1112 contritione

265 1155 452 1225 (juxta
490 1152 639 1224 quod
668 1152 935 1221 scriptum
986 1149 1091 1210 est)
1121 1149 1190 1203 de
1220 1147 1324 1202 sub
1373 1148 1529 1202 cmlis
1562 1150 1878 1201 contereret

271 1258 371 1296 eos
420 1240 713 1295 Dominus.
767 1239 947 1293 Flevit
1000 1238 1174 1308 igitur
1224 1237 1499 1309 propheta
1546 1236 1737 1309 populi
1788 1233 1874 1288 sui

264 1346 552 1385 aerumnas
590 1334 648 1383 et
691 1327 1000 1398 angustias,
1032 1326 1183 1380 ﬂevit
1219 1332 1276 1380 et
1308 1326 1587 1380 excidium
1630 1324 1823 1396 patriae
1856 1342 1867 1376 :

1964 442 2242 504 ignorabit
2263 441 2419 493 homo
2444 442 2564 509 (Job
2592 452 2798 511 xxvm).
2846 449 3108 521 Alioquin
3130 452 3176 506 si
3206 470 3332 508 eum
3354 472 3555 527 cogno-

1957 528 2186 591 vissent,
2222 545 2511 599 nunquam
2560 532 2859 589 Dominum
2909 539 3107 608 gloriae
3153 543 3558 601 crucifixissent

1956 616 2011 688 (Ι
2038 618 2160 671 Cor.
2186 625 2259 679 ιι).
2295 618 2466 687 Cujus
2496 620 2761 676 nimirum
2801 626 3029 681 semitas
3057 629 3337 699 ignoravit
3364 633 3552 699 homo,

1958 706 2105 776 quod
2137 706 2327 771 etiam,
2373 712 2516 762 teste
2545 710 2811 779 Apostolo
2844 715 2974 779 (Col.
3018 720 3079 784 1),
3125 720 3343 774 saeculis
3379 726 3438 776 et
3462 737 3558 793 ge-

1955 794 2339 848 nerationibus
2377 796 2628 865 ignotum
2677 800 2818 867 fuit;
2867 809 2925 856 et
2967 808 3389 873 generationem
3431 811 3556 882 ejus

1956 882 2081 953 quis
2112 883 2432 937 enarrabit?
2464 888 2591 939 ’Isa.
2628 892 2773 956 LIII.)
2804 891 2978 945 Beata
3018 894 3195 963 igitur
3221 897 3337 950 avis
3366 898 3426 953 in
3455 915 3555 970 spe

1957 972 2403 1043 repromissionis
2432 973 2591 1028 nobis
2618 977 2802 1031 calore
2826 985 2884 1032 et
2910 981 3337 1039 adumbratione
3372 988 3553 1041 sancti

1958 1061 2201 1137 Spiritus
2248 1062 2560 1131 progenita,
2595 1064 2715 1118 sine
2764 1068 2932 1133 coitu,
2966 1086 3091 1140 quae
3133 1072 3263 1126 licet
3298 1075 3358 1128 in
3386 1076 3555 1130 terris

1956 1150 2252 1203 venatione
2298 1150 2652 1205 inimicorum
2703 1154 2779 1207 sit
2821 1162 3004 1227 capta,
3044 1176 3267 1232 semper
3306 1163 3553 1219 coelestia

1954 1237 2156 1292 tenuit.
2185 1238 2462 1292 Fortassis
2481 1256 2614 1309 ergo
2634 1241 2753 1312 ipse
2782 1251 2867 1298 est
2894 1247 3100 1317 aquila,
3127 1266 3248 1319 quae
3269 1251 3402 1305 dum
3427 1268 3553 1322 pro-

1954 1331 2115 1380 vocat
2153 1326 2334 1395 pullos
2364 1343 2495 1380 suos
2528 1330 2700 1396 (Deut.
2733 1338 2920 1401 xxxn),
2961 1336 3172 1390 scilicet
3198 1339 3439 1408 Judaeos,
3480 1342 3553 1396 ad

256 1418 356 1473 sed
388 1418 575 1487 magis
621 1416 838 1470 ﬂevisse
869 1414 1118 1469 creditur
1145 1414 1295 1485 quod
1325 1419 1382 1468 et
1422 1414 1528 1484 ipsi
1557 1429 1727 1484 super
1754 1413 1867 1466 Do-
1951 1414 2267 1479 volandum,
2290 1415 2556 1485 expandit
2582 1417 2700 1471 alas
2730 1437 2875 1474 suas.
2893 1438 3064 1492 super
3092 1441 3204 1489 eos,
3239 1432 3295 1480 et
3323 1444 3553 1483 assum-

258 1507 484 1561 minum
512 1522 576 1561 os
601 1504 947 1577 aperuerint,
970 1508 1034 1557 ut
1063 1502 1300 1573 legimus
1322 1502 1379 1556 in
1408 1502 1686 1573 passione,
1712 1499 1867 1555 Chri-
1950 1502 2078 1573 psit.
2116 1510 2284 1575 atque
2313 1508 2556 1577 portavit
2586 1508 2643 1562 in
2672 1509 2923 1563 humeris
2960 1512 3095 1578 suis,
3127 1513 3326 1584 laqueo
3354 1533 3551 1571 eorum

258 1602 415 1651 stum
441 1594 898 1667 blasphemantes
928 1598 984 1647 et
1030 1592 1447 1657 maledicentes,
1479 1590 1629 1644 unde
1656 1595 1714 1643 et
1759 1588 1865 1658 ipsi
1948 1597 2147 1662 captus
2175 1600 2279 1659 est,
2312 1595 2369 1649 in
2400 1596 2619 1651 insidiis
2645 1598 2862 1657 (Matth.
2886 1602 3062 1667 xxm).
3087 1601 3193 1664 Qui
3223 1603 3357 1657 dum
3379 1605 3556 1659 voluit

258 1702 296 1741 a
322 1684 547 1740 diabolo
574 1684 736 1755 quasi
768 1683 839 1737 de
869 1681 1305 1753 reciprocatione
1328 1680 1631 1734 vindictam
1664 1677 1868 1731 habue-
1887 1670 2043 1734 Beos
2063 1698 2370 1752 aggregare
2399 1684 2502 1738 sub
2529 1685 2634 1739 alis
2653 1686 2769 1740 suis
2797 1703 2860 1741 ac
2892 1688 2937 1741 si
2964 1689 3195 1758 gallina,
3231 1692 3552 1749 inﬁrmatus

258 1780 418 1830 runt.
468 1772 650 1828 Flebit
689 1776 748 1826 et
793 1771 1052 1826 Christus
1097 1770 1157 1824 in
1201 1768 1459 1841 passione
1513 1770 1656 1837 (Luc.
1707 1766 1863 1832 χιιι),
1950 1772 2335 1840 apprehensus
2356 1779 2443 1826 est
2469 1790 2534 1827 ex
2563 1773 2891 1829 inﬁrmitate
2920 1778 3126 1833 carnis.
3150 1780 3309 1834 Unde
3330 1781 3555 1851 signan-

260 1862 492 1936 quando
533 1860 802 1933 prolixius
830 1859 1048 1930 positus
1093 1858 1150 1912 in
1180 1858 1384 1928 agonia
1411 1856 1609 1920 oravit,
1643 1855 1866 1925 quando
1946 1863 2038 1911 ter
2059 1860 2138 1913 ait
2165 1877 2175 1911 :
2214 1862 2381 1928 Lapsa
2412 1867 2484 1914 est
2507 1864 2568 1916 in
2596 1865 2778 1916 lacum
2806 1867 2920 1919 vita
2941 1882 3081 1918 mea.
3102 1866 3280 1929 Quem
3303 1869 3552 1939 profecto

259 1957 321 2007 et
347 1955 514 2022 gutta
543 1948 833 2019 sanguinis
863 1946 934 2001 ab
977 1963 1062 2013 eo,
1096 1963 1197 2017 pro
1227 1945 1389 1999 nobis
1416 1946 1631 2010 dolens,
1663 1945 1721 1998 in
1750 1948 1866 2001 ter-
1948 1946 2133 2000 lacum
2163 1947 2281 2017 ipse
2312 1949 2542 2003 calcavit
2582 1951 2733 2005 solus
2767 1952 2975 2023 (Matth.
3002 1952 3115 2023 xv),
3141 1955 3276 2009 dum
3309 1962 3551 2013 mortem

259 2058 387 2095 ram
416 2040 645 2097 decidit.
671 2038 850 2093 Flevit
872 2043 929 2092 et
955 2054 1126 2109 super
1145 2037 1324 2107 ipsam
1352 2037 1617 2091 miseram
1646 2037 1870 2090 Jerusa-
1950 2035 2241 2089 moriendo
2270 2037 2527 2106 peremit,
2559 2043 2616 2091 et
2641 2040 2814 2093 vitam
2858 2043 3203 2112 resurgendo
3231 2046 3541 2115 reparavit.

261 2129 375 2184 lem
408 2130 555 2195 (Luc.
584 2126 723 2196 xxx);
764 2126 919 2181 ﬂevit
943 2130 1133 2180 autem
1164 2130 1218 2179 et
1255 2141 1425 2195 super
1459 2124 1728 2178 Lazarum
1762 2138 1774 2173 :
1805 2128 1870 2178 ut
1951 2127 2276 2189 Posuerunt,
2328 2125 2530 2196 inquit,
2563 2130 2799 2195 lapidem
2839 2145 3006 2197 super
3044 2147 3145 2184 me.
3194 2132 3340 2193 Quid
3376 2133 3552 2203 igitur

260 2235 331 2273 ex
374 2218 483 2271 hoc
528 2232 907 2287 cognosceres,
951 2214 1177 2285 quantis
1223 2213 1520 2268 atterimur
1563 2212 1745 2273 malis,
1782 2212 1864 2266 vel
1950 2214 2202 2284 apertius
2228 2214 2298 2268 de
2326 2215 2583 2284 passione
2612 2216 2839 2282 Christi,
2876 2217 3010 2287 quid
3052 2218 3384 2288 evidentius,
3420 2240 3549 2278 cum

261 2304 471 2378 quibus
508 2321 739 2376 egemus
776 2303 1036 2358 lamentis
1069 2305 1245 2369 (Joan.
1282 2304 1356 2368 κ).
1391 2300 1557 2356 Flent
1584 2307 1773 2356 autem
1812 2307 1869 2355 et
1950 2306 2006 2356 et
2053 2302 2193 2372 lapis
2230 2304 2439 2367 (Matth.
2473 2319 2644 2369 xxvii,
2676 2306 2886 2371 xxvm),
2922 2306 3088 2377 longe
3114 2308 3212 2362 diu
3244 2311 3315 2363 ad
3354 2328 3552 2367 monu-

260 2392 469 2457 sancti,
501 2397 700 2447 euntes
730 2396 784 2445 et
815 2391 1102 2444 mittentes
1127 2389 1344 2444 semina
1372 2405 1494 2453 sua,
1532 2405 1598 2443 ac
1624 2405 1725 2459 per
1748 2388 1867 2443 sin-
1950 2396 2203 2444 mentum
2234 2408 2401 2462 super
2431 2408 2558 2445 eum
2589 2394 2945 2463 pmdicatur,
2977 2396 3071 2466 qui
3109 2402 3307 2467 postea
3333 2399 3391 2453 in
3420 2416 3552 2471 pas-

258 2482 404 2555 gula
427 2481 733 2536 divisiones
769 2479 983 2534 ducunt
1024 2494 1322 2549 aquarum,
1350 2484 1416 2532 ut
1443 2477 1645 2531 melius
1672 2477 1867 2531 aeterni
1949 2478 2123 2543 sione,
2148 2480 2330 2549 sigillo
2352 2496 2463 2534 una
2482 2496 2606 2534 cum
2632 2482 2956 2537 custodibus
2977 2484 3297 2555 assignatus
3317 2488 3544 2557 legitur,

257 2570 539 2643 germinis
574 2570 787 2623 fructus
814 2568 874 2622 in
911 2584 1151 2622 messem
1191 2571 1405 2637 surgat.
1437 2565 1588 2629 Quas
1619 2582 1754 2619 sane
1792 2566 1869 2619 la-
1951 2572 2007 2620 et
2025 2566 2096 2620 ab
2116 2569 2315 2637 angelo
2344 2570 2626 2623 revolutus
2652 2570 2953 2639 gloriosius
2982 2573 3359 2643 praedicatur?
3387 2577 3552 2631 Esti-

261 2675 592 2732 crymarum
642 2657 942 2712 divisiones
996 2656 1197 2711 melius
1253 2655 1510 2727 precibus
1563 2654 1870 2725 impetrare
1952 2660 2138 2709 matus
2166 2661 2248 2709 est
2294 2656 2466 2727 igitur
2496 2658 2750 2713 Christus
2801 2675 2931 2713 cum
2981 2661 3447 2719 descendentibus
3490 2665 3552 2721 in

258 2764 587 2821 possumus,
606 2745 881 2800 mittendo
901 2745 1117 2799 semina
1138 2743 1381 2815 pietatis,
1401 2760 1570 2814 quam
1600 2742 1871 2797 doctrinis
1954 2741 2135 2795 lacum
2188 2742 2349 2805 (Psat.
2402 2745 2657 2805 Lxxxvu),
2691 2743 2837 2797 sicut
2886 2745 3052 2799 homo
3102 2746 3224 2800 sine
3269 2748 3553 2818 adjutorio

262 2838 539 2893 ediscere.
568 2835 781 2891 Idcirco
811 2839 869 2888 et
898 2834 969 2888 ad
999 2833 1437 2887 consolationem
1478 2832 1663 2886 devoti
1694 2837 1874 2885 trans-
1955 2830 2103 2884 inter
2130 2840 2382 2884 mortuos
2407 2829 2568 2884 liber.
2598 2832 2873 2895 Quoniam
2905 2850 2939 2886 a
2962 2850 3179 2889 summa
3206 2836 3343 2890 coelo
3372 2854 3551 2905 egres-

261 2942 467 2982 eamus
519 2924 809 2995 Siquidem
856 2922 1001 2977 Sade
1046 2921 1236 2976 littera
1277 2922 1552 2993 sequitur,
1587 2938 1709 2992 quae
1745 2936 1875 2973 con-
1898 2905 2034 2973 Csio
2062 2923 2178 2986 ejus
2211 2920 2352 2989 (Psal
2371 2964 2381 2975 .
2417 2922 2597 2987 xvm).
2633 2920 2701 2973 Et
2728 2921 2775 2974 si
2799 2922 2870 2975 ad
2901 2922 3204 2977 novissima
3241 2925 3347 2979 laci
3384 2926 3552 2981 deve-

261 3018 468 3069 sotatio
494 3013 581 3067 vel
610 3014 842 3081 justitia
872 3011 1293 3081 interpretatur.
1327 3011 1461 3064 Post
1497 3010 1873 3080 lacrymarum
1956 3006 2059 3073 nit,
2084 3012 2140 3061 et
2160 3023 2424 3061 occursus
2445 3009 2566 3078 ejus
2588 3024 2765 3079 usque
2782 3009 2853 3064 ad
2883 3026 3164 3066 summum
3188 3014 3329 3083 ejus.
3355 3014 3555 3085 Sequi-

261 3102 594 3168 divisiones,
617 3106 745 3172 post
766 3116 966 3171 graves
987 3098 1322 3153 torrentium
1347 3100 1531 3164 ﬂetus,
1560 3103 1689 3169 post
1714 3114 1874 3152 ama-
1954 3101 2050 3150 tur
2079 3114 2089 3148 :
2130 3098 2549 3151 {nuntiaverunt
2586 3115 2741 3167 aqua:
2777 3115 2941 3166 super
2988 3105 3151 3168 caput
3200 3119 3409 3160 meum.
3447 3103 3557 3158 Per

263 3190 579 3247 ritudinem
611 3190 753 3244 tanti
780 3188 1008 3253 doloris,
1050 3193 1178 3258 post
1218 3187 1578 3242 formidinem
1608 3187 1872 3241 immensi
1955 3201 2130 3256 aquas
2158 3202 2402 3256 namque
2427 3186 2727 3241 multitudo
2753 3187 3040 3258 plangitur
3070 3188 3435 3246 insurrexisse
3465 3209 3559 3248 su-

264 3279 637 3343 discriminis,
663 3283 791 3350 post
815 3278 1046 3348 laqueos
1068 3275 1436 3360 c'ontritionis.
1471 3282 1599 3346 post
1628 3275 1876 3346 apertio-
1957 3290 2059 3345 per
2086 3273 2391 3340 Christum,
2434 3274 2529 3344 qui
2562 3281 2730 3345 caput
2775 3276 2951 3329 totius
2982 3276 3242 3332 Ecclesiae
3272 3280 3549 3341 creditur.

266 3385 408 3424 nem
433 3373 492 3422 et
513 3366 936 3422 insultationem
968 3364 1080 3419 oris
1106 3363 1483 3425 inimicorum,
1513 3363 1649 3417 satis
1680 3379 1878 3433 oppor-
1958 3363 2034 3416 Ex
2066 3378 2176 3433 quo
2203 3363 2477 3432 (quamvis
2506 3370 2562 3417 et
2590 3364 2659 3416 ad
2692 3365 2815 3433 ejus
2845 3365 2991 3418 dicta
3020 3367 3301 3435 pertineat
3328 3375 3561 3440 propter

266 3464 414 3513 tune
452 3455 777 3521 consolatio,
820 3454 878 3507 id
916 3459 1002 3508 est
1030 3453 1174 3509 Sade
1212 3452 1402 3507 littera
1438 3452 1769 3515 intercessit,
1812 3457 1878 3506 ut
1956 3450 2367 3504 immanitatem
2391 3451 2666 3520 angustiae
2688 3452 2986 3521 passionis)
3002 3458 3191 3507 tamen
3215 3456 3436 3526 plenius
3455 3475 3561 3515 vox

271 3547 377 3618 qui
400 3545 752 3615 gravioribus
792 3543 1057 3597 aerumnis
1086 3558 1277 3613 poenas
1306 3541 1731 3595 commissorum
1762 3541 1876 3594 lue-
1959 3538 2233 3604 Ecclesiaa,
2264 3536 2473 3591 scilicet
2519 3539 2692 3593 totius
2740 3541 3010 3609 corporis,
3066 3542 3272 3596 deﬂere
3319 3545 3558 3613 videtur,

271 3636 397 3689 rint
414 3633 969 3703 criminum,sperent
987 3630 1396 3700 indulgentiam
1414 3628 1648 3699 justitiae
1672 3633 1728 3682 et
1752 3643 1879 3682 con-
1962 3628 2108 3699 quod
2130 3626 2561 3691 inundaverunt,
2593 3643 2657 3680 ac
2682 3627 2730 3680 si
2755 3628 2957 3681 ﬂuctus
2978 3644 3251 3698 aquarum
3272 3633 3420 3686 mole
3445 3650 3560 3688 ma-

270 3723 613 3779 solationem
644 3701 1025 3776 remissionis:
1056 3724 1115 3773 et
1145 3718 1240 3789 qui
1273 3718 1497 3773 ﬂetibus
1526 3733 1591 3771 ac
1615 3717 1880 3788 lacrymis
1960 3716 2273 3787 gnitudinis
2320 3731 2489 3785 super
2535 3715 2820 3769 Christum
2858 3701 3071 3770 inimici
3113 3719 3291 3787 gratis
3318 3725 3384 3773 ut
3428 3737 3559 3777 eum

271 3811 508 3885 propria
522 3810 727 3865 delicta
742 3808 995 3875 laverint,
1012 3807 1266 3880 requiem
1283 3812 1608 3862 mereantur
1622 3806 1874 3877 adipisci.
1962 3804 2324 3875 perimerent.
2358 3803 2516 3857 Unde
2545 3819 2767 3874 sponsa,
2811 3820 2935 3874 quae
2971 3806 3088 3874 jam
3124 3807 3451 3878 quantisper
3479 3810 3562 3864 vi-

274 3900 393 3957 Sed
435 3900 659 3971 requies
704 3899 877 3963 nulla,
926 3897 1035 3951 nisi
1077 3913 1142 3951 ex
1187 3896 1443 3968 passione
1491 3896 1719 3963 Christi,
1750 3913 1883 3952 vera
1963 3893 2200 3949 debatur
2222 3893 2452 3948 collecta
2478 3893 2535 3946 in
2570 3892 2835 3947 membris
2866 3895 3095 3962 Christi,
3120 3912 3249 3949 mox
3274 3898 3435 3967 quasi
3460 3915 3561 3970 spe

274 3987 572 4063 probatur.
616 3987 749 4042 Ideo
777 4002 906 4041 voce
954 3983 1344 4057 Redemptoris
1382 3984 1543 4055 quasi
1583 4001 1682 4055 pro
1720 3984 1882 4040 nobis
1964 3984 2214 4054 decepta,
2245 4000 2376 4037 voce
2404 3982 2773 4037 dubitationis
2807 3983 3011 4037 dixisse
3042 3984 3361 4055 plangitur:
3388 3987 3559 4043 Perii.

269 4081 407 4151 jure
436 4075 741 4148 plangitur.

1012 4178 1169 4219 SADE.

370 4259 662 4312 Venatione
694 4259 979 4324 coeperunt
1024 4270 1109 4307 me
1138 4255 1299 4321 quasi
1327 4268 1482 4307 avem
1524 4254 1751 4306 inimici
1776 4254 1887 4307 mei

1965 4073 2142 4127 Periit
2167 4088 2410 4143 namque
2431 4072 2613 4126 omnis
2631 4073 2956 4143 aggregatio
2980 4073 3381 4144 discipulorum
3403 4076 3561 4129 Chri-

1966 4163 2058 4229 sti,
2073 4161 2296 4233 quando
2320 4160 2510 4215 relicto
2532 4177 2597 4215 eo
2616 4161 2823 4231 singuli
2841 4160 3126 4232 fugerunt;
3149 4163 3318 4234 periit
3338 4164 3561 4235 quando

1967 4254 2359 4321 negaverunt;
2412 4250 2581 4321 periit
2626 4250 2849 4321 quando
2898 4267 3093 4306 omnes
3142 4251 3560 4309 dubitaverunt.

281 4349 487 4416 gratis.
520 4348 694 4414 Lapsa
721 4350 797 4398 est
843 4345 907 4397 in
936 4345 1117 4397 lacum
1158 4346 1273 4395 vita
1324 4356 1463 4406 mea,
1493 4328 1541 4395 et
1579 4341 2270 4411 posueruntDPropterea
2294 4338 2467 4409 igitur
2504 4339 2592 4393 his
2629 4339 2881 4394 versibus
2907 4346 3057 4395 recte
3088 4348 3219 4396 ante
3247 4343 3431 4412 posita
3453 4348 3560 4398 est.

284 4437 529 4506 lapidem
559 4450 723 4504 super
750 4448 854 4489 me.
899 4432 1324 4487 [nuntiaverunt
1351 4445 1507 4499 aqua
1532 4445 1697 4498 super
1723 4437 1886 4499 caput

285 4536 508 4589 meum;
538 4524 698 4577 dimi:
741 4523 904 4576 Perii.
936 4518 1151 4584 Quibus
1191 4518 1437 4589 proiecto
1478 4518 1787 4585 versiculis,
1821 4534 1887 4573 ex

284 4611 551 4684 passione
574 4608 819 4675 Domini,
855 4606 1159 4663 consolatio
1182 4605 1436 4661 ﬁdelium
1465 4606 1799 4672 ostenditur,
1832 4611 1889 4661 et

280 4699 525 4773 justitize
551 4698 755 4771 quibus
777 4696 1172 4768 justiﬁcamur,
1199 4695 1323 4749 luce
1351 4694 1559 4750 clarius
1583 4695 1889 4767 praedican-

285 4798 423 4846 tur:
455 4789 590 4844 licet
616 4787 957 4859 perﬁdorum
984 4785 1244 4857 impietas
1266 4786 1587 4851 accreverit,
1611 4787 1707 4857 qui
1728 4783 1888 4857 quasi

291 4879 591 4934 venatione
628 4894 784 4932 avem
822 4892 947 4931 cum
973 4874 1174 4946 gladiis
1211 4879 1269 4928 et
1308 4873 1568 4939 fustibus,
1600 4874 1887 4929 Christum

286 4968 551 5025 videlicet
568 4966 1061 5040 apprehenderunt
1077 4964 1253 5035 gratis
1270 4963 1491 5035 (Matth.
1516 4966 1682 5032 xxvr).
1715 4965 1889 5019 Porro

289 5058 367 5114 de
390 5057 635 5112 Ieremia
664 5055 938 5128 propheta
965 5052 1113 5125 quod
1141 5057 1338 5123 captus
1364 5051 1441 5106 sit
1476 5052 1673 5121 gratis,
1706 5054 1889 5107 mani-

290 5146 442 5201 festa
478 5151 564 5201 est
590 5143 996 5216 interpretatio,
1030 5141 1177 5213 quod
1214 5140 1273 5194 in
1320 5140 1445 5194 lacu
1472 5139 1707 5211 positus,
1743 5141 1891 5212 quod

291 5235 732 5301 inundaverunt,
752 5250 817 5287 ac
840 5233 885 5287 si
915 5246 1188 5302 aquarum
1214 5230 1416 5284 ﬂuctus
1440 5234 1684 5295 1433
1704 5246 1893 5299 perse-

293 5325 520 5398 quendo
540 5340 713 5395 super
740 5327 910 5394 caput
926 5321 979 5375 ei
999 5319 1137 5375 nulli
1162 5318 1397 5373 dubium
1419 5337 1430 5373 :
1456 5318 1551 5373 sed
1573 5317 1641 5372 de
1668 5316 1889 5373 Christo

294 5413 652 5471 manifestius
670 5413 839 5467 datur
861 5408 1095 5479 intelligi
1119 5426 1130 5461 :
1157 5408 1254 5480 qui
1284 5413 1350 5462 ut
1378 5408 1494 5462 avis
1514 5411 1709 5478 captus
1730 5423 1890 5461 vena-

294 5504 451 5561 tione
492 5502 779 5577 plangitur
815 5501 873 5556 in
926 5498 1166 5572 peccatis
1213 5497 1437 5553 nostris.
1472 5497 1596 5568 Ipse
1626 5496 1775 5552 enim
1805 5502 1891 5552 est

1969 4428 2113 4483 Sade
2144 4428 2350 4493 littera,
2385 4444 2509 4498 quae
2534 4428 2840 4482 consolatio
2873 4434 3115 4494 1464
3135 4430 3560 4500 interpretatur.

1969 4517 2233 4588 quoniam
2278 4516 2386 4571 nisi
2417 4516 2725 4572 consolatio
2755 4517 2978 4571 adesset
3009 4517 3249 4588 Spiritus
3280 4519 3461 4573 sancti
3497 4534 3564 4574 ac

1967 4606 2046 4678 pii
2076 4606 2317 4677 pastoris
2348 4606 2593 4671 Domini,
2627 4621 2753 4659 mox
2792 4622 2987 4660 eorum
3031 4605 3169 4659 ﬁdes
3206 4604 3458 4675 abiisset,
3510 4614 3569 4664 et

1969 4711 2162 4750 omnes
2191 4694 2249 4748 hi
2275 4694 2591 4765 periissent.
2617 4694 2694 4747 Ex
2724 4709 2834 4763 quo
2861 4698 3035 4763 patet,
3061 4694 3209 4765 quod
3234 4696 3417 4750 omnis
3445 4701 3569 4751 ten-

1969 4784 2109 4838 tatio
2148 4783 2244 4837 illa
2282 4782 2577 4854 passionis,
2620 4797 2733 4836 non
2762 4781 2883 4835 sine
2912 4782 3293 4839 consolatione
3328 4784 3570 4857 Spiritus

1970 4872 2147 4928 sancti
2176 4872 2321 4926 fuit:
2356 4871 2453 4941 qui
2483 4887 2577 4924 eos
2607 4870 2881 4924 relevaret
2919 4871 2989 4924 de.
3030 4872 3362 4929 inﬁdelitate
3406 4874 3478 4928 ad
3507 4876 3571 4929 ﬁ-

1970 4962 2119 5027 dem,
2152 4961 2220 5014 de
2252 4958 2638 5029 desperatione
2667 4958 2739 5012 ad
2768 4974 2943 5029 spem,
2973 4960 3043 5014 de
3065 4976 3305 5015 maerore
3335 4962 3404 5016 ad
3432 4978 3569 5033 gau-

1971 5052 2147 5115 dium,
2176 5049 2246 5103 de
2274 5048 2433 5119 lapsu
2461 5048 2671 5118 peccati
2692 5048 2763 5101 ad
2784 5047 3023 5102 veniam.
3049 5050 3193 5104 Hinc
3213 5066 3432 5120 quoque
3460 5050 3569 5104 Do-

1972 5140 2157 5194 minus
2184 5138 2253 5193 ad
2284 5137 2514 5191 Petrum
2544 5154 2555 5189 :
2588 5137 2695 5204 Ego
2722 5153 2823 5205 pro
2847 5143 2894 5191 te
2925 5141 3135 5207 rogavi,
3162 5140 3328 5202 Petro,
3362 5141 3424 5190 ut
3453 5152 3570 5193 non

1972 5232 2184 5297 deﬁciat
2215 5229 2343 5294 ﬁdes
2374 5232 2471 5280 tua
2502 5228 2646 5295 (Luc.
2670 5229 2830 5289 xxn).
2850 5226 3254 5281 Verumtamen
3288 5230 3565 5295 quantum

1971 5335 2036 5373 ex
2065 5318 2185 5388 ipso
2211 5316 2336 5376 fuit.
2369 5331 2605 5385 negasse
2635 5330 2747 5369 non
2772 5314 3063 5369 dubitatur
3090 5332 3100 5366 :
3137 5317 3407 5383 quantum
3437 5330 3566 5369 vero
3664 5372 3673 5380 ,

1971 5424 2037 5462 ex
2065 5408 2199 5472 Deo,
2235 5406 2295 5459 in
2323 5403 2673 5475 praescientia
2698 5404 2905 5458 mansit
2936 5423 2946 5457 :
2992 5403 3072 5456 ita
3097 5406 3155 5456 et
3182 5418 3283 5456 vox
3311 5403 3566 5459 omnium

1972 5501 2245 5569 quantum
2275 5511 2340 5549 ex
2372 5494 2525 5566 ipsis,
2555 5498 2703 5549 recte
2731 5493 2936 5558 sonuit,
2967 5490 3115 5546 Perii
3148 5511 3159 5545 :
3191 5497 3463 5563 quantum
3499 5508 3565 5548 ex
