  <div class='ocr_page' id='page_1' title='image "/cluster/home/n/w/nwhite01/storage/ocr_20150623/120/hvd.32044054759824/599.png"; bbox 0 0 3960 6168; ppageno 0'>
   <div class='ocr_carea' id='block_1_1' title="bbox 365 254 498 314">
    <p class='ocr_par' dir='ltr' id='par_1_1' title="bbox 365 254 498 314">
     <span class='ocr_line' id='line_1_1' title="bbox 365 254 498 314; baseline -0.045 0"><span class='ocrx_word' id='word_1_1' title='bbox 365 254 498 314; x_wconf 82' lang='grc'>1187</span> 
     </span>
    </p>
   </div>
   <div class='ocr_carea' id='block_1_2' title="bbox 1130 247 2879 307">
    <p class='ocr_par' dir='ltr' id='par_1_2' title="bbox 1130 247 2879 307">
     <span class='ocr_line' id='line_1_2' title="bbox 1130 247 2879 307; baseline -0.003 -1"><span class='ocrx_word' id='word_1_2' title='bbox 1130 252 1188 306; x_wconf 89' lang='lat' dir='ltr'>S.</span> <span class='ocrx_word' id='word_1_3' title='bbox 1230 250 1608 307; x_wconf 82' lang='lat' dir='ltr'>PASCHASII</span> <span class='ocrx_word' id='word_1_4' title='bbox 1646 247 2008 304; x_wconf 83' lang='lat' dir='ltr'>RADBERTI</span> <span class='ocrx_word' id='word_1_5' title='bbox 2045 247 2349 304; x_wconf 76' lang='lat' dir='ltr'>ABBATIS</span> <span class='ocrx_word' id='word_1_6' title='bbox 2388 248 2879 305; x_wconf 85' lang='lat' dir='ltr'>CORBEIENSIS.</span> 
     </span>
    </p>
   </div>
   <div class='ocr_carea' id='block_1_3' title="bbox 3492 243 3635 302">
    <p class='ocr_par' dir='ltr' id='par_1_3' title="bbox 3492 243 3635 302">
     <span class='ocr_line' id='line_1_3' title="bbox 3492 243 3635 302; baseline 0.014 -1"><span class='ocrx_word' id='word_1_7' title='bbox 3492 243 3635 302; x_wconf 75' lang='grc'>1188</span> 
     </span>
    </p>
   </div>
   <div class='ocr_carea' id='block_1_4' title="bbox 354 368 3635 454">
    <p class='ocr_par' dir='ltr' id='par_1_4' title="bbox 354 368 3635 454">
     <span class='ocr_line' id='line_1_4' title="bbox 354 368 3635 454; baseline -0.003 -17"><span class='ocrx_word' id='word_1_8' title='bbox 354 380 725 454; x_wconf 79' lang='lat' dir='ltr'>promissione</span> <span class='ocrx_word' id='word_1_9' title='bbox 738 382 797 433; x_wconf 92' lang='lat' dir='ltr'>et</span> <span class='ocrx_word' id='word_1_10' title='bbox 810 376 1157 449; x_wconf 70' lang='lat' dir='ltr'>praascientia</span> <span class='ocrx_word' id='word_1_11' title='bbox 1172 374 1248 446; x_wconf 91' lang='lat' dir='ltr'>pii</span> <span class='ocrx_word' id='word_1_12' title='bbox 1270 373 2200 445; x_wconf 82' lang='lat' dir='ltr'>magistri,consolationeAetiam</span> <span class='ocrx_word' id='word_1_13' title='bbox 2249 368 2319 428; x_wconf 83' lang='lat' dir='ltr'>de</span> <span class='ocrx_word' id='word_1_14' title='bbox 2367 374 2681 429; x_wconf 74' lang='lat' dir='ltr'>novissimis</span> <span class='ocrx_word' id='word_1_15' title='bbox 2725 374 2864 428; x_wconf 85' lang='lat' dir='ltr'>lacis</span> <span class='ocrx_word' id='word_1_16' title='bbox 2899 372 3199 428; x_wconf 87' lang='lat' dir='ltr'>conﬁtetur</span> <span class='ocrx_word' id='word_1_17' title='bbox 3233 388 3294 427; x_wconf 86' lang='lat' dir='ltr'>se</span> <span class='ocrx_word' id='word_1_18' title='bbox 3340 372 3635 428; x_wconf 76' lang='lat' dir='ltr'>invocasse</span> 
     </span>
    </p>
   </div>
   <div class='ocr_carea' id='block_1_5' title="bbox 356 463 1948 543">
    <p class='ocr_par' dir='ltr' id='par_1_5' title="bbox 356 463 1948 543">
     <span class='ocr_line' id='line_1_5' title="bbox 356 463 1948 543; baseline -0.006 -17"><span class='ocrx_word' id='word_1_19' title='bbox 356 476 602 543; x_wconf 84' lang='lat' dir='ltr'>recepta,</span> <span class='ocrx_word' id='word_1_20' title='bbox 652 468 792 522; x_wconf 87' lang='lat' dir='ltr'>ﬁdes</span> <span class='ocrx_word' id='word_1_21' title='bbox 836 465 1037 521; x_wconf 90' lang='lat' dir='ltr'>invicta</span> <span class='ocrx_word' id='word_1_22' title='bbox 1084 464 1309 519; x_wconf 87' lang='lat' dir='ltr'>mansit.</span> <span class='ocrx_word' id='word_1_23' title='bbox 1344 463 1712 517; x_wconf 89' lang='lat' dir='ltr'>Consolamur</span> <span class='ocrx_word' id='word_1_24' title='bbox 1758 469 1948 517; x_wconf 90' lang='lat' dir='ltr'>autem</span> 
     </span>
    </p>
   </div>
   <div class='ocr_carea' id='block_1_6' title="bbox 355 552 1951 625">
    <p class='ocr_par' dir='ltr' id='par_1_6' title="bbox 355 552 1951 625">
     <span class='ocr_line' id='line_1_6' title="bbox 355 552 1951 625; baseline -0.007 -9"><span class='ocrx_word' id='word_1_25' title='bbox 355 560 641 616; x_wconf 83' lang='lat' dir='ltr'><strong>interdum</strong></span> <span class='ocrx_word' id='word_1_26' title='bbox 671 556 864 612; x_wconf 88' lang='lat' dir='ltr'>multis</span> <span class='ocrx_word' id='word_1_27' title='bbox 909 554 1310 625; x_wconf 85' lang='lat' dir='ltr'>scripturarum</span> <span class='ocrx_word' id='word_1_28' title='bbox 1357 552 1555 615; x_wconf 89' lang='lat' dir='ltr'>modis,</span> <span class='ocrx_word' id='word_1_29' title='bbox 1597 552 1951 606; x_wconf 81' lang='lat' dir='ltr'>consolamur</span> 
     </span>
    </p>
   </div>
   <div class='ocr_carea' id='block_1_7' title="bbox 358 641 1949 709">
    <p class='ocr_par' dir='ltr' id='par_1_7' title="bbox 358 641 1949 709">
     <span class='ocr_line' id='line_1_7' title="bbox 358 641 1949 709; baseline -0.006 -6"><span class='ocrx_word' id='word_1_30' title='bbox 358 653 417 703; x_wconf 92' lang='lat' dir='ltr'>et</span> <span class='ocrx_word' id='word_1_31' title='bbox 441 665 505 702; x_wconf 81' lang='lat' dir='ltr'>ex</span> <span class='ocrx_word' id='word_1_32' title='bbox 527 646 629 703; x_wconf 88' lang='lat' dir='ltr'>Dei</span> <span class='ocrx_word' id='word_1_33' title='bbox 654 643 1052 709; x_wconf 85' lang='lat' dir='ltr'>misericordia,</span> <span class='ocrx_word' id='word_1_34' title='bbox 1081 642 1438 696; x_wconf 82' lang='lat' dir='ltr'>consolamur</span> <span class='ocrx_word' id='word_1_35' title='bbox 1467 646 1526 696; x_wconf 92' lang='lat' dir='ltr'>et</span> <span class='ocrx_word' id='word_1_36' title='bbox 1550 641 1661 695; x_wconf 92' lang='lat' dir='ltr'>alio</span> <span class='ocrx_word' id='word_1_37' title='bbox 1690 642 1949 695; x_wconf 90' lang='lat' dir='ltr'>consola—</span> 
     </span>
    </p>
   </div>
   <div class='ocr_carea' id='block_1_8' title="bbox 356 730 1948 806">
    <p class='ocr_par' dir='ltr' id='par_1_8' title="bbox 356 730 1948 806">
     <span class='ocr_line' id='line_1_8' title="bbox 356 730 1948 806; baseline -0.006 -12"><span class='ocrx_word' id='word_1_38' title='bbox 356 738 527 793; x_wconf 87' lang='lat' dir='ltr'>tionis</span> <span class='ocrx_word' id='word_1_39' title='bbox 574 751 799 806; x_wconf 85' lang='lat' dir='ltr'>genere,</span> <span class='ocrx_word' id='word_1_40' title='bbox 828 731 1050 804; x_wconf 86' lang='lat' dir='ltr'><strong>quando</strong></span> <span class='ocrx_word' id='word_1_41' title='bbox 1094 730 1424 785; x_wconf 86' lang='lat' dir='ltr'>delictorum</span> <span class='ocrx_word' id='word_1_42' title='bbox 1456 746 1653 801; x_wconf 80' lang='lat' dir='ltr'>graves</span> <span class='ocrx_word' id='word_1_43' title='bbox 1679 731 1948 802; x_wconf 86' lang='lat' dir='ltr'>persolvi-</span> 
     </span>
    </p>
   </div>
   <div class='ocr_carea' id='block_1_9' title="bbox 355 819 1950 897">
    <p class='ocr_par' dir='ltr' id='par_1_9' title="bbox 355 819 1950 897">
     <span class='ocr_line' id='line_1_9' title="bbox 355 819 1950 897; baseline -0.006 -14"><span class='ocrx_word' id='word_1_44' title='bbox 355 844 483 883; x_wconf 87' lang='lat' dir='ltr'>mus</span> <span class='ocrx_word' id='word_1_45' title='bbox 500 841 713 897; x_wconf 84' lang='lat' dir='ltr'>poenas,</span> <span class='ocrx_word' id='word_1_46' title='bbox 742 828 808 877; x_wconf 93' lang='lat' dir='ltr'>ut</span> <span class='ocrx_word' id='word_1_47' title='bbox 834 819 1008 875; x_wconf 83' lang='lat' dir='ltr'>habes</span> <span class='ocrx_word' id='word_1_48' title='bbox 1035 819 1095 873; x_wconf 90' lang='lat' dir='ltr'>in</span> <span class='ocrx_word' id='word_1_49' title='bbox 1125 819 1271 874; x_wconf 85' lang='lat' dir='ltr'>Isaia</span> <span class='ocrx_word' id='word_1_50' title='bbox 1293 834 1305 868; x_wconf 88' lang='lat'><strong>:</strong></span> <span class='ocrx_word' id='word_1_51' title='bbox 1326 820 1721 884; x_wconf 75' lang='lat' dir='ltr'>Consolanzini,</span> <span class='ocrx_word' id='word_1_52' title='bbox 1751 823 1950 889; x_wconf 80' lang='lat' dir='ltr'>popula</span> 
     </span>
    </p>
   </div>
   <div class='ocr_carea' id='block_1_10' title="bbox 355 909 1949 981">
    <p class='ocr_par' dir='ltr' id='par_1_10' title="bbox 355 909 1949 981">
     <span class='ocr_line' id='line_1_10' title="bbox 355 909 1949 981; baseline -0.005 -12"><span class='ocrx_word' id='word_1_53' title='bbox 355 931 527 981; x_wconf 86' lang='lat' dir='ltr'>meus,</span> <span class='ocrx_word' id='word_1_54' title='bbox 559 912 944 975; x_wconf 83' lang='lat' dir='ltr'>consolamini,</span> <span class='ocrx_word' id='word_1_55' title='bbox 975 909 1111 962; x_wconf 89' lang='lat' dir='ltr'>dicit</span> <span class='ocrx_word' id='word_1_56' title='bbox 1140 909 1276 961; x_wconf 85' lang='lat' dir='ltr'>Deus</span> <span class='ocrx_word' id='word_1_57' title='bbox 1301 913 1489 961; x_wconf 78' lang='lat' dir='ltr'>uester.</span> <span class='ocrx_word' id='word_1_58' title='bbox 1531 909 1851 977; x_wconf 75' lang='lat' dir='ltr'>Loquimini</span> <span class='ocrx_word' id='word_1_59' title='bbox 1875 909 1949 962; x_wconf 88' lang='lat' dir='ltr'>ad</span> 
     </span>
    </p>
   </div>
   <div class='ocr_carea' id='block_1_11' title="bbox 357 998 1947 1065">
    <p class='ocr_par' dir='ltr' id='par_1_11' title="bbox 357 998 1947 1065">
     <span class='ocr_line' id='line_1_11' title="bbox 357 998 1947 1065; baseline -0.004 -8"><span class='ocrx_word' id='word_1_60' title='bbox 357 1019 451 1057; x_wconf 87' lang='lat' dir='ltr'>car</span> <span class='ocrx_word' id='word_1_61' title='bbox 492 1003 819 1063; x_wconf 77' lang='lat' dir='ltr'>Jerusalem,</span> <span class='ocrx_word' id='word_1_62' title='bbox 859 1001 906 1050; x_wconf 84' lang='lat' dir='ltr'>et</span> <span class='ocrx_word' id='word_1_63' title='bbox 945 998 1198 1050; x_wconf 79' lang='lat' dir='ltr'>advocate</span> <span class='ocrx_word' id='word_1_64' title='bbox 1226 1011 1368 1061; x_wconf 87' lang='lat' dir='ltr'>eam,</span> <span class='ocrx_word' id='word_1_65' title='bbox 1401 998 1535 1064; x_wconf 89' lang='lat' dir='ltr'>quia</span> <span class='ocrx_word' id='word_1_66' title='bbox 1583 1000 1846 1065; x_wconf 85' lang='lat' dir='ltr'>completa</span> <span class='ocrx_word' id='word_1_67' title='bbox 1873 1000 1947 1050; x_wconf 84' lang='lat' dir='ltr'>est</span> 
     </span>
    </p>
   </div>
   <div class='ocr_carea' id='block_1_12' title="bbox 354 1085 1947 1157">
    <p class='ocr_par' dir='ltr' id='par_1_12' title="bbox 354 1085 1947 1157">
     <span class='ocr_line' id='line_1_12' title="bbox 354 1085 1947 1157; baseline -0.004 -12"><span class='ocrx_word' id='word_1_68' title='bbox 354 1091 582 1145; x_wconf 81' lang='lat' dir='ltr'>malitia</span> <span class='ocrx_word' id='word_1_69' title='bbox 626 1092 760 1157; x_wconf 83' lang='lat' dir='ltr'>ejus,</span> <span class='ocrx_word' id='word_1_70' title='bbox 794 1087 1026 1139; x_wconf 88' lang='lat' dir='ltr'>dimissa</span> <span class='ocrx_word' id='word_1_71' title='bbox 1072 1090 1146 1138; x_wconf 88' lang='lat' dir='ltr'>est</span> <span class='ocrx_word' id='word_1_72' title='bbox 1190 1086 1460 1152; x_wconf 80' lang='lat' dir='ltr'>iniquitas</span> <span class='ocrx_word' id='word_1_73' title='bbox 1489 1085 1649 1138; x_wconf 85' lang='lat' dir='ltr'>illius</span> <span class='ocrx_word' id='word_1_74' title='bbox 1675 1086 1808 1156; x_wconf 87' lang='lat' dir='ltr'>(lsa.</span> <span class='ocrx_word' id='word_1_75' title='bbox 1856 1093 1947 1157; x_wconf 80' lang='lat' dir='ltr'>IV).</span> 
     </span>
    </p>
   </div>
   <div class='ocr_carea' id='block_1_13' title="bbox 356 1172 1951 1249">
    <p class='ocr_par' dir='ltr' id='par_1_13' title="bbox 356 1172 1951 1249">
     <span class='ocr_line' id='line_1_13' title="bbox 356 1172 1951 1249; baseline -0.004 -15"><span class='ocrx_word' id='word_1_76' title='bbox 356 1177 613 1249; x_wconf 83' lang='lat' dir='ltr'>Suscepit</span> <span class='ocrx_word' id='word_1_77' title='bbox 654 1176 724 1230; x_wconf 89' lang='lat' dir='ltr'>de</span> <span class='ocrx_word' id='word_1_78' title='bbox 768 1190 941 1229; x_wconf 88' lang='lat' dir='ltr'>manu</span> <span class='ocrx_word' id='word_1_79' title='bbox 984 1172 1210 1228; x_wconf 90' lang='lat' dir='ltr'>Domini</span> <span class='ocrx_word' id='word_1_80' title='bbox 1257 1172 1503 1242; x_wconf 89' lang='lat' dir='ltr'>duplicia</span> <span class='ocrx_word' id='word_1_81' title='bbox 1542 1189 1643 1243; x_wconf 91' lang='lat' dir='ltr'>pro</span> <span class='ocrx_word' id='word_1_82' title='bbox 1690 1173 1951 1228; x_wconf 89' lang='lat' dir='ltr'>omnibus</span> 
     </span>
    </p>
   </div>
   <div class='ocr_carea' id='block_1_14' title="bbox 355 1261 1948 1340">
    <p class='ocr_par' dir='ltr' id='par_1_14' title="bbox 355 1261 1948 1340">
     <span class='ocr_line' id='line_1_14' title="bbox 355 1261 1948 1340; baseline -0.003 -19"><span class='ocrx_word' id='word_1_83' title='bbox 355 1266 598 1340; x_wconf 85' lang='lat' dir='ltr'>peccatis</span> <span class='ocrx_word' id='word_1_84' title='bbox 624 1265 761 1320; x_wconf 85' lang='lat' dir='ltr'>suis.</span> <span class='ocrx_word' id='word_1_85' title='bbox 794 1263 898 1318; x_wconf 90' lang='lat' dir='ltr'>Cui</span> <span class='ocrx_word' id='word_1_86' title='bbox 926 1278 1061 1317; x_wconf 86' lang='lat' dir='ltr'>sane</span> <span class='ocrx_word' id='word_1_87' title='bbox 1090 1261 1403 1317; x_wconf 85' lang='lat' dir='ltr'>Jerusalem</span> <span class='ocrx_word' id='word_1_88' title='bbox 1433 1261 1539 1315; x_wconf 88' lang='lat' dir='ltr'>etsi</span> <span class='ocrx_word' id='word_1_89' title='bbox 1568 1262 1706 1316; x_wconf 90' lang='lat' dir='ltr'>ﬁdes</span> <span class='ocrx_word' id='word_1_90' title='bbox 1736 1262 1948 1330; x_wconf 81' lang='lat' dir='ltr'>deerat,</span> 
     </span>
    </p>
   </div>
   <div class='ocr_carea' id='block_1_15' title="bbox 262 1348 1953 1429">
    <p class='ocr_par' dir='ltr' id='par_1_15' title="bbox 262 1348 1953 1429">
     <span class='ocr_line' id='line_1_15' title="bbox 262 1348 1953 1429; baseline -0.003 -18"><span class='ocrx_word' id='word_1_91' title='bbox 262 1348 279 1359; x_wconf 61' lang='grc'><strong>”</strong></span> <span class='ocrx_word' id='word_1_92' title='bbox 356 1372 524 1429; x_wconf 65' lang='lat' dir='ltr'>paena</span> <span class='ocrx_word' id='word_1_93' title='bbox 550 1354 918 1409; x_wconf 85' lang='lat' dir='ltr'>satisfaceret.</span> <span class='ocrx_word' id='word_1_94' title='bbox 951 1350 1298 1405; x_wconf 84' lang='lat' dir='ltr'>Revelantur</span> <span class='ocrx_word' id='word_1_95' title='bbox 1338 1356 1529 1405; x_wconf 90' lang='lat' dir='ltr'>autem</span> <span class='ocrx_word' id='word_1_96' title='bbox 1574 1352 1953 1406; x_wconf 88' lang='lat' dir='ltr'>consolatione</span> 
     </span>
    </p>
   </div>
   <div class='ocr_carea' id='block_1_16' title="bbox 355 1439 1949 1519">
    <p class='ocr_par' dir='ltr' id='par_1_16' title="bbox 355 1439 1949 1519">
     <span class='ocr_line' id='line_1_16' title="bbox 355 1439 1949 1519; baseline -0.003 -20"><span class='ocrx_word' id='word_1_97' title='bbox 355 1460 670 1519; x_wconf 72' lang='lat' dir='ltr'>pcenarum,</span> <span class='ocrx_word' id='word_1_98' title='bbox 693 1441 789 1512; x_wconf 90' lang='lat' dir='ltr'>qui</span> <span class='ocrx_word' id='word_1_99' title='bbox 814 1440 1177 1495; x_wconf 89' lang='lat' dir='ltr'>absolvuntur</span> <span class='ocrx_word' id='word_1_100' title='bbox 1194 1439 1575 1494; x_wconf 87' lang='lat' dir='ltr'>consolatione</span> <span class='ocrx_word' id='word_1_101' title='bbox 1600 1440 1949 1494; x_wconf 90' lang='lat' dir='ltr'>meritorum.</span> 
     </span>
    </p>
   </div>
   <div class='ocr_carea' id='block_1_17' title="bbox 359 1528 1955 1600">
    <p class='ocr_par' dir='ltr' id='par_1_17' title="bbox 359 1528 1955 1600">
     <span class='ocr_line' id='line_1_17' title="bbox 359 1528 1955 1600; baseline -0.004 -11"><span class='ocrx_word' id='word_1_102' title='bbox 359 1533 728 1589; x_wconf 89' lang='lat' dir='ltr'>Consolamur</span> <span class='ocrx_word' id='word_1_103' title='bbox 753 1535 941 1585; x_wconf 87' lang='lat' dir='ltr'>autem</span> <span class='ocrx_word' id='word_1_104' title='bbox 969 1528 1138 1583; x_wconf 88' lang='lat' dir='ltr'>etiam</span> <span class='ocrx_word' id='word_1_105' title='bbox 1170 1533 1227 1582; x_wconf 88' lang='lat' dir='ltr'>et</span> <span class='ocrx_word' id='word_1_106' title='bbox 1254 1544 1423 1599; x_wconf 89' lang='lat' dir='ltr'>quam</span> <span class='ocrx_word' id='word_1_107' title='bbox 1452 1545 1598 1600; x_wconf 72' lang='lat' dir='ltr'>saepe</span> <span class='ocrx_word' id='word_1_108' title='bbox 1626 1529 1955 1584; x_wconf 89' lang='lat' dir='ltr'>tentationi-</span> 
     </span>
    </p>
   </div>
   <div class='ocr_carea' id='block_1_18' title="bbox 356 1616 1943 1688">
    <p class='ocr_par' dir='ltr' id='par_1_18' title="bbox 356 1616 1943 1688">
     <span class='ocr_line' id='line_1_18' title="bbox 356 1616 1943 1688; baseline -0.004 -10"><span class='ocrx_word' id='word_1_109' title='bbox 356 1622 463 1678; x_wconf 87' lang='lat' dir='ltr'>bus</span> <span class='ocrx_word' id='word_1_110' title='bbox 490 1619 658 1675; x_wconf 88' lang='lat' dir='ltr'>variis</span> <span class='ocrx_word' id='word_1_111' title='bbox 689 1625 746 1673; x_wconf 91' lang='lat' dir='ltr'>et</span> <span class='ocrx_word' id='word_1_112' title='bbox 774 1616 1127 1673; x_wconf 86' lang='lat' dir='ltr'>sermonibus</span> <span class='ocrx_word' id='word_1_113' title='bbox 1155 1617 1371 1688; x_wconf 69' lang='lat' dir='ltr'>praefati</span> <span class='ocrx_word' id='word_1_114' title='bbox 1398 1617 1656 1688; x_wconf 89' lang='lat' dir='ltr'>discipuli</span> <span class='ocrx_word' id='word_1_115' title='bbox 1693 1618 1902 1673; x_wconf 87' lang='lat' dir='ltr'>Christi</span> <span class='ocrx_word' id='word_1_116' title='bbox 1932 1636 1943 1671; x_wconf 91' lang='lat'><strong>:</strong></span> 
     </span>
    </p>
   </div>
   <div class='ocr_carea' id='block_1_19' title="bbox 2030 462 3635 534">
    <p class='ocr_par' dir='ltr' id='par_1_19' title="bbox 2030 462 3635 534">
     <span class='ocr_line' id='line_1_19' title="bbox 2030 462 3635 534; baseline 0 -18"><span class='ocrx_word' id='word_1_117' title='bbox 2030 463 2208 517; x_wconf 91' lang='lat' dir='ltr'>Deum</span> <span class='ocrx_word' id='word_1_118' title='bbox 2239 463 2485 528; x_wconf 86' lang='lat' dir='ltr'>Patrem,</span> <span class='ocrx_word' id='word_1_119' title='bbox 2507 463 2565 517; x_wconf 88' lang='lat' dir='ltr'>in</span> <span class='ocrx_word' id='word_1_120' title='bbox 2593 465 2757 534; x_wconf 89' lang='lat' dir='ltr'>cujus</span> <span class='ocrx_word' id='word_1_121' title='bbox 2775 463 3043 517; x_wconf 88' lang='lat' dir='ltr'>nimirum</span> <span class='ocrx_word' id='word_1_122' title='bbox 3064 468 3196 533; x_wconf 87' lang='lat' dir='ltr'>typo</span> <span class='ocrx_word' id='word_1_123' title='bbox 3214 462 3387 517; x_wconf 86' lang='lat' dir='ltr'>Jonas</span> <span class='ocrx_word' id='word_1_124' title='bbox 3410 462 3482 516; x_wconf 92' lang='lat' dir='ltr'>de</span> <span class='ocrx_word' id='word_1_125' title='bbox 3503 478 3635 516; x_wconf 81' lang='lat' dir='ltr'>ven-</span> 
     </span>
    </p>
   </div>
   <div class='ocr_carea' id='block_1_20' title="bbox 2030 551 3635 622">
    <p class='ocr_par' dir='ltr' id='par_1_20' title="bbox 2030 551 3635 622">
     <span class='ocr_line' id='line_1_20' title="bbox 2030 551 3635 622; baseline -0.001 -17"><span class='ocrx_word' id='word_1_126' title='bbox 2030 557 2116 605; x_wconf 90' lang='lat' dir='ltr'>tre</span> <span class='ocrx_word' id='word_1_127' title='bbox 2136 552 2244 606; x_wconf 87' lang='lat' dir='ltr'>ceti</span> <span class='ocrx_word' id='word_1_128' title='bbox 2263 552 2533 606; x_wconf 87' lang='lat' dir='ltr'>clamasse</span> <span class='ocrx_word' id='word_1_129' title='bbox 2550 552 2620 605; x_wconf 89' lang='lat' dir='ltr'>ad</span> <span class='ocrx_word' id='word_1_130' title='bbox 2635 553 2814 607; x_wconf 92' lang='lat' dir='ltr'>Deum</span> <span class='ocrx_word' id='word_1_131' title='bbox 2835 552 3044 622; x_wconf 77' lang='lat' dir='ltr'>legitur</span> <span class='ocrx_word' id='word_1_132' title='bbox 3057 554 3203 619; x_wconf 90' lang='lat' dir='ltr'>(Jan.</span> <span class='ocrx_word' id='word_1_133' title='bbox 3223 558 3283 615; x_wconf 73' lang='lat' dir='ltr'>II)</span> <span class='ocrx_word' id='word_1_134' title='bbox 3294 590 3307 602; x_wconf 98' lang='lat'>.</span> <span class='ocrx_word' id='word_1_135' title='bbox 3323 551 3635 620; x_wconf 80' lang='lat' dir='ltr'>Pmpterea</span> 
     </span>
    </p>
   </div>
   <div class='ocr_carea' id='block_1_21' title="bbox 2032 638 3633 711">
    <p class='ocr_par' dir='ltr' id='par_1_21' title="bbox 2032 638 3633 711">
     <span class='ocr_line' id='line_1_21' title="bbox 2032 638 3633 711; baseline -0.002 -17"><span class='ocrx_word' id='word_1_136' title='bbox 2032 641 2178 711; x_wconf 91' lang='lat' dir='ltr'>quod</span> <span class='ocrx_word' id='word_1_137' title='bbox 2210 657 2383 711; x_wconf 86' lang='lat' dir='ltr'>supra</span> <span class='ocrx_word' id='word_1_138' title='bbox 2412 640 2684 711; x_wconf 64' lang='lat' dir='ltr'>praemisit</span> <span class='ocrx_word' id='word_1_139' title='bbox 2710 640 2869 711; x_wconf 87' lang='lat' dir='ltr'>quasi</span> <span class='ocrx_word' id='word_1_140' title='bbox 2898 656 2965 694; x_wconf 82' lang='lat' dir='ltr'>ex</span> <span class='ocrx_word' id='word_1_141' title='bbox 2995 656 3234 711; x_wconf 88' lang='lat' dir='ltr'>persona</span> <span class='ocrx_word' id='word_1_142' title='bbox 3259 638 3487 693; x_wconf 89' lang='lat' dir='ltr'>Domini</span> <span class='ocrx_word' id='word_1_143' title='bbox 3516 654 3633 692; x_wconf 88' lang='lat' dir='ltr'>non</span> 
     </span>
    </p>
   </div>
   <div class='ocr_carea' id='block_1_22' title="bbox 2029 728 3634 800">
    <p class='ocr_par' dir='ltr' id='par_1_22' title="bbox 2029 728 3634 800">
     <span class='ocr_line' id='line_1_22' title="bbox 2029 728 3634 800; baseline -0.002 -17"><span class='ocrx_word' id='word_1_144' title='bbox 2029 728 2396 800; x_wconf 86' lang='lat' dir='ltr'>desperantis,</span> <span class='ocrx_word' id='word_1_145' title='bbox 2433 729 2530 783; x_wconf 81' lang='lat' dir='ltr'>sed</span> <span class='ocrx_word' id='word_1_146' title='bbox 2555 746 2621 782; x_wconf 81' lang='lat' dir='ltr'>ex</span> <span class='ocrx_word' id='word_1_147' title='bbox 2646 728 2827 783; x_wconf 84' lang='lat' dir='ltr'>forma</span> <span class='ocrx_word' id='word_1_148' title='bbox 2864 745 3079 796; x_wconf 90' lang='lat' dir='ltr'>eorum,</span> <span class='ocrx_word' id='word_1_149' title='bbox 3109 729 3206 800; x_wconf 90' lang='lat' dir='ltr'>qui</span> <span class='ocrx_word' id='word_1_150' title='bbox 3234 728 3504 799; x_wconf 82' lang='lat' dir='ltr'>fugerunt</span> <span class='ocrx_word' id='word_1_151' title='bbox 3539 743 3634 780; x_wconf 83' lang='lat' dir='ltr'>re-</span> 
     </span>
    </p>
   </div>
   <div class='ocr_carea' id='block_1_23' title="bbox 2030 816 3700 890">
    <p class='ocr_par' dir='ltr' id='par_1_23' title="bbox 2030 816 3700 890">
     <span class='ocr_line' id='line_1_23' title="bbox 2030 816 3700 890; baseline -0.001 -19"><span class='ocrx_word' id='word_1_152' title='bbox 2030 818 2346 890; x_wconf 87' lang='lat' dir='ltr'>linquentes</span> <span class='ocrx_word' id='word_1_153' title='bbox 2385 818 2708 884; x_wconf 90' lang='lat' dir='ltr'>Dominum,</span> <span class='ocrx_word' id='word_1_154' title='bbox 2739 834 2843 872; x_wconf 77' lang='lat' dir='ltr'>vox</span> <span class='ocrx_word' id='word_1_155' title='bbox 2869 817 3176 872; x_wconf 90' lang='lat' dir='ltr'>dubietatis</span> <span class='ocrx_word' id='word_1_156' title='bbox 3205 817 3295 872; x_wconf 86' lang='lat' dir='ltr'>vel</span> <span class='ocrx_word' id='word_1_157' title='bbox 3320 816 3638 871; x_wconf 78' lang='lat' dir='ltr'>increduli-</span> <span class='ocrx_word' id='word_1_158' title='bbox 3685 824 3700 838; x_wconf 83' lang='lat'><strong><em>‘</em></strong></span> 
     </span>
    </p>
   </div>
   <div class='ocr_carea' id='block_1_24' title="bbox 2028 905 3641 978">
    <p class='ocr_par' dir='ltr' id='par_1_24' title="bbox 2028 905 3641 978">
     <span class='ocr_line' id='line_1_24' title="bbox 2028 905 3641 978; baseline -0.001 -16"><span class='ocrx_word' id='word_1_159' title='bbox 2028 908 2165 962; x_wconf 90' lang='lat' dir='ltr'>tatis</span> <span class='ocrx_word' id='word_1_160' title='bbox 2186 907 2320 961; x_wconf 83' lang='lat' dir='ltr'>fuit:</span> <span class='ocrx_word' id='word_1_161' title='bbox 2348 907 2484 978; x_wconf 89' lang='lat' dir='ltr'>quia</span> <span class='ocrx_word' id='word_1_162' title='bbox 2503 907 2741 961; x_wconf 87' lang='lat' dir='ltr'>necdum</span> <span class='ocrx_word' id='word_1_163' title='bbox 2761 912 2925 962; x_wconf 90' lang='lat' dir='ltr'>erant</span> <span class='ocrx_word' id='word_1_164' title='bbox 2942 907 3053 961; x_wconf 87' lang='lat' dir='ltr'>ﬁde</span> <span class='ocrx_word' id='word_1_165' title='bbox 3068 907 3299 972; x_wconf 89' lang='lat' dir='ltr'>ﬁrmati,</span> <span class='ocrx_word' id='word_1_166' title='bbox 3327 922 3435 961; x_wconf 90' lang='lat' dir='ltr'>nec</span> <span class='ocrx_word' id='word_1_167' title='bbox 3452 905 3641 961; x_wconf 77' lang='lat' dir='ltr'>sancti</span> 
     </span>
    </p>
   </div>
   <div class='ocr_carea' id='block_1_25' title="bbox 2032 994 3639 1068">
    <p class='ocr_par' dir='ltr' id='par_1_25' title="bbox 2032 994 3639 1068">
     <span class='ocr_line' id='line_1_25' title="bbox 2032 994 3639 1068; baseline -0.002 -17"><span class='ocrx_word' id='word_1_168' title='bbox 2032 995 2275 1067; x_wconf 88' lang='lat' dir='ltr'>Spiritus</span> <span class='ocrx_word' id='word_1_169' title='bbox 2290 996 2476 1067; x_wconf 87' lang='lat' dir='ltr'>gratia</span> <span class='ocrx_word' id='word_1_170' title='bbox 2493 995 2857 1050; x_wconf 85' lang='lat' dir='ltr'>corroborati.</span> <span class='ocrx_word' id='word_1_171' title='bbox 2876 995 3141 1067; x_wconf 76' lang='lat' dir='ltr'>Alioquin</span> <span class='ocrx_word' id='word_1_172' title='bbox 3155 997 3185 1051; x_wconf 87' lang='lat' dir='ltr'>J</span> <span class='ocrx_word' id='word_1_173' title='bbox 3189 995 3262 1050; x_wconf 92' lang='lat' dir='ltr'>ob</span> <span class='ocrx_word' id='word_1_174' title='bbox 3276 994 3639 1068; x_wconf 85' lang='lat' dir='ltr'>passionibus</span> 
     </span>
    </p>
   </div>
   <div class='ocr_carea' id='block_1_26' title="bbox 2027 1084 3640 1156">
    <p class='ocr_par' dir='ltr' id='par_1_26' title="bbox 2027 1084 3640 1156">
     <span class='ocr_line' id='line_1_26' title="bbox 2027 1084 3640 1156; baseline -0.001 -17"><span class='ocrx_word' id='word_1_175' title='bbox 2027 1086 2147 1156; x_wconf 89' lang='lat' dir='ltr'>jam</span> <span class='ocrx_word' id='word_1_176' title='bbox 2174 1084 2461 1156; x_wconf 88' lang='lat' dir='ltr'>probatus,</span> <span class='ocrx_word' id='word_1_177' title='bbox 2482 1090 2668 1139; x_wconf 90' lang='lat' dir='ltr'>certus</span> <span class='ocrx_word' id='word_1_178' title='bbox 2687 1085 2787 1139; x_wconf 90' lang='lat' dir='ltr'>Dei</span> <span class='ocrx_word' id='word_1_179' title='bbox 2815 1084 3041 1151; x_wconf 81' lang='lat' dir='ltr'>auxilio,</span> <span class='ocrx_word' id='word_1_180' title='bbox 3067 1084 3215 1156; x_wconf 91' lang='lat' dir='ltr'>quod</span> <span class='ocrx_word' id='word_1_181' title='bbox 3241 1084 3292 1139; x_wconf 88' lang='lat' dir='ltr'>si</span> <span class='ocrx_word' id='word_1_182' title='bbox 3310 1085 3373 1139; x_wconf 92' lang='lat' dir='ltr'>in</span> <span class='ocrx_word' id='word_1_183' title='bbox 3404 1085 3640 1156; x_wconf 75' lang='lat' dir='ltr'>profun-</span> 
     </span>
    </p>
   </div>
   <div class='ocr_carea' id='block_1_27' title="bbox 2033 1172 3640 1245">
    <p class='ocr_par' dir='ltr' id='par_1_27' title="bbox 2033 1172 3640 1245">
     <span class='ocr_line' id='line_1_27' title="bbox 2033 1172 3640 1245; baseline -0.001 -17"><span class='ocrx_word' id='word_1_184' title='bbox 2033 1175 2167 1228; x_wconf 90' lang='lat' dir='ltr'>dum</span> <span class='ocrx_word' id='word_1_185' title='bbox 2192 1173 2417 1238; x_wconf 85' lang='lat' dir='ltr'>inferni,</span> <span class='ocrx_word' id='word_1_186' title='bbox 2452 1174 2657 1245; x_wconf 89' lang='lat' dir='ltr'>inquit,</span> <span class='ocrx_word' id='word_1_187' title='bbox 2684 1174 2975 1228; x_wconf 88' lang='lat' dir='ltr'>demersus</span> <span class='ocrx_word' id='word_1_188' title='bbox 3001 1174 3180 1239; x_wconf 90' lang='lat' dir='ltr'>fuero,</span> <span class='ocrx_word' id='word_1_189' title='bbox 3210 1174 3343 1228; x_wconf 91' lang='lat' dir='ltr'>inde</span> <span class='ocrx_word' id='word_1_190' title='bbox 3371 1190 3467 1228; x_wconf 89' lang='lat' dir='ltr'>me</span> <span class='ocrx_word' id='word_1_191' title='bbox 3495 1172 3640 1227; x_wconf 85' lang='lat' dir='ltr'>libe-</span> 
     </span>
    </p>
   </div>
   <div class='ocr_carea' id='block_1_28' title="bbox 2034 1262 3642 1334">
    <p class='ocr_par' dir='ltr' id='par_1_28' title="bbox 2034 1262 3642 1334">
     <span class='ocr_line' id='line_1_28' title="bbox 2034 1262 3642 1334; baseline 0.001 -18"><span class='ocrx_word' id='word_1_192' title='bbox 2034 1262 2186 1316; x_wconf 89' lang='lat' dir='ltr'>rabis</span> <span class='ocrx_word' id='word_1_193' title='bbox 2212 1281 2224 1316; x_wconf 88' lang='lat'><strong>:</strong></span> <span class='ocrx_word' id='word_1_194' title='bbox 2249 1268 2459 1333; x_wconf 87' lang='lat' dir='ltr'>quanto</span> <span class='ocrx_word' id='word_1_195' title='bbox 2478 1263 2659 1333; x_wconf 88' lang='lat' dir='ltr'>magis</span> <span class='ocrx_word' id='word_1_196' title='bbox 2673 1268 2870 1318; x_wconf 87' lang='lat' dir='ltr'>auctor</span> <span class='ocrx_word' id='word_1_197' title='bbox 2887 1263 3013 1318; x_wconf 63' lang='lat' dir='ltr'>vita;</span> <span class='ocrx_word' id='word_1_198' title='bbox 3032 1264 3103 1317; x_wconf 91' lang='lat' dir='ltr'>de</span> <span class='ocrx_word' id='word_1_199' title='bbox 3121 1263 3431 1334; x_wconf 87' lang='lat' dir='ltr'>semetipso</span> <span class='ocrx_word' id='word_1_200' title='bbox 3450 1267 3642 1319; x_wconf 82' lang='lat' dir='ltr'>certus</span> 
     </span>
    </p>
   </div>
   <div class='ocr_carea' id='block_1_29' title="bbox 2034 1350 3637 1423">
    <p class='ocr_par' dir='ltr' id='par_1_29' title="bbox 2034 1350 3637 1423">
     <span class='ocr_line' id='line_1_29' title="bbox 2034 1350 3637 1423; baseline -0.001 -18"><span class='ocrx_word' id='word_1_201' title='bbox 2034 1350 2224 1415; x_wconf 89' lang='lat' dir='ltr'>fuerit,</span> <span class='ocrx_word' id='word_1_202' title='bbox 2249 1351 2345 1422; x_wconf 93' lang='lat' dir='ltr'>qui</span> <span class='ocrx_word' id='word_1_203' title='bbox 2371 1352 2442 1406; x_wconf 91' lang='lat' dir='ltr'>ad</span> <span class='ocrx_word' id='word_1_204' title='bbox 2471 1352 2696 1406; x_wconf 89' lang='lat' dir='ltr'>Patrem</span> <span class='ocrx_word' id='word_1_205' title='bbox 2728 1351 2968 1406; x_wconf 86' lang='lat' dir='ltr'>ﬁdenter</span> <span class='ocrx_word' id='word_1_206' title='bbox 2994 1352 3076 1406; x_wconf 90' lang='lat' dir='ltr'>ita</span> <span class='ocrx_word' id='word_1_207' title='bbox 3100 1352 3370 1423; x_wconf 85' lang='lat' dir='ltr'>loquitur,</span> <span class='ocrx_word' id='word_1_208' title='bbox 3402 1351 3595 1406; x_wconf 86' lang='lat' dir='ltr'>dicens</span> <span class='ocrx_word' id='word_1_209' title='bbox 3621 1368 3637 1403; x_wconf 88' lang='lat'><strong>:</strong></span> 
     </span>
    </p>
   </div>
   <div class='ocr_carea' id='block_1_30' title="bbox 2036 1440 3638 1508">
    <p class='ocr_par' dir='ltr' id='par_1_30' title="bbox 2036 1440 3638 1508">
     <span class='ocr_line' id='line_1_30' title="bbox 2036 1440 3638 1508; baseline 0 -16"><span class='ocrx_word' id='word_1_210' title='bbox 2036 1440 2103 1492; x_wconf 89' lang='lat' dir='ltr'>In</span> <span class='ocrx_word' id='word_1_211' title='bbox 2130 1440 2218 1492; x_wconf 84' lang='lat' dir='ltr'>die</span> <span class='ocrx_word' id='word_1_212' title='bbox 2246 1456 2356 1508; x_wconf 88' lang='lat' dir='ltr'>qua</span> <span class='ocrx_word' id='word_1_213' title='bbox 2388 1443 2638 1494; x_wconf 85' lang='lat' dir='ltr'>inuocaui</span> <span class='ocrx_word' id='word_1_214' title='bbox 2666 1446 2732 1506; x_wconf 88' lang='lat' dir='ltr'>te,</span> <span class='ocrx_word' id='word_1_215' title='bbox 2761 1442 3006 1507; x_wconf 79' lang='lat' dir='ltr'>Domine,</span> <span class='ocrx_word' id='word_1_216' title='bbox 3028 1442 3242 1506; x_wconf 71' lang='lat' dir='ltr'>dixisti,</span> <span class='ocrx_word' id='word_1_217' title='bbox 3269 1443 3393 1494; x_wconf 83' lang='lat' dir='ltr'>nali</span> <span class='ocrx_word' id='word_1_218' title='bbox 3419 1443 3638 1494; x_wconf 83' lang='lat' dir='ltr'>timere.</span> 
     </span>
    </p>
   </div>
   <div class='ocr_carea' id='block_1_31' title="bbox 2035 1529 3645 1599">
    <p class='ocr_par' dir='ltr' id='par_1_31' title="bbox 2035 1529 3645 1599">
     <span class='ocr_line' id='line_1_31' title="bbox 2035 1529 3645 1599; baseline 0.001 -18"><span class='ocrx_word' id='word_1_219' title='bbox 2035 1529 2341 1599; x_wconf 83' lang='lat' dir='ltr'>PrOpterea</span> <span class='ocrx_word' id='word_1_220' title='bbox 2359 1534 2417 1584; x_wconf 88' lang='lat' dir='ltr'>et</span> <span class='ocrx_word' id='word_1_221' title='bbox 2446 1529 2536 1583; x_wconf 89' lang='lat' dir='ltr'>hic</span> <span class='ocrx_word' id='word_1_222' title='bbox 2564 1546 2753 1584; x_wconf 84' lang='lat' dir='ltr'>vocem</span> <span class='ocrx_word' id='word_1_223' title='bbox 2783 1545 2970 1584; x_wconf 90' lang='lat' dir='ltr'>meam</span> <span class='ocrx_word' id='word_1_224' title='bbox 2998 1530 3080 1584; x_wconf 90' lang='lat' dir='ltr'>ait</span> <span class='ocrx_word' id='word_1_225' title='bbox 3108 1529 3350 1584; x_wconf 84' lang='lat' dir='ltr'>audisti:</span> <span class='ocrx_word' id='word_1_226' title='bbox 3376 1530 3457 1584; x_wconf 76' lang='lat' dir='ltr'>Ne</span> <span class='ocrx_word' id='word_1_227' title='bbox 3484 1545 3645 1583; x_wconf 58' lang='lat' dir='ltr'>acer.</span> 
     </span>
    </p>
   </div>
   <div class='ocr_carea' id='block_1_32' title="bbox 2038 1620 3647 1686">
    <p class='ocr_par' dir='ltr' id='par_1_32' title="bbox 2038 1620 3647 1686">
     <span class='ocr_line' id='line_1_32' title="bbox 2038 1620 3647 1686; baseline 0.001 -16"><span class='ocrx_word' id='word_1_228' title='bbox 2038 1622 2118 1670; x_wconf 87' lang='lat' dir='ltr'>tas</span> <span class='ocrx_word' id='word_1_229' title='bbox 2142 1633 2335 1671; x_wconf 82' lang='lat' dir='ltr'>aurem</span> <span class='ocrx_word' id='word_1_230' title='bbox 2360 1623 2515 1671; x_wconf 83' lang='lat' dir='ltr'>tuam</span> <span class='ocrx_word' id='word_1_231' title='bbox 2531 1635 2567 1672; x_wconf 90' lang='lat' dir='ltr'>a</span> <span class='ocrx_word' id='word_1_232' title='bbox 2584 1620 2839 1685; x_wconf 79' lang='lat' dir='ltr'>singultu</span> <span class='ocrx_word' id='word_1_233' title='bbox 2858 1635 2994 1683; x_wconf 84' lang='lat' dir='ltr'>meo,</span> <span class='ocrx_word' id='word_1_234' title='bbox 3020 1624 3068 1672; x_wconf 81' lang='lat' dir='ltr'>et</span> <span class='ocrx_word' id='word_1_235' title='bbox 3085 1620 3426 1673; x_wconf 82' lang='lat' dir='ltr'>clamoribus</span> <span class='ocrx_word' id='word_1_236' title='bbox 3444 1634 3647 1686; x_wconf 81' lang='lat' dir='ltr'>appro-</span> 
     </span>
    </p>
   </div>
   <div class='ocr_carea' id='block_1_33' title="bbox 359 1686 3645 1783">
    <p class='ocr_par' dir='ltr' id='par_1_33' title="bbox 359 1686 3645 1783">
     <span class='ocr_line' id='line_1_33' title="bbox 359 1686 3645 1783; baseline -0.002 -17"><span class='ocrx_word' id='word_1_237' title='bbox 359 1710 625 1783; x_wconf 91' lang='lat' dir='ltr'>quoniam</span> <span class='ocrx_word' id='word_1_238' title='bbox 673 1707 912 1762; x_wconf 89' lang='lat' dir='ltr'>tentatio</span> <span class='ocrx_word' id='word_1_239' title='bbox 961 1686 1289 1777; x_wconf 78' lang='lat' dir='ltr'>patientiam</span> <span class='ocrx_word' id='word_1_240' title='bbox 1343 1686 1629 1777; x_wconf 81' lang='lat' dir='ltr'>operatur,</span> <span class='ocrx_word' id='word_1_241' title='bbox 1680 1707 1955 1778; x_wconf 90' lang='lat' dir='ltr'>patientia</span> <span class='ocrx_word' id='word_1_242' title='bbox 1970 1686 2016 1744; x_wconf 79' lang='grc' dir='ltr'><strong>Β</strong></span> <span class='ocrx_word' id='word_1_243' title='bbox 2031 1708 2324 1775; x_wconf 82' lang='lat' dir='ltr'>pinquasti</span> <span class='ocrx_word' id='word_1_244' title='bbox 2342 1707 2597 1777; x_wconf 85' lang='lat' dir='ltr'>me.Ergo</span> <span class='ocrx_word' id='word_1_245' title='bbox 2616 1706 2706 1761; x_wconf 92' lang='lat' dir='ltr'>cui</span> <span class='ocrx_word' id='word_1_246' title='bbox 2725 1707 2897 1761; x_wconf 90' lang='lat' dir='ltr'>Pater</span> <span class='ocrx_word' id='word_1_247' title='bbox 2915 1712 3123 1778; x_wconf 74' lang='lat' dir='ltr'>praesto</span> <span class='ocrx_word' id='word_1_248' title='bbox 3143 1712 3287 1767; x_wconf 88' lang='lat' dir='ltr'>erat.</span> <span class='ocrx_word' id='word_1_249' title='bbox 3312 1706 3501 1777; x_wconf 86' lang='lat' dir='ltr'>perire</span> <span class='ocrx_word' id='word_1_250' title='bbox 3528 1722 3645 1761; x_wconf 86' lang='lat' dir='ltr'>non</span> 
     </span>
    </p>
   </div>
   <div class='ocr_carea' id='block_1_34' title="bbox 358 1794 1956 1870">
    <p class='ocr_par' dir='ltr' id='par_1_34' title="bbox 358 1794 1956 1870">
     <span class='ocr_line' id='line_1_34' title="bbox 358 1794 1956 1870; baseline -0.003 -17"><span class='ocrx_word' id='word_1_251' title='bbox 358 1817 490 1855; x_wconf 90' lang='lat' dir='ltr'>vero</span> <span class='ocrx_word' id='word_1_252' title='bbox 510 1814 690 1870; x_wconf 89' lang='lat' dir='ltr'>spem.</span> <span class='ocrx_word' id='word_1_253' title='bbox 715 1796 1086 1852; x_wconf 90' lang='lat' dir='ltr'>Consolamur</span> <span class='ocrx_word' id='word_1_254' title='bbox 1104 1799 1160 1849; x_wconf 89' lang='lat' dir='ltr'>et</span> <span class='ocrx_word' id='word_1_255' title='bbox 1182 1794 1464 1866; x_wconf 90' lang='lat' dir='ltr'>lacrymis,</span> <span class='ocrx_word' id='word_1_256' title='bbox 1491 1811 1616 1850; x_wconf 91' lang='lat' dir='ltr'>cum</span> <span class='ocrx_word' id='word_1_257' title='bbox 1647 1795 1956 1851; x_wconf 90' lang='lat' dir='ltr'>abluuntur</span> 
     </span>
    </p>
   </div>
   <div class='ocr_carea' id='block_1_35' title="bbox 358 1883 1956 1944">
    <p class='ocr_par' dir='ltr' id='par_1_35' title="bbox 358 1883 1956 1944">
     <span class='ocr_line' id='line_1_35' title="bbox 358 1883 1956 1944; baseline -0.003 0"><span class='ocrx_word' id='word_1_258' title='bbox 358 1888 637 1944; x_wconf 89' lang='lat' dir='ltr'>crimina:</span> <span class='ocrx_word' id='word_1_259' title='bbox 679 1890 745 1940; x_wconf 91' lang='lat' dir='ltr'>ut</span> <span class='ocrx_word' id='word_1_260' title='bbox 782 1890 869 1939; x_wconf 90' lang='lat' dir='ltr'>est</span> <span class='ocrx_word' id='word_1_261' title='bbox 906 1884 1046 1938; x_wconf 92' lang='lat' dir='ltr'>illud</span> <span class='ocrx_word' id='word_1_262' title='bbox 1086 1884 1145 1937; x_wconf 90' lang='lat' dir='ltr'>in</span> <span class='ocrx_word' id='word_1_263' title='bbox 1188 1883 1424 1937; x_wconf 87' lang='lat' dir='ltr'>Psalmis</span> <span class='ocrx_word' id='word_1_264' title='bbox 1459 1900 1471 1935; x_wconf 89' lang='lat'><strong>:</strong></span> <span class='ocrx_word' id='word_1_265' title='bbox 1512 1885 1774 1939; x_wconf 80' lang='lat' dir='ltr'>Discedite</span> <span class='ocrx_word' id='word_1_266' title='bbox 1803 1902 1838 1938; x_wconf 92' lang='lat' dir='ltr'>a</span> <span class='ocrx_word' id='word_1_267' title='bbox 1870 1902 1956 1940; x_wconf 86' lang='lat' dir='ltr'>me</span> 
     </span>
    </p>
   </div>
   <div class='ocr_carea' id='block_1_36' title="bbox 358 1975 1955 2045">
    <p class='ocr_par' dir='ltr' id='par_1_36' title="bbox 358 1975 1955 2045">
     <span class='ocr_line' id='line_1_36' title="bbox 358 1975 1955 2045; baseline -0.004 -12"><span class='ocrx_word' id='word_1_268' title='bbox 358 1994 543 2033; x_wconf 87' lang='lat' dir='ltr'>omnes</span> <span class='ocrx_word' id='word_1_269' title='bbox 552 1978 653 2045; x_wconf 89' lang='lat' dir='ltr'>qui</span> <span class='ocrx_word' id='word_1_270' title='bbox 664 1976 978 2045; x_wconf 85' lang='lat' dir='ltr'>operamini</span> <span class='ocrx_word' id='word_1_271' title='bbox 988 1975 1178 2040; x_wconf 88' lang='lat' dir='ltr'>iniqui</span> <span class='ocrx_word' id='word_1_272' title='bbox 1182 1977 1349 2025; x_wconf 87' lang='lat' dir='ltr'>tatem</span> <span class='ocrx_word' id='word_1_273' title='bbox 1364 1992 1378 2025; x_wconf 96' lang='lat'><em>:</em></span> <span class='ocrx_word' id='word_1_274' title='bbox 1394 1977 1662 2040; x_wconf 85' lang='lat' dir='ltr'>quoniam</span> <span class='ocrx_word' id='word_1_275' title='bbox 1674 1977 1955 2028; x_wconf 70' lang='lat' dir='ltr'>exaudiuit</span> 
     </span>
    </p>
   </div>
   <div class='ocr_carea' id='block_1_37' title="bbox 357 2059 1958 2132">
    <p class='ocr_par' dir='ltr' id='par_1_37' title="bbox 357 2059 1958 2132">
     <span class='ocr_line' id='line_1_37' title="bbox 357 2059 1958 2132; baseline -0.003 -10"><span class='ocrx_word' id='word_1_276' title='bbox 357 2068 628 2121; x_wconf 84' lang='lat' dir='ltr'>Dominus</span> <span class='ocrx_word' id='word_1_277' title='bbox 664 2079 842 2119; x_wconf 85' lang='lat' dir='ltr'>uocem</span> <span class='ocrx_word' id='word_1_278' title='bbox 886 2065 1043 2132; x_wconf 83' lang='lat' dir='ltr'>ﬂetus</span> <span class='ocrx_word' id='word_1_279' title='bbox 1090 2063 1199 2114; x_wconf 83' lang='lat' dir='ltr'>mei</span> <span class='ocrx_word' id='word_1_280' title='bbox 1237 2063 1402 2127; x_wconf 87' lang='lat' dir='ltr'>(Psal.</span> <span class='ocrx_word' id='word_1_281' title='bbox 1436 2059 1536 2131; x_wconf 78' lang='lat' dir='ltr'>v1).</span> <span class='ocrx_word' id='word_1_282' title='bbox 1586 2062 1958 2117; x_wconf 90' lang='lat' dir='ltr'>Consolamur</span> 
     </span>
    </p>
   </div>
   <div class='ocr_carea' id='block_1_38' title="bbox 355 2149 1958 2224">
    <p class='ocr_par' dir='ltr' id='par_1_38' title="bbox 355 2149 1958 2224">
     <span class='ocr_line' id='line_1_38' title="bbox 355 2149 1958 2224; baseline -0.002 -14"><span class='ocrx_word' id='word_1_283' title='bbox 355 2171 488 2210; x_wconf 84' lang='lat' dir='ltr'>vero</span> <span class='ocrx_word' id='word_1_284' title='bbox 530 2169 698 2224; x_wconf 88' lang='lat' dir='ltr'>quam</span> <span class='ocrx_word' id='word_1_285' title='bbox 745 2167 890 2222; x_wconf 66' lang='lat' dir='ltr'>saepe</span> <span class='ocrx_word' id='word_1_286' title='bbox 937 2149 1173 2220; x_wconf 84' lang='lat' dir='ltr'>ﬂagellis</span> <span class='ocrx_word' id='word_1_287' title='bbox 1218 2168 1231 2202; x_wconf 93' lang='lat'><strong><em>:</em></strong></span> <span class='ocrx_word' id='word_1_288' title='bbox 1274 2149 1409 2220; x_wconf 90' lang='lat' dir='ltr'>quia</span> <span class='ocrx_word' id='word_1_289' title='bbox 1453 2166 1563 2204; x_wconf 92' lang='lat' dir='ltr'>non</span> <span class='ocrx_word' id='word_1_290' title='bbox 1614 2150 1958 2206; x_wconf 83' lang='lat' dir='ltr'>obliviscitur</span> 
     </span>
    </p>
   </div>
   <div class='ocr_carea' id='block_1_39' title="bbox 356 2239 1955 2313">
    <p class='ocr_par' dir='ltr' id='par_1_39' title="bbox 356 2239 1955 2313">
     <span class='ocr_line' id='line_1_39' title="bbox 356 2239 1955 2313; baseline -0.003 -14"><span class='ocrx_word' id='word_1_291' title='bbox 356 2245 508 2299; x_wconf 88' lang='lat' dir='ltr'>Deus</span> <span class='ocrx_word' id='word_1_292' title='bbox 525 2241 800 2304; x_wconf 89' lang='lat' dir='ltr'>misereri,</span> <span class='ocrx_word' id='word_1_293' title='bbox 826 2255 1008 2310; x_wconf 90' lang='lat' dir='ltr'>neque</span> <span class='ocrx_word' id='word_1_294' title='bbox 1028 2239 1085 2293; x_wconf 93' lang='lat' dir='ltr'>in</span> <span class='ocrx_word' id='word_1_295' title='bbox 1106 2244 1378 2293; x_wconf 67' lang='lat' dir='ltr'>aeternum</span> <span class='ocrx_word' id='word_1_296' title='bbox 1400 2239 1658 2309; x_wconf 90' lang='lat' dir='ltr'>projiciet</span> <span class='ocrx_word' id='word_1_297' title='bbox 1685 2257 1826 2310; x_wconf 84' lang='lat' dir='ltr'>quos</span> <span class='ocrx_word' id='word_1_298' title='bbox 1856 2258 1955 2313; x_wconf 92' lang='lat' dir='ltr'>pu-</span> 
     </span>
    </p>
   </div>
   <div class='ocr_carea' id='block_1_40' title="bbox 356 2328 1954 2400">
    <p class='ocr_par' dir='ltr' id='par_1_40' title="bbox 356 2328 1954 2400">
     <span class='ocr_line' id='line_1_40' title="bbox 356 2328 1954 2400; baseline -0.003 -12"><span class='ocrx_word' id='word_1_299' title='bbox 356 2333 563 2389; x_wconf 85' lang='lat' dir='ltr'>taverit</span> <span class='ocrx_word' id='word_1_300' title='bbox 600 2329 971 2400; x_wconf 77' lang='lat' dir='ltr'>castigandae.</span> <span class='ocrx_word' id='word_1_301' title='bbox 1006 2328 1166 2383; x_wconf 89' lang='lat' dir='ltr'>Unde</span> <span class='ocrx_word' id='word_1_302' title='bbox 1216 2328 1464 2382; x_wconf 86' lang='lat' dir='ltr'>decursis</span> <span class='ocrx_word' id='word_1_303' title='bbox 1493 2328 1799 2399; x_wconf 88' lang='lat' dir='ltr'>suppliciis,</span> <span class='ocrx_word' id='word_1_304' title='bbox 1830 2346 1954 2400; x_wconf 60' lang='lat' dir='ltr'>qua</span> 
     </span>
    </p>
   </div>
   <div class='ocr_carea' id='block_1_41' title="bbox 356 2416 1953 2493">
    <p class='ocr_par' dir='ltr' id='par_1_41' title="bbox 356 2416 1953 2493">
     <span class='ocr_line' id='line_1_41' title="bbox 356 2416 1953 2493; baseline -0.001 -18"><span class='ocrx_word' id='word_1_305' title='bbox 356 2425 588 2493; x_wconf 88' lang='lat' dir='ltr'>propter</span> <span class='ocrx_word' id='word_1_306' title='bbox 628 2423 855 2490; x_wconf 83' lang='lat' dir='ltr'>peccata</span> <span class='ocrx_word' id='word_1_307' title='bbox 892 2418 1146 2483; x_wconf 89' lang='lat' dir='ltr'>tulimus,</span> <span class='ocrx_word' id='word_1_308' title='bbox 1193 2416 1517 2488; x_wconf 85' lang='lat' dir='ltr'>frequenter</span> <span class='ocrx_word' id='word_1_309' title='bbox 1560 2419 1843 2473; x_wconf 90' lang='lat' dir='ltr'>cernimus</span> <span class='ocrx_word' id='word_1_310' title='bbox 1894 2420 1953 2474; x_wconf 93' lang='lat' dir='ltr'>in</span> 
     </span>
    </p>
   </div>
   <div class='ocr_carea' id='block_1_42' title="bbox 357 2506 1953 2582">
    <p class='ocr_par' dir='ltr' id='par_1_42' title="bbox 357 2506 1953 2582">
     <span class='ocr_line' id='line_1_42' title="bbox 357 2506 1953 2582; baseline -0.002 -17"><span class='ocrx_word' id='word_1_311' title='bbox 357 2527 457 2582; x_wconf 90' lang='lat' dir='ltr'>spe</span> <span class='ocrx_word' id='word_1_312' title='bbox 487 2508 635 2580; x_wconf 89' lang='lat' dir='ltr'>quod</span> <span class='ocrx_word' id='word_1_313' title='bbox 666 2507 737 2562; x_wconf 91' lang='lat' dir='ltr'>ad</span> <span class='ocrx_word' id='word_1_314' title='bbox 765 2506 985 2561; x_wconf 83' lang='lat' dir='ltr'>veniam</span> <span class='ocrx_word' id='word_1_315' title='bbox 1018 2506 1383 2578; x_wconf 86' lang='lat' dir='ltr'>pertinemus.</span> <span class='ocrx_word' id='word_1_316' title='bbox 1404 2507 1574 2561; x_wconf 66' lang='lat' dir='ltr'>Plena</span> <span class='ocrx_word' id='word_1_317' title='bbox 1599 2506 1748 2561; x_wconf 88' lang='lat' dir='ltr'>enim</span> <span class='ocrx_word' id='word_1_318' title='bbox 1777 2509 1953 2562; x_wconf 87' lang='lat' dir='ltr'>corri-</span> 
     </span>
    </p>
   </div>
   <div class='ocr_carea' id='block_1_43' title="bbox 2036 1794 3643 1866">
    <p class='ocr_par' dir='ltr' id='par_1_43' title="bbox 2036 1794 3643 1866">
     <span class='ocr_line' id='line_1_43' title="bbox 2036 1794 3643 1866; baseline 0.001 -17"><span class='ocrx_word' id='word_1_319' title='bbox 2036 1800 2257 1866; x_wconf 88' lang='lat' dir='ltr'>poterat</span> <span class='ocrx_word' id='word_1_320' title='bbox 2289 1813 2300 1848; x_wconf 92' lang='lat'><strong>:</strong></span> <span class='ocrx_word' id='word_1_321' title='bbox 2343 1797 2504 1866; x_wconf 88' lang='lat' dir='ltr'>cujus</span> <span class='ocrx_word' id='word_1_322' title='bbox 2532 1811 2721 1850; x_wconf 90' lang='lat' dir='ltr'>vocem</span> <span class='ocrx_word' id='word_1_323' title='bbox 2762 1796 3106 1862; x_wconf 81' lang='lat' dir='ltr'>exaudierat,</span> <span class='ocrx_word' id='word_1_324' title='bbox 3138 1794 3401 1850; x_wconf 85' lang='lat' dir='ltr'>dubitare</span> <span class='ocrx_word' id='word_1_325' title='bbox 3427 1812 3643 1866; x_wconf 83' lang='lat' dir='ltr'>nequa-</span> 
     </span>
    </p>
   </div>
   <div class='ocr_carea' id='block_1_44' title="bbox 2038 1884 3649 1956">
    <p class='ocr_par' dir='ltr' id='par_1_44' title="bbox 2038 1884 3649 1956">
     <span class='ocr_line' id='line_1_44' title="bbox 2038 1884 3649 1956; baseline 0 -18"><span class='ocrx_word' id='word_1_326' title='bbox 2038 1900 2208 1954; x_wconf 89' lang='lat' dir='ltr'>quam</span> <span class='ocrx_word' id='word_1_327' title='bbox 2233 1889 2474 1955; x_wconf 87' lang='lat' dir='ltr'>poterat.</span> <span class='ocrx_word' id='word_1_328' title='bbox 2502 1884 2608 1939; x_wconf 90' lang='lat' dir='ltr'>Sed</span> <span class='ocrx_word' id='word_1_329' title='bbox 2633 1884 2765 1955; x_wconf 88' lang='lat' dir='ltr'>quia</span> <span class='ocrx_word' id='word_1_330' title='bbox 2784 1885 2937 1956; x_wconf 90' lang='lat' dir='ltr'>Coph</span> <span class='ocrx_word' id='word_1_331' title='bbox 2961 1886 3135 1940; x_wconf 89' lang='lat' dir='ltr'>etiam</span> <span class='ocrx_word' id='word_1_332' title='bbox 3154 1885 3443 1940; x_wconf 87' lang='lat' dir='ltr'>conclusio</span> <span class='ocrx_word' id='word_1_333' title='bbox 3470 1886 3649 1939; x_wconf 78' lang='lat' dir='ltr'>inter—</span> 
     </span>
    </p>
   </div>
   <div class='ocr_carea' id='block_1_45' title="bbox 2036 1973 3647 2045">
    <p class='ocr_par' dir='ltr' id='par_1_45' title="bbox 2036 1973 3647 2045">
     <span class='ocr_line' id='line_1_45' title="bbox 2036 1973 3647 2045; baseline 0.002 -20"><span class='ocrx_word' id='word_1_334' title='bbox 2036 1977 2310 2043; x_wconf 88' lang='lat' dir='ltr'>pretatur,</span> <span class='ocrx_word' id='word_1_335' title='bbox 2321 1974 2450 2043; x_wconf 89' lang='lat' dir='ltr'>jure</span> <span class='ocrx_word' id='word_1_336' title='bbox 2470 1973 2596 2044; x_wconf 89' lang='lat' dir='ltr'>quis</span> <span class='ocrx_word' id='word_1_337' title='bbox 2614 1974 2865 2045; x_wconf 88' lang='lat' dir='ltr'>perierit,</span> <span class='ocrx_word' id='word_1_338' title='bbox 2887 1990 3122 2045; x_wconf 87' lang='lat' dir='ltr'>gemens</span> <span class='ocrx_word' id='word_1_339' title='bbox 3142 1979 3270 2029; x_wconf 88' lang='lat' dir='ltr'>orat</span> <span class='ocrx_word' id='word_1_340' title='bbox 3292 1994 3306 2028; x_wconf 89' lang='lat'><strong>:</strong></span> <span class='ocrx_word' id='word_1_341' title='bbox 3328 1976 3409 2030; x_wconf 81' lang='lat' dir='ltr'>Ne</span> <span class='ocrx_word' id='word_1_342' title='bbox 3425 1979 3647 2029; x_wconf 80' lang='lat' dir='ltr'>avertas</span> 
     </span>
    </p>
   </div>
   <div class='ocr_carea' id='block_1_46' title="bbox 2038 2063 3648 2131">
    <p class='ocr_par' dir='ltr' id='par_1_46' title="bbox 2038 2063 3648 2131">
     <span class='ocr_line' id='line_1_46' title="bbox 2038 2063 3648 2131; baseline 0.002 -17"><span class='ocrx_word' id='word_1_343' title='bbox 2038 2077 2233 2115; x_wconf 85' lang='lat' dir='ltr'>aurem</span> <span class='ocrx_word' id='word_1_344' title='bbox 2266 2068 2421 2116; x_wconf 82' lang='lat' dir='ltr'>tuam</span> <span class='ocrx_word' id='word_1_345' title='bbox 2450 2078 2486 2115; x_wconf 89' lang='lat' dir='ltr'>a</span> <span class='ocrx_word' id='word_1_346' title='bbox 2514 2064 2768 2131; x_wconf 86' lang='lat' dir='ltr'>singultu</span> <span class='ocrx_word' id='word_1_347' title='bbox 2797 2080 2915 2117; x_wconf 79' lang='lat' dir='ltr'>meo</span> <span class='ocrx_word' id='word_1_348' title='bbox 2942 2069 2993 2117; x_wconf 86' lang='lat' dir='ltr'>et</span> <span class='ocrx_word' id='word_1_349' title='bbox 3023 2066 3386 2118; x_wconf 83' lang='lat' dir='ltr'>clamoribus.</span> <span class='ocrx_word' id='word_1_350' title='bbox 3414 2063 3526 2128; x_wconf 88' lang='lat' dir='ltr'>Qui</span> <span class='ocrx_word' id='word_1_351' title='bbox 3553 2063 3648 2117; x_wconf 83' lang='lat' dir='ltr'>in-</span> 
     </span>
    </p>
   </div>
   <div class='ocr_carea' id='block_1_47' title="bbox 2038 2151 3651 2223">
    <p class='ocr_par' dir='ltr' id='par_1_47' title="bbox 2038 2151 3651 2223">
     <span class='ocr_line' id='line_1_47' title="bbox 2038 2151 3651 2223; baseline 0.001 -18"><span class='ocrx_word' id='word_1_352' title='bbox 2038 2156 2301 2205; x_wconf 89' lang='lat' dir='ltr'>carnatus</span> <span class='ocrx_word' id='word_1_353' title='bbox 2326 2151 2515 2213; x_wconf 86' lang='lat' dir='ltr'>etiam,</span> <span class='ocrx_word' id='word_1_354' title='bbox 2528 2153 2690 2221; x_wconf 81' lang='lat' dir='ltr'>juxta</span> <span class='ocrx_word' id='word_1_355' title='bbox 2715 2152 2889 2205; x_wconf 85' lang='lat' dir='ltr'>alium</span> <span class='ocrx_word' id='word_1_356' title='bbox 2915 2153 3267 2223; x_wconf 86' lang='lat' dir='ltr'>prophetam,</span> <span class='ocrx_word' id='word_1_357' title='bbox 3292 2152 3364 2207; x_wconf 91' lang='lat' dir='ltr'>ad</span> <span class='ocrx_word' id='word_1_358' title='bbox 3391 2158 3651 2207; x_wconf 78' lang='lat' dir='ltr'>extrema</span> 
     </span>
    </p>
   </div>
   <div class='ocr_carea' id='block_1_48' title="bbox 2036 2240 3649 2310">
    <p class='ocr_par' dir='ltr' id='par_1_48' title="bbox 2036 2240 3649 2310">
     <span class='ocr_line' id='line_1_48' title="bbox 2036 2240 3649 2310; baseline 0.001 -17"><span class='ocrx_word' id='word_1_359' title='bbox 2036 2240 2314 2309; x_wconf 83' lang='lat' dir='ltr'>montium</span> <span class='ocrx_word' id='word_1_360' title='bbox 2344 2240 2733 2310; x_wconf 82' lang='lat' dir='ltr'>descenderat,</span> <span class='ocrx_word' id='word_1_361' title='bbox 2779 2246 2945 2295; x_wconf 81' lang='lat' dir='ltr'>teme</span> <span class='ocrx_word' id='word_1_362' title='bbox 2972 2241 3225 2295; x_wconf 89' lang='lat' dir='ltr'>vectibus</span> <span class='ocrx_word' id='word_1_363' title='bbox 3250 2242 3552 2296; x_wconf 81' lang='lat' dir='ltr'>conclusus</span> <span class='ocrx_word' id='word_1_364' title='bbox 3575 2241 3649 2294; x_wconf 80' lang='lat' dir='ltr'>ﬁ-</span> 
     </span>
    </p>
   </div>
   <div class='ocr_carea' id='block_1_49' title="bbox 2034 2329 3757 2405">
    <p class='ocr_par' dir='ltr' id='par_1_49' title="bbox 2034 2329 3757 2405">
     <span class='ocr_line' id='line_1_49' title="bbox 2034 2329 3757 2405; baseline 0.001 -22"><span class='ocrx_word' id='word_1_365' title='bbox 2034 2329 2330 2384; x_wconf 86' lang='lat' dir='ltr'>ducialiter</span> <span class='ocrx_word' id='word_1_366' title='bbox 2366 2329 2568 2400; x_wconf 84' lang='lat' dir='ltr'>agebat</span> <span class='ocrx_word' id='word_1_367' title='bbox 2610 2346 2739 2384; x_wconf 89' lang='lat' dir='ltr'>cum</span> <span class='ocrx_word' id='word_1_368' title='bbox 2787 2329 2974 2396; x_wconf 87' lang='lat' dir='ltr'>Patre,</span> <span class='ocrx_word' id='word_1_369' title='bbox 3011 2331 3159 2401; x_wconf 89' lang='lat' dir='ltr'>quod</span> <span class='ocrx_word' id='word_1_370' title='bbox 3207 2330 3532 2385; x_wconf 81' lang='lat' dir='ltr'>sublevaret</span> <span class='ocrx_word' id='word_1_371' title='bbox 3573 2329 3651 2384; x_wconf 86' lang='lat' dir='ltr'>de</span> <span class='ocrx_word' id='word_1_372' title='bbox 3746 2397 3757 2405; x_wconf 25' lang='grc' dir='ltr'>ί</span> 
     </span>
    </p>
   </div>
   <div class='ocr_carea' id='block_1_50' title="bbox 2034 2417 3649 2490">
    <p class='ocr_par' dir='ltr' id='par_1_50' title="bbox 2034 2417 3649 2490">
     <span class='ocr_line' id='line_1_50' title="bbox 2034 2417 3649 2490; baseline 0.001 -18"><span class='ocrx_word' id='word_1_373' title='bbox 2034 2418 2393 2489; x_wconf 90' lang='lat' dir='ltr'>corruptione</span> <span class='ocrx_word' id='word_1_374' title='bbox 2422 2418 2595 2471; x_wconf 87' lang='lat' dir='ltr'>vitam</span> <span class='ocrx_word' id='word_1_375' title='bbox 2642 2417 2838 2488; x_wconf 87' lang='lat' dir='ltr'>ipsius,</span> <span class='ocrx_word' id='word_1_376' title='bbox 2871 2418 2975 2472; x_wconf 92' lang='lat' dir='ltr'>sub</span> <span class='ocrx_word' id='word_1_377' title='bbox 3020 2435 3132 2490; x_wconf 85' lang='lat' dir='ltr'>qua</span> <span class='ocrx_word' id='word_1_378' title='bbox 3164 2435 3502 2490; x_wconf 84' lang='lat' dir='ltr'>suppressus</span> <span class='ocrx_word' id='word_1_379' title='bbox 3529 2434 3649 2474; x_wconf 83' lang='lat' dir='ltr'>una</span> 
     </span>
    </p>
   </div>
   <div class='ocr_carea' id='block_1_51' title="bbox 2040 2505 3646 2579">
    <p class='ocr_par' dir='ltr' id='par_1_51' title="bbox 2040 2505 3646 2579">
     <span class='ocr_line' id='line_1_51' title="bbox 2040 2505 3646 2579; baseline 0.001 -19"><span class='ocrx_word' id='word_1_380' title='bbox 2040 2507 2330 2561; x_wconf 88' lang='lat' dir='ltr'>nobiscum</span> <span class='ocrx_word' id='word_1_381' title='bbox 2362 2522 2462 2577; x_wconf 89' lang='lat' dir='ltr'>pro</span> <span class='ocrx_word' id='word_1_382' title='bbox 2500 2505 2661 2560; x_wconf 89' lang='lat' dir='ltr'>nobis</span> <span class='ocrx_word' id='word_1_383' title='bbox 2700 2511 2950 2573; x_wconf 69' lang='lat' dir='ltr'>Im</span> <span class='ocrx_word' id='word_1_384' title='bbox 2976 2507 3171 2563; x_wconf 88' lang='lat' dir='ltr'>dolens</span> <span class='ocrx_word' id='word_1_385' title='bbox 3198 2507 3448 2579; x_wconf 81' lang='lat' dir='ltr'>lugebat.</span> <span class='ocrx_word' id='word_1_386' title='bbox 3480 2507 3646 2563; x_wconf 85' lang='lat' dir='ltr'>Unde</span> 
     </span>
    </p>
   </div>
   <div class='ocr_carea' id='block_1_52' title="bbox 354 2594 3649 2670">
    <p class='ocr_par' dir='ltr' id='par_1_52' title="bbox 354 2594 3649 2670">
     <span class='ocr_line' id='line_1_52' title="bbox 354 2594 3649 2670; baseline -0.001 -16"><span class='ocrx_word' id='word_1_387' title='bbox 354 2600 459 2670; x_wconf 88' lang='lat' dir='ltr'>git,</span> <span class='ocrx_word' id='word_1_388' title='bbox 493 2603 551 2653; x_wconf 92' lang='lat' dir='ltr'>et</span> <span class='ocrx_word' id='word_1_389' title='bbox 578 2597 842 2652; x_wconf 90' lang='lat' dir='ltr'>emendat</span> <span class='ocrx_word' id='word_1_390' title='bbox 868 2601 1170 2650; x_wconf 87' lang='lat' dir='ltr'>errantem.</span> <span class='ocrx_word' id='word_1_391' title='bbox 1204 2594 1365 2659; x_wconf 88' lang='lat' dir='ltr'>Quod</span> <span class='ocrx_word' id='word_1_392' title='bbox 1395 2596 1442 2649; x_wconf 89' lang='lat' dir='ltr'>si</span> <span class='ocrx_word' id='word_1_393' title='bbox 1468 2595 1597 2649; x_wconf 90' lang='lat' dir='ltr'>talis</span> <span class='ocrx_word' id='word_1_394' title='bbox 1626 2602 1711 2650; x_wconf 89' lang='lat' dir='ltr'>est</span> <span class='ocrx_word' id='word_1_395' title='bbox 1740 2597 1836 2667; x_wconf 89' lang='lat' dir='ltr'>qui</span> <span class='ocrx_word' id='word_1_396' title='bbox 1865 2614 1959 2652; x_wconf 88' lang='lat' dir='ltr'>ne-</span> <span class='ocrx_word' id='word_1_397' title='bbox 2038 2595 2262 2666; x_wconf 90' lang='lat' dir='ltr'>inquit:</span> <span class='ocrx_word' id='word_1_398' title='bbox 2306 2598 2564 2651; x_wconf 89' lang='lat' dir='ltr'>Inuocaui</span> <span class='ocrx_word' id='word_1_399' title='bbox 2592 2612 2794 2651; x_wconf 81' lang='lat' dir='ltr'>nomen</span> <span class='ocrx_word' id='word_1_400' title='bbox 2822 2603 3002 2663; x_wconf 82' lang='lat' dir='ltr'>tuum,</span> <span class='ocrx_word' id='word_1_401' title='bbox 3025 2598 3274 2663; x_wconf 83' lang='lat' dir='ltr'>Domine,</span> <span class='ocrx_word' id='word_1_402' title='bbox 3297 2599 3363 2651; x_wconf 86' lang='lat' dir='ltr'>de</span> <span class='ocrx_word' id='word_1_403' title='bbox 3385 2601 3525 2653; x_wconf 81' lang='lat' dir='ltr'>lacis</span> <span class='ocrx_word' id='word_1_404' title='bbox 3549 2614 3649 2651; x_wconf 86' lang='lat' dir='ltr'>no-</span> 
     </span>
    </p>
   </div>
   <div class='ocr_carea' id='block_1_53' title="bbox 355 2682 3643 2761">
    <p class='ocr_par' dir='ltr' id='par_1_53' title="bbox 355 2682 3643 2761">
     <span class='ocr_line' id='line_1_53' title="bbox 355 2682 3643 2761; baseline -0.001 -18"><span class='ocrx_word' id='word_1_405' title='bbox 355 2692 528 2761; x_wconf 90' lang='lat' dir='ltr'>queat</span> <span class='ocrx_word' id='word_1_406' title='bbox 552 2686 858 2752; x_wconf 88' lang='lat' dir='ltr'>emendari,</span> <span class='ocrx_word' id='word_1_407' title='bbox 909 2700 1316 2755; x_wconf 89' lang='lat' dir='ltr'>nonnunquam</span> <span class='ocrx_word' id='word_1_408' title='bbox 1344 2689 1444 2738; x_wconf 92' lang='lat' dir='ltr'>aut</span> <span class='ocrx_word' id='word_1_409' title='bbox 1466 2684 1720 2740; x_wconf 83' lang='lat' dir='ltr'>aufertur</span> <span class='ocrx_word' id='word_1_410' title='bbox 1742 2702 1809 2740; x_wconf 86' lang='lat' dir='ltr'>ex</span> <span class='ocrx_word' id='word_1_411' title='bbox 1836 2703 1958 2741; x_wconf 89' lang='lat' dir='ltr'>me-</span> <span class='ocrx_word' id='word_1_412' title='bbox 2038 2688 2281 2738; x_wconf 83' lang='lat' dir='ltr'>uissimis</span> <span class='ocrx_word' id='word_1_413' title='bbox 2316 2687 2458 2753; x_wconf 89' lang='lat' dir='ltr'>(Jan.</span> <span class='ocrx_word' id='word_1_414' title='bbox 2493 2685 2578 2753; x_wconf 77' lang='grc' dir='ltr'>Π).</span> <span class='ocrx_word' id='word_1_415' title='bbox 2611 2685 2772 2748; x_wconf 88' lang='lat' dir='ltr'>Quod</span> <span class='ocrx_word' id='word_1_416' title='bbox 2800 2691 2858 2739; x_wconf 91' lang='lat' dir='ltr'>et</span> <span class='ocrx_word' id='word_1_417' title='bbox 2884 2682 3089 2743; x_wconf 87' lang='lat' dir='ltr'>Jonam</span> <span class='ocrx_word' id='word_1_418' title='bbox 3118 2685 3318 2740; x_wconf 84' lang='lat' dir='ltr'>fecisse</span> <span class='ocrx_word' id='word_1_419' title='bbox 3345 2686 3419 2740; x_wconf 91' lang='lat' dir='ltr'>de</span> <span class='ocrx_word' id='word_1_420' title='bbox 3447 2692 3643 2740; x_wconf 83' lang='lat' dir='ltr'>ventre</span> 
     </span>
    </p>
   </div>
   <div class='ocr_carea' id='block_1_54' title="bbox 354 2771 3643 2846">
    <p class='ocr_par' dir='ltr' id='par_1_54' title="bbox 354 2771 3643 2846">
     <span class='ocr_line' id='line_1_54' title="bbox 354 2771 3643 2846; baseline 0 -15"><span class='ocrx_word' id='word_1_421' title='bbox 354 2777 467 2844; x_wconf 82' lang='lat' dir='ltr'>dio,</span> <span class='ocrx_word' id='word_1_422' title='bbox 502 2782 603 2830; x_wconf 88' lang='lat' dir='ltr'>aut</span> <span class='ocrx_word' id='word_1_423' title='bbox 628 2775 763 2830; x_wconf 87' lang='lat' dir='ltr'>facit</span> <span class='ocrx_word' id='word_1_424' title='bbox 789 2790 952 2845; x_wconf 69' lang='lat' dir='ltr'>pmna</span> <span class='ocrx_word' id='word_1_425' title='bbox 983 2790 1053 2828; x_wconf 92' lang='lat' dir='ltr'>ne</span> <span class='ocrx_word' id='word_1_426' title='bbox 1081 2774 1341 2843; x_wconf 87' lang='lat' dir='ltr'>graviora</span> <span class='ocrx_word' id='word_1_427' title='bbox 1369 2774 1703 2830; x_wconf 79' lang='lat' dir='ltr'>committat.</span> <span class='ocrx_word' id='word_1_428' title='bbox 1730 2774 1806 2827; x_wconf 86' lang='lat' dir='ltr'>Ex</span> <span class='ocrx_word' id='word_1_429' title='bbox 1835 2774 1956 2844; x_wconf 91' lang='lat' dir='ltr'>qui-</span> <span class='ocrx_word' id='word_1_430' title='bbox 2034 2771 2233 2828; x_wconf 62' lang='lat' dir='ltr'>belluas</span> <span class='ocrx_word' id='word_1_431' title='bbox 2257 2773 2497 2843; x_wconf 88' lang='lat' dir='ltr'>legimus</span> <span class='ocrx_word' id='word_1_432' title='bbox 2522 2773 2580 2828; x_wconf 87' lang='lat' dir='ltr'>in</span> <span class='ocrx_word' id='word_1_433' title='bbox 2606 2773 2903 2844; x_wconf 87' lang='lat' dir='ltr'>prophetia</span> <span class='ocrx_word' id='word_1_434' title='bbox 2925 2775 3095 2846; x_wconf 86' lang='lat' dir='ltr'><strong>hujus</strong></span> <span class='ocrx_word' id='word_1_435' title='bbox 3114 2775 3392 2846; x_wconf 81' lang='lat' dir='ltr'>mysterii.</span> <span class='ocrx_word' id='word_1_436' title='bbox 3418 2776 3490 2829; x_wconf 86' lang='lat' dir='ltr'>Et</span> <span class='ocrx_word' id='word_1_437' title='bbox 3509 2775 3643 2831; x_wconf 89' lang='lat' dir='ltr'>ideo</span> 
     </span>
    </p>
   </div>
   <div class='ocr_carea' id='block_1_55' title="bbox 353 2862 3643 2935">
    <p class='ocr_par' dir='ltr' id='par_1_55' title="bbox 353 2862 3643 2935">
     <span class='ocr_line' id='line_1_55' title="bbox 353 2862 3643 2935; baseline -0 -14"><span class='ocrx_word' id='word_1_438' title='bbox 353 2866 460 2921; x_wconf 91' lang='lat' dir='ltr'>bus</span> <span class='ocrx_word' id='word_1_439' title='bbox 480 2871 538 2920; x_wconf 92' lang='lat' dir='ltr'>et</span> <span class='ocrx_word' id='word_1_440' title='bbox 559 2864 684 2919; x_wconf 88' lang='lat' dir='ltr'>aliis</span> <span class='ocrx_word' id='word_1_441' title='bbox 705 2863 1136 2935; x_wconf 87' lang='lat' dir='ltr'>quamplurimis</span> <span class='ocrx_word' id='word_1_442' title='bbox 1155 2863 1531 2915; x_wconf 89' lang='lat' dir='ltr'>tentationum</span> <span class='ocrx_word' id='word_1_443' title='bbox 1554 2867 1654 2915; x_wconf 90' lang='lat' dir='ltr'>aut</span> <span class='ocrx_word' id='word_1_444' title='bbox 1672 2863 1956 2931; x_wconf 85' lang='lat' dir='ltr'>angustia-</span> <span class='ocrx_word' id='word_1_445' title='bbox 2035 2868 2185 2916; x_wconf 88' lang='lat' dir='ltr'>recte</span> <span class='ocrx_word' id='word_1_446' title='bbox 2240 2863 2398 2933; x_wconf 88' lang='lat' dir='ltr'>Coph</span> <span class='ocrx_word' id='word_1_447' title='bbox 2442 2862 2721 2918; x_wconf 89' lang='lat' dir='ltr'>conclusio</span> <span class='ocrx_word' id='word_1_448' title='bbox 2774 2863 2999 2928; x_wconf 89' lang='lat' dir='ltr'>dicitur,</span> <span class='ocrx_word' id='word_1_449' title='bbox 3053 2864 3319 2935; x_wconf 89' lang='lat' dir='ltr'>quoniam</span> <span class='ocrx_word' id='word_1_450' title='bbox 3362 2865 3643 2920; x_wconf 84' lang='lat' dir='ltr'>conclusit</span> 
     </span>
    </p>
   </div>
   <div class='ocr_carea' id='block_1_56' title="bbox 353 2949 3639 3025">
    <p class='ocr_par' dir='ltr' id='par_1_56' title="bbox 353 2949 3639 3025">
     <span class='ocr_line' id='line_1_56' title="bbox 353 2949 3639 3025; baseline 0 -16"><span class='ocrx_word' id='word_1_451' title='bbox 353 2971 482 3009; x_wconf 89' lang='lat' dir='ltr'>rum</span> <span class='ocrx_word' id='word_1_452' title='bbox 503 2953 685 3007; x_wconf 90' lang='lat' dir='ltr'>modis</span> <span class='ocrx_word' id='word_1_453' title='bbox 705 2958 860 3023; x_wconf 89' lang='lat' dir='ltr'>patet</span> <span class='ocrx_word' id='word_1_454' title='bbox 879 2967 1095 3015; x_wconf 78' lang='lat' dir='ltr'>sensus,</span> <span class='ocrx_word' id='word_1_455' title='bbox 1118 2949 1267 3020; x_wconf 90' lang='lat' dir='ltr'>quod</span> <span class='ocrx_word' id='word_1_456' title='bbox 1287 2966 1575 3020; x_wconf 88' lang='lat' dir='ltr'>nunquam</span> <span class='ocrx_word' id='word_1_457' title='bbox 1596 2950 1830 3019; x_wconf 88' lang='lat' dir='ltr'>ﬂagellis</span> <span class='ocrx_word' id='word_1_458' title='bbox 1855 2956 1952 3005; x_wconf 91' lang='lat' dir='ltr'>aut</span> <span class='ocrx_word' id='word_1_459' title='bbox 1973 3011 2011 3025; x_wconf 48' lang='grc' dir='ltr'><strong>Α</strong></span> <span class='ocrx_word' id='word_1_460' title='bbox 2035 2951 2185 3004; x_wconf 90' lang='lat' dir='ltr'>Deus</span> <span class='ocrx_word' id='word_1_461' title='bbox 2214 2952 2404 3006; x_wconf 88' lang='lat' dir='ltr'>omnia</span> <span class='ocrx_word' id='word_1_462' title='bbox 2432 2951 2536 3006; x_wconf 90' lang='lat' dir='ltr'>sub</span> <span class='ocrx_word' id='word_1_463' title='bbox 2570 2957 2814 3023; x_wconf 89' lang='lat' dir='ltr'>peccato,</span> <span class='ocrx_word' id='word_1_464' title='bbox 2846 2958 2911 3007; x_wconf 90' lang='lat' dir='ltr'>ut</span> <span class='ocrx_word' id='word_1_465' title='bbox 2946 2953 3236 3023; x_wconf 86' lang='lat' dir='ltr'>aperiatur</span> <span class='ocrx_word' id='word_1_466' title='bbox 3261 2952 3423 3008; x_wconf 89' lang='lat' dir='ltr'>nobis</span> <span class='ocrx_word' id='word_1_467' title='bbox 3456 2956 3639 3025; x_wconf 83' lang='lat' dir='ltr'>janua</span> 
     </span>
    </p>
   </div>
   <div class='ocr_carea' id='block_1_57' title="bbox 352 3011 3629 3114">
    <p class='ocr_par' dir='ltr' id='par_1_57' title="bbox 352 3011 3629 3114">
     <span class='ocr_line' id='line_1_57' title="bbox 352 3011 3629 3114; baseline 0 -17"><span class='ocrx_word' id='word_1_468' title='bbox 352 3011 759 3097; x_wconf 70' lang='lat' dir='ltr'>tentationibus</span> <span class='ocrx_word' id='word_1_469' title='bbox 780 3040 940 3093; x_wconf 90' lang='lat' dir='ltr'>abest</span> <span class='ocrx_word' id='word_1_470' title='bbox 961 3011 1270 3092; x_wconf 75' lang='lat' dir='ltr'>consolatio</span> <span class='ocrx_word' id='word_1_471' title='bbox 1293 3011 1534 3108; x_wconf 84' lang='lat' dir='ltr'>Spiritus</span> <span class='ocrx_word' id='word_1_472' title='bbox 1555 3011 1752 3103; x_wconf 65' lang='lat' dir='ltr'>sancti,</span> <span class='ocrx_word' id='word_1_473' title='bbox 1774 3039 1821 3092; x_wconf 92' lang='lat' dir='ltr'>si</span> <span class='ocrx_word' id='word_1_474' title='bbox 1838 3055 1951 3094; x_wconf 90' lang='lat' dir='ltr'>non</span> <span class='ocrx_word' id='word_1_475' title='bbox 1968 3011 2012 3072; x_wconf 71' lang='grc' dir='ltr'>Ο</span> <span class='ocrx_word' id='word_1_476' title='bbox 2034 3038 2178 3106; x_wconf 58' lang='lat' dir='ltr'>vita,</span> <span class='ocrx_word' id='word_1_477' title='bbox 2231 3040 2328 3110; x_wconf 92' lang='lat' dir='ltr'>qui</span> <span class='ocrx_word' id='word_1_478' title='bbox 2365 3011 2608 3095; x_wconf 75' lang='lat' dir='ltr'>conclusi</span> <span class='ocrx_word' id='word_1_479' title='bbox 2657 3011 2881 3095; x_wconf 80' lang='lat' dir='ltr'>eramus</span> <span class='ocrx_word' id='word_1_480' title='bbox 2925 3011 3027 3096; x_wconf 72' lang='lat' dir='ltr'>sub</span> <span class='ocrx_word' id='word_1_481' title='bbox 3075 3048 3302 3113; x_wconf 84' lang='lat' dir='ltr'>peccato</span> <span class='ocrx_word' id='word_1_482' title='bbox 3351 3011 3493 3114; x_wconf 65' lang='lat' dir='ltr'>\Gal.</span> <span class='ocrx_word' id='word_1_483' title='bbox 3524 3048 3629 3112; x_wconf 83' lang='lat' dir='ltr'>In),</span> 
     </span>
    </p>
   </div>
   <div class='ocr_carea' id='block_1_58' title="bbox 352 3126 3639 3202">
    <p class='ocr_par' dir='ltr' id='par_1_58' title="bbox 352 3126 3639 3202">
     <span class='ocr_line' id='line_1_58' title="bbox 352 3126 3639 3202; baseline 0.001 -19"><span class='ocrx_word' id='word_1_484' title='bbox 352 3128 729 3200; x_wconf 88' lang='lat' dir='ltr'>permanserit</span> <span class='ocrx_word' id='word_1_485' title='bbox 779 3127 990 3180; x_wconf 90' lang='lat' dir='ltr'>duritia</span> <span class='ocrx_word' id='word_1_486' title='bbox 1029 3132 1086 3179; x_wconf 90' lang='lat' dir='ltr'>et</span> <span class='ocrx_word' id='word_1_487' title='bbox 1133 3126 1498 3195; x_wconf 83' lang='lat' dir='ltr'>impaenitudo</span> <span class='ocrx_word' id='word_1_488' title='bbox 1527 3126 1729 3180; x_wconf 88' lang='lat' dir='ltr'>cordis.</span> <span class='ocrx_word' id='word_1_489' title='bbox 1769 3128 1837 3181; x_wconf 92' lang='lat' dir='ltr'>Et</span> <span class='ocrx_word' id='word_1_490' title='bbox 1864 3129 1949 3183; x_wconf 73' lang='lat' dir='ltr'>hae</span> <span class='ocrx_word' id='word_1_491' title='bbox 2033 3144 2134 3199; x_wconf 86' lang='lat' dir='ltr'>per</span> <span class='ocrx_word' id='word_1_492' title='bbox 2163 3145 2291 3182; x_wconf 83' lang='lat' dir='ltr'>eum</span> <span class='ocrx_word' id='word_1_493' title='bbox 2323 3130 2419 3200; x_wconf 89' lang='lat' dir='ltr'>qui</span> <span class='ocrx_word' id='word_1_494' title='bbox 2445 3129 2706 3183; x_wconf 89' lang='lat' dir='ltr'>detentus</span> <span class='ocrx_word' id='word_1_495' title='bbox 2737 3134 2824 3183; x_wconf 91' lang='lat' dir='ltr'>est</span> <span class='ocrx_word' id='word_1_496' title='bbox 2860 3129 2919 3183; x_wconf 93' lang='lat' dir='ltr'>in</span> <span class='ocrx_word' id='word_1_497' title='bbox 2949 3130 3309 3202; x_wconf 87' lang='lat' dir='ltr'>corruptione</span> <span class='ocrx_word' id='word_1_498' title='bbox 3337 3132 3546 3197; x_wconf 86' lang='lat' dir='ltr'>carnis,</span> <span class='ocrx_word' id='word_1_499' title='bbox 3578 3137 3639 3186; x_wconf 89' lang='lat' dir='ltr'>et</span> 
     </span>
    </p>
   </div>
   <div class='ocr_carea' id='block_1_59' title="bbox 352 3212 3635 3290">
    <p class='ocr_par' dir='ltr' id='par_1_59' title="bbox 352 3212 3635 3290">
     <span class='ocr_line' id='line_1_59' title="bbox 352 3212 3635 3290; baseline 0.002 -20"><span class='ocrx_word' id='word_1_500' title='bbox 352 3221 487 3270; x_wconf 82' lang='lat' dir='ltr'>sunt</span> <span class='ocrx_word' id='word_1_501' title='bbox 532 3214 765 3284; x_wconf 82' lang='lat' dir='ltr'>justitiae</span> <span class='ocrx_word' id='word_1_502' title='bbox 807 3212 1049 3277; x_wconf 89' lang='lat' dir='ltr'>Domini,</span> <span class='ocrx_word' id='word_1_503' title='bbox 1110 3213 1311 3283; x_wconf 88' lang='lat' dir='ltr'>quibus</span> <span class='ocrx_word' id='word_1_504' title='bbox 1355 3213 1747 3283; x_wconf 85' lang='lat' dir='ltr'>justiﬁcamur.</span> <span class='ocrx_word' id='word_1_505' title='bbox 1805 3216 1950 3271; x_wconf 90' lang='lat' dir='ltr'>Sade</span> <span class='ocrx_word' id='word_1_506' title='bbox 2031 3217 2184 3271; x_wconf 90' lang='lat' dir='ltr'>venit</span> <span class='ocrx_word' id='word_1_507' title='bbox 2203 3233 2380 3288; x_wconf 90' lang='lat' dir='ltr'>usque</span> <span class='ocrx_word' id='word_1_508' title='bbox 2400 3218 2469 3272; x_wconf 92' lang='lat' dir='ltr'>ad</span> <span class='ocrx_word' id='word_1_509' title='bbox 2491 3217 2794 3272; x_wconf 89' lang='lat' dir='ltr'>novissima</span> <span class='ocrx_word' id='word_1_510' title='bbox 2810 3218 3051 3273; x_wconf 90' lang='lat' dir='ltr'>laci.llle</span> <span class='ocrx_word' id='word_1_511' title='bbox 3070 3219 3298 3290; x_wconf 89' lang='lat' dir='ltr'>quidem</span> <span class='ocrx_word' id='word_1_512' title='bbox 3319 3220 3635 3277; x_wconf 84' lang='lat' dir='ltr'>invocanda</span> 
     </span>
    </p>
   </div>
   <div class='ocr_carea' id='block_1_60' title="bbox 352 3300 3639 3377">
    <p class='ocr_par' dir='ltr' id='par_1_60' title="bbox 352 3300 3639 3377">
     <span class='ocr_line' id='line_1_60' title="bbox 352 3300 3639 3377; baseline 0.003 -19"><span class='ocrx_word' id='word_1_513' title='bbox 352 3318 613 3373; x_wconf 88' lang='lat' dir='ltr'>namque,</span> <span class='ocrx_word' id='word_1_514' title='bbox 634 3307 699 3355; x_wconf 92' lang='lat' dir='ltr'>ut</span> <span class='ocrx_word' id='word_1_515' title='bbox 716 3300 979 3367; x_wconf 83' lang='lat' dir='ltr'>diximus,</span> <span class='ocrx_word' id='word_1_516' title='bbox 999 3300 1167 3354; x_wconf 90' lang='lat' dir='ltr'>etiam</span> <span class='ocrx_word' id='word_1_517' title='bbox 1189 3306 1247 3355; x_wconf 91' lang='lat' dir='ltr'>et</span> <span class='ocrx_word' id='word_1_518' title='bbox 1259 3304 1496 3369; x_wconf 70' lang='lat' dir='ltr'>justitia:</span> <span class='ocrx_word' id='word_1_519' title='bbox 1519 3302 1943 3373; x_wconf 87' lang='lat' dir='ltr'>interpretatur,</span> <span class='ocrx_word' id='word_1_520' title='bbox 2030 3306 2324 3360; x_wconf 84' lang='lat' dir='ltr'>exauditus</span> <span class='ocrx_word' id='word_1_521' title='bbox 2354 3313 2442 3360; x_wconf 90' lang='lat' dir='ltr'>est</span> <span class='ocrx_word' id='word_1_522' title='bbox 2467 3312 2736 3377; x_wconf 89' lang='lat' dir='ltr'>tanquam</span> <span class='ocrx_word' id='word_1_523' title='bbox 2764 3306 2935 3373; x_wconf 88' lang='lat' dir='ltr'>ﬁlius,</span> <span class='ocrx_word' id='word_1_524' title='bbox 2973 3324 3085 3362; x_wconf 94' lang='lat' dir='ltr'>non</span> <span class='ocrx_word' id='word_1_525' title='bbox 3114 3308 3259 3363; x_wconf 90' lang='lat' dir='ltr'>alter</span> <span class='ocrx_word' id='word_1_526' title='bbox 3304 3310 3458 3365; x_wconf 90' lang='lat' dir='ltr'>Deus</span> <span class='ocrx_word' id='word_1_527' title='bbox 3484 3311 3639 3367; x_wconf 86' lang='lat' dir='ltr'>alter</span> 
     </span>
    </p>
   </div>
   <div class='ocr_carea' id='block_1_61' title="bbox 350 3389 1947 3461">
    <p class='ocr_par' dir='ltr' id='par_1_61' title="bbox 350 3389 1947 3461">
     <span class='ocr_line' id='line_1_61' title="bbox 350 3389 1947 3461; baseline 0.001 -15"><span class='ocrx_word' id='word_1_528' title='bbox 350 3397 419 3446; x_wconf 88' lang='lat' dir='ltr'>ut</span> <span class='ocrx_word' id='word_1_529' title='bbox 437 3391 513 3445; x_wconf 88' lang='lat' dir='ltr'>sit</span> <span class='ocrx_word' id='word_1_530' title='bbox 535 3407 754 3457; x_wconf 89' lang='lat' dir='ltr'>sensus,</span> <span class='ocrx_word' id='word_1_531' title='bbox 778 3389 924 3461; x_wconf 91' lang='lat' dir='ltr'>quod</span> <span class='ocrx_word' id='word_1_532' title='bbox 951 3406 1018 3443; x_wconf 83' lang='lat' dir='ltr'>ex</span> <span class='ocrx_word' id='word_1_533' title='bbox 1037 3390 1295 3460; x_wconf 86' lang='lat' dir='ltr'>passione</span> <span class='ocrx_word' id='word_1_534' title='bbox 1315 3390 1537 3444; x_wconf 90' lang='lat' dir='ltr'>Domini</span> <span class='ocrx_word' id='word_1_535' title='bbox 1564 3392 1756 3446; x_wconf 89' lang='lat' dir='ltr'>multis</span> <span class='ocrx_word' id='word_1_536' title='bbox 1783 3393 1947 3447; x_wconf 89' lang='lat' dir='ltr'>mise-</span> 
     </span>
    </p>
   </div>
   <div class='ocr_carea' id='block_1_62' title="bbox 349 3478 1945 3552">
    <p class='ocr_par' dir='ltr' id='par_1_62' title="bbox 349 3478 1945 3552">
     <span class='ocr_line' id='line_1_62' title="bbox 349 3478 1945 3552; baseline 0.002 -19"><span class='ocrx_word' id='word_1_537' title='bbox 349 3479 721 3534; x_wconf 83' lang='lat' dir='ltr'>ricordiarum</span> <span class='ocrx_word' id='word_1_538' title='bbox 750 3478 948 3545; x_wconf 89' lang='lat' dir='ltr'>modis,</span> <span class='ocrx_word' id='word_1_539' title='bbox 981 3479 1303 3533; x_wconf 90' lang='lat' dir='ltr'>consolante</span> <span class='ocrx_word' id='word_1_540' title='bbox 1335 3484 1579 3546; x_wconf 69' lang='lat'>[405</span> <span class='ocrx_word' id='word_1_541' title='bbox 1606 3496 1709 3535; x_wconf 89' lang='lat' dir='ltr'>nos</span> <span class='ocrx_word' id='word_1_542' title='bbox 1730 3480 1945 3552; x_wconf 86' lang='lat' dir='ltr'>Spiritu</span> 
     </span>
    </p>
   </div>
   <div class='ocr_carea' id='block_1_63' title="bbox 350 3566 1946 3639">
    <p class='ocr_par' dir='ltr' id='par_1_63' title="bbox 350 3566 1946 3639">
     <span class='ocr_line' id='line_1_63' title="bbox 350 3566 1946 3639; baseline 0.001 -16"><span class='ocrx_word' id='word_1_543' title='bbox 350 3573 563 3634; x_wconf 89' lang='lat' dir='ltr'>sancto,</span> <span class='ocrx_word' id='word_1_544' title='bbox 595 3568 767 3622; x_wconf 87' lang='lat' dir='ltr'>etiam</span> <span class='ocrx_word' id='word_1_545' title='bbox 795 3572 854 3621; x_wconf 91' lang='lat' dir='ltr'>et</span> <span class='ocrx_word' id='word_1_546' title='bbox 896 3566 1003 3638; x_wconf 89' lang='lat' dir='ltr'>ipsi</span> <span class='ocrx_word' id='word_1_547' title='bbox 1050 3567 1284 3637; x_wconf 86' lang='lat' dir='ltr'>ﬂagellis</span> <span class='ocrx_word' id='word_1_548' title='bbox 1320 3584 1385 3621; x_wconf 90' lang='lat' dir='ltr'>ac</span> <span class='ocrx_word' id='word_1_549' title='bbox 1410 3568 1780 3639; x_wconf 90' lang='lat' dir='ltr'>passionibus,</span> <span class='ocrx_word' id='word_1_550' title='bbox 1814 3586 1946 3625; x_wconf 91' lang='lat' dir='ltr'>nec-</span> 
     </span>
    </p>
   </div>
   <div class='ocr_carea' id='block_1_64' title="bbox 347 3653 1935 3726">
    <p class='ocr_par' dir='ltr' id='par_1_64' title="bbox 347 3653 1935 3726">
     <span class='ocr_line' id='line_1_64' title="bbox 347 3653 1935 3726; baseline 0.003 -15"><span class='ocrx_word' id='word_1_551' title='bbox 347 3673 464 3712; x_wconf 90' lang='lat' dir='ltr'>non</span> <span class='ocrx_word' id='word_1_552' title='bbox 489 3661 545 3711; x_wconf 91' lang='lat' dir='ltr'>et</span> <span class='ocrx_word' id='word_1_553' title='bbox 569 3653 976 3710; x_wconf 89' lang='lat' dir='ltr'>tentationibus</span> <span class='ocrx_word' id='word_1_554' title='bbox 1008 3655 1247 3709; x_wconf 89' lang='lat' dir='ltr'>Domino</span> <span class='ocrx_word' id='word_1_555' title='bbox 1270 3655 1647 3726; x_wconf 88' lang='lat' dir='ltr'>justiﬁcamur</span> <span class='ocrx_word' id='word_1_556' title='bbox 1674 3659 1935 3717; x_wconf 89' lang='lat' dir='ltr'>correcti.</span> 
     </span>
    </p>
   </div>
   <div class='ocr_carea' id='block_1_65' title="bbox 349 3744 1936 3815">
    <p class='ocr_par' dir='ltr' id='par_1_65' title="bbox 349 3744 1936 3815">
     <span class='ocr_line' id='line_1_65' title="bbox 349 3744 1936 3815; baseline 0.001 -15"><span class='ocrx_word' id='word_1_557' title='bbox 349 3745 509 3810; x_wconf 87' lang='lat' dir='ltr'>Quod</span> <span class='ocrx_word' id='word_1_558' title='bbox 549 3744 691 3799; x_wconf 87' lang='lat' dir='ltr'>bene</span> <span class='ocrx_word' id='word_1_559' title='bbox 732 3744 892 3799; x_wconf 89' lang='lat' dir='ltr'>diviti</span> <span class='ocrx_word' id='word_1_560' title='bbox 932 3761 999 3799; x_wconf 89' lang='lat' dir='ltr'>ex</span> <span class='ocrx_word' id='word_1_561' title='bbox 1028 3744 1328 3815; x_wconf 88' lang='lat' dir='ltr'>Evangelia</span> <span class='ocrx_word' id='word_1_562' title='bbox 1356 3744 1425 3799; x_wconf 90' lang='lat' dir='ltr'>de</span> <span class='ocrx_word' id='word_1_563' title='bbox 1454 3746 1662 3800; x_wconf 88' lang='lat' dir='ltr'>Lazaro</span> <span class='ocrx_word' id='word_1_564' title='bbox 1691 3745 1895 3801; x_wconf 90' lang='lat' dir='ltr'>dicitur</span> <span class='ocrx_word' id='word_1_565' title='bbox 1925 3766 1936 3801; x_wconf 87' lang='lat'><strong>:</strong></span> 
     </span>
    </p>
   </div>
   <div class='ocr_carea' id='block_1_66' title="bbox 347 3835 1945 3903">
    <p class='ocr_par' dir='ltr' id='par_1_66' title="bbox 347 3835 1945 3903">
     <span class='ocr_line' id='line_1_66' title="bbox 347 3835 1945 3903; baseline 0.001 -14"><span class='ocrx_word' id='word_1_566' title='bbox 347 3836 475 3901; x_wconf 84' lang='lat' dir='ltr'>Fili,</span> <span class='ocrx_word' id='word_1_567' title='bbox 500 3836 787 3889; x_wconf 86' lang='lat' dir='ltr'>recordare</span> <span class='ocrx_word' id='word_1_568' title='bbox 804 3836 939 3903; x_wconf 89' lang='lat' dir='ltr'>quia</span> <span class='ocrx_word' id='word_1_569' title='bbox 959 3835 1209 3902; x_wconf 79' lang='lat' dir='ltr'>recepisti</span> <span class='ocrx_word' id='word_1_570' title='bbox 1234 3836 1373 3887; x_wconf 88' lang='lat' dir='ltr'>bona</span> <span class='ocrx_word' id='word_1_571' title='bbox 1395 3838 1457 3888; x_wconf 89' lang='lat' dir='ltr'>in</span> <span class='ocrx_word' id='word_1_572' title='bbox 1478 3837 1593 3888; x_wconf 84' lang='lat' dir='ltr'>uita</span> <span class='ocrx_word' id='word_1_573' title='bbox 1617 3841 1731 3901; x_wconf 86' lang='lat' dir='ltr'>tua,</span> <span class='ocrx_word' id='word_1_574' title='bbox 1757 3842 1805 3890; x_wconf 87' lang='lat' dir='ltr'>ct</span> <span class='ocrx_word' id='word_1_575' title='bbox 1838 3838 1945 3891; x_wconf 84' lang='lat' dir='ltr'>La-</span> 
     </span>
    </p>
   </div>
   <div class='ocr_carea' id='block_1_67' title="bbox 347 3922 1939 3990">
    <p class='ocr_par' dir='ltr' id='par_1_67' title="bbox 347 3922 1939 3990">
     <span class='ocr_line' id='line_1_67' title="bbox 347 3922 1939 3990; baseline 0.001 -13"><span class='ocrx_word' id='word_1_576' title='bbox 347 3939 518 3977; x_wconf 76' lang='lat' dir='ltr'>zarus</span> <span class='ocrx_word' id='word_1_577' title='bbox 536 3925 801 3978; x_wconf 82' lang='lat' dir='ltr'>similiter</span> <span class='ocrx_word' id='word_1_578' title='bbox 821 3922 1003 3975; x_wconf 87' lang='lat' dir='ltr'>mala:</span> <span class='ocrx_word' id='word_1_579' title='bbox 1031 3937 1184 3975; x_wconf 88' lang='lat' dir='ltr'>nunc</span> <span class='ocrx_word' id='word_1_580' title='bbox 1204 3928 1392 3976; x_wconf 85' lang='lat' dir='ltr'>autem</span> <span class='ocrx_word' id='word_1_581' title='bbox 1414 3923 1505 3977; x_wconf 86' lang='lat' dir='ltr'>hic</span> <span class='ocrx_word' id='word_1_582' title='bbox 1522 3927 1857 3990; x_wconf 84' lang='lat' dir='ltr'>consolatur,</span> <span class='ocrx_word' id='word_1_583' title='bbox 1882 3930 1939 3979; x_wconf 83' lang='lat' dir='ltr'>tu</span> 
     </span>
    </p>
   </div>
   <div class='ocr_carea' id='block_1_68' title="bbox 346 4011 1944 4084">
    <p class='ocr_par' dir='ltr' id='par_1_68' title="bbox 346 4011 1944 4084">
     <span class='ocr_line' id='line_1_68' title="bbox 346 4011 1944 4084; baseline 0.001 -18"><span class='ocrx_word' id='word_1_584' title='bbox 346 4027 473 4066; x_wconf 86' lang='lat' dir='ltr'>uera</span> <span class='ocrx_word' id='word_1_585' title='bbox 499 4014 775 4066; x_wconf 83' lang='lat' dir='ltr'>cruciaris</span> <span class='ocrx_word' id='word_1_586' title='bbox 809 4012 952 4079; x_wconf 88' lang='lat' dir='ltr'>(Luc.</span> <span class='ocrx_word' id='word_1_587' title='bbox 977 4012 1102 4081; x_wconf 75' lang='lat' dir='ltr'>xw).</span> <span class='ocrx_word' id='word_1_588' title='bbox 1140 4011 1217 4064; x_wconf 84' lang='lat' dir='ltr'>Ex</span> <span class='ocrx_word' id='word_1_589' title='bbox 1256 4027 1367 4082; x_wconf 92' lang='lat' dir='ltr'>quo</span> <span class='ocrx_word' id='word_1_590' title='bbox 1395 4017 1568 4081; x_wconf 90' lang='lat' dir='ltr'>patet,</span> <span class='ocrx_word' id='word_1_591' title='bbox 1600 4013 1747 4084; x_wconf 90' lang='lat' dir='ltr'>quod</span> <span class='ocrx_word' id='word_1_592' title='bbox 1787 4014 1944 4068; x_wconf 90' lang='lat' dir='ltr'>nulla</span> 
     </span>
    </p>
   </div>
   <div class='ocr_carea' id='block_1_69' title="bbox 346 4099 1941 4169">
    <p class='ocr_par' dir='ltr' id='par_1_69' title="bbox 346 4099 1941 4169">
     <span class='ocr_line' id='line_1_69' title="bbox 346 4099 1941 4169; baseline 0.003 -16"><span class='ocrx_word' id='word_1_593' title='bbox 346 4105 435 4155; x_wconf 90' lang='lat' dir='ltr'>est</span> <span class='ocrx_word' id='word_1_594' title='bbox 457 4099 840 4154; x_wconf 90' lang='lat' dir='ltr'>tribulationis</span> <span class='ocrx_word' id='word_1_595' title='bbox 867 4099 1147 4169; x_wconf 88' lang='lat' dir='ltr'>angustia,</span> <span class='ocrx_word' id='word_1_596' title='bbox 1177 4099 1298 4153; x_wconf 90' lang='lat' dir='ltr'>sine</span> <span class='ocrx_word' id='word_1_597' title='bbox 1325 4101 1704 4156; x_wconf 90' lang='lat' dir='ltr'>consolatione</span> <span class='ocrx_word' id='word_1_598' title='bbox 1726 4118 1941 4157; x_wconf 90' lang='lat' dir='ltr'>merce-</span> 
     </span>
    </p>
   </div>
   <div class='ocr_carea' id='block_1_70' title="bbox 344 4186 1941 4262">
    <p class='ocr_par' dir='ltr' id='par_1_70' title="bbox 344 4186 1941 4262">
     <span class='ocr_line' id='line_1_70' title="bbox 344 4186 1941 4262; baseline 0.003 -20"><span class='ocrx_word' id='word_1_599' title='bbox 344 4187 450 4254; x_wconf 88' lang='lat' dir='ltr'>dis,</span> <span class='ocrx_word' id='word_1_600' title='bbox 482 4187 591 4241; x_wconf 89' lang='lat' dir='ltr'>nisi</span> <span class='ocrx_word' id='word_1_601' title='bbox 618 4186 913 4258; x_wconf 89' lang='lat' dir='ltr'>prohibeat</span> <span class='ocrx_word' id='word_1_602' title='bbox 943 4193 1193 4242; x_wconf 88' lang='lat' dir='ltr'>mentem</span> <span class='ocrx_word' id='word_1_603' title='bbox 1222 4204 1293 4242; x_wconf 92' lang='lat' dir='ltr'>ne</span> <span class='ocrx_word' id='word_1_604' title='bbox 1337 4189 1653 4259; x_wconf 87' lang='lat' dir='ltr'>corrigatur</span> <span class='ocrx_word' id='word_1_605' title='bbox 1680 4191 1941 4262; x_wconf 87' lang='lat' dir='ltr'>impietas</span> 
     </span>
    </p>
   </div>
   <div class='ocr_carea' id='block_1_71' title="bbox 345 4276 1943 4351">
    <p class='ocr_par' dir='ltr' id='par_1_71' title="bbox 345 4276 1943 4351">
     <span class='ocr_line' id='line_1_71' title="bbox 345 4276 1943 4351; baseline 0.004 -21"><span class='ocrx_word' id='word_1_606' title='bbox 345 4280 446 4330; x_wconf 89' lang='lat' dir='ltr'>aut</span> <span class='ocrx_word' id='word_1_607' title='bbox 490 4276 860 4346; x_wconf 86' lang='lat' dir='ltr'>impaenitudo</span> <span class='ocrx_word' id='word_1_608' title='bbox 898 4277 1102 4330; x_wconf 89' lang='lat' dir='ltr'>cordis.</span> <span class='ocrx_word' id='word_1_609' title='bbox 1133 4278 1255 4331; x_wconf 87' lang='lat' dir='ltr'>Jam</span> <span class='ocrx_word' id='word_1_610' title='bbox 1295 4283 1421 4348; x_wconf 87' lang='lat' dir='ltr'>post</span> <span class='ocrx_word' id='word_1_611' title='bbox 1447 4280 1782 4350; x_wconf 89' lang='lat' dir='ltr'>passionem,</span> <span class='ocrx_word' id='word_1_612' title='bbox 1814 4286 1943 4351; x_wconf 89' lang='lat' dir='ltr'>post</span> 
     </span>
    </p>
   </div>
   <div class='ocr_carea' id='block_1_72' title="bbox 345 4364 1940 4441">
    <p class='ocr_par' dir='ltr' id='par_1_72' title="bbox 345 4364 1940 4441">
     <span class='ocr_line' id='line_1_72' title="bbox 345 4364 1940 4441; baseline 0.004 -24"><span class='ocrx_word' id='word_1_613' title='bbox 345 4364 705 4431; x_wconf 87' lang='lat' dir='ltr'>tentatianes,</span> <span class='ocrx_word' id='word_1_614' title='bbox 732 4368 860 4435; x_wconf 84' lang='lat' dir='ltr'>post</span> <span class='ocrx_word' id='word_1_615' title='bbox 886 4364 1322 4420; x_wconf 88' lang='lat' dir='ltr'>consolationem</span> <span class='ocrx_word' id='word_1_616' title='bbox 1346 4367 1485 4437; x_wconf 89' lang='lat' dir='ltr'>spei,</span> <span class='ocrx_word' id='word_1_617' title='bbox 1510 4368 1643 4437; x_wconf 91' lang='lat' dir='ltr'>quid</span> <span class='ocrx_word' id='word_1_618' title='bbox 1671 4374 1940 4441; x_wconf 89' lang='lat' dir='ltr'>sequatur</span> 
     </span>
    </p>
   </div>
   <div class='ocr_carea' id='block_1_73' title="bbox 341 4452 651 4509">
    <p class='ocr_par' dir='ltr' id='par_1_73' title="bbox 341 4452 651 4509">
     <span class='ocr_line' id='line_1_73' title="bbox 341 4452 651 4509; baseline 0 -1"><span class='ocrx_word' id='word_1_619' title='bbox 341 4452 651 4509; x_wconf 89' lang='lat' dir='ltr'>videamus.</span> 
     </span>
    </p>
   </div>
   <div class='ocr_carea' id='block_1_74' title="bbox 416 4543 1938 4615">
    <p class='ocr_par' dir='ltr' id='par_1_74' title="bbox 416 4543 1938 4615">
     <span class='ocr_line' id='line_1_74' title="bbox 416 4543 1938 4615; baseline 0.002 -17"><span class='ocrx_word' id='word_1_620' title='bbox 416 4543 684 4615; x_wconf 87' lang='lat' dir='ltr'>Sequitur</span> <span class='ocrx_word' id='word_1_621' title='bbox 726 4546 916 4598; x_wconf 89' lang='lat' dir='ltr'>autem</span> <span class='ocrx_word' id='word_1_622' title='bbox 966 4543 1140 4615; x_wconf 88' lang='lat' dir='ltr'>Coph,</span> <span class='ocrx_word' id='word_1_623' title='bbox 1174 4544 1322 4615; x_wconf 91' lang='lat' dir='ltr'>quod</span> <span class='ocrx_word' id='word_1_624' title='bbox 1356 4548 1560 4599; x_wconf 88' lang='lat' dir='ltr'>uacatio</span> <span class='ocrx_word' id='word_1_625' title='bbox 1598 4546 1821 4615; x_wconf 89' lang='lat' dir='ltr'>dicitur,</span> <span class='ocrx_word' id='word_1_626' title='bbox 1852 4547 1938 4602; x_wconf 90' lang='lat' dir='ltr'>vel</span> 
     </span>
    </p>
   </div>
   <div class='ocr_carea' id='block_1_75' title="bbox 337 4632 1935 4705">
    <p class='ocr_par' dir='ltr' id='par_1_75' title="bbox 337 4632 1935 4705">
     <span class='ocr_line' id='line_1_75' title="bbox 337 4632 1935 4705; baseline 0.003 -18"><span class='ocrx_word' id='word_1_627' title='bbox 337 4632 501 4703; x_wconf 84' lang='lat' dir='ltr'>juxta</span> <span class='ocrx_word' id='word_1_628' title='bbox 528 4634 700 4688; x_wconf 90' lang='lat' dir='ltr'>alium</span> <span class='ocrx_word' id='word_1_629' title='bbox 728 4633 1117 4705; x_wconf 88' lang='lat' dir='ltr'>interpretem,</span> <span class='ocrx_word' id='word_1_630' title='bbox 1148 4638 1441 4700; x_wconf 88' lang='lat' dir='ltr'>conclusio,</span> <span class='ocrx_word' id='word_1_631' title='bbox 1475 4633 1588 4690; x_wconf 89' lang='lat' dir='ltr'>sive</span> <span class='ocrx_word' id='word_1_632' title='bbox 1618 4639 1811 4705; x_wconf 80' lang='lat' dir='ltr'>aspice,</span> <span class='ocrx_word' id='word_1_633' title='bbox 1843 4653 1935 4691; x_wconf 91' lang='lat' dir='ltr'>so-</span> 
     </span>
    </p>
   </div>
   <div class='ocr_carea' id='block_1_76' title="bbox 342 4720 1933 4798">
    <p class='ocr_par' dir='ltr' id='par_1_76' title="bbox 342 4720 1933 4798">
     <span class='ocr_line' id='line_1_76' title="bbox 342 4720 1933 4798; baseline 0.004 -23"><span class='ocrx_word' id='word_1_634' title='bbox 342 4737 481 4776; x_wconf 89' lang='lat' dir='ltr'>nare</span> <span class='ocrx_word' id='word_1_635' title='bbox 509 4720 746 4777; x_wconf 88' lang='lat' dir='ltr'>videtur.</span> <span class='ocrx_word' id='word_1_636' title='bbox 767 4724 926 4779; x_wconf 90' lang='lat' dir='ltr'>Unde</span> <span class='ocrx_word' id='word_1_637' title='bbox 946 4729 1004 4779; x_wconf 91' lang='lat' dir='ltr'>et</span> <span class='ocrx_word' id='word_1_638' title='bbox 1025 4724 1095 4778; x_wconf 91' lang='lat' dir='ltr'>ad</span> <span class='ocrx_word' id='word_1_639' title='bbox 1124 4740 1325 4779; x_wconf 91' lang='lat' dir='ltr'>sonum</span> <span class='ocrx_word' id='word_1_640' title='bbox 1345 4724 1562 4793; x_wconf 58' lang='lat' dir='ltr'>littera,</span> <span class='ocrx_word' id='word_1_641' title='bbox 1589 4742 1700 4798; x_wconf 90' lang='lat' dir='ltr'>qua</span> <span class='ocrx_word' id='word_1_642' title='bbox 1721 4726 1933 4781; x_wconf 90' lang='lat' dir='ltr'>vacatio</span> 
     </span>
    </p>
   </div>
   <div class='ocr_carea' id='block_1_77' title="bbox 342 4809 1349 4877">
    <p class='ocr_par' dir='ltr' id='par_1_77' title="bbox 342 4809 1349 4877">
     <span class='ocr_line' id='line_1_77' title="bbox 342 4809 1349 4877; baseline 0.006 -14"><span class='ocrx_word' id='word_1_643' title='bbox 342 4809 567 4877; x_wconf 89' lang='lat' dir='ltr'>dicitur,</span> <span class='ocrx_word' id='word_1_644' title='bbox 588 4826 715 4864; x_wconf 82' lang='lat' dir='ltr'>mox</span> <span class='ocrx_word' id='word_1_645' title='bbox 743 4819 1116 4868; x_wconf 90' lang='lat' dir='ltr'>consonanter</span> <span class='ocrx_word' id='word_1_646' title='bbox 1140 4815 1349 4870; x_wconf 87' lang='lat' dir='ltr'>allusit.</span> 
     </span>
    </p>
   </div>
   <div class='ocr_carea' id='block_1_78' title="bbox 1058 4971 1214 5011">
    <p class='ocr_par' dir='ltr' id='par_1_78' title="bbox 1058 4971 1214 5011">
     <span class='ocr_line' id='line_1_78' title="bbox 1058 4971 1214 5011; baseline 0 -2"><span class='ocrx_word' id='word_1_647' title='bbox 1058 4971 1195 5011; x_wconf 77' lang='lat' dir='ltr'>COPH</span> <span class='ocrx_word' id='word_1_648' title='bbox 1203 4998 1214 5009; x_wconf 91' lang='lat'>.</span> 
     </span>
    </p>
   </div>
   <div class='ocr_carea' id='block_1_79' title="bbox 404 5078 1929 5153">
    <p class='ocr_par' dir='ltr' id='par_1_79' title="bbox 404 5078 1929 5153">
     <span class='ocr_line' id='line_1_79' title="bbox 404 5078 1929 5153; baseline 0.003 -21"><span class='ocrx_word' id='word_1_649' title='bbox 404 5078 663 5132; x_wconf 82' lang='lat' dir='ltr'>Inuocaui</span> <span class='ocrx_word' id='word_1_650' title='bbox 689 5091 886 5132; x_wconf 87' lang='lat' dir='ltr'>nomen</span> <span class='ocrx_word' id='word_1_651' title='bbox 910 5083 1089 5141; x_wconf 88' lang='lat' dir='ltr'>tuum,</span> <span class='ocrx_word' id='word_1_652' title='bbox 1112 5080 1361 5133; x_wconf 86' lang='lat' dir='ltr'>Domine.</span> <span class='ocrx_word' id='word_1_653' title='bbox 1386 5080 1545 5144; x_wconf 89' lang='lat' dir='ltr'>Quod</span> <span class='ocrx_word' id='word_1_654' title='bbox 1564 5081 1736 5136; x_wconf 89' lang='lat' dir='ltr'>etiam</span> <span class='ocrx_word' id='word_1_655' title='bbox 1756 5097 1929 5153; x_wconf 89' lang='lat' dir='ltr'>supra</span> 
     </span>
    </p>
   </div>
   <div class='ocr_carea' id='block_1_80' title="bbox 332 5164 1927 5243">
    <p class='ocr_par' dir='ltr' id='par_1_80' title="bbox 332 5164 1927 5243">
     <span class='ocr_line' id='line_1_80' title="bbox 332 5164 1927 5243; baseline 0.003 -22"><span class='ocrx_word' id='word_1_656' title='bbox 332 5166 529 5221; x_wconf 89' lang='lat' dir='ltr'>fecisse</span> <span class='ocrx_word' id='word_1_657' title='bbox 556 5166 813 5232; x_wconf 89' lang='lat' dir='ltr'>dicimus,</span> <span class='ocrx_word' id='word_1_658' title='bbox 843 5164 940 5220; x_wconf 91' lang='lat' dir='ltr'>ubi</span> <span class='ocrx_word' id='word_1_659' title='bbox 983 5182 1110 5220; x_wconf 90' lang='lat' dir='ltr'>cum</span> <span class='ocrx_word' id='word_1_660' title='bbox 1153 5168 1408 5222; x_wconf 87' lang='lat' dir='ltr'>eamdem</span> <span class='ocrx_word' id='word_1_661' title='bbox 1440 5168 1687 5224; x_wconf 87' lang='lat' dir='ltr'>litteram</span> <span class='ocrx_word' id='word_1_662' title='bbox 1717 5187 1927 5243; x_wconf 68' lang='lat' dir='ltr'>praepo—</span> 
     </span>
    </p>
   </div>
   <div class='ocr_carea' id='block_1_81' title="bbox 2027 3394 3637 3465">
    <p class='ocr_par' dir='ltr' id='par_1_81' title="bbox 2027 3394 3637 3465">
     <span class='ocr_line' id='line_1_81' title="bbox 2027 3394 3637 3465; baseline 0.006 -18"><span class='ocrx_word' id='word_1_663' title='bbox 2027 3394 2214 3462; x_wconf 87' lang='lat' dir='ltr'>homo,</span> <span class='ocrx_word' id='word_1_664' title='bbox 2236 3395 2333 3449; x_wconf 90' lang='lat' dir='ltr'>sed</span> <span class='ocrx_word' id='word_1_665' title='bbox 2362 3413 2508 3452; x_wconf 91' lang='lat' dir='ltr'>unus</span> <span class='ocrx_word' id='word_1_666' title='bbox 2535 3395 2799 3465; x_wconf 89' lang='lat' dir='ltr'>idemque</span> <span class='ocrx_word' id='word_1_667' title='bbox 2826 3395 3104 3461; x_wconf 89' lang='lat' dir='ltr'>Christus,</span> <span class='ocrx_word' id='word_1_668' title='bbox 3132 3399 3414 3455; x_wconf 87' lang='lat' dir='ltr'>mediator</span> <span class='ocrx_word' id='word_1_669' title='bbox 3442 3401 3547 3455; x_wconf 85' lang='lat' dir='ltr'>Dei</span> <span class='ocrx_word' id='word_1_670' title='bbox 3575 3406 3637 3456; x_wconf 88' lang='lat' dir='ltr'>et</span> 
     </span>
    </p>
   </div>
   <div class='ocr_carea' id='block_1_82' title="bbox 2028 3483 3635 3559">
    <p class='ocr_par' dir='ltr' id='par_1_82' title="bbox 2028 3483 3635 3559">
     <span class='ocr_line' id='line_1_82' title="bbox 2028 3483 3635 3559; baseline 0.006 -23"><span class='ocrx_word' id='word_1_671' title='bbox 2028 3483 2317 3538; x_wconf 89' lang='lat' dir='ltr'>hominum</span> <span class='ocrx_word' id='word_1_672' title='bbox 2340 3488 2391 3554; x_wconf 87' lang='grc' dir='ltr'>(Ι</span> <span class='ocrx_word' id='word_1_673' title='bbox 2416 3487 2553 3540; x_wconf 87' lang='lat' dir='ltr'>Tim.</span> <span class='ocrx_word' id='word_1_674' title='bbox 2576 3489 2663 3556; x_wconf 86' lang='lat' dir='ltr'>II).</span> <span class='ocrx_word' id='word_1_675' title='bbox 2696 3488 2812 3541; x_wconf 92' lang='lat' dir='ltr'>Nos</span> <span class='ocrx_word' id='word_1_676' title='bbox 2837 3493 3028 3541; x_wconf 88' lang='lat' dir='ltr'>autem</span> <span class='ocrx_word' id='word_1_677' title='bbox 3052 3487 3260 3559; x_wconf 90' lang='lat' dir='ltr'>duplici</span> <span class='ocrx_word' id='word_1_678' title='bbox 3283 3489 3479 3544; x_wconf 83' lang='lat' dir='ltr'>vallati</span> <span class='ocrx_word' id='word_1_679' title='bbox 3501 3507 3635 3546; x_wconf 86' lang='lat' dir='ltr'>con-</span> 
     </span>
    </p>
   </div>
   <div class='ocr_carea' id='block_1_83' title="bbox 2029 3563 3633 3649">
    <p class='ocr_par' dir='ltr' id='par_1_83' title="bbox 2029 3563 3633 3649">
     <span class='ocr_line' id='line_1_83' title="bbox 2029 3563 3633 3649; baseline 0.005 -22"><span class='ocrx_word' id='word_1_680' title='bbox 2029 3574 2278 3629; x_wconf 90' lang='lat' dir='ltr'>clusione</span> <span class='ocrx_word' id='word_1_681' title='bbox 2301 3576 2513 3646; x_wconf 90' lang='lat' dir='ltr'>peccati</span> <span class='ocrx_word' id='word_1_682' title='bbox 2535 3563 2745 3630; x_wconf 84' lang='lat' dir='ltr'>scilicet</span> <span class='ocrx_word' id='word_1_683' title='bbox 2771 3582 2831 3631; x_wconf 89' lang='lat' dir='ltr'>et</span> <span class='ocrx_word' id='word_1_684' title='bbox 2857 3577 3254 3649; x_wconf 89' lang='lat' dir='ltr'>corruptionis,</span> <span class='ocrx_word' id='word_1_685' title='bbox 3294 3580 3633 3636; x_wconf 82' lang='lat' dir='ltr'>exaudimur</span> 
     </span>
    </p>
   </div>
   <div class='ocr_carea' id='block_1_84' title="bbox 2027 3663 3623 3741">
    <p class='ocr_par' dir='ltr' id='par_1_84' title="bbox 2027 3663 3623 3741">
     <span class='ocr_line' id='line_1_84' title="bbox 2027 3663 3623 3741; baseline 0.006 -25"><span class='ocrx_word' id='word_1_686' title='bbox 2027 3680 2129 3734; x_wconf 90' lang='lat' dir='ltr'>per</span> <span class='ocrx_word' id='word_1_687' title='bbox 2155 3663 2361 3734; x_wconf 82' lang='lat' dir='ltr'>ipsum,</span> <span class='ocrx_word' id='word_1_688' title='bbox 2395 3669 2452 3717; x_wconf 91' lang='lat' dir='ltr'>et</span> <span class='ocrx_word' id='word_1_689' title='bbox 2498 3664 2646 3735; x_wconf 90' lang='lat' dir='ltr'>quod</span> <span class='ocrx_word' id='word_1_690' title='bbox 2674 3665 2733 3719; x_wconf 92' lang='lat' dir='ltr'>in</span> <span class='ocrx_word' id='word_1_691' title='bbox 2761 3665 2858 3719; x_wconf 91' lang='lat' dir='ltr'>illo</span> <span class='ocrx_word' id='word_1_692' title='bbox 2893 3667 3176 3737; x_wconf 68' lang='lat' dir='ltr'>praecessit</span> <span class='ocrx_word' id='word_1_693' title='bbox 3203 3666 3364 3722; x_wconf 90' lang='lat' dir='ltr'>nobis</span> <span class='ocrx_word' id='word_1_694' title='bbox 3407 3668 3469 3724; x_wconf 91' lang='lat' dir='ltr'>in</span> <span class='ocrx_word' id='word_1_695' title='bbox 3505 3686 3623 3741; x_wconf 90' lang='lat' dir='ltr'>spe,</span> 
     </span>
    </p>
   </div>
   <div class='ocr_carea' id='block_1_85' title="bbox 2025 3752 3631 3828">
    <p class='ocr_par' dir='ltr' id='par_1_85' title="bbox 2025 3752 3631 3828">
     <span class='ocr_line' id='line_1_85' title="bbox 2025 3752 3631 3828; baseline 0.006 -23"><span class='ocrx_word' id='word_1_696' title='bbox 2025 3752 2303 3807; x_wconf 86' lang='lat' dir='ltr'>credimus</span> <span class='ocrx_word' id='word_1_697' title='bbox 2311 3753 2999 3826; x_wconf 88' lang='lat' dir='ltr'>profuturum.Propterea</span> <span class='ocrx_word' id='word_1_698' title='bbox 3008 3760 3631 3828; x_wconf 75' lang='lat' dir='ltr'>ergo,apprapinquasti</span> 
     </span>
    </p>
   </div>
   <div class='ocr_carea' id='block_1_86' title="bbox 2024 3840 3628 3912">
    <p class='ocr_par' dir='ltr' id='par_1_86' title="bbox 2024 3840 3628 3912">
     <span class='ocr_line' id='line_1_86' title="bbox 2024 3840 3628 3912; baseline 0.006 -18"><span class='ocrx_word' id='word_1_699' title='bbox 2024 3857 2127 3907; x_wconf 84' lang='lat' dir='ltr'>me,</span> <span class='ocrx_word' id='word_1_700' title='bbox 2161 3840 2363 3912; x_wconf 89' lang='lat' dir='ltr'>inquit,</span> <span class='ocrx_word' id='word_1_701' title='bbox 2395 3843 2458 3896; x_wconf 90' lang='lat' dir='ltr'>in</span> <span class='ocrx_word' id='word_1_702' title='bbox 2486 3844 2573 3896; x_wconf 79' lang='lat' dir='ltr'>die</span> <span class='ocrx_word' id='word_1_703' title='bbox 2600 3845 2820 3912; x_wconf 88' lang='lat' dir='ltr'>quando</span> <span class='ocrx_word' id='word_1_704' title='bbox 2849 3848 3101 3899; x_wconf 85' lang='lat' dir='ltr'>inuocaui</span> <span class='ocrx_word' id='word_1_705' title='bbox 3146 3852 3212 3911; x_wconf 81' lang='lat' dir='ltr'>te,</span> <span class='ocrx_word' id='word_1_706' title='bbox 3262 3847 3460 3901; x_wconf 59' lang='lat' dir='ltr'>dixisti</span> <span class='ocrx_word' id='word_1_707' title='bbox 3492 3868 3509 3903; x_wconf 91' lang='lat'><strong><em>:</em></strong></span> <span class='ocrx_word' id='word_1_708' title='bbox 3549 3849 3628 3905; x_wconf 76' lang='lat' dir='ltr'>Ne</span> 
     </span>
    </p>
   </div>
   <div class='ocr_carea' id='block_1_87' title="bbox 2026 3932 3624 4006">
    <p class='ocr_par' dir='ltr' id='par_1_87' title="bbox 2026 3932 3624 4006">
     <span class='ocr_line' id='line_1_87' title="bbox 2026 3932 3624 4006; baseline 0.007 -23"><span class='ocrx_word' id='word_1_709' title='bbox 2026 3933 2237 3997; x_wconf 82' lang='lat' dir='ltr'>timeas,</span> <span class='ocrx_word' id='word_1_710' title='bbox 2265 3932 2497 4002; x_wconf 91' lang='lat' dir='ltr'>utquod</span> <span class='ocrx_word' id='word_1_711' title='bbox 2527 3932 2620 3985; x_wconf 91' lang='lat' dir='ltr'>ille</span> <span class='ocrx_word' id='word_1_712' title='bbox 2650 3932 2860 3987; x_wconf 88' lang='lat' dir='ltr'>scilicet</span> <span class='ocrx_word' id='word_1_713' title='bbox 2887 3942 3057 4006; x_wconf 89' lang='lat' dir='ltr'>caput</span> <span class='ocrx_word' id='word_1_714' title='bbox 3082 3941 3337 3990; x_wconf 89' lang='lat' dir='ltr'>nostrum</span> <span class='ocrx_word' id='word_1_715' title='bbox 3364 3937 3435 3993; x_wconf 91' lang='lat' dir='ltr'>de</span> <span class='ocrx_word' id='word_1_716' title='bbox 3464 3956 3526 3993; x_wconf 87' lang='lat' dir='ltr'>se</span> <span class='ocrx_word' id='word_1_717' title='bbox 3556 3941 3624 3994; x_wconf 83' lang='lat' dir='ltr'>ﬂ-</span> 
     </span>
    </p>
   </div>
   <div class='ocr_carea' id='block_1_88' title="bbox 2024 4018 3623 4093">
    <p class='ocr_par' dir='ltr' id='par_1_88' title="bbox 2024 4018 3623 4093">
     <span class='ocr_line' id='line_1_88' title="bbox 2024 4018 3623 4093; baseline 0.008 -22"><span class='ocrx_word' id='word_1_718' title='bbox 2024 4018 2321 4072; x_wconf 89' lang='lat' dir='ltr'>ducialiter</span> <span class='ocrx_word' id='word_1_719' title='bbox 2346 4021 2703 4092; x_wconf 65' lang='lat' dir='ltr'>prmsumpsit</span> <span class='ocrx_word' id='word_1_720' title='bbox 2723 4026 2995 4093; x_wconf 90' lang='lat' dir='ltr'>tanquam</span> <span class='ocrx_word' id='word_1_721' title='bbox 3027 4022 3193 4090; x_wconf 87' lang='lat' dir='ltr'>ﬁlius,</span> <span class='ocrx_word' id='word_1_722' title='bbox 3224 4040 3328 4079; x_wconf 91' lang='lat' dir='ltr'>nos</span> <span class='ocrx_word' id='word_1_723' title='bbox 3360 4027 3535 4082; x_wconf 90' lang='lat' dir='ltr'>etiam</span> <span class='ocrx_word' id='word_1_724' title='bbox 3563 4028 3623 4083; x_wconf 90' lang='lat' dir='ltr'>in</span> 
     </span>
    </p>
   </div>
   <div class='ocr_carea' id='block_1_89' title="bbox 2023 4112 3619 4182">
    <p class='ocr_par' dir='ltr' id='par_1_89' title="bbox 2023 4112 3619 4182">
     <span class='ocr_line' id='line_1_89' title="bbox 2023 4112 3619 4182; baseline 0.007 -21"><span class='ocrx_word' id='word_1_725' title='bbox 2023 4123 2089 4161; x_wconf 93' lang='lat' dir='ltr'>eo</span> <span class='ocrx_word' id='word_1_726' title='bbox 2113 4113 2171 4162; x_wconf 88' lang='lat' dir='ltr'>et</span> <span class='ocrx_word' id='word_1_727' title='bbox 2197 4125 2297 4179; x_wconf 92' lang='lat' dir='ltr'>per</span> <span class='ocrx_word' id='word_1_728' title='bbox 2314 4125 2444 4163; x_wconf 90' lang='lat' dir='ltr'>eum</span> <span class='ocrx_word' id='word_1_729' title='bbox 2460 4126 2763 4181; x_wconf 81' lang='lat' dir='ltr'>speremus</span> <span class='ocrx_word' id='word_1_730' title='bbox 2786 4116 3056 4182; x_wconf 84' lang='lat' dir='ltr'>tanquam</span> <span class='ocrx_word' id='word_1_731' title='bbox 3079 4112 3619 4172; x_wconf 87' lang='lat' dir='ltr'>membra.Formam</span> 
     </span>
    </p>
   </div>
   <div class='ocr_carea' id='block_1_90' title="bbox 2021 4194 3620 4274">
    <p class='ocr_par' dir='ltr' id='par_1_90' title="bbox 2021 4194 3620 4274">
     <span class='ocr_line' id='line_1_90' title="bbox 2021 4194 3620 4274; baseline 0.006 -24"><span class='ocrx_word' id='word_1_732' title='bbox 2021 4194 2183 4251; x_wconf 90' lang='lat' dir='ltr'>nobis</span> <span class='ocrx_word' id='word_1_733' title='bbox 2226 4197 2498 4268; x_wconf 90' lang='lat' dir='ltr'>imprimit</span> <span class='ocrx_word' id='word_1_734' title='bbox 2541 4198 2855 4265; x_wconf 89' lang='lat' dir='ltr'>invocandi,</span> <span class='ocrx_word' id='word_1_735' title='bbox 2887 4201 3103 4268; x_wconf 90' lang='lat' dir='ltr'>orandi,</span> <span class='ocrx_word' id='word_1_736' title='bbox 3136 4202 3478 4274; x_wconf 89' lang='lat' dir='ltr'>suspirandi,</span> <span class='ocrx_word' id='word_1_737' title='bbox 3512 4206 3620 4260; x_wconf 86' lang='lat' dir='ltr'>cla-</span> 
     </span>
    </p>
   </div>
   <div class='ocr_carea' id='block_1_91' title="bbox 2022 4284 3617 4362">
    <p class='ocr_par' dir='ltr' id='par_1_91' title="bbox 2022 4284 3617 4362">
     <span class='ocr_line' id='line_1_91' title="bbox 2022 4284 3617 4362; baseline 0.008 -25"><span class='ocrx_word' id='word_1_738' title='bbox 2022 4284 2232 4351; x_wconf 91' lang='lat' dir='ltr'>mandi,</span> <span class='ocrx_word' id='word_1_739' title='bbox 2265 4302 2393 4340; x_wconf 91' lang='lat' dir='ltr'>cum</span> <span class='ocrx_word' id='word_1_740' title='bbox 2436 4286 2587 4340; x_wconf 90' lang='lat' dir='ltr'>omni</span> <span class='ocrx_word' id='word_1_741' title='bbox 2634 4287 2973 4343; x_wconf 89' lang='lat' dir='ltr'>contritione</span> <span class='ocrx_word' id='word_1_742' title='bbox 3012 4290 3196 4345; x_wconf 90' lang='lat' dir='ltr'>cordis</span> <span class='ocrx_word' id='word_1_743' title='bbox 3238 4294 3617 4362; x_wconf 68' lang='lat' dir='ltr'>praesumendi</span> 
     </span>
    </p>
   </div>
   <div class='ocr_carea' id='block_1_92' title="bbox 2021 4373 3615 4450">
    <p class='ocr_par' dir='ltr' id='par_1_92' title="bbox 2021 4373 3615 4450">
     <span class='ocr_line' id='line_1_92' title="bbox 2021 4373 3615 4450; baseline 0.008 -24"><span class='ocrx_word' id='word_1_744' title='bbox 2021 4373 2357 4429; x_wconf 87' lang='lat' dir='ltr'>ﬁducialiter</span> <span class='ocrx_word' id='word_1_745' title='bbox 2382 4379 2439 4428; x_wconf 89' lang='lat' dir='ltr'>et</span> <span class='ocrx_word' id='word_1_746' title='bbox 2481 4375 2761 4445; x_wconf 88' lang='lat' dir='ltr'>sperandi.</span> <span class='ocrx_word' id='word_1_747' title='bbox 2794 4376 3005 4432; x_wconf 90' lang='lat' dir='ltr'>Idcirco</span> <span class='ocrx_word' id='word_1_748' title='bbox 3048 4379 3182 4449; x_wconf 89' lang='lat' dir='ltr'>quia</span> <span class='ocrx_word' id='word_1_749' title='bbox 3213 4380 3379 4450; x_wconf 82' lang='lat' dir='ltr'>juxta</span> <span class='ocrx_word' id='word_1_750' title='bbox 3417 4382 3615 4439; x_wconf 71' lang='lat' dir='ltr'>littera:</span> 
     </span>
    </p>
   </div>
   <div class='ocr_carea' id='block_1_93' title="bbox 2020 4463 3617 4543">
    <p class='ocr_par' dir='ltr' id='par_1_93' title="bbox 2020 4463 3617 4543">
     <span class='ocr_line' id='line_1_93' title="bbox 2020 4463 3617 4543; baseline 0.007 -27"><span class='ocrx_word' id='word_1_751' title='bbox 2020 4478 2269 4534; x_wconf 90' lang='lat' dir='ltr'>sensum,</span> <span class='ocrx_word' id='word_1_752' title='bbox 2299 4463 2509 4535; x_wconf 91' lang='lat' dir='ltr'>duplici</span> <span class='ocrx_word' id='word_1_753' title='bbox 2554 4465 2941 4519; x_wconf 91' lang='lat' dir='ltr'>concludimur</span> <span class='ocrx_word' id='word_1_754' title='bbox 2966 4466 3112 4521; x_wconf 89' lang='lat' dir='ltr'>vallo</span> <span class='ocrx_word' id='word_1_755' title='bbox 3145 4486 3157 4521; x_wconf 92' lang='lat'><strong>:</strong></span> <span class='ocrx_word' id='word_1_756' title='bbox 3189 4468 3617 4543; x_wconf 85' lang='lat' dir='ltr'>circumspicere</span> 
     </span>
    </p>
   </div>
   <div class='ocr_carea' id='block_1_94' title="bbox 2018 4550 3617 4628">
    <p class='ocr_par' dir='ltr' id='par_1_94' title="bbox 2018 4550 3617 4628">
     <span class='ocr_line' id='line_1_94' title="bbox 2018 4550 3617 4628; baseline 0.007 -23"><span class='ocrx_word' id='word_1_757' title='bbox 2018 4550 2287 4607; x_wconf 89' lang='lat' dir='ltr'>debemus</span> <span class='ocrx_word' id='word_1_758' title='bbox 2332 4557 2556 4607; x_wconf 89' lang='lat' dir='ltr'>nosmet</span> <span class='ocrx_word' id='word_1_759' title='bbox 2583 4559 2641 4607; x_wconf 91' lang='lat' dir='ltr'>et</span> <span class='ocrx_word' id='word_1_760' title='bbox 2683 4554 2931 4625; x_wconf 89' lang='lat' dir='ltr'>aspicere</span> <span class='ocrx_word' id='word_1_761' title='bbox 2959 4555 3106 4610; x_wconf 88' lang='lat' dir='ltr'>sicut</span> <span class='ocrx_word' id='word_1_762' title='bbox 3149 4573 3396 4628; x_wconf 60' lang='lat' dir='ltr'>prasens</span> <span class='ocrx_word' id='word_1_763' title='bbox 3424 4560 3617 4616; x_wconf 86' lang='lat' dir='ltr'>littera</span> 
     </span>
    </p>
   </div>
   <div class='ocr_carea' id='block_1_95' title="bbox 2016 4640 3613 4718">
    <p class='ocr_par' dir='ltr' id='par_1_95' title="bbox 2016 4640 3613 4718">
     <span class='ocr_line' id='line_1_95' title="bbox 2016 4640 3613 4718; baseline 0.006 -24"><span class='ocrx_word' id='word_1_764' title='bbox 2016 4640 2283 4696; x_wconf 89' lang='lat' dir='ltr'>insinuat.</span> <span class='ocrx_word' id='word_1_765' title='bbox 2332 4641 2549 4696; x_wconf 89' lang='lat' dir='ltr'>Dicitur</span> <span class='ocrx_word' id='word_1_766' title='bbox 2593 4643 2742 4697; x_wconf 90' lang='lat' dir='ltr'>enim</span> <span class='ocrx_word' id='word_1_767' title='bbox 2791 4643 3171 4715; x_wconf 86' lang='lat' dir='ltr'>interpretari,</span> <span class='ocrx_word' id='word_1_768' title='bbox 3217 4647 3425 4718; x_wconf 89' lang='lat' dir='ltr'>aspice,</span> <span class='ocrx_word' id='word_1_769' title='bbox 3459 4665 3523 4704; x_wconf 87' lang='lat' dir='ltr'>ac</span> <span class='ocrx_word' id='word_1_770' title='bbox 3565 4650 3613 4705; x_wconf 87' lang='lat' dir='ltr'>si</span> 
     </span>
    </p>
   </div>
   <div class='ocr_carea' id='block_1_96' title="bbox 2014 4728 3615 4802">
    <p class='ocr_par' dir='ltr' id='par_1_96' title="bbox 2014 4728 3615 4802">
     <span class='ocr_line' id='line_1_96' title="bbox 2014 4728 3615 4802; baseline 0.007 -21"><span class='ocrx_word' id='word_1_771' title='bbox 2014 4732 2274 4799; x_wconf 90' lang='lat' dir='ltr'>patenter</span> <span class='ocrx_word' id='word_1_772' title='bbox 2300 4728 2537 4784; x_wconf 89' lang='lat' dir='ltr'>clamet:</span> <span class='ocrx_word' id='word_1_773' title='bbox 2561 4730 2808 4802; x_wconf 88' lang='lat' dir='ltr'>Aspicite</span> <span class='ocrx_word' id='word_1_774' title='bbox 2833 4731 2979 4801; x_wconf 93' lang='lat' dir='ltr'>quod</span> <span class='ocrx_word' id='word_1_775' title='bbox 3000 4733 3314 4788; x_wconf 87' lang='lat' dir='ltr'>mortalitas</span> <span class='ocrx_word' id='word_1_776' title='bbox 3340 4742 3400 4790; x_wconf 91' lang='lat' dir='ltr'>et</span> <span class='ocrx_word' id='word_1_777' title='bbox 3426 4752 3615 4792; x_wconf 88' lang='lat' dir='ltr'>corru-</span> 
     </span>
    </p>
   </div>
   <div class='ocr_carea' id='block_1_97' title="bbox 2016 4818 3612 4892">
    <p class='ocr_par' dir='ltr' id='par_1_97' title="bbox 2016 4818 3612 4892">
     <span class='ocr_line' id='line_1_97' title="bbox 2016 4818 3612 4892; baseline 0.007 -22"><span class='ocrx_word' id='word_1_778' title='bbox 2016 4818 2153 4888; x_wconf 88' lang='lat' dir='ltr'>ptio,</span> <span class='ocrx_word' id='word_1_779' title='bbox 2171 4822 2340 4889; x_wconf 90' lang='lat' dir='ltr'>atque</span> <span class='ocrx_word' id='word_1_780' title='bbox 2359 4834 2558 4891; x_wconf 89' lang='lat' dir='ltr'>aspera</span> <span class='ocrx_word' id='word_1_781' title='bbox 2576 4818 2820 4874; x_wconf 89' lang='lat' dir='ltr'>conditio</span> <span class='ocrx_word' id='word_1_782' title='bbox 2837 4820 3004 4874; x_wconf 89' lang='lat' dir='ltr'>sortis</span> <span class='ocrx_word' id='word_1_783' title='bbox 3021 4836 3202 4892; x_wconf 91' lang='lat' dir='ltr'>usque</span> <span class='ocrx_word' id='word_1_784' title='bbox 3215 4823 3284 4877; x_wconf 89' lang='lat' dir='ltr'>ad</span> <span class='ocrx_word' id='word_1_785' title='bbox 3308 4825 3612 4881; x_wconf 86' lang='lat' dir='ltr'>novissima</span> 
     </span>
    </p>
   </div>
   <div class='ocr_carea' id='block_1_98' title="bbox 2014 4904 3613 4979">
    <p class='ocr_par' dir='ltr' id='par_1_98' title="bbox 2014 4904 3613 4979">
     <span class='ocr_line' id='line_1_98' title="bbox 2014 4904 3613 4979; baseline 0.006 -20"><span class='ocrx_word' id='word_1_786' title='bbox 2014 4904 2122 4959; x_wconf 92' lang='lat' dir='ltr'>laci</span> <span class='ocrx_word' id='word_1_787' title='bbox 2156 4905 2405 4960; x_wconf 84' lang='lat' dir='ltr'>adduxit.</span> <span class='ocrx_word' id='word_1_788' title='bbox 2438 4906 2561 4971; x_wconf 87' lang='lat' dir='ltr'>Quo</span> <span class='ocrx_word' id='word_1_789' title='bbox 2584 4912 2641 4962; x_wconf 91' lang='lat' dir='ltr'>te</span> <span class='ocrx_word' id='word_1_790' title='bbox 2671 4909 2880 4978; x_wconf 90' lang='lat' dir='ltr'>peccati</span> <span class='ocrx_word' id='word_1_791' title='bbox 2906 4907 3141 4979; x_wconf 89' lang='lat' dir='ltr'>laqueus</span> <span class='ocrx_word' id='word_1_792' title='bbox 3170 4910 3613 4969; x_wconf 84' lang='lat' dir='ltr'>irrevocabiliter</span> 
     </span>
    </p>
   </div>
   <div class='ocr_carea' id='block_1_99' title="bbox 2015 4995 3605 5070">
    <p class='ocr_par' dir='ltr' id='par_1_99' title="bbox 2015 4995 3605 5070">
     <span class='ocr_line' id='line_1_99' title="bbox 2015 4995 3605 5070; baseline 0.006 -23"><span class='ocrx_word' id='word_1_793' title='bbox 2015 4995 2289 5050; x_wconf 87' lang='lat' dir='ltr'>conclusit</span> <span class='ocrx_word' id='word_1_794' title='bbox 2306 4995 2509 5067; x_wconf 91' lang='lat' dir='ltr'>aspice,</span> <span class='ocrx_word' id='word_1_795' title='bbox 2529 5000 2587 5050; x_wconf 92' lang='lat' dir='ltr'>et</span> <span class='ocrx_word' id='word_1_796' title='bbox 2598 5012 2824 5051; x_wconf 90' lang='lat' dir='ltr'>causam</span> <span class='ocrx_word' id='word_1_797' title='bbox 2845 4998 3078 5068; x_wconf 90' lang='lat' dir='ltr'>periculi</span> <span class='ocrx_word' id='word_1_798' title='bbox 3093 4999 3207 5053; x_wconf 90' lang='lat' dir='ltr'>noli</span> <span class='ocrx_word' id='word_1_799' title='bbox 3226 4999 3605 5070; x_wconf 86' lang='lat' dir='ltr'>dissimulare,</span> 
     </span>
    </p>
   </div>
   <div class='ocr_carea' id='block_1_100' title="bbox 2009 5083 3609 5161">
    <p class='ocr_par' dir='ltr' id='par_1_100' title="bbox 2009 5083 3609 5161">
     <span class='ocr_line' id='line_1_100' title="bbox 2009 5083 3609 5161; baseline 0.006 -24"><span class='ocrx_word' id='word_1_800' title='bbox 2009 5083 2252 5138; x_wconf 85' lang='lat' dir='ltr'>maxime</span> <span class='ocrx_word' id='word_1_801' title='bbox 2280 5100 2407 5139; x_wconf 92' lang='lat' dir='ltr'>cum</span> <span class='ocrx_word' id='word_1_802' title='bbox 2436 5085 2642 5139; x_wconf 88' lang='lat' dir='ltr'>lethale</span> <span class='ocrx_word' id='word_1_803' title='bbox 2666 5086 2741 5140; x_wconf 89' lang='lat' dir='ltr'>sit</span> <span class='ocrx_word' id='word_1_804' title='bbox 2762 5086 3063 5142; x_wconf 87' lang='lat' dir='ltr'>discrimen</span> <span class='ocrx_word' id='word_1_805' title='bbox 3087 5088 3392 5161; x_wconf 91' lang='lat' dir='ltr'>unicuique</span> <span class='ocrx_word' id='word_1_806' title='bbox 3420 5093 3609 5146; x_wconf 82' lang='lat' dir='ltr'>condi-</span> 
     </span>
    </p>
   </div>
   <div class='ocr_carea' id='block_1_101' title="bbox 2006 5171 3606 5247">
    <p class='ocr_par' dir='ltr' id='par_1_101' title="bbox 2006 5171 3606 5247">
     <span class='ocr_line' id='line_1_101' title="bbox 2006 5171 3606 5247; baseline 0.006 -21"><span class='ocrx_word' id='word_1_807' title='bbox 2006 5171 2147 5227; x_wconf 90' lang='lat' dir='ltr'>tioni</span> <span class='ocrx_word' id='word_1_808' title='bbox 2177 5189 2280 5228; x_wconf 92' lang='lat' dir='ltr'>sua</span> <span class='ocrx_word' id='word_1_809' title='bbox 2327 5174 2575 5245; x_wconf 91' lang='lat' dir='ltr'>pericula</span> <span class='ocrx_word' id='word_1_810' title='bbox 2603 5191 2715 5230; x_wconf 90' lang='lat' dir='ltr'>non</span> <span class='ocrx_word' id='word_1_811' title='bbox 2744 5175 3017 5247; x_wconf 89' lang='lat' dir='ltr'>aspicere.</span> <span class='ocrx_word' id='word_1_812' title='bbox 3056 5178 3424 5234; x_wconf 84' lang='lat' dir='ltr'>Concluditur</span> <span class='ocrx_word' id='word_1_813' title='bbox 3453 5180 3606 5235; x_wconf 89' lang='lat' dir='ltr'>enim</span> 
     </span>
    </p>
   </div>
   <div class='ocr_carea' id='block_1_102' title="bbox 332 5254 3600 5337">
    <p class='ocr_par' dir='ltr' id='par_1_102' title="bbox 332 5254 3600 5337">
     <span class='ocr_line' id='line_1_102' title="bbox 332 5254 3600 5337; baseline 0.004 -27"><span class='ocrx_word' id='word_1_814' title='bbox 332 5255 465 5321; x_wconf 89' lang='lat' dir='ltr'>suit,</span> <span class='ocrx_word' id='word_1_815' title='bbox 491 5271 556 5309; x_wconf 87' lang='lat' dir='ltr'>ac</span> <span class='ocrx_word' id='word_1_816' title='bbox 577 5255 625 5309; x_wconf 91' lang='lat' dir='ltr'>si</span> <span class='ocrx_word' id='word_1_817' title='bbox 656 5271 722 5310; x_wconf 86' lang='lat' dir='ltr'>ex</span> <span class='ocrx_word' id='word_1_818' title='bbox 748 5254 925 5326; x_wconf 89' lang='lat' dir='ltr'>ipsius</span> <span class='ocrx_word' id='word_1_819' title='bbox 949 5271 1086 5310; x_wconf 90' lang='lat' dir='ltr'>sono</span> <span class='ocrx_word' id='word_1_820' title='bbox 1116 5271 1262 5323; x_wconf 84' lang='lat' dir='ltr'>mox,</span> <span class='ocrx_word' id='word_1_821' title='bbox 1287 5256 1486 5328; x_wconf 91' lang='lat' dir='ltr'>inquit,</span> <span class='ocrx_word' id='word_1_822' title='bbox 1509 5259 1693 5313; x_wconf 90' lang='lat' dir='ltr'>vocavi</span> <span class='ocrx_word' id='word_1_823' title='bbox 1716 5260 1923 5315; x_wconf 90' lang='lat' dir='ltr'>amicos</span> <span class='ocrx_word' id='word_1_824' title='bbox 2005 5263 2389 5335; x_wconf 90' lang='lat' dir='ltr'>unusquisque</span> <span class='ocrx_word' id='word_1_825' title='bbox 2441 5263 2881 5319; x_wconf 91' lang='lat' dir='ltr'>tumescentibus</span> <span class='ocrx_word' id='word_1_826' title='bbox 2944 5265 3246 5322; x_wconf 87' lang='lat' dir='ltr'>visceribus</span> <span class='ocrx_word' id='word_1_827' title='bbox 3312 5268 3600 5337; x_wconf 68' lang='lat' dir='ltr'>Ecclesiae,</span> 
     </span>
    </p>
   </div>
   <div class='ocr_carea' id='block_1_103' title="bbox 328 5343 3603 5425">
    <p class='ocr_par' dir='ltr' id='par_1_103' title="bbox 328 5343 3603 5425">
     <span class='ocr_line' id='line_1_103' title="bbox 328 5343 3603 5425; baseline 0.005 -30"><span class='ocrx_word' id='word_1_828' title='bbox 328 5358 501 5396; x_wconf 91' lang='lat' dir='ltr'>meos.</span> <span class='ocrx_word' id='word_1_829' title='bbox 533 5343 631 5397; x_wconf 89' lang='lat' dir='ltr'>Est</span> <span class='ocrx_word' id='word_1_830' title='bbox 660 5349 850 5399; x_wconf 88' lang='lat' dir='ltr'>autem</span> <span class='ocrx_word' id='word_1_831' title='bbox 872 5358 975 5398; x_wconf 86' lang='lat' dir='ltr'>vox</span> <span class='ocrx_word' id='word_1_832' title='bbox 1003 5344 1210 5399; x_wconf 90' lang='lat' dir='ltr'>Christi</span> <span class='ocrx_word' id='word_1_833' title='bbox 1228 5346 1545 5401; x_wconf 82' lang='lat' dir='ltr'>secundum</span> <span class='ocrx_word' id='word_1_834' title='bbox 1571 5354 1918 5421; x_wconf 88' lang='lat' dir='ltr'>assumptam</span> <span class='ocrx_word' id='word_1_835' title='bbox 2000 5351 2353 5406; x_wconf 89' lang='lat' dir='ltr'>concluditur</span> <span class='ocrx_word' id='word_1_836' title='bbox 2380 5351 2635 5407; x_wconf 91' lang='lat' dir='ltr'>hostibus</span> <span class='ocrx_word' id='word_1_837' title='bbox 2680 5352 2896 5425; x_wconf 90' lang='lat' dir='ltr'>laqueis</span> <span class='ocrx_word' id='word_1_838' title='bbox 2942 5353 3297 5423; x_wconf 88' lang='lat' dir='ltr'>insidiarum,</span> <span class='ocrx_word' id='word_1_839' title='bbox 3330 5362 3391 5411; x_wconf 91' lang='lat' dir='ltr'>et</span> <span class='ocrx_word' id='word_1_840' title='bbox 3427 5358 3603 5413; x_wconf 89' lang='lat' dir='ltr'><strong>innu-</strong></span> 
     </span>
    </p>
   </div>
   <div class='ocr_carea' id='block_1_104' title="bbox 327 5431 3603 5516">
    <p class='ocr_par' dir='ltr' id='par_1_104' title="bbox 327 5431 3603 5516">
     <span class='ocr_line' id='line_1_104' title="bbox 327 5431 3603 5516; baseline 0.004 -31"><span class='ocrx_word' id='word_1_841' title='bbox 327 5431 570 5486; x_wconf 84' lang='lat' dir='ltr'>farmam</span> <span class='ocrx_word' id='word_1_842' title='bbox 601 5432 844 5488; x_wconf 90' lang='lat' dir='ltr'>hominis</span> <span class='ocrx_word' id='word_1_843' title='bbox 882 5432 1142 5505; x_wconf 88' lang='lat' dir='ltr'>passione</span> <span class='ocrx_word' id='word_1_844' title='bbox 1174 5433 1246 5487; x_wconf 88' lang='lat' dir='ltr'>ad</span> <span class='ocrx_word' id='word_1_845' title='bbox 1283 5434 1509 5488; x_wconf 88' lang='lat' dir='ltr'>Patrem</span> <span class='ocrx_word' id='word_1_846' title='bbox 1541 5454 1553 5489; x_wconf 86' lang='lat'><strong>:</strong></span> <span class='ocrx_word' id='word_1_847' title='bbox 1591 5437 1721 5507; x_wconf 87' lang='lat' dir='ltr'>quia</span> <span class='ocrx_word' id='word_1_848' title='bbox 1749 5455 1920 5511; x_wconf 90' lang='lat' dir='ltr'>supra</span> <span class='ocrx_word' id='word_1_849' title='bbox 1999 5440 2170 5494; x_wconf 90' lang='lat' dir='ltr'>meris</span> <span class='ocrx_word' id='word_1_850' title='bbox 2192 5440 2453 5512; x_wconf 92' lang='lat' dir='ltr'>periculis</span> <span class='ocrx_word' id='word_1_851' title='bbox 2474 5441 2824 5496; x_wconf 90' lang='lat' dir='ltr'>concluditur</span> <span class='ocrx_word' id='word_1_852' title='bbox 2844 5459 2857 5494; x_wconf 88' lang='lat'><strong>:</strong></span> <span class='ocrx_word' id='word_1_853' title='bbox 2880 5446 2947 5496; x_wconf 91' lang='lat' dir='ltr'>ut</span> <span class='ocrx_word' id='word_1_854' title='bbox 2971 5442 3181 5497; x_wconf 88' lang='lat' dir='ltr'>femina</span> <span class='ocrx_word' id='word_1_855' title='bbox 3194 5445 3423 5515; x_wconf 88' lang='lat' dir='ltr'>quando</span> <span class='ocrx_word' id='word_1_856' title='bbox 3449 5445 3603 5516; x_wconf 87' lang='lat' dir='ltr'>parit</span> 
     </span>
    </p>
   </div>
   <div class='ocr_carea' id='block_1_105' title="bbox 326 5520 3594 5603">
    <p class='ocr_par' dir='ltr' id='par_1_105' title="bbox 326 5520 3594 5603">
     <span class='ocr_line' id='line_1_105' title="bbox 326 5520 3594 5603; baseline 0.004 -28"><span class='ocrx_word' id='word_1_857' title='bbox 326 5520 602 5576; x_wconf 88' lang='lat' dir='ltr'>doluerat.</span> <span class='ocrx_word' id='word_1_858' title='bbox 652 5522 833 5593; x_wconf 89' lang='lat' dir='ltr'>Lapsa</span> <span class='ocrx_word' id='word_1_859' title='bbox 862 5527 948 5577; x_wconf 90' lang='lat' dir='ltr'>est</span> <span class='ocrx_word' id='word_1_860' title='bbox 984 5521 1043 5576; x_wconf 92' lang='lat' dir='ltr'>in</span> <span class='ocrx_word' id='word_1_861' title='bbox 1071 5520 1252 5577; x_wconf 89' lang='lat' dir='ltr'>lacum</span> <span class='ocrx_word' id='word_1_862' title='bbox 1281 5522 1395 5576; x_wconf 87' lang='lat' dir='ltr'>vita</span> <span class='ocrx_word' id='word_1_863' title='bbox 1423 5539 1564 5578; x_wconf 90' lang='lat' dir='ltr'>mea.</span> <span class='ocrx_word' id='word_1_864' title='bbox 1599 5526 1761 5580; x_wconf 87' lang='lat' dir='ltr'>Nunc</span> <span class='ocrx_word' id='word_1_865' title='bbox 1788 5544 1917 5583; x_wconf 91' lang='lat' dir='ltr'>vero</span> <span class='ocrx_word' id='word_1_866' title='bbox 1999 5529 2324 5600; x_wconf 80' lang='lat' dir='ltr'>(secundum</span> <span class='ocrx_word' id='word_1_867' title='bbox 2349 5530 2728 5601; x_wconf 89' lang='lat' dir='ltr'>Evangelium)</span> <span class='ocrx_word' id='word_1_868' title='bbox 2759 5531 3049 5586; x_wconf 88' lang='lat' dir='ltr'>tristitiam</span> <span class='ocrx_word' id='word_1_869' title='bbox 3071 5531 3241 5587; x_wconf 88' lang='lat' dir='ltr'>habet</span> <span class='ocrx_word' id='word_1_870' title='bbox 3260 5535 3594 5603; x_wconf 60' lang='lat' dir='ltr'>(Jaanam),</span> 
     </span>
    </p>
   </div>
  </div>
