3960 6168
226 248 247 305 1
266 246 366 305 189
877 246 1255 303 EXPOSITIO
1297 249 1372 304 IN
1412 248 1809 305 LAMENTAT

1890 248 2023 304 NES
2062 249 2407 305 JEREMI/E.
2456 281 2519 292 —
2562 251 2695 306 LIB.
2739 253 2838 308 ΙΙΙ.
3360 251 3496 312 1190

218 389 351 429 cum
407 373 680 445 περιδρομὴ
747 372 1017 438 metricis,
1071 388 1183 443 qua
1226 372 1534 444 principale
1577 370 1879 443 pectorisA'
1897 387 2073 442 usque
2118 372 2188 425 ad
2234 372 2372 426 fines
2401 372 2551 429 orbis
2580 380 2745 430 terrae
2780 379 2954 447 (Psal.
2997 382 3164 445 xvm).
3215 379 3337 442 Qua
3366 395 3490 451 pro.

215 462 397 534 ipsius
412 462 710 534 premitur,
734 463 1037 516 immensas
1058 467 1116 516 et
1143 462 1469 516 innumeras
1498 462 1708 532 patitur
1724 477 1818 515 an-
1900 459 2042 513 fecto
2064 477 2194 514 voce
2212 461 2417 515 clamat
2430 469 2599 533 caput
2618 472 2895 528 nostrum,
2909 467 3218 521 clamantet
3239 467 3492 522 membra

214 551 438 623 gustias
473 570 485 605 :
517 550 870 605 concluditur
895 567 1031 621 ergo
1058 567 1173 605 non
1201 550 1513 605 minoribus
1542 550 1818 619 angustiis
1901 548 2096 618 ipsius,
2122 550 2330 603 clamat
2348 551 2555 605 Rachel
2574 553 2801 623 plorans
2821 554 2966 609 ﬁlios
2984 571 3134 609 suos.
3159 556 3235 610 Ne
3253 561 3487 622 avertas,

216 641 429 695 mentis
455 656 625 711 quam
654 639 922 711 corporis.
953 640 1195 709 Majores
1226 638 1378 693 enim
1406 643 1576 693 aestus
1612 638 1819 693 febres-
1898 638 2176 709 inquiens,
2192 656 2387 694 aurem
2415 646 2655 707 I438
2678 648 2833 697 tuam
2853 661 2888 698 a
2913 647 3166 712 singultu
3186 661 3303 699 meo
3322 650 3369 698 et
3385 648 3493 698 cla-

216 745 331 801 que
376 728 697 783 animorum
744 738 876 783 sunt
921 744 1088 799 quam
1142 744 1459 798 corporum.
1509 728 1817 782 Conclusus
1900 729 2391 783 moribus.Clamat
2420 735 2478 784 et
2503 732 2744 803 Moyses,
2781 733 2869 786 cui
2898 732 3146 787 dicitur:
3191 734 3334 801 Quid
3377 736 3493 787 cla-

214 817 373 872 enim
388 818 662 873 viscerum
674 816 992 872 tumoribus
1012 816 1290 870 medicum
1312 815 1529 887 quaerit,
1555 821 1620 871 ut
1644 816 1820 886 possit
1899 832 2019 870 mas
2069 819 2143 870 ad
2170 834 2254 871 me
2282 820 2469 874 IEcrod.
2493 819 2625 889 xxv),
2660 821 2883 891 quando
2906 821 3105 875 orabat
3131 839 3231 891 pro
3264 821 3492 892 populo.

213 907 552 978 propulsare
581 906 848 978 pericula,
881 910 939 961 et
966 905 1267 960 constricta
1293 906 1501 959 laxare.
1532 904 1618 959 Ad
1648 920 1815 975 quem
1900 905 2008 959 Sed
2048 906 2144 959 alii
2186 907 2431 961 clamant
2472 908 2529 962 in
2571 909 2757 977 corde,
2789 909 2884 963 alii
2913 910 3238 980 loquuntur.
3271 910 3491 979 Loque-

212 996 450 1051 veniens
494 994 764 1062 medicus,
807 999 992 1049 tentat
1037 994 1245 1061 omnia,
1278 994 1531 1065 explorat
1568 994 1812 1047 interna.
1896 992 2064 1047 batur
2109 998 2295 1048 autem
2343 998 2509 1050 Anna
2541 999 2617 1061 (II
2639 999 2761 1065 Reg.
2802 1002 2899 1067 x1),
2942 998 3076 1068 quia
3114 1013 3216 1068 pro
3261 998 3495 1068 privatis

212 1083 380 1139 Unde
402 1089 462 1139 et
482 1100 585 1139 nos
606 1100 904 1143 monemur
922 1083 1295 1154 nosmetipsos
1316 1083 1585 1154 aspicere,
1611 1082 1817 1136 mentis
1899 1082 2095 1137 orabat
2123 1082 2309 1149 rebus,
2337 1084 2393 1138 id
2413 1089 2516 1146 est,
2546 1102 2646 1156 pro
2683 1086 2832 1140 ﬁliis.
2867 1086 3160 1140 Clamabat
3189 1091 3246 1140 et
3272 1087 3496 1157 Moyses

213 1173 400 1239 oculo,
436 1172 637 1244 quibus
669 1172 1055 1227 concludimur
1080 1172 1261 1237 malis,
1281 1176 1613 1241 nostrasque
1633 1172 1816 1225 consi-
1897 1186 2102 1241 magno
2130 1170 2330 1225 ardore
2359 1172 2650 1226 charitatis
2674 1190 2686 1227 :
2714 1173 2962 1227 clamant
2987 1178 3043 1227 et
3067 1173 3245 1227 sancti
3267 1172 3372 1227 sub
3393 1189 3493 1227 ara

211 1258 418 1314 derare
438 1259 712 1323 miserias,
735 1264 793 1313 et
810 1274 1146 1330 cognoscere
1164 1262 1401 1323 nosmet,
1436 1258 1821 1328 orationisque
1897 1262 1998 1316 Dei
2025 1263 2302 1317 immenso
2322 1262 2565 1316 clamore
2586 1264 2786 1317 aﬂ'ectu
2813 1263 3058 1333 pietatis.
3080 1264 3241 1317 Unde
3267 1263 3492 1334 signan-

212 1348 555 1403 medicinam
587 1364 859 1419 quaerere.
884 1348 1189 1419 Propterea
1217 1363 1349 1417 ergo
1376 1346 1532 1417 Coph
1560 1351 1710 1401 recte
1731 1363 1817 1401 vo-
1896 1355 1985 1404 ter
2035 1349 2139 1405 sub
2195 1350 2299 1404 hac
2334 1350 2526 1403 littera
2562 1349 2843 1403 conclusio
2885 1355 3087 1404 nostrae
3125 1350 3494 1405 demersionis

211 1441 361 1492 catio
389 1437 613 1500 dicitur,
638 1442 917 1509 quatenus
936 1437 1214 1491 medicum
1231 1435 1447 1507 jugiter
1471 1436 1814 1505 invocemus,
1898 1438 2249 1509 exprimitur,
2309 1443 2365 1493 et
2417 1438 2710 1502 invocatio,
2771 1444 2836 1492 ut
2888 1439 3130 1509 amplius
3183 1440 3491 1494 clamemus

210 1526 311 1597 qui
334 1527 406 1580 de
426 1526 570 1581 caelo
589 1526 745 1580 venit
764 1526 1065 1597 languores
1090 1529 1330 1591 [46'
1355 1530 1577 1579 nostros
1595 1540 1811 1579 curare.
1898 1525 2231 1592 ostenditur,
2264 1531 2434 1598 atque
2477 1526 2781 1596 unicuique
2828 1526 3034 1581 dicitur
3067 1546 3079 1581 :
3111 1528 3314 1598 Aspice
3342 1529 3493 1599 quod

210 1614 362 1669 Hinc
391 1629 616 1686 quoque
642 1614 762 1685 ipse
786 1615 868 1669 ait
899 1633 910 1667 :
947 1616 1068 1669 Non
1098 1630 1229 1682 opus
1269 1618 1345 1667 est
1371 1616 1526 1667 sanis
1550 1615 1811 1678 medicus,
1897 1616 2189 1670 conclusus
2203 1615 2467 1679 tenearis,
2486 1614 2687 1685 quibus
2701 1615 2969 1685 appulsus
2989 1615 3496 1685 angustiis.Clama

207 1705 305 1757 sed
332 1705 422 1758 his
453 1705 554 1773 qui
582 1706 727 1757 male
772 1704 972 1758 habent
1021 1704 1234 1767 (Matth.
1267 1709 1367 1766 1x).
1409 1701 1595 1756 Habes
1639 1686 1952 1772 igiturBin
1972 1704 2300 1759 fortitudine
2321 1704 2391 1757 ad
2411 1720 2539 1758 eum
2562 1704 2658 1773 qui
2686 1708 2890 1774 praesto
2908 1709 3027 1757 est:
3053 1705 3131 1757 Ne
3149 1710 3365 1758 avertas
3386 1720 3495 1758 au-

206 1791 474 1860 vulnera,
498 1807 570 1847 ne
598 1791 825 1846 differas
853 1792 1205 1846 medicinam.
1237 1791 1439 1863 Aspice
1467 1792 1643 1845 oculis
1673 1807 1813 1861 quo-
1895 1808 2013 1846 rem
2042 1799 2199 1847 tuam
2235 1809 2270 1846 a
2298 1795 2552 1859 singultu
2582 1808 2697 1845 meo
2726 1798 2776 1845 et
2803 1794 3171 1855 clamoribus;
3205 1792 3340 1863 quia
3367 1809 3497 1847 con-

208 1880 383 1935 modo
427 1880 723 1935 conclusus
771 1880 867 1949 sis,
912 1880 1087 1935 oculis
1133 1880 1343 1935 scilicet
1388 1879 1591 1951 quibus
1638 1879 1813 1934 David
1895 1881 2059 1935 clusit
2104 1882 2253 1936 Deus
2290 1880 2477 1934 omnia
2505 1880 2608 1934 sub
2652 1884 2899 1950 peccato,
2930 1886 2996 1934 ut
3037 1880 3290 1934 omnium
3320 1880 3491 1935 mise-

207 1968 487 2025 auxilium
516 1969 772 2041 quesivit
807 1974 865 2024 et
903 1968 1127 2024 meruit.
1160 1970 1370 2034 Levavi,
1399 1968 1604 2039 inquit,
1634 1971 1819 2022 oculos
1897 1976 2106 2023 reatur.
2138 1969 2298 2024 Unde
2338 1969 2640 2040 Apostolus
2671 1988 2687 2022 :
2726 1970 2916 2022 Miseri
2962 1972 3119 2023 estote
3165 1974 3215 2021 et
3255 1971 3489 2037 plorate,

205 2060 443 2113 meosad
458 2064 684 2125 montes,
700 2059 1037 2113 undeveniet
1053 2060 1338 2112 auxilium
1351 2058 1813 2112 mihi..4uxilium
1896 2061 2045 2112 risus
2075 2065 2245 2113 vester
2279 2061 2343 2112 in
2373 2063 2588 2113 luctum
2624 2062 2997 2123 convertatur,
3038 2062 3086 2110 et
3123 2057 3396 2124 gaudium
3426 2060 3491 2111 in

206 2162 401 2201 meum
431 2163 467 2199 a
493 2148 727 2201 Domino
750 2148 915 2213 (Psal.
944 2145 1083 2216 cxx).
1117 2146 1315 2216 Aspice
1345 2161 1478 2216 ergo
1507 2151 1565 2199 et
1593 2161 1817 2216 semper
1861 2142 1867 2149 ’
1895 2149 2626 2203 mwrorchlumiliamini
2640 2149 2702 2200 in
2722 2150 3003 2213 conspectu
3021 2146 3266 2211 Domini,
3281 2151 3330 2199 et
3344 2148 3492 2199 exal-

206 2235 437 2307 aspice:
473 2234 606 2306 quia
649 2235 793 2290 oculi
826 2234 967 2305 justi
1003 2250 1227 2305 semper
1252 2234 1323 2289 ad
1351 2234 1672 2292 Dominum.
1697 2234 1815 2288 Hoc

206 2323 422 2396 quippe
450 2329 645 2378 monet
682 2323 834 2379 idem
879 2322 983 2378 sub
1028 2324 1131 2377 hac
1172 2323 1362 2378 littera
1390 2327 1541 2377 retro
1569 2323 1761 2377 dicens
1796 2340 1808 2375 :

206 2414 512 2487 Consurge,
545 2415 914 2483 expergiscere
941 2416 1006 2467 in
1033 2418 1183 2467 nocte
1206 2415 1270 2467 in
1294 2414 1575 2481 principio
1594 2415 1816 2480 vigilia-

205 2518 348 2555 rum
375 2521 392 2555 :
423 2503 639 2569 effunde
668 2504 809 2555 sicut
836 2517 984 2570 aqua
1010 2516 1103 2556 cor
1128 2506 1289 2555 tuum
1318 2505 1445 2554 ante
1471 2505 1811 2569 conspectum

202 2592 462 2657 Domini,
494 2593 691 2644 extolle
719 2590 795 2643 ad
824 2605 944 2644 eum
978 2605 1181 2643 manus
1212 2593 1334 2642 tuas
1358 2590 1582 2656 (Thren.
1616 2587 1701 2658 ιι).
1736 2590 1813 2643 Ex

204 2694 324 2749 quo
366 2678 620 2733 insinuat
658 2683 883 2749 partum
913 2677 1285 2732 conclusionis
1313 2682 1537 2743 nostrae,
1569 2677 1815 2731 ostendit

203 2766 529 2837 angustias,
558 2771 615 2820 et
640 2771 834 2820 monet
856 2764 960 2820 sub
988 2765 1142 2820 omni
1170 2764 1483 2819 intentione
1510 2765 1692 2819 cordis
1720 2781 1812 2819 re-

1897 2238 2034 2290 ταὺιί
2063 2253 2152 2290 vos
2184 2236 2318 2293 (Gal.
2343 2240 2441 2301 III).
2468 2237 2547 2290 Ac
2575 2236 2622 2289 si
2652 2240 2846 2306 aperte
2874 2234 3062 2289 dicat:
3086 2234 3334 2304 Aspicite
3363 2249 3493 2288 con-

1895 2324 2202 2381 clusionem
2252 2330 2515 2391 vestram,
2571 2330 2628 2378 et
2680 2324 2931 2395 plangite
2981 2322 3236 2376 miserias
3286 2321 3491 2393 quibus

1894 2413 2140 2468 conclusi
2171 2413 2323 2467 estis.
2357 2414 2616 2467 Invocate
2648 2412 2717 2466 de
2767 2411 3083 2466 novissimis
3120 2411 3256 2465 lacis
3284 2411 3487 2476 Deum,

1894 2502 2131 2556 clamate
2176 2502 2497 2572 sapienter:
2535 2501 2667 2572 quia
2710 2500 2988 2571 sapientia
3029 2500 3166 2554 foris
3216 2499 3488 2566 clamitat,

1895 2590 2065 2643 etiam
2108 2591 2167 2643 in
2216 2590 2415 2661 plateis
2464 2591 2562 2644 dat
2605 2605 2797 2643 vocem
2823 2604 2986 2643 suam
3024 2591 3198 2657 (Prov.
3239 2596 3300 2656 ι).
3345 2587 3491 2651 Quia

1893 2683 2051 2733 tanto
2088 2678 2147 2732 in
2175 2680 2389 2733 excelso
2430 2680 2671 2750 amplius
2712 2679 2958 2744 auditur,
2994 2684 3203 2750 quanto
3233 2680 3291 2732 in
3320 2677 3490 2731 corde

1893 2767 2182 2821 ardentius
2212 2784 2337 2821 cum
2366 2768 2474 2822 fide
2500 2774 2558 2822 et
2585 2768 2862 2822 desiderio
2892 2768 2961 2821 ad
2991 2768 3170 2822 Deum
3199 2767 3492 2821 transfun-

203 2855 468 2910 medium
515 2855 677 2909 nobis
723 2855 969 2909 salutare
1007 2871 1272 2925 quaerere.
1316 2854 1527 2909 Idcirco
1559 2853 1663 2908 sub
1707 2854 1812 2907 hac
1894 2855 2065 2922 ditur,
2095 2855 2189 2927 qui
2218 2872 2443 2926 semper
2472 2856 2677 2927 ubique
2705 2862 2871 2911 recta
2896 2856 3026 2910 fidei
3048 2872 3292 2927 praesens
3321 2854 3491 2910 senti-

202 2943 405 2999 littera
434 2943 727 3015 proposuit
748 2943 911 2998 nobis
932 2943 1322 3014 Redemptoris
1342 2943 1520 2998 nostri
1539 2943 1805 2996 formam:
1830 2997 1869 3016 η
1892 2949 2022 2998 tur:
2050 2945 2312 3015 quoniam
2339 2962 2513 3016 prope
2542 2950 2628 2999 est
2650 2945 2917 2999 Dominus
2937 2944 3196 2999 omnibus
3223 2944 3488 2999 invocan-

205 3032 497 3104 quomodo
523 3032 693 3086 etiam
719 3032 789 3087 de
818 3032 955 3086 lacis
975 3032 1295 3086 novissimis
1320 3031 1540 3086 invocat
1567 3037 1807 3102 patrem,
1828 3031 1871 3057 υ
1892 3033 2046 3087 tibus
2066 3049 2145 3097 se,
2163 3033 2421 3087 omnibus
2442 3034 2539 3104 qui
2560 3034 2821 3087 invocant
2833 3050 2962 3088 eum
2977 3033 3035 3087 in
3054 3032 3306 3087 veritate.
3327 3032 3490 3087 Unde

205 3121 496 3193 quomodo
528 3120 766 3175 ﬁdenter
792 3126 935 3187 orat,
967 3120 1246 3192 quomodo
1284 3120 1461 3190 gemit
1495 3126 1552 3174 et
1583 3121 1808 3184 clamat,
1893 3121 1963 3176 ad
1986 3122 2097 3176 Ras
2121 3122 2365 3176 litteram
2387 3122 2760 3176 confidentius
2780 3122 3059 3176 veniatur.
3080 3122 3192 3175 Ras
3212 3120 3491 3191 siquidem

203 3225 325 3265 non
355 3226 507 3275 voce,
526 3210 623 3264 sed
652 3210 990 3266 contritione
1018 3209 1221 3276 cordis,
1248 3215 1306 3262 et
1336 3225 1539 3279 magno
1568 3210 1811 3263 clamore
1892 3217 2056 3280 caput
2089 3216 2188 3265 aut
2216 3214 2411 3278 capitis
2441 3211 2610 3265 etiam
2643 3212 2729 3265 vel
2748 3214 3033 3280 primatus
3061 3210 3488 3280 interpretatur.

204 3298 442 3365 mentis,
475 3299 755 3370 quomodo
783 3300 961 3354 Deum
1004 3298 1210 3369 ubique
1251 3303 1587 3368 praesentem
1616 3298 1805 3363 sentit,
1892 3300 2076 3370 Caput
2102 3305 2187 3353 est
2227 3315 2359 3369 ergo
2401 3300 2486 3353 vel
2514 3300 2693 3352 forma
2721 3299 2939 3370 capitis,
2980 3303 3046 3353 ut
3072 3298 3492 3353 consideremus

204 3387 498 3460 quomodo
526 3388 1070 3459 appropinquantem
1114 3404 1174 3441 se
1218 3387 1278 3441 in
1307 3387 1398 3441 die
1427 3388 1805 3453 invocationis,

205 3477 387 3532 etiam
428 3476 578 3531 inter
620 3477 909 3547 angustias
946 3475 1207 3545 intelligit
1240 3494 1253 3529 :
1305 3475 1584 3547 quomodo
1612 3475 1808 3530 auditu

204 3565 397 3621 cordis
425 3564 585 3620 audit
621 3565 800 3620 Deum
836 3565 1112 3619 dicentem
1144 3582 1156 3618 :
1191 3565 1274 3619 Ne
1301 3564 1523 3630 timeas,
1549 3564 1664 3617 imo
1692 3580 1809 3617 om-

205 3652 379 3708 nibus
406 3652 674 3724 proi‘ecto,
696 3669 824 3707 cum
844 3652 991 3707 dicat
1016 3670 1028 3705 :
1053 3653 1161 3720 Ego
1185 3652 1291 3706 vici
1319 3653 1596 3706 mundum
1620 3654 1803 3721 (Joan.

204 3741 342 3812 xvi).
368 3741 437 3795 Et
464 3742 574 3796 hac
612 3745 684 3795 est
711 3743 944 3795 victoria
985 3756 1103 3809 qua:
1129 3743 1302 3794 vincit
1340 3741 1637 3806 mundum,
1679 3742 1807 3808 ﬁdes

207 3836 403 3885 nostra
448 3831 503 3898 (Ι
522 3832 681 3885 Joan.
725 3833 802 3899 v).
834 3828 994 3884 Unde
1038 3828 1215 3883 David
1260 3827 1446 3883 aiebat
1482 3846 1493 3881 :
1538 3830 1807 3883 Dominus

208 3922 317 3975 illu
326 3920 564 3973 minatio
580 3934 701 3972 mea
720 3923 770 3972 et
787 3920 938 3972 salus
957 3934 1096 3983 mea,
1114 3934 1273 3987 quem
1292 3917 1487 3971 timebo
1499 3922 1523 3970 ?
1539 3919 1807 3972 Dominus

203 4013 484 4077 protector
505 4010 630 4061 vita:
650 4023 797 4072 mea),
820 4022 855 4060 a
874 4023 980 4075 quo
1002 4007 1281 4075 trepidabo
1297 4012 1321 4059 γ
1344 4007 1515 4075 (Psal.
1538 4008 1705 4075 xxv1).
1729 4008 1810 4061 Ac

210 4097 258 4151 si
306 4101 573 4168 patenter
616 4095 767 4150 dicat
803 4113 815 4149 :
857 4095 1057 4150 Nullus
1106 4094 1203 4165 qui
1250 4095 1430 4149 Deum
1474 4100 1809 4166 praesentem

211 4184 405 4252 sentit,
434 4184 633 4240 timere
660 4183 845 4239 debet.
869 4183 986 4239 Etsi
1012 4184 1072 4238 in
1100 4183 1220 4255 ipso
1242 4183 1497 4255 vivimus,
1520 4200 1811 4239 movemur

211 4278 268 4328 et
314 4289 514 4329 sumus
540 4271 683 4346 (Act.
714 4276 874 4343 xvn),
906 4278 1056 4328 recte
1102 4273 1328 4327 omnino
1375 4273 1658 4345 trepidare
1694 4289 1809 4329 non

1891 3393 2177 3442 auctorem
2205 3387 2346 3452 vita},
2381 3391 2549 3457 caput
2572 3385 2829 3440 videlicet
2851 3392 3127 3450 nostrum,
3151 3403 3217 3440 ex
3242 3402 3353 3457 quo
3375 3402 3492 3441 om-

1891 3476 2047 3530 nium
2077 3476 2336 3530 foventur
2353 3473 2622 3541 membra,
2648 3475 2742 3545 qui
2765 3476 2911 3545 regit
2935 3482 2991 3529 et
3010 3475 3209 3545 implet
3232 3474 3492 3529 sensibus

1889 3565 2097 3619 omnia.
2123 3565 2332 3619 Sensus
2358 3563 2507 3617 enim
2554 3563 2841 3634 sapientis,
2869 3564 2925 3616 in
2958 3563 3142 3633 capite
3187 3564 3327 3632 ejus.
3352 3564 3490 3617 Inde

1889 3654 2093 3708 ductus
2113 3652 2342 3724 spiritus
2364 3668 2466 3723 per
2493 3658 2688 3705 Omnes
2707 3667 2975 3706 venarum
2998 3656 3236 3715 meatus,
3259 3655 3408 3703 totas
3427 3650 3489 3704 in

1889 3748 2078 3814 partes
2092 3741 2340 3813 corporis
2357 3741 2499 3795 vires
2514 3739 3045 3810 derivat,sanguinis
3055 3738 3260 3792 lustrat
3270 3738 3482 3804 omnia,

1889 3838 2054 3888 ornat
2095 3831 2305 3887 omnia.
2350 3830 2582 3885 Sublato
2613 3846 2747 3901 ergo
2776 3829 2978 3900 capite,
3011 3843 3214 3898 corpus
3242 3827 3360 3881 sine
3387 3842 3489 3880 no-

1889 3923 2041 3976 mine
2085 3927 2188 3987 est,
2240 3936 2343 3975 nec
2370 3919 2709 3989 agnoscitur,
2740 3935 2842 3973 nec
2873 3918 2991 3972 ulla
3035 3920 3291 3987 superest
3317 3930 3489 3970 causa

1888 4011 2127 4065 vivendi.
2151 4010 2311 4065 Unde
2332 4009 2464 4081 quid
2487 4026 2583 4063 vos
2602 4008 2799 4079 capitis
2822 4008 2891 4062 de
2911 4023 2971 4061 se
2997 4006 3224 4071 sentiat,
3245 4005 3331 4060 vel
3352 4004 3487 4075 quid

1890 4099 1959 4154 de
1982 4116 2043 4154 se
2067 4107 2390 4171 praisumat,
2425 4097 2744 4152 audiamus.

2632 4255 2753 4295 RES.

211 4379 532 4435 possumus.
563 4362 717 4417 Talis
761 4362 937 4434 igitur
981 4378 1081 4417 vox
1122 4362 1324 4428 cordis,
1364 4361 1606 4433 talisque
1646 4362 1803 4431 fides,
1824 4354 1875 4414 D
1958 4366 2248 4433 Judicasti,
2272 4367 2522 4431 Domine,
2547 4380 2773 4418 causam
2794 4365 3000 4417 animas
3014 4376 3160 4428 mea,
3180 4363 3488 4430 redemptor

212 4468 457 4523 magnus
472 4458 559 4506 est
570 4451 643 4506 ad
661 4452 841 4506 Deum
857 4452 1087 4519 clamor,
1100 4468 1213 4506 non
1231 4451 1379 4505 vocis
1398 4450 1805 4521 magnitudine,

213 4541 311 4595 sed
344 4540 810 4612 magnanimitate
837 4540 1038 4596 cordis.
1071 4539 1171 4596 Est
1206 4540 1357 4595 enim
1386 4555 1490 4594 vox
1531 4540 1715 4595 cordis
1752 4546 1811 4595 et

215 4629 431 4684 clamor
454 4629 835 4702 lacrymarum
858 4647 869 4683 :
903 4628 1035 4700 quia
1062 4634 1149 4684 est
1167 4635 1225 4684 et
1246 4645 1348 4684 vox
1377 4628 1665 4700 sanguinis
1686 4646 1809 4701 quae

214 4719 284 4774 ad
312 4720 494 4774 Deum
534 4719 803 4789 pervenit.
836 4719 1055 4773 Clamat
1096 4735 1229 4789 ergo
1256 4734 1353 4773 cor
1387 4723 1663 4785 nostrum,
1695 4734 1808 4773 non

214 4824 355 4863 sono
372 4807 543 4875 vocis,
564 4808 662 4862 sed
682 4807 1087 4877 cogitationum
1117 4807 1481 4875 sublimitate,
1502 4813 1808 4863 concentu-

211 4913 320 4969 que
357 4897 652 4952 virtutum.
686 4897 927 4951 Grandis
956 4896 1087 4951 ﬁdei
1132 4897 1361 4964 clamor,
1394 4913 1496 4969 per
1542 4914 1712 4969 quam
1746 4898 1808 4952 in

211 4986 416 5059 spiritu
462 4986 780 5058 adoptionis
808 4986 1134 5054 clamamus,
1164 4985 1323 5040 Abba
1361 4991 1538 5058 pater.
1580 4988 1652 5042 Et
1686 4987 1807 5059 ipse

211 5076 447 5148 spiritus
474 5076 684 5130 clamat
706 5076 765 5131 in
786 5075 948 5131 nobis
976 5075 1062 5130 vel
1087 5091 1189 5147 pro
1215 5075 1376 5130 nobis
1393 5075 1697 5147 gemitibus
1728 5077 1810 5132 in-

214 5164 625 5222 enarrabilibus
672 5168 839 5240 (Rom.
886 5164 1028 5238 VIII).
1071 5166 1279 5237 Magna
1323 5181 1425 5221 vox
1457 5166 1710 5236 justitiae,
1752 5172 1809 5221 et

214 5270 425 5326 magna
460 5254 726 5322 cbaritas,
758 5272 857 5327 per
885 5271 1054 5327 quam
1085 5256 1291 5310 mortui
1333 5256 1658 5327 loquuntur,
1692 5271 1806 5310 non

213 5345 395 5399 solum
436 5344 763 5415 loquuntur,
786 5360 978 5398 verum
1009 5344 1178 5399 etiam
1222 5344 1365 5398 sicut
1393 5343 1531 5398 Abel
1562 5344 1808 5399 clamant

217 5433 364 5501 (Gen.
398 5435 497 5495 1v).
531 5433 734 5501 Magna
770 5432 877 5487 fuit
901 5449 1004 5487 vox
1052 5433 1449 5505 apostolorum,
1500 5450 1622 5505 quae
1674 5433 1809 5488 exiit

213 5519 266 5577 in
294 5537 523 5578 omnem
553 5525 782 5588 terram,
816 5528 873 5576 et
899 5538 1138 5592 magnus
1165 5523 1395 5589 clamor,
1430 5523 1525 5592 qui
1555 5522 1810 5594 pervenit

1889 4457 2012 4509 vita
2047 4471 2194 4509 mea.
2238 4456 2447 4520 Vidisti,
2492 4455 2742 4517 Domine,
2794 4453 3150 4520 iniquitatem
3190 4451 3486 4503 adversum

1890 4561 1975 4599 me
1996 4545 2223 4614 :judica
2241 4545 2526 4612 judicium
2548 4557 2753 4596 meum.
2781 4542 2973 4595 Vidisti
2994 4554 3210 4593 omnem
3229 4539 3490 4611 furorem!

1889 4649 2080 4688 eorum
2109 4634 2404 4687 adversum
2426 4648 2530 4697 me,
2574 4633 2863 4685 universas
2892 4630 3240 4695 cogitationes
3271 4642 3485 4681 eorum.

1891 4723 2022 4777 Haec
2048 4738 2149 4776 vox
2178 4737 2288 4775 non
2318 4720 2505 4774 minus
2532 4718 2731 4790 capitis
2760 4722 2863 4784 est,
2893 4731 3060 4787 quam
3093 4719 3152 4769 et
3187 4714 3436 4786 corporis
3468 4731 3482 4768 :

1889 4811 1970 4865 ita
1995 4816 2061 4865 ut
2086 4825 2189 4864 nec
2217 4825 2419 4880 corpus
2462 4809 2584 4862 sine
2610 4807 2811 4878 capite,
2856 4821 2959 4860 nec
3002 4809 3172 4876 caput
3209 4804 3330 4859 sine
3361 4820 3489 4859 cor-

1888 4916 2023 4973 pore
2050 4897 2383 4953 inveniatur.
2417 4896 2628 4951 Idcirco
2653 4895 2930 4966 judicium
2964 4898 3021 4948 et
3056 4893 3369 4965 redemptio
3399 4894 3487 4947 si-

1888 4991 2027 5057 mul,
2063 4991 2312 5053 1469
2337 4985 2497 5057 quasi
2538 4985 2597 5039 in
2636 4999 2751 5039 una
2777 4999 3018 5056 persona
3044 4982 3303 5054 precibus
3330 4981 3484 5036 Patri

1889 5076 2485 5151 commendatur.Nam
2492 5072 2766 5144 judicium
2778 5073 2835 5126 in
2849 5088 3018 5127 causa
3028 5071 3317 5137 animaaut
3328 5071 3485 5139 justa

1890 5168 2226 5233 inveniatur,
2256 5165 2431 5220 totius
2460 5163 2709 5235 corporis
2734 5180 2958 5217 summa
2984 5161 3152 5234 capiti
3178 5158 3480 5214 tribuitur:

1887 5256 2198 5328 redemptio
2235 5272 2383 5320 vero,
2433 5258 2498 5308 ut
2542 5253 2611 5308 de
2642 5258 2821 5308 morte
2851 5253 2921 5307 ad
2949 5252 3120 5307 vitam
3165 5246 3479 5319 proﬁciant,

1888 5344 2106 5416 corpori
2128 5347 2454 5415 praestatur:
2486 5340 2751 5413 quoniam
2774 5358 2877 5395 nec
2899 5341 2996 5394 ille
3016 5338 3339 5406 redemptus
3353 5335 3482 5405 jure

1888 5433 2109 5498 dicitur,
2127 5433 2221 5505 qui
2239 5448 2526 5503 nunquam
2540 5435 2626 5486 cst
2642 5429 2993 5484 venundatus
3006 5426 3108 5481 sub
3118 5430 3366 5497 peccato,
3381 5439 3484 5478 nec.

1890 5523 1995 5577 iste
2018 5521 2138 5577 suis
2155 5521 2370 5576 viribus
2385 5522 2627 5576 conﬁsus
2638 5521 2719 5574 De
2732 5518 2903 5574 umad
2922 5516 3206 5585 judicium
3227 5532 3364 5586 prov
3379 5531 3483 5569 oca
