3960 6168
526 214 651 271 1191

1285 208 1346 260 S.
1384 206 1759 261 PASCHASII
1801 207 2158 263 RADBERTI
2199 209 2502 268 ABBATIS
2539 211 3032 268 CORBEIENSIS.

3594 217 3706 277 H92

514 337 622 393 nisi
638 334 863 408 justitia
882 331 1079 404 capitis
1095 329 1249 384 Patri
1274 329 1330 383 in
1352 345 1463 383 uno
1485 344 1714 398 corpore
1734 329 2105 383 commendet.
2130 332 2182 390 A
2198 336 2333 399 tem,
2357 337 2561 388 nostra:
2582 334 2653 388 du
2660 335 2763 404 piae
2786 335 2986 391 mortis
3003 336 3307 408 redemptio
3327 337 3727 398 exhibeamr.1d._

517 428 702 482 Causa
712 425 884 496 igitur
895 422 1153 478 Christus
1162 418 1448 474 fuittotius
1462 417 1651 471 redem
1660 417 1864 488 ptionis
1881 424 2102 473 nostrae.

2189 420 2337 475 circo
2366 427 2546 476 restat
2570 427 2635 476 ut
2659 423 2829 493 capiti
2858 424 3137 494 primatus
3154 432 3396 480 servetur
3413 428 3653 495 Ecclesiae,
3674 436 3721 483 et

517 523 587 574 Et
606 520 732 573 ideo
754 521 880 588 post
897 530 1122 569 causam
1139 510 1431 581 judicium,
1458 518 1582 578 post
1592 506 1865 575 judicium
1887 508 2107 560 redem-
2188 526 2288 581 per
2304 511 2608 581 primatum
2628 512 2827 583 capitis
2848 512 3071 584 integra
3086 514 3238 569 salus
3255 516 3586 571 custodiatur.
3602 517 3724 571 Αιίο.

514 608 633 681 ptio
654 608 777 661 vitae
807 604 1159 674 sempiternae
1188 598 1478 669 sequitur:
1514 595 1777 665 quoniam
1804 595 1911 649 nisi
1941 612 2110 650 causa

518 696 726 753 Christi
754 694 974 748 nullum
1002 689 1163 744 nobis
1183 687 1290 741 nisi
1320 684 1577 757 supplicii
1601 684 1874 754 judicium
1899 690 2106 739 manet.

520 786 663 840 Hinc
681 800 834 838 more
848 786 1135 835 oratorum
1152 778 1482 831 clementem
1496 774 1741 845 judicem
1757 773 1825 827 ad
1844 774 2108 844 pietatem

518 876 757 929 invocat.
783 870 1032 924 Primum
1059 868 1274 937 justum
1298 864 1547 935 judicem
1568 864 1884 926 conﬁtetur,
1909 861 2111 915 deinde

517 978 742 1017 causam
764 960 965 1013 animae
977 974 1090 1011 suae
1111 972 1210 1010 cur
1222 953 1454 1017 venerit,
1472 952 1751 1019 insinuat;
1776 951 2114 1022 redemptio-

518 1068 647 1106 nem
679 1054 908 1120 propter
937 1062 1104 1118 quam
1136 1044 1288 1098 venit
1330 1041 1548 1108 retexit,
1577 1041 1822 1111 seipsum
1866 1040 2108 1111 pretium

517 1141 698 1207 affert,
729 1143 1093 1205 nostramque
1136 1134 1324 1196 vitam,
1358 1137 1586 1202 prOpter
1625 1128 1915 1182 charitatis
1944 1128 2111 1199 spiri-

517 1235 663 1297 tum,
679 1244 840 1282 suam
866 1241 986 1279 esse
1006 1223 1272 1287 declarat,
1299 1226 1576 1291 quatenus
1594 1218 1757 1272 sicuti
1784 1233 1885 1272 nos
1904 1217 1963 1271 in
1990 1217 2107 1284 illo,

518 1317 597 1372 ita
627 1321 684 1370 et
711 1316 830 1387 ipse
859 1314 917 1366 in
946 1311 1106 1366 nobis
1134 1311 1300 1363 vivat.
1336 1310 1684 1362 Postremum
1705 1323 1834 1360 vero
1856 1306 2113 1360 advorsa-

516 1405 728 1459 riorum
756 1404 1001 1456 furorem
1024 1399 1289 1452 adversus
1309 1413 1368 1450 se
1390 1400 1807 1459 commemorat,
1832 1400 1897 1449 ut
1917 1393 2113 1464 aequis-

516 1490 973 1561 simumjudicem
1003 1488 1073 1541 ad
1096 1487 1417 1556 aequitatem
1446 1484 1661 1553 judicii,
1687 1483 1847 1554 quasi
1860 1481 2108 1552 aequissi-

520 1598 645 1635 mus
664 1579 1006 1650 supplicator
1032 1575 1245 1630 devotis
1276 1573 1535 1645 precibus
1558 1573 1808 1625 inﬂectat
1842 1590 1851 1624 :
1886 1570 2108 1636 Vidisti,

2192 600 2324 669 quin
2346 601 2536 654 nullus
2558 600 2862 671 primatum
2884 603 3120 673 perdere
3139 608 3338 673 potest,
3356 605 3439 658 cui
3458 621 3555 658 non
3576 605 3724 659 subla-

2192 692 2284 742 tus
2301 694 2387 742 est
2405 689 2681 743 Christus.
2700 690 3004 761 Pr0pterea
3026 691 3090 745 ﬁt
3109 696 3278 762 caput
3298 692 3534 747 servandi
3547 709 3728 748 summa

2193 776 2363 830 studii
2392 784 2560 848 atque
2593 778 2779 849 operis
2810 779 3008 846 nostri,
3049 796 3271 834 summa
3306 781 3518 851 negotii,
3547 799 3729 837 summa

2192 865 2331 936 spei.
2360 883 2582 920 summa
2608 867 2879 921 virtutum
2933 868 3130 922 Omnis
3159 874 3345 923 autem
3369 886 3569 923 summa
3591 869 3730 925 studii

2193 955 2370 1008 nostri
2400 961 2502 1019 est,
2536 960 2600 1009 ut
2638 956 2816 1010 simus
2846 956 2906 1010 in
2937 957 3151 1012 unitate
3197 958 3439 1029 corporis
3464 957 3663 1023 Christi,
3687 962 3732 1013 et

2192 1043 2568 1114 compaginati
2599 1044 2655 1096 in
2687 1045 2903 1098 unitate
2931 1046 3147 1117 capitis,
3171 1063 3238 1099 ex
3260 1062 3367 1117 quo
3397 1063 3547 1101 omne
3571 1063 3733 1118 corpus

2193 1148 2295 1202 per
2322 1132 2867 1203 compaginationem
2889 1139 2946 1188 et
2970 1134 3383 1204 colligationem
3402 1135 3733 1188 subministra-

2193 1226 2315 1274 tum
2345 1221 2544 1274 crescit
2575 1221 2898 1291 copulatum
2928 1222 2985 1276 in
3031 1228 3396 1293 augmentum
3444 1229 3668 1278 sanctum
3690 1223 3736 1277 in

2193 1309 2451 1363 Domino.
2472 1310 2539 1363 Et
2561 1310 2769 1363 Isaias:
2795 1310 3016 1378 Aufert,
3046 1310 3251 1383 inquit,
3285 1328 3319 1364 a
3344 1313 3521 1365 Judaza
3542 1316 3679 1379 caput
3698 1316 3734 1363 et

2194 1400 2428 1451 caudam
2453 1399 2577 1463 (lsa.
2600 1400 2695 1465 Ix),
2719 1398 2931 1452 scilicet
2959 1399 3185 1453 initium
3217 1404 3275 1454 et
3304 1401 3491 1453 ﬁnem.
3512 1400 3615 1453 Hoc
3630 1414 3736 1452 sane

2194 1492 2363 1557 caput
2384 1486 2576 1540 Judaaa
2607 1492 2741 1540 tunc
2776 1486 2984 1554 amisit,
3018 1488 3245 1558 quando
3273 1489 3457 1542 Jesum
3486 1488 3737 1542 Dominum

2194 1591 2306 1628 non
2330 1575 2558 1645 recepit,
2583 1575 2639 1628 in
2671 1592 2779 1645 quo
2803 1575 3059 1631 Ecclesiae
3081 1561 3359 1648 primatus
3382 1580 3437 1630 et
3453 1575 3737 1647 principium

519 1670 776 1732 Domine,
797 1666 1040 1721 furorem
1056 1680 1250 1718 eorum
1263 1663 1555 1716 adversum
1577 1678 1687 1727 me;
1712 1660 1894 1714 vidisti
1911 1660 2113 1730 iniqui-
2129 1681 2175 1741 Β
2196 1663 2442 1735 eligitur,
2459 1662 2555 1734 qui
2576 1668 2662 1716 est
2682 1663 3093 1733 primogenitus
3114 1682 3179 1719 ex
3198 1664 3451 1731 mortuis,
3464 1664 3517 1718 in
3534 1680 3628 1735 quo
3641 1663 3739 1717 vitae

518 1763 714 1821 tatem,
728 1757 859 1810 licet
873 1752 1224 1825 reprobando
1240 1768 1461 1805 causam
1485 1751 1687 1804 animae
1706 1766 1842 1803 meae
1862 1749 2111 1818 judicem

517 1846 792 1915 eligendo.
809 1845 884 1898 Ex
908 1843 1110 1913 quibus
1124 1840 1304 1893 verbis
1322 1845 1492 1910 patet,
1508 1856 1674 1909 quam
1697 1838 1887 1891 omnia
1900 1837 2115 1908 judicia

519 1935 570 1988 ei
583 1933 864 2006 pendeant
874 1932 1022 2003 quod
1036 1930 1389 2000 iniquitatem
1406 1928 1523 1997 ipse
1532 1925 1882 1997 reprobando
1896 1925 2112 1995 puniat,

519 2040 687 2094 quam
712 2021 985 2092 judicium
1013 2018 1279 2074 divinitus
1302 2016 1577 2081 intendat,
1608 2015 1755 2086 quod
1782 2031 2006 2069 omnem
2032 2013 2113 2067 fu-

516 2129 703 2168 rorem
732 2112 997 2165 adversus
1028 2107 1330 2163 Ecclesiam
1362 2104 1593 2165 Christi,
1627 2120 1794 2174 quam
1825 2102 2114 2173 cogitatio-

518 2200 621 2255 nes
668 2200 1018 2269 singulorum
1057 2195 1301 2250 excutiat
1333 2212 1343 2246 :
1386 2198 1443 2247 et
1482 2193 1657 2263 prius,
1691 2197 1757 2245 ut
1791 2191 1923 2257 dixi,
1958 2207 2113 2245 more

519 2290 809 2342 rhetorum
840 2285 945 2339 sibi
972 2284 1273 2355 propitium
1306 2282 1457 2353 pium
1487 2281 1733 2351 judicem
1755 2280 2112 2334 reconciliet:

523 2377 725 2431 deinde
768 2381 957 2447 partes
997 2372 1443 2428 adversariorum
1492 2369 1759 2435 insinuat,
1792 2386 1857 2423 ac
1881 2386 1981 2440 per
2011 2368 2116 2422 hoc

490 2466 678 2541 .quasi
707 2464 776 2519 ad
808 2465 996 2519 omnia
1026 2462 1277 2517 membra
1304 2461 1565 2532 spiritum
1591 2458 1793 2530 agendi
1825 2464 1882 2512 et
1910 2474 2116 2529 pransu-

522 2555 711 2609 mendi
755 2561 924 2625 atque
960 2552 1222 2607 credendi
1262 2550 1542 2604 diffundit.
1578 2550 1706 2602 Haec
1743 2564 1986 2618 namque
2016 2563 2117 2600 vox

520 2643 824 2697 electorum
856 2642 914 2696 in
937 2657 1168 2712 corpore
1195 2638 1423 2702 Christi,
1448 2636 1543 2708 qui
1569 2636 1869 2707 primatum
1892 2633 2119 2688 benedi-

518 2732 719 2787 ctionis
748 2731 938 2800 adepti
966 2735 1117 2784 sunt.
1136 2729 1246 2782 Res
1265 2726 1470 2797 quipp’e
1503 2724 1778 2796 primatus
1812 2740 2011 2777 sonare
2041 2723 2117 2776 vi-

518 2821 703 2887 detur,
729 2819 995 2891 quoniam
1026 2817 1168 2870 alius
1202 2821 1287 2868 est
1316 2814 1555 2884 populus
1584 2813 1679 2882 qui
1708 2829 1808 2882 per
1832 2813 1976 2865 Esau
2004 2811 2115 2881 pri-

518 2909 807 2979 mogenita
829 2924 933 2961 sua
951 2904 1216 2969 vendidit,
1246 2902 1389 2956 alius
1410 2902 1503 2955 ille
1525 2901 1619 2970 qui
1646 2900 1801 2953 emit.
1830 2900 1995 2963 Nam,
2018 2901 2113 2952 Ja-

2194 1752 2419 1823 negotia
2444 1753 2561 1807 Deo
2589 1752 2744 1806 Patri
2774 1753 3113 1811 offeruntur.
3150 1755 3281 1824 Ipse
3308 1754 3522 1825 quidem
3550 1757 3623 1806 est
3646 1751 3739 1822 pri-

2195 1846 2381 1895 matus
2402 1846 2593 1895 noster
2620 1846 2678 1894 et
2702 1840 2850 1905 ﬁnis,
2874 1841 3007 1911 quia
3035 1842 3155 1913 ipse
3184 1848 3274 1897 est
3302 1842 3508 1913 primus
3530 1847 3582 1894 et
3598 1839 3741 1893 novis-

2195 1929 2371 1983 simus
2421 1948 2432 1982 :
2476 1930 2594 1999 ipse
2639 1934 2724 1982 est
2754 1930 2880 1983 ﬁnis
2911 1930 3050 2000 legis
3079 1930 3151 1984 ad
3177 1930 3461 2001 justitiam
3490 1927 3624 1983 omni
3648 1943 3741 1980 cre-

2193 2017 2347 2071 denti
2372 2035 2382 2069 :
2419 2034 2518 2088 per
2546 2034 2712 2087 quem
2743 2018 2925 2071 omnis
2952 2018 3225 2089 iniquitas
3255 2024 3448 2074 contra
3475 2035 3567 2073 nos
3591 2020 3742 2071 erecta

2160 2156 2164 2160 ,
2193 2104 2474 2175 dejicitur,
2488 2105 2760 2175 judicium
2784 2112 3037 2160 nostrum
3058 2107 3485 2178 erigitur,furor
3499 2106 3741 2159 adversan-

2198 2194 2337 2248 lium
2361 2194 2783 2255 condemnatur.
2809 2199 2866 2247 et
2893 2211 2994 2265 per
3015 2195 3391 2265 cogitationes
3419 2210 3595 2250 eorum
3615 2189 3741 2263 quasi

2197 2300 2231 2337 a
2246 2282 2431 2336 radice
2451 2299 2621 2354 Opera
2639 2282 2891 2353 inspecta
2909 2281 3309 2353 reprobantur,
3326 2289 3391 2338 ut
3409 2288 3465 2338 et
3475 2287 3643 2336 noster
3658 2279 3743 2350 pri-

2197 2376 2383 2425 matus
2398 2387 2525 2425 cum
2545 2370 2728 2441 capite
2743 2370 3107 2441 gloriﬁcatur,
3124 2376 3300 2442 atque
3311 2387 3498 2427 eorum
3514 2369 3745 2443 philargy-

2199 2460 2284 2513 ria
2311 2460 2735 2518 condemnetur.

2267 2548 2396 2603 Jam
2428 2549 2689 2620 deinceps
2719 2549 2817 2603 Sin
2853 2548 3044 2603 littera
3070 2554 3270 2604 contra
3302 2566 3404 2604 nos
3439 2547 3564 2621 quid
3588 2546 3746 2601 aﬁ‘erat

2202 2637 2323 2709 pari
2350 2639 2619 2706 lamento,
2648 2637 3123 2709 introspiciamus.

2933 2793 3039 2834 δικ.

2271 2909 2312 2971 1
2326 2909 2385 2970 4
2397 2907 2449 2969 ll
2465 2909 2502 2970 1
2527 2905 2768 2970 Audisti,
2791 2905 3038 2969 Domine,
3062 2903 3270 2975 inquit,
3295 2905 3574 2973 opprobria
3591 2913 3746 2955 eorum

517 2998 618 3052 cob
666 2997 970 3067 primatum
1038 2989 1439 3045 benedictionis
1502 2988 1724 3058 quietus
1793 2987 2104 3058 acquisivit,
2124 2994 2371 3054 Gomnes
2385 2994 3566 3060 cogitationeseorum,adversumme.Labia
3584 2992 3739 3043 insur-

518 3087 665 3139 Esau
696 3100 823 3136 vero
851 3080 1210 3150 philargyriae
1240 3077 1483 3137 deditus,
1518 3075 1780 3146 perdidit.
1818 3077 1937 3129 Iste
1959 3092 2113 3129 nam-

2191 3084 2443 3150 gentium
2457 3081 2617 3147 mihi,
2622 3087 2671 3135 et
2681 3082 3059 3135 meditationes
3072 3097 3269 3134 eorum
3284 3083 3566 3135 adversum
3576 3093 3649 3130 me
3659 3079 3747 3129 tota

518 3190 626 3243 que
656 3178 741 3224 est
768 3171 1064 3240 primatus,
1105 3166 1251 3236 quod
1282 3166 1392 3218 Res
1426 3164 1613 3218 littera
1644 3180 1843 3218 sonare
1872 3165 2108 3218 Videtur.
2193 3171 2299 3223 die.
2320 3171 2620 3225 Sessionem
2634 3171 3747 3237 θον-ωηιβίνεδαννεσεὶοηετηυίιίοεεθοςωη

517 3260 678 3315 Unde
699 3257 922 3328 singula
945 3254 1193 3326 corporis
1222 3252 1475 3307 membra
1498 3253 1741 3322 gratiam
1762 3252 1960 3323 capitis
1987 3270 2112 3324 par-
2189 3262 2437 3328 psalmus
2457 3274 2667 3311 eorum.
2684 3259 2828 3312 Nam
2849 3258 2938 3312 sin
2956 3263 3021 3312 ut
3036 3258 3398 3329 praemissum
3420 3263 3520 3325 est.
3538 3257 3749 3310 dentium

515 3348 736 3419 ticipari
760 3346 982 3411 debent,
1002 3349 1060 3399 et
1077 3344 1383 3415 primatum
1406 3342 1601 3411 gratiae
1621 3341 1915 3412 frugaliter
1932 3348 2114 3396 custo-
2192 3347 2625 3418 interpretatur:
2649 3352 2708 3400 et
2726 3351 2791 3401 ut
2818 3346 2913 3400 alii
2944 3347 3158 3414 dicunt,
3195 3364 3373 3418 super
3394 3346 3596 3401 vulnus.
3626 3342 3747 3397 Den-

516 3437 638 3491 dire
661 3455 671 3487 :
699 3442 975 3507 quatenus
995 3434 1065 3488 ad
1086 3432 1307 3502 singula
1321 3431 1519 3502 capitis
1541 3430 1793 3484 membra
1816 3430 1970 3501 vigor
1990 3448 2112 3501 per-
2193 3437 2332 3489 tium
2356 3435 2561 3506 quippe
2590 3435 2853 3489 adversus
2882 3435 3167 3490 Christum
3194 3435 3498 3507 Opprobria
3521 3433 3750 3504 plangun-

519 3524 722 3581 veniat.
754 3523 1017 3593 Alioquin
1066 3522 1187 3576 sine
1216 3521 1412 3575 decore
1443 3536 1565 3586 suo,
1595 3535 1797 3589 corpus
1824 3524 2111 3573 mortuum
2193 3529 2302 3578 tur.
2326 3524 2395 3577 Et
2424 3522 2722 3577 Psalmista
2755 3542 2768 3577 :
2796 3526 2988 3578 Dentes
3008 3540 3198 3578 eorum
3228 3540 3417 3590 arma,
3440 3528 3486 3578 et
3506 3523 3691 3590 sagitta:
3710 3519 3747 3569 et

511 3615 679 3682 jacet.
706 3614 767 3668 In
799 3612 980 3683 capite
1000 3610 1207 3665 etenim
1225 3610 1426 3679 jugum
1446 3608 1590 3675 vitae,
1616 3608 1675 3660 in
1705 3608 1888 3679 capite
1909 3608 2113 3679 prima-
2196 3615 2393 3680 lingua
2422 3628 2611 3666 eorum
2636 3614 2857 3680 gladius
2877 3618 3072 3666 acutus
3094 3614 3260 3683 (Psal.
3285 3613 3419 3682 Lvl).
3437 3612 3666 3676 Quorum
3689 3606 3749 3658 la-

515 3708 610 3758 tus
644 3700 987 3756 haereditatis
1018 3704 1241 3765 nostrae,
1276 3697 1336 3750 in
1373 3697 1555 3767 capite
1586 3697 1773 3766 gratia
1796 3696 2108 3751 vetustatis.
2193 3700 2288 3754 bia
2314 3700 2724 3771 insurgentium
2772 3706 2968 3755 contra
2997 3701 3317 3768 veritatem,
3349 3718 3413 3755 ac
3441 3701 3485 3754 si
3513 3697 3647 3753 labia
3669 3694 3750 3748 do-

515 3792 719 3847 Fertur
750 3791 900 3845 enim
925 3788 1153 3844 coluber
1184 3792 1431 3853 1400
1448 3803 1574 3840 cum
1598 3792 1832 3856 urgetur
1848 3785 2109 3856 periculis
2191 3789 2311 3843 losa
2328 3789 2387 3842 in
2401 3789 2566 3843 corde
2584 3794 2642 3843 et
2668 3789 2833 3843 corde
2854 3789 3022 3844 locuti
3044 3795 3198 3843 sunt.
3215 3790 3522 3862 Propterea
3538 3786 3689 3856 igitur
3706 3785 3751 3835 et
3788 3850 3795 3851 ί

515 3885 682 3952 caput
709 3879 1048 3934 abscondere
1076 3891 1317 3947 semper,
1360 3879 1418 3930 et
1454 3875 1510 3928 in
1541 3873 1732 3929 orbem
1763 3891 1823 3927 se
1850 3875 2111 3944 colligere
2191 3875 2365 3930 David
2377 3876 2481 3930 sub
2495 3877 2822 3931 haclittera:
2844 3880 3144 3947 Principes,
3159 3878 3368 3949 inquit,
3378 3872 3747 3947 persecutisunt

515 3969 735 4041 objecta
760 3968 980 4038 reliqua
1008 3971 1168 4037 parte
1197 3964 1464 4035 corporis.
1484 3964 1569 4017 Ita
1598 3968 1655 4017 et
1682 3961 1934 4016 membra
1956 3961 2112 4017 Chri-
2193 3982 2277 4019 me
2290 3968 2467 4032 gratis
2490 3967 2654 4033 (Psal.
2673 3980 2836 4019 CXVIII
2845 3971 2963 4031 ),ut
2977 3966 3301 4021 ostenderet
3314 3969 3505 4021 ﬂetum
3518 3963 3665 4033 hujus
3682 3958 3751 4011 lit-

516 4058 589 4112 sti
609 4063 794 4128 caput,
813 4056 963 4126 quod
976 4054 1233 4109 Christus
1253 4058 1356 4117 est,
1384 4051 1709 4106 custodiunt
1728 4056 1785 4105 et
1805 4051 2109 4122 primatum
2193 4058 2326 4107 tera:
2349 4054 2495 4125 quod
2526 4070 2699 4125 super
2715 4055 2916 4109 vulnus
2940 4054 3164 4110 dicitur.
3190 4056 3339 4111 Nam
3366 4061 3423 4110 et
3448 4052 3571 4109 alibi
3597 4044 3751 4103 vatici-

516 4146 814 4199 observant
842 4144 975 4214 quia
1000 4162 1010 4195 :
1038 4144 1103 4197 In
1128 4143 1249 4213 ipso
1281 4141 1469 4195 omnia
1495 4145 1775 4205 constant,
1804 4144 1859 4193 et
1886 4139 2007 4211 ipse
2027 4145 2113 4193 est
2194 4141 2400 4207 nando,
2420 4159 2546 4196 cum
2566 4144 2707 4213 ejus.
2731 4142 2890 4214 quasi
2913 4143 3213 4214 Evangelia
3230 4144 3567 4199 describeret
3579 4137 3751 4211 passio-

516 4238 684 4304 caput
724 4231 972 4301 corporis
1017 4230 1291 4286 Ecclesiae.
1323 4231 1440 4283 Hoc
1484 4229 1691 4299 quippe
1725 4228 1857 4299 quia
1886 4228 2175 4304 miserian
2194 4247 2344 4295 nem,
2377 4230 2525 4285 inter
2552 4236 2753 4287 caetera
2782 4231 2936 4299 dicit,
2959 4249 3023 4287 ac
3052 4232 3099 4286 si
3128 4232 3200 4286 ad
3227 4232 3487 4287 Patrem:
3512 4225 3749 4294 Quoniam

518 4321 735 4376 vivendi
764 4336 928 4375 usum
959 4324 1017 4373 et
1041 4319 1284 4372 fructum
1307 4334 1418 4371 non
1451 4316 1693 4371 habebit.
1717 4317 1781 4370 In
1806 4316 2009 4387 quibus
2029 4317 2112 4371 ni-
2126 4316 2175 4336 "
2196 4336 2361 4391 quem
2377 4324 2438 4374 tu
2454 4320 2796 4391 percussisti,
2813 4321 3087 4391 persecuti
3106 4326 3261 4390 sunt,
3276 4327 3335 4376 et
3352 4337 3519 4392 super
3535 4317 3748 4372 dolorem

516 4411 726 4467 mirum
747 4408 929 4463 tribus
948 4406 1201 4462 versibus
1222 4406 1412 4460 omnia
1432 4406 1739 4460 electorum
1758 4407 1989 4475 praemia
2012 4423 2113 4477 per
2192 4409 2485 4462 vulnerum
2511 4425 2764 4463 meorum
2792 4409 3132 4464 addiderunt
3161 4411 3325 4479 (Psal.
3360 4415 3567 4473 vam).
3598 4406 3749 4471 Super

516 4506 684 4573 caput
697 4498 847 4571 quod
863 4497 1119 4553 Christus
1131 4494 1371 4550 estPatri
1390 4495 2112 4567 commendantur,ejusque
2193 4496 2443 4551 dolorem
2461 4513 2704 4567 namque
2722 4498 2970 4552 vulneris
2992 4498 3295 4564 addidisse,
3321 4503 3407 4553 est
3422 4498 3489 4552 de
3510 4492 3747 4550 medicina

511 4588 721 4658 judicio
760 4586 1051 4656 redempta
1093 4588 1151 4638 et
1189 4583 1501 4654 justiﬁcata
1536 4582 1866 4637 offeruntur.
1900 4584 2112 4638 Deinde
2194 4590 2433 4640 mortem
2464 4586 2787 4657 sumpsisse.
2814 4587 2974 4641 Unde
3003 4588 3261 4659 apposita
3285 4592 3373 4642 est
3398 4584 3648 4656 iniquitas
3670 4580 3746 4632 Ju-

514 4694 646 4730 vero
674 4675 857 4730 omnis
884 4674 1152 4744 iniquitas
1182 4678 1241 4726 et
1266 4671 1420 4726 furor
1447 4671 1883 4738 adversantium,
1907 4672 2112 4742 cogita-
2192 4675 2437 4729 (imorum
2484 4691 2654 4745 super
2690 4674 3044 4745 iniquitatem
3093 4676 3366 4746 ipsorum,
3407 4675 3476 4729 ob
3515 4668 3746 4727 duritiam

516 4765 808 4833 tionesque
838 4761 1201 4833 reproborum
1232 4760 1657 4827 condemnatur,
1685 4766 1743 4814 et
1766 4761 1911 4814 mira
1936 4761 2111 4816 totius
2191 4763 2374 4817 cordis
2398 4763 2666 4834 ipsorum,
2687 4780 2757 4817 ne
2777 4763 3057 4818 intrarent
3081 4764 3137 4817 in
3165 4764 3444 4834 justitiam
3468 4761 3581 4824 Dei,
3595 4763 3746 4813 etca-

515 4850 764 4923 corporis
810 4849 1017 4904 Christi
1063 4850 1250 4903 unitas
1288 4849 1623 4907 declaratur.
1666 4866 1793 4903 cum
1830 4849 1933 4903 sub
1972 4851 2108 4920 jugo
2190 4857 2311 4905 tera
2332 4868 2455 4922 quae
2484 4852 2765 4906 dicuntur.
2783 4852 2851 4906 Et
2867 4853 2973 4907 hoc
2993 4869 3057 4907 ex
3077 4869 3213 4907 sono
3234 4853 3403 4923 hujus
3419 4852 3624 4913 litterae,
3644 4857 3745 4915 qua

515 4940 763 4997 omnium
783 4938 945 5009 quasi
965 4938 1023 4991 in
1044 4954 1281 5008 persona
1295 4937 1494 5008 capitis
1513 4939 1629 4993 Deo
1649 4938 1805 4992 Patri
1825 4938 2109 4992 aufertur?
2191 4956 2360 5012 super
2379 4941 2581 4995 vulnus
2600 4942 3005 5013 interpretatur
3023 4946 3208 4998 textus
3232 4941 3461 4996 [amenti
3480 4956 3491 4989 :
3513 4933 3744 5008 quoniam

513 5032 845 5098 Redemptor,
880 5026 1082 5098 inlinit,
1115 5028 1237 5080 υίίιῖε
1277 5043 1422 5092 mea},
1454 5025 1551 5081 libi
1580 5026 1688 5081 alia
1718 5026 2108 5098 interpretatio
2192 5047 2257 5084 ex
2286 5029 2564 5084 medicina
2590 5030 2731 5085 dura
2761 5036 3031 5085 curantur
3053 5031 3302 5085 vulnera.
3337 5030 3407 5084 Hi
3434 5043 3557 5082 vero
3576 5034 3744 5093 super-

514 5118 685 5173 habet
710 5118 978 5184 defensor.
1013 5113 1089 5168 Ex
1126 5130 1235 5183 quo
1276 5113 1487 5185 liquido
1514 5115 1847 5182 ostenditur,
1880 5120 1946 5170 ut
1970 5115 2101 5181 dixi,
2188 5118 2543 5184 addiderunt,
2578 5118 2673 5189 qui
2702 5128 2759 5172 et
2802 5119 2949 5173 mala
2992 5136 3092 5190 pro
3124 5119 3282 5173 bonis
3310 5116 3670 5177 reddiderunt,
3696 5111 3744 5160 et

515 5208 662 5280 quod
708 5203 1022 5275 redemptio
1063 5201 1329 5256 membris
1373 5204 1650 5273 congruit,
1698 5204 1946 5259 defensio
1974 5221 2105 5259 vero
2188 5207 2475 5278 perﬁdiam
2520 5224 2585 5261 ex
2614 5207 2722 5261 ﬁde
2752 5207 3175 5275 vaticinantium
3206 5209 3568 5268 messuerunt,
3599 5205 3741 5269 amne

514 5314 671 5367 aeque
694 5292 961 5349 membris
992 5298 1051 5347 et
1070 5291 1274 5362 capiti:
1300 5298 1577 5362 quatenus
1598 5294 1907 5364 redemptio
1932 5311 1996 5348 ac
2013 5295 2105 5348 de-
2187 5296 2432 5367 perﬁdiae
2456 5312 2569 5350 suae
2590 5296 2888 5351 homicidia
2908 5296 3337 5367 subjunxerunt.
3357 5295 3487 5359 Quae
3506 5288 3739 5346 nimirum

513 5385 691 5441 fensio
732 5383 905 5438 totius
934 5398 1165 5436 summa:
1208 5386 1412 5435 nostrae
1440 5381 1781 5451 salvationis,
1814 5400 1913 5454 per
1943 5383 2105 5439 Chri-
2187 5385 2338 5438 mala
2352 5390 2739 5439 consummata
2753 5385 2943 5455 justus
2963 5384 3193 5453 arbiter,
3213 5385 3369 5457 quasi
3390 5378 3738 5437 consummato

514 5480 665 5530 stum
680 5473 796 5526 Deo
812 5471 965 5525 Patri
987 5470 1272 5535 offeratur,
1286 5473 1351 5522 ut
1369 5484 1469 5539 per
1487 5470 1793 5541 simplicem
1814 5473 1937 5542 ejus
1959 5489 2105 5527 mor-
2178 5473 2408 5543 judicio,
2434 5474 2549 5528 Deo
2570 5473 2721 5527 Patri
2744 5473 3027 5545 puniendo
3041 5475 3221 5529 oﬁ‘ert.
3237 5471 3587 5530 Incredulitas
3604 5477 3737 5520 nam'
