3960 6168
252 179 388 237 1193

905 184 1283 242 EXPOSITIO
1325 187 1403 242 IN
1442 187 2050 252 LAMENTATIONES
2089 197 2437 255 JEREMIIE.
2484 230 2547 242 -
2590 199 2725 281 LIB.
2769 203 2867 259 III.

3389 213 3522 272 1194

245 324 355 378 que
381 322 578 362 eorum
602 308 799 364 vulnus
822 309 950 374 fuit,
979 327 1147 384 super
1177 312 1379 367 vulnus
1399 320 1590 369 autem
1613 316 1911 387 perﬁdiaA
1928 323 1985 372 et
2001 321 2660 394 gratiae,quivulneribus
2679 330 2890 386 nostris
2910 328 3518 397 adhibeatmedicinam

242 402 302 450 et
348 399 662 469 peremptio
709 400 950 453 Domini.
1008 401 1178 455 Porro
1225 419 1394 472 super
1436 404 1654 458 vulnus.
1707 406 1837 475 quid

241 491 394 538 recte
434 486 541 539 nisi
578 487 1042 542 medicamentum
1074 490 1396 560 apponitur,
1441 509 1550 561 quo
1601 492 1843 548 vulneris

239 573 521 628 acerbitas
552 576 884 646 mitigetur?
917 579 1098 648 Super
1123 580 1324 633 vulnus
1355 580 1527 649 igitur
1548 581 1731 634 oleum
1763 582 1844 635 in-

178 687 184 692 ·
237 663 514 726 funditur,
534 669 595 717 ut
615 665 797 718 omnis
831 666 1072 720 vulneris
1105 669 1390 721 molliatur
1407 670 1700 739 asperitas.
1732 670 1839 724 Su-

237 769 341 823 per
361 754 562 806 vulnus
587 755 892 824 malagma,
913 756 995 808 vel
1017 757 1207 818 III)UI8,
1237 774 1408 827 saper
1426 759 1628 811 vulnus
1640 758 1839 827 alliga-

233 846 297 895 tu
309 841 599 912 ra.quibus
621 859 786 896 omne
807 844 1007 897 vulnus
1029 845 1412 899 foveatur.Sed
1431 847 1485 899 hi
1508 847 1576 899 de
1603 846 1841 917 recipro-

234 930 478 992 catione,
503 932 711 1000 rejecto
734 932 1163 991 medicamento.
1190 951 1358 1004 super
1375 935 1575 988 vulnus
1604 935 1841 989 inﬁdeli-

201 1018 396 1080 'tatis,
434 1019 724 1090 perfidiam
748 1019 853 1074 sibi
883 1029 940 1074 et
965 1029 1199 1076 mortem
1233 1022 1570 1076 addiderunt
1588 1023 1750 1077 sicuti
1781 1028 1836 1078 et

234 1123 438 1161 omnes
469 1107 689 1178 reprobi
712 1125 776 1162 ex
807 1109 1081 1179 patientia
1110 1111 1210 1164 Dei
1243 1113 1410 1173 (Rom.
1448 1116 1530 1178 ιι).
1561 1111 1705 1165 Nam
1735 1111 1833 1166 bo-

235 1197 389 1250 nitas
411 1196 616 1251 Christi
640 1204 697 1251 et
714 1198 1004 1268 patientia,
1029 1215 1222 1252 omnes
1243 1199 1310 1252 ad
1335 1200 1722 1271 paenitentiam
1747 1201 1837 1256 in-

233 1285 398 1342 vitat.
433 1285 539 1356 ipsi
586 1303 713 1339 vero
758 1287 1067 1341 secundum
1109 1288 1372 1341 duritiam
1404 1290 1585 1342 cordis
1615 1306 1833 1357 eorum,

231 1374 627 1428 thesaurizant
647 1375 752 1429 sibi
769 1375 909 1429 iram
932 1377 989 1430 in
1011 1375 1102 1430 die
1127 1377 1221 1430 irae
1246 1384 1302 1431 et
1323 1377 1677 1432 revelationis
1694 1379 1834 1449 justi

225 1462 433 1531 judicii
454 1463 853 1535 Dei.Inquibus
876 1465 1120 1536 profecto
1143 1465 1412 1531 versibus,
1435 1467 1614 1520 Deum
1631 1467 1836 1538 ubique

231 1557 574 1622 praesentem
614 1552 866 1606 insinuat
925 1555 1078 1620 (lsai.
1126 1559 1188 1621 1),
1242 1554 1329 1608 cui
1369 1560 1426 1608 et
1468 1556 1835 1625 cogitationes

239 1646 281 1706 Ι
300 1645 360 1706 4
374 1645 493 1706 ‘32
514 1646 570 1694 et
589 1641 981 1695 meditationes
1003 1642 1185 1696 cordis
1197 1658 1388 1697 eorum
1404 1644 1663 1714 profectae
1683 1648 1832 1698 sunt.
1852 1631 1900 1691 Β

232 1729 483 1793 Audisti,
527 1729 730 1800 inquit,
763 1731 1056 1797 opprobria
1086 1736 1137 1783 et
1170 1747 1358 1786 omnes
1388 1735 1737 1798 cogitationes
1757 1749 1835 1786 eo-

232 1833 390 1871 rum.
427 1818 571 1882 Quia
598 1819 703 1872 hoc
723 1824 807 1872 est
837 1819 916 1872 illi
943 1819 1138 1874 audire
1162 1821 1312 1891 quod
1335 1826 1390 1874 et
1419 1821 1624 1885 videre,
1647 1821 1834 1876 videre

230 1922 367 1960 vero
388 1907 539 1978 quod
559 1913 617 1961 et
635 1908 796 1972 scire,
823 1924 990 1978 quem
1012 1909 1168 1962 nulla
1207 1910 1382 1964 latere
1409 1916 1644 1981 queunt,
1680 1910 1836 1964 nulla

231 1996 768 2066 subterfugereSed
788 1997 1009 2068 reprobi
1046 2014 1110 2051 ex
1132 1998 1402 2068 patientia
1423 1999 1539 2061 Dei,
1568 2000 1726 2070 quasi
1746 2015 1834 2053 su-

229 2103 338 2158 per
356 2086 560 2139 vulnus
589 2086 796 2156 peccati
819 2085 874 2139 in
900 2086 1224 2156 poenitentia
1245 2087 1351 2141 sibi
1378 2088 1762 2142 thesaurizant
1777 2088 1834 2142 in

231 2175 329 2230 die
354 2175 472 2229 irae.
489 2175 647 2229 Unde
663 2175 919 2246 sequitur
943 2193 952 2227 :
978 2174 1278 2230 Sessionem.
1293 2193 1479 2230 eorum
1500 2184 1547 2229 et
1561 2193 1832 2230 resurrec-

232 2269 444 2319 tionem
466 2281 655 2318 eorum
680 2266 815 2330 vide,
831 2280 922 2331 ego
937 2280 1058 2317 sum
1078 2267 1199 2318 Psal
1207 2282 1326 2318 mus
1339 2265 1830 2329 eorum.Quoniam

233 2353 563 2409 insultando
576 2358 632 2406 et
651 2353 1044 2407 subsannando
1057 2353 1290 2425 reprobe
1303 2370 1413 2407 non
1437 2354 1623 2408 minus
1639 2359 1834 2408 contra

230 2446 427 2513 caput,
463 2458 632 2512 quam
660 2447 716 2496 et
743 2447 936 2496 contra
966 2457 1167 2513 corpus
1197 2443 1448 2507 saeviunt,
1483 2443 1641 2514 quasi
1681 2443 1834 2513 pravi

224 2531 455 2602 judices
487 2536 543 2585 et
570 2531 824 2586 doctores
855 2531 913 2585 in
937 2532 1201 2586 cathedra
1232 2532 1541 2586 residentes
1569 2532 1836 2602 pestilen-

234 2621 351 2683 tias,
380 2636 618 2690 quorum
630 2621 750 2690 jam
770 2621 955 2674 nullus
969 2621 1186 2674 fovetur
1203 2620 1690 2698 m_edicamine,ubi
1710 2636 1836 2690 spes

235 2710 400 2764 nulla
431 2715 518 2762 est
561 2710 919 2763 refundendae
947 2710 1162 2774 salutis,
1198 2709 1329 2779 quia
1358 2708 1453 2762 ubi
1483 2726 1646 2763 omne
1673 2716 1840 2780 caput

234 2797 570 2867 languidum
593 2803 649 2851 et
673 2815 837 2852 omne
857 2815 952 2852 cor
977 2815 1243 2858 mmrens,
1259 2815 1292 2851 a
1311 2797 1516 2852 vertice
1536 2797 1731 2868 capitis
1752 2814 1840 2851 us-

235 2904 347 2958 que
381 2887 452 2940 ad
498 2887 746 2957 plantam
786 2887 962 2958 pedis,
1001 2888 1153 2941 nulla
1186 2892 1268 2940 est
1297 2887 1354 2940 in
1385 2903 1450 2940 eo
1479 2887 1711 2952 sanitas,
1743 2885 1838 2941 ubi

1925 408 2019 478 qui
2042 410 2399 480 alligatumm
2425 412 2722 469 verborum
2753 420 3063 476 caelestium
3108 442 3277 497 super
3320 430 3520 484 vulnus

1926 495 2178 567 imponat
2209 507 2243 564 Ι
2261 505 2316 564 4
2332 505 2470 566 τε,
2495 502 2683 558 dicens
2713 524 2724 558 :
2757 509 3143 566 Ptenitcntiam-
3165 495 3310 581 agite
3329 533 3524 585 app-ro-

1919 588 2215 656 pinqnabit
2254 591 2401 643 enim
2435 607 2670 659 regnum
2699 599 2951 650 cce/orum
2983 601 3190 661 (Matth.
3239 617 3335 662 1V).
3368 603 3525 660 Bona

1924 674 2095 745 igitur
2110 676 2426 746 alligatum,
2447 696 2570 749 quae
2591 683 2880 738 vulnerata
2896 693 3072 746 curat,
3091 691 3372 746 confracta
3393 710 3521 748 con-

1922 765 2110 817 nectit.
2146 765 2364 820 Et'ideo
2408 785 2502 822 eos
2532 771 2804 841 propheta
2832 773 2936 827 sub
2973 776 3060 830 his
3093 779 3340 834 versibus
3371 782 3517 836 infa-

1922 852 2227 922 tigabiliter
2251 854 2479 925 plangit.
2515 858 2609 928 qui
2637 861 2789 914 omni
2819 868 2942 916 arte
2972 866 3237 936 omnique
3267 868 3512 939 ingenio,

1925 949 2118 995 contra
2142 941 2450 1009 Christum,
2474 952 2779 1019 contraque
2809 951 2929 1020 ejus
2952 951 3253 1010 Ecclesiam
3273 956 3515 1013 incessa-

1917 1027 2107 1083 biliter
2131 1030 2852 1105 desaeviuntexprobrando,
2871 1041 3211 1110 meditando,
3240 1045 3510 1113 docendo,

1920 1118 2284 1202 insurgendo,
2313 1121 2393 1176 ita
2425 1128 2489 1176 ut
2517 1124 2655 1178 nihil
2676 1126 2751 1180 sit
2781 1127 2862 1182 eis
2881 1129 2989 1184 nisi
3011 1131 3266 1188 deridere
3295 1141 3352 1189 et
3380 1136 3514 1191 sub-

1917 1224 2157 1263 sannare
2186 1226 2300 1275 eos,
2337 1211 2430 1282 qui
2461 1212 2550 1283 pie
2579 1214 2770 1269 volunt
2797 1216 2855 1270 in
2883 1215 3104 1273 Christo
3143 1221 3345 1277 vivere.
3385 1224 3510 1279 Jam

1918 1297 2179 1369 deinceps
2209 1299 2328 1353 Tau
2358 1299 2604 1356 litteram
2636 1310 3072 1374 perscrutemur,
3105 1315 3169 1364 ut
3186 1327 3251 1365 ex
3279 1312 3399 1384 ipsa
3417 1329 3513 1368 co-

1915 1403 2185 1456 gnoscere
2225 1388 2502 1459 possimus
2532 1397 2596 1445 ut
2643 1393 2996 1450 exhortatum
3030 1402 3117 1453 est
3143 1399 3346 1467 verbis,
3377 1401 3512 1472 quid

1919 1475 2405 1545 perseverantibus
2428 1478 2582 1548 justo
2606 1480 2705 1535 Dei
2728 1482 2940 1552 judicio
2971 1485 3258 1543 reddatur.

2649 1713 2755 1754 TAU
2768 1741 2783 1758 ο

1988 1905 2182 1959 Reddas
2196 1908 2290 1970 eis,
2305 1905 2508 1977 inquit,
2533 1912 2725 1975 vicem,
2751 1912 2998 1981 Domine,
3003 1917 3170 1983 juxta
3190 1933 3354 1987 opera
3381 1937 3512 1976 ma-

1919 2009 1994 2046 nu
2004 2009 2096 2046 um
2111 1997 2540 2051 suaru-m.Dabis
2550 2000 2626 2052 eis
2639 2004 2857 2054 scutum
2869 2004 3050 2058 cordis
3062 2007 3304 2062 laborem
3323 2013 3482 2066 tuum
3492 2054 3506 2068 .

1917 2083 2259 2151 Persequeris
2278 2086 2341 2137 in
2367 2085 2560 2151 furore
2597 2092 2708 2152 tuo,
2745 2093 2794 2142 et
2821 2095 3060 2146 conteres
3087 2109 3174 2148 eos
3217 2099 3317 2150 sub
3343 2103 3505 2167 caelis,

1916 2171 2165 2224 Domine.
2190 2172 2333 2226 Nam
2355 2174 2493 2241 Tau,
2527 2180 2592 2229 ut
2620 2177 2856 2247 praetuli,
2893 2181 3056 2246 signa
3085 2181 3508 2256 interpretatur.

1897 2260 1984 2313 ~Et
2009 2260 2153 2314 alius
2177 2260 2475 2333 interpres,
2508 2268 2701 2331 voluit,
2724 2271 2953 2333 erravit,
2980 2256 3064 2324 viel
3087 2280 3512 2332 consummavit.

1918 2347 2132 2412 Quibus
2163 2350 2409 2421 profecto
2434 2353 2691 2408 sensibus
2733 2361 2890 2425 patet
2931 2357 3330 2432 intelligentia,
3363 2367 3514 2437 quod

1919 2438 2106 2492 omnia
2136 2439 2252 2494 haec
2285 2441 2341 2494 in
2369 2441 2606 2497 Threnis
2634 2443 2881 2500 lamenta
2920 2447 3082 2516 signa
3098 2456 3230 2506 sunt
3258 2459 3315 2507 et
3335 2459 3517 2510 osten-

1919 2526 2104 2581 siones
2139 2528 2477 2584 futurorum.
2513 2530 2670 2585 Unde
2701 2532 3002 2590 Psalmista
3041 2537 3122 2591 ait
3157 2557 3168 2592 :
3219 2541 3517 2597 Ostendisti

1917 2619 2115 2683 populo
2139 2621 2230 2669 tuo
2251 2619 2416 2682 dura,
2433 2624 2481 2671 et
2495 2620 2694 2672 dedisti
2714 2625 3079 2696 metuentibus
3098 2630 3146 2679 te
3160 2630 3516 2696 signiﬁcatio-

1925 2720 2068 2768 nem,
2103 2710 2160 2757 ut
2182 2705 2408 2772 fugiant
2431 2722 2471 2778 ¹α
2505 2709 2647 2774 facie
2673 2725 2838 2762 arcus
2871 2713 3035 2778 (PsaI.
3069 2717 3198 2783 1.1x).
3241 2717 3349 2772 Sed
3383 2719 3517 2790 quia

1921 2790 2144 2861 reprobi
2175 2793 2477 2848 noluerunt
2491 2795 2955 2863 animadvertere,
2978 2802 3175 2856 Redde:
3197 2807 3291 2870 eis,
3309 2805 3513 2877 inquit,

1921 2883 2112 2945 vicem,
2143 2882 2392 2945 Domine,
2406 2887 2576 2950 juxta
2604 2900 2766 2952 opera
2798 2901 3071 2942 manuum
3091 2906 3347 2947 suarum.
3371 2892 3517 2966 Ergo

231 2993 349 3030 non
377 2976 579 3046 portio,
615 2975 712 3029 sed
751 2976 1082 3029 universitas
1115 2975 1481 3046 periclitatur,
1512 2982 1568 3029 et
1598 2975 1836 3046 quadam
1857 2985 1900 3045 ο
1923 2967 2130 3023 ιῙιιάδΞίε
2159 2969 2403 3040 primum
2453 2972 2625 3026 vicem
2667 2973 2929 3041 reddidit,
2970 2977 3100 3047 quia
3143 2978 3516 3052 irrefragabili

230 3064 525 3134 corruptio
555 3064 728 3117 totius
759 3065 1008 3135 corporis
1055 3064 1182 3118 tabe
1214 3064 1580 3118 consumitur.
1615 3064 1696 3119 Ibi
1728 3081 1838 3118 non

231 3160 317 3207 est
342 3155 464 3223 jam
497 3153 779 3223 malagma
797 3153 1105 3224 imponere.
1129 3169 1309 3224 neque
1328 3154 1534 3216 oleum,
1562 3170 1742 3224 neque
1765 3154 1841 3206 al-

227 3243 566 3313 Iigaturam,
603 3243 698 3296 sed
749 3260 919 3313 super
963 3243 1182 3305 vulnus,
1229 3242 1357 3313 quia
1410 3241 1839 3312 impmnitudine

229 3332 610 3397 consumitur,
656 3332 822 3402 plaga
866 3331 1061 3385 mortis
1112 3331 1432 3402 apponitur.
1478 3331 1618 3384 Hinc
1668 3330 1842 3400 igitur

230 3421 591 3476 commodius
639 3426 725 3474 est
773 3421 974 3474 vulnus
1025 3419 1229 3473 habere
1267 3420 1413 3489 quod
1454 3420 1639 3473 foveas
1669 3427 1839 3490 atque

231 3510 617 3579 constringas.
654 3526 824 3580 super
854 3509 999 3579 quod
1036 3509 1502 3563 medicamentum
1547 3509 1835 3574 adhibeas,

232 3617 406 3670 quam
439 3598 562 3653 sine
583 3599 812 3653 vulnere
830 3615 978 3652 mors
1010 3598 1065 3651 in
1093 3604 1210 3652 toto
1245 3603 1434 3668 serpat
1454 3597 1712 3652 interius.
1740 3599 1839 3653 Est

233 3705 486 3758 namque
534 3704 646 3741 non
693 3688 872 3741 solum
913 3687 1160 3758 corporis
1192 3686 1410 3751 vulnus,
1442 3702 1635 3740 verum
1666 3687 1836 3741 etiam

231 3778 462 3840 mentis,
510 3776 656 3848 quod
704 3777 825 3830 oleo
863 3776 1043 3830 sancti
1093 3775 1336 3846 Spiritus
1380 3776 1656 3840 medetur,
1689 3777 1835 3847 quod

231 3865 592 3921 mollioribus
622 3865 857 3936 eloquiis
894 3871 950 3919 et
990 3865 1205 3935 pacifici
1239 3865 1514 3918 sermonis
1557 3865 1834 3919 suavitate

224 3962 484 4010 curatur.
542 3954 691 4010 Sunt
745 3954 896 4008 enim
957 3954 1201 4008 fomenta
1241 3953 1558 4020 verborum,
1607 3959 1738 4009 sunt
1778 3960 1835 4008 et

227 4045 648 4100 medicamenta
684 4043 990 4098 cmlcstium
1029 4048 1452 4114 praeceptorum.
1487 4042 1689 4114 quibus
1716 4059 1832 4097 om-

226 4151 300 4189 ne
348 4132 735 4204 nequitiarum
768 4131 917 4186 virus
968 4131 1213 4203 pellitur,
1265 4136 1322 4184 et
1373 4131 1670 4186 abolentur
1708 4147 1828 4186 ma-

225 4223 391 4289 culae,
420 4222 566 4278 Sunt
594 4221 732 4293 legis
759 4220 999 4287 vincula,
1033 4220 1235 4292 quibus
1279 4220 1456 4291 magis
1484 4219 1695 4290 alligati
1725 4219 1830 4274 sol-

1921 3058 2088 3111 corde
2116 3057 2523 3124 obduruerunt,
2549 3065 2656 3115 uta
2675 3061 2785 3116 ﬁde
2811 3069 2869 3117 et
2887 3064 3123 3119 veritate
3137 3069 3378 3138 amplius
3397 3072 3518 3141 pel-

1923 3147 2192 3212 lerentur,
2226 3165 2296 3202 ne
2329 3150 2546 3219 possint
2575 3150 2788 3204 intrare
2812 3152 3092 3222 justitiam
3123 3155 3244 3223 Dei,
3268 3164 3327 3212 et
3347 3159 3518 3215 vitam

1922 3235 2118 3290 salutis
2149 3239 2589 3308 apprehendere.
2623 3239 2782 3293 Hanc
2809 3241 2982 3295 vicem
3021 3243 3175 3312 juste
3205 3246 3411 3318 quippe
3433 3250 3518 3304 eis

1924 3324 2232 3378 reddidisse
2261 3326 2413 3380 dolet
2433 3326 2742 3381 secundum
2769 3345 2942 3399 opera
2971 3346 3239 3387 manuum
3261 3352 3512 3403 suarum,

1924 3413 2054 3483 quia
2065 3413 2232 3467 vitam
2248 3419 2544 3484 postquam
2565 3424 3240 3492 peremerunt,nunquam
3252 3425 3359 3478 nisi
3374 3443 3519 3481 mor-

1922 3507 2036 3556 tem
2066 3502 2377 3557 inveniunt.
2415 3504 2483 3557 Et
2513 3504 2618 3558 hoc
2646 3511 2733 3560 est
2760 3508 2908 3576 quod
2949 3509 3068 3562 Tau
3108 3510 3299 3566 littera
3343 3515 3511 3570 etiam

1920 3594 2130 3644 erravit
2159 3590 2579 3662 interpretatur.
2616 3593 2837 3648 Erravit
2877 3601 3066 3650 autem
3097 3613 3129 3651 a
3166 3599 3252 3652 via
3274 3601 3514 3671 populus

1919 3679 2259 3745 Judaeorum,
2283 3687 2436 3735 errat
2460 3681 2632 3736 etiam
2651 3688 2709 3736 et
2727 3683 2910 3737 omnis
2931 3685 3295 3756 reproborum
3312 3695 3510 3757 castus,

1919 3774 2149 3840 propter
2185 3769 2451 3824 duritiam
2482 3776 2539 3825 et
2567 3771 3052 3842 impoenitudinem
3081 3777 3264 3832 coniis
3293 3794 3508 3836 eorum.

1919 3859 2156 3931 Propter
2191 3859 2339 3930 quod
2388 3864 2447 3913 et
2491 3860 2763 3915 Dominus
2789 3865 3200 3920 consummavit
3221 3867 3506 3937 justitiam

1916 3964 2097 4013 suam,
2145 3948 2248 4002 hoc
2278 3954 2336 4003 et
2357 3948 2537 4020 ipsam
2565 3949 2686 4004 Tau
2721 3949 2969 4005 litteram
2997 3967 3199 4009 sonare
3239 3955 3502 4014 diximus.

1915 4037 2056 4091 Hinc
2077 4053 2297 4109 quoque
2312 4042 2398 4092 est
2418 4037 2565 4109 quod
2585 4037 2841 4110 sequitur
2860 4041 3044 4095 :Dabis
3059 4044 3135 4096 eis
3157 4049 3375 4100 scutum
3394 4062 3510 4101 cor-

1911 4127 1996 4179 dis
2028 4128 2268 4180 Iaborem
2291 4131 2470 4180 tuum.
2504 4126 2650 4191 Quia
2672 4127 2807 4182 dum
2834 4128 3112 4200 passionis
3132 4131 3338 4189 Christi
3357 4134 3509 4191 labo-

1911 4231 2031 4268 rem
2061 4214 2352 4284 dedignati
2374 4220 2508 4270 sunt
2537 4216 2792 4270 venerari
2814 4222 2872 4271 et
2889 4217 3136 4286 credere,
3170 4223 3331 4292 quasi
3353 4241 3506 4282 eum‘

225 4319 460 4376 ventur,
490 4310 692 4382 quibus
713 4309 905 4400 collisa
936 4309 1198 4400 quaedam-
1212 4308 1418 4364 Christi
1439 4309 1690 4400 membra
1703 4308 1830 4363 soli-
1846 4340 1894 4400 D
1911 4302 2038 4400 dem
2069 4303 2316 4400 laborem
2349 4320 2448 4375 pro
2476 4310 2634 4400 scuto
2655 4310 2980 4400 tenuerunt,
3004 4323 3075 4400 ne
3094 4310 3506 4400 praedicationis

223 4397 638 4460 dantur,ethoc
647 4402 735 4450 est
748 4395 894 4468 quod
911 4412 1152 4467 praesens
1164 4395 1350 4449 littera
1366 4411 1565 4450 sonare
1586 4396 1823 4451 videtur.

229 4486 339 4542 Sed
392 4485 497 4539 sub
544 4485 628 4538 his
661 4483 841 4538 tribus
872 4484 1121 4539 versibus
1150 4483 1526 4538 irrevocabilis
1558 4484 1823 4555 reprobo-

225 4593 355 4630 rum
390 4581 586 4628 contra
608 4574 887 4628 Christum
917 4579 973 4627 et
1001 4575 1124 4644 ejus
1154 4572 1405 4627 membra
1435 4572 1653 4628 insania
1676 4573 1826 4644 plan-

227 4665 389 4735 gitur
414 4664 565 4730 (Luc.
621 4673 792 4725 xviii),
845 4678 910 4716 eo
966 4662 1114 4732 quod
1166 4662 1442 4716 medicum
1471 4663 1822 4733 repellentes,

223 4752 480 4806 omnium
515 4753 830 4820 rejecerunt
857 4751 1151 4804 vulnerum
1186 4750 1537 4804 medicinam.
1585 4751 1826 4806 Medica-

225 4848 486 4896 mentum
515 4840 689 4910 igitur
720 4857 890 4911 super
918 4840 1118 4893 vulnus
1149 4839 1391 4910 est,quia
1421 4839 1670 4894 medicus
1710 4840 1827 4912 ipse

222 4931 507 4985 Dominus
527 4930 554 4982 .l
561 4946 705 4994 esus,
726 4936 790 4983 ut
813 4929 1044 4982 vulnera
1065 4934 1512 4993 curaretnostra,
1528 4929 1734 4983 infudit
1753 4930 1824 4982 vi-

225 5037 366 5074 num
391 5026 447 5072 et
464 5017 647 5072 oleum
674 5034 844 5087 super
860 5033 1010 5081 eum,
1036 5017 1129 5088 qui
1161 5017 1458 5071 semivivus
1489 5017 1546 5071 in
1568 5017 1826 5087 viajace-

219 5109 324 5164 bat
350 5108 598 5164 relictus.
613 5113 671 5160 et
689 5107 923 5176 alligans
937 5107 1166 5161 vulnera
1188 5107 1306 5176 ejus
1343 5106 1622 5161 commisit
1641 5105 1827 5160 stabu-

223 5199 370 5253 lario
397 5196 493 5268 qui
517 5213 707 5250 curam
742 5195 891 5249 illius
907 5201 1102 5266 ageret
1144 5196 1351 5249 Caveat
1369 5212 1502 5265 ergo
1532 5195 1825 5266 unusquis-

221 5305 357 5360 que,
391 5303 462 5340 ne
494 5285 563 5339 ab
593 5286 900 5339 Jerusalem
946 5284 1002 5338 in
1047 5284 1327 5356 peccando
1352 5284 1670 5347 descendat,
1713 5285 1826 5337 imo

221 5377 450 5432 meritis
479 5374 744 5428 ascendat
779 5374 849 5428 ad
887 5373 1062 5428 illam.
1111 5373 1270 5438 Quod
1297 5373 1344 5428 si
1369 5373 1670 5442 contigerit
1697 5389 1825 5444 pec-

219 5482 404 5530 casse,
429 5462 720 5519 custodem
743 5463 1014 5520 habemus
1031 5463 1144 5519 oris
1164 5464 1360 5532 nostri,
1376 5463 1664 5518 custodem
1689 5464 1827 5534 legis

517 5563 776 5622 ΡΑτιιοι..
806 5561 984 5624 CXX.

1909 4391 2125 4463 spicula
2149 4409 2344 4447 eorum
2373 4393 2541 4448 corda
2567 4399 2947 4466 penetrarent.
2999 4396 3090 4451 Sic
3115 4397 3306 4471 itaque
3332 4406 3391 4457 et
3420 4419 3504 4459 re.

1909 4481 2087 4553 probi,
2114 4481 2248 4536 dum
2273 4498 2368 4537 eos
2401 4482 2497 4537 Dei
2535 4483 2809 4553 patientia
2831 4483 2902 4537 ad
2928 4485 3316 4554 paenitentiam
3351 4489 3504 4546 invi-

1906 4577 2010 4635 tat,
2037 4579 2329 4642 opponunt
2342 4570 2446 4624 sibi
2464 4577 2681 4625 scutum
2704 4571 2886 4625 cordis
2899 4572 3152 4628 eamdem
3174 4575 3273 4630 Dei
3291 4579 3504 4648 patiens

1908 4658 2065 4724 tiam,
2092 4660 2251 4732 quasi
2282 4676 2393 4714 non
2420 4657 2604 4713 videat
2621 4659 2754 4712 dum
2783 4659 2879 4713 diu
2904 4659 3160 4726 sustinet,
3187 4670 3243 4718 et
3272 4665 3502 4724 thesau-

1909 4748 2088 4802 rizant
2117 4748 2222 4802 sibi
2252 4748 2414 4811 iram,
2450 4753 2514 4802 ut
2546 4747 2847 4818 Apostolus
2875 4753 3136 4817 testatur,
3182 4751 3240 4807 in
3286 4753 3376 4810 die
3401 4755 3501 4814 iraa

1913 4839 2064 4905 (Rom
2078 4838 2177 4906 .11).
2199 4837 2475 4892 Tenditur
2487 4842 2674 4890 autem
2692 4852 2856 4890 arcus
2869 4837 3088 4907 judicii,
3110 4846 3142 4906 |
3158 4848 3214 4906 4
3227 4848 3348 4909 Q4
3364 4845 3501 4902 dum

1911 4928 2033 4996 ejus
2069 4926 2335 4998 patientia
2398 4926 2782 4996 prolongatur.
2831 4927 2938 4981 Sed
2983 4928 3039 4981 hi
3077 4929 3344 4988 duritiam
3392 4934 3497 4990 sibi

1909 5016 2280 5086 praetendunt,
2311 5021 2368 5068 et
2408 5014 2792 5068 excusationes
2835 5017 3037 5082 varias,
3071 5033 3142 5072 ne
3172 5021 3338 5074 verba
3372 5023 3496 5078 vita:

1908 5104 2230 5174 suscipiant.
2273 5105 2348 5157 Eo
2374 5103 2548 5172 igitur
2573 5104 2641 5157 ad
2665 5120 2725 5157 se
2746 5105 2990 5160 transire
3011 5108 3130 5176 ejus
3151 5110 3501 5179 praedicatio-

1908 5196 1995 5248 nis
2043 5193 2210 5247 verba
2239 5209 2350 5246 non
2401 5192 2756 5263 permittunt,
2809 5210 2918 5264 quo
2957 5211 3086 5249 eum
3126 5197 3381 5253 laborare
3410 5203 3495 5256 vel

1907 5283 2186 5337 sustinere
2210 5298 2386 5352 usque
2403 5281 2473 5334 ad
2504 5288 2742 5336 mortem
2764 5282 3020 5337 viderint.
3045 5284 3198 5348 Quod
3217 5293 3275 5340 et
3292 5288 3318 5341 ,Ι
3328 5289 3496 5344 udaais

1907 5372 2174 5426 accidisse
2213 5371 2487 5442 propheta
2535 5371 2768 5442 plangit,
2805 5371 2940 5426 dum
2968 5372 3073 5443 ipsi
3119 5372 3224 5428 sibi
3271 5386 3494 5434 scutum

1909 5460 2130 5515 duritiae
2150 5466 2441 5532 opponunt
2467 5477 2480 5528 ;
2513 5461 2646 5531 quia
2670 5461 2966 5515 mortalem
2994 5461 3095 5517 Dei
3125 5462 3302 5522 illium
3331 5484 3497 5539 quem

3184 5566 3266 5629 38
