3960 6168
627 329 765 387 1195

1381 327 1434 381 S.
1481 327 1854 381 PASCHASII
1901 326 2260 381 RADBER'I‘I
2304 325 2606 380 ABBATIS
2647 326 3142 381 CORBEIENSIS.

3737 338 3844 393 1196

626 457 731 529 ipsi
756 458 1136 528 peremerunt,
1170 451 1476 508 secundum
1507 468 1734 506 carnem
1761 452 1988 507 credere
2017 453 2218 508 nolue-
2234 455 2283 514 Α
2303 451 2621 506 ferientium
2645 451 2877 506 minime
2894 460 3281 524 penetrantur,
3299 456 3397 511 sed
3415 474 3512 512 suo
3533 477 3586 512 se
3607 460 3751 532 lapsu
3767 480 3849 534 per

625 551 776 601 runt.
820 545 884 599 In
923 561 1033 614 qua
1080 543 1349 597 nimirum
1397 557 1565 594 carne
1594 581 1606 605 ,
1649 541 1900 595 laborem
1943 542 2218 613 passionis

626 635 912 690 sustinuit.
946 633 1103 688 Unde
1131 637 1186 684 et
1217 631 1490 702 prOpheta
1528 629 1664 684 dicit
1696 649 1710 684 :
1741 632 2010 685 Laborari
2044 635 2217 685 susti-

626 742 759 779 nens
789 726 912 792 (Isa.
947 724 1011 792 ι).
1047 722 1225 784 Quem
1259 719 1509 772 laborem
1551 719 1826 789 passionis
1854 719 1987 773 dum
2023 720 2217 790 perfidi

622 813 901 874 viderunt,
952 826 1080 863 eum
1113 814 1176 862 ut
1212 809 1390 861 Deum
1440 808 1695 862 venerari
1739 815 2197 879 contempserunt

623 903 800 966 Quem
847 899 995 953 enim
1043 897 1304 952 videbant
1351 913 1517 950 carne
1564 898 1878 960 mortalem,
1932 897 2218 968 dedignati

620 997 749 1046 sunt
782 990 1010 1044 credere
1040 988 1421 1042 immortalem
1469 1004 1592 1040 esse
1625 986 1999 1040 divinitatem.
2059 987 2216 1042 Unde

623 1084 708 1147 (ut
762 1079 900 1148 dixi)
944 1084 1069 1150 post
1111 1077 1273 1148 signa
1318 1083 1375 1130 et
1416 1076 1858 1146 signiﬁcationes
1905 1076 2212 1146 signorum,

621 1169 754 1240 quia
796 1172 1256 1239 contempserunt
1303 1170 1366 1220 ut
1409 1165 1671 1235 fugerent
1699 1182 1728 1218 a
1763 1163 1901 1218 facie
1931 1182 2094 1219 arcus
2118 1167 2214 1236 ju-

619 1258 767 1323 dicii,
830 1262 981 1312 recte
1020 1256 1293 1326 sequitur,
1344 1254 1524 1324 magis
1591 1255 1978 1325 prephetando
2045 1271 2210 1325 quam

619 1347 983 1412 exhortando,
1006 1345 1284 1399 sententia
1313 1342 1814 1408 condemnationis,
1847 1359 1958 1412 qua
1972 1342 2207 1397 dicitur:

618 1439 961 1506 Persequeris
994 1438 1055 1487 in
1087 1436 1361 1500 furore,et
1393 1436 1632 1484 conteres
1652 1433 1753 1484 sub
1771 1435 1932 1497 caelis,
1961 1433 2208 1497 Domine,

619 1533 681 1579 ut
709 1525 822 1578 sint
853 1523 982 1594 quia
1003 1522 1448 1594 perduraverunt
1475 1520 1532 1573 in
1562 1520 1677 1573 suis
1695 1520 1878 1590 pravis
1899 1521 2212 1574 meditatio-

2300 541 2614 611 fragmenta
2631 541 3029 598 dissolvuntur.
3053 543 3210 598 Unde
3229 562 3436 617 corpus
3447 547 3661 618 maligni
3683 551 3846 618 hostis,

2301 630 2353 683 id
2387 636 2472 684 est
2499 647 2694 684 omnes
2724 631 2922 701 iniqui,
2971 632 3103 702 quia
3141 633 3271 703 jure
3319 651 3421 705 per
3467 635 3849 695 obstinationem

2301 718 2428 772 duri
2459 725 2608 782 sunt,
2642 736 2742 790 per
2775 720 2950 774 vitam
2994 738 3123 775 vero
3161 721 3412 792 fragiles,
3442 724 3605 779 scutis
3633 726 3848 783 fusilibus

2301 810 2700 874 comparantur
2743 823 2753 857 :
2787 821 2913 858 cum
2964 804 3131 860 verba
3173 807 3584 877 praedicationis
3631 811 3845 880 audiunt,

2302 893 2457 945 nulla
2484 893 2841 947 correctionis
2874 895 3064 966 jacula
3093 913 3153 950 se
3195 902 3492 966 penetrare
3516 900 3809 970 permittunt
3835 922 3844 956 :

2301 981 2434 1051 quia
2454 982 2510 1035 in
2540 982 2691 1035 omni
2714 989 2958 1052 peccato,
2981 985 3126 1054 quod
3150 985 3383 1050 faciunt,
3409 995 3618 1042 scutum
3639 991 3847 1060 superbae

2299 1070 2655 1134 defensionis,
2698 1078 2796 1125 aut
2836 1089 3017 1142 prava:
3066 1075 3387 1143 negationis
3427 1075 3528 1130 sibi
3584 1087 3844 1150 opponunt.

2299 1159 2440 1213 Nam
2471 1177 2595 1214 cum
2628 1160 2752 1230 quis
2782 1160 2978 1214 talium
3009 1162 3077 1215 de
3108 1169 3266 1217 reatu
3300 1182 3416 1218 suae
3460 1165 3748 1236 iniquitatis
3772 1185 3841 1222 ar-

2294 1249 2506 1317 guitur,
2542 1266 2652 1302 non
2679 1266 2805 1302 mox
2835 1250 3043 1319 cogitat
3072 1253 3357 1322 quomodo
3383 1254 3597 1325 culpam
3625 1257 3840 1327 corrigat,

2296 1337 2390 1390 sed
2438 1337 2570 1408 quid
2610 1338 2664 1391 in
2696 1338 3041 1408 adjutorium
3084 1357 3197 1395 sum
3244 1349 3498 1413 opponat
3535 1344 3840 1400 defensionis.

2297 1427 2463 1479 Nulla
2493 1426 2664 1496 igitur
2692 1427 2942 1482 veritatis
2962 1429 3163 1499 sagitta
3182 1436 3536 1501 penetratur,
3569 1433 3687 1503 quia
3711 1434 3842 1488 verba

2295 1521 2498 1569 sanctae
2518 1515 2904 1586 correptionis,
2933 1517 2987 1570 in
3016 1524 3174 1572 scuto
3189 1520 3399 1591 excipit
3423 1538 3598 1591 pravae
3621 1522 3841 1576 defensio-

617 1611 799 1678 nibus,
824 1611 1082 1665 sedentes
1099 1610 1154 1664 in
1179 1608 1442 1663 cathedra
1464 1607 1819 1678 pestilentiae,
1837 1613 1894 1662 et
1913 1615 2209 1678 surgentes
2294 1603 2398 1657 nis.
2439 1603 2519 1658 De
2551 1603 2752 1674 quibus
2787 1605 2891 1658 hoc
2933 1606 2990 1660 in
3021 1607 3141 1661 loco
3173 1616 3329 1662 recte
3360 1609 3637 1680 plangitur
3665 1629 3677 1665 :
3709 1612 3834 1664 Dabis

613 1705 810 1756 contra
854 1699 1176 1764 Dominum,
1223 1703 1494 1768 tanquam
1526 1697 1706 1768 pulvis
1761 1713 1927 1767 quem
1978 1698 2246 1770 projeciti
2291 1694 2366 1744 eis
2411 1698 2650 1758 scutum,
2686 1695 2932 1760 Domine,
2969 1698 3213 1750 laborem
3245 1704 3432 1764 tuum,
3467 1699 3592 1770 quia
3619 1699 3711 1770 ipsi
3737 1717 3833 1770 pro-

617 1796 813 1845 ventus
842 1807 873 1844 a
918 1788 1056 1843 facie
1084 1792 1268 1841 terrae.
1316 1784 1424 1849 Qui
1455 1784 1558 1840 sub
1588 1786 1724 1839 caalo
1754 1803 1887 1856 ergo
1916 1769 2271 1840 conterun-B
2292 1786 2417 1850 pter
2455 1797 2678 1851 poenam
2721 1784 2931 1852 peccati
2961 1783 3229 1838 duritiam
3263 1786 3375 1840 sibi
3407 1769 3584 1841 cordis
3611 1769 3835 1842 asciscunt

613 1886 726 1946 tur,
758 1880 891 1950 quia
940 1893 1041 1931 nec
1079 1875 1182 1948 ipsi
1227 1875 1426 1929 coelum
1457 1891 1598 1940 esse,
1644 1891 1746 1928 nec
1783 1875 2104 1930 coelestibus
2128 1875 2208 1928 in-

2290 1871 2345 1924 in
2403 1872 2746 1942 protectione
2794 1889 2976 1942 pravae
3033 1875 3401 1930 defensionis.
3458 1877 3718 1948 Siquidem
3758 1878 3829 1932 Dei

613 1968 824 2022 haerere
849 1966 1149 2020 voluerunt
1172 1962 1498 2034 disciplinis.
1540 1962 1751 2017 Idcirco
1781 1963 1912 2034 quia
1939 1962 2043 2034 ipsi
2073 1981 2204 2034 per-
2288 1959 2582 2014 abutentes
2637 1961 2908 2032 patientia
2964 1963 3021 2018 in
3065 1964 3416 2036 superbiam,
3465 1966 3592 2020 dum
3633 1967 3827 2036 cogitant

610 2056 786 2110 secuti
813 2061 945 2109 sunt
964 2053 1270 2118 Christum,
1303 2058 1367 2105 ut
1396 2052 1518 2122 ejus
1543 2050 1792 2105 membra
1821 2057 1988 2122 atque
2014 2053 2202 2106 omnia
2287 2050 2462 2104 Deum
2494 2051 2632 2104 talia
2660 2067 2770 2104 non
2800 2068 2995 2106 curare
3032 2071 3042 2105 :
3071 2060 3223 2108 recta
3257 2060 3318 2108 et
3346 2055 3482 2110 satis
3508 2072 3611 2110 non
3632 2055 3827 2109 intende-

609 2146 734 2200 vitre
780 2143 945 2209 bona,
973 2145 1103 2214 jure
1134 2148 1189 2196 et
1219 2141 1328 2213 ipsi
1355 2145 1770 2212 persequuntur
1803 2141 1863 2194 in
1908 2141 2115 2206 furore,
2149 2147 2204 2195 et
2286 2155 2365 2203 re,
2397 2139 2779 2194 thesaurizant
2809 2140 2912 2195 sibi
2947 2141 3088 2196 iram
3116 2143 3172 2196 in
3202 2143 3297 2197 die
3328 2144 3428 2198 ira:
3457 2150 3511 2198 et
3530 2145 3820 2198 revelationis

604 2239 975 2288 conteruntur
1001 2230 1316 2302 aequissime
1343 2247 1377 2283 a
1401 2229 1546 2284 bono
1575 2235 1632 2284 et
1653 2231 1809 2300 justo
1839 2230 1972 2294 Deo,
2006 2236 2069 2284 ut
2094 2246 2201 2284 au-
2279 2229 2417 2297 justi
2444 2229 2642 2299 judicii
2672 2229 2791 2283 Dei.
2828 2231 2942 2284 Hoc
2972 2231 3178 2303 quippe
3211 2238 3442 2286 scutum
3473 2233 3672 2304 primus
3697 2233 3820 2286 homo

607 2321 767 2376 diant
799 2323 1092 2376 :Discedite
1109 2337 1142 2372 a
1161 2337 1265 2386 me,
1290 2320 1590 2381 maledicti,
1617 2322 1681 2372 in
1705 2324 1883 2386 ignem
1908 2327 2196 2386 aeternum,

606 2414 706 2479 qui
749 2414 1094 2479 preparatus
1125 2415 1197 2463 est
1245 2409 1462 2462 diabolo
1499 2414 1545 2461 et
1579 2410 1791 2475 angelis
1828 2411 1944 2476 ejus
1987 2410 2195 2474 (Matth.

603 2504 746 2568 xxv).
783 2499 910 2552 Haec
938 2515 1180 2569 namque
1219 2504 1352 2552 sunt
1381 2497 1543 2568 signa
1567 2513 1689 2567 quae
1719 2502 2106 2562 cucurrerunt,
2143 2504 2199 2552 et

602 2588 1040 2658 significationes
1083 2604 1205 2658 quae
1245 2591 1717 2650 monstraverunt,
1753 2591 1817 2639 ut
1847 2586 2104 2656 fugerent
2164 2604 2199 2640 a

602 2677 741 2732 facie
784 2694 966 2740 arcus,
1006 2682 1071 2731 ut
1112 2675 1419 2730 liberentur
1460 2675 1639 2728 electi.
1675 2674 1782 2728 Sed
1815 2674 1946 2744 quia
1976 2674 2195 2745 reprobi

601 2772 1077 2838 contempserunt.
1110 2766 1272 2836 longe
1295 2781 1466 2834 supra
1483 2763 1585 2817 sub
1607 2763 1711 2816 hac
1732 2763 1920 2816 littera
1951 2764 2196 2833 praemis-

598 2873 722 2912 sum
742 2863 844 2918 est,
869 2857 926 2909 in
957 2872 1087 2909 voce
1115 2855 1288 2908 totius
1319 2852 1575 2907 Ecclesia:
1609 2870 1620 2905 :
1656 2851 2011 2921 Ingrediatur
2031 2868 2195 2905 omne

598 2947 810 2998 malum
831 2961 1020 2997 coram
1049 2950 1124 3008 te,
1158 2948 1216 2995 et
1238 2941 1592 2996 devindemia
1613 2956 1706 2993 eos
1738 2945 1966 3010 propter
2000 2957 2194 2994 omnes

595 3032 924 3102 iniquitates
968 3046 1162 3084 eorum
1195 3029 1404 3096 (Matth.
1440 3032 1502 3093 Ι).
1538 3029 1766 3082 Necnon
1798 3033 1854 3082 et
1881 3028 1938 3081 in
1969 3028 2078 3082 alio
2109 3029 2192 3082 al-

2282 2317 2466 2372 tenuit
2490 2319 2640 2384 (Gen.
2676 2322 2783 2387 Ill),
2817 2319 2912 2389 qui
2939 2320 3246 2390 requisitas
3277 2339 3381 2375 cur
3410 2321 3628 2376 vetitum
3656 2322 3820 2391 lignum

2283 2406 2626 2476 contigisset,
2660 2423 2770 2460 non
2805 2408 2874 2462 ad
2904 2425 2964 2462 se
3001 2410 3220 2480 culpam
3275 2411 3490 2474 retulit,
3527 2410 3615 2464 sed
3638 2409 3696 2463 ad
3725 2425 3816 2462 mu-

2282 2493 2474 2547 lierem
2513 2511 2679 2564 quam
2713 2495 2982 2550 Dominus
3012 2497 3062 2550 ei
3091 2497 3350 2561 dederat,
3386 2505 3442 2552 et
3471 2504 3666 2552 reatum
3693 2514 3817 2551 suum

2281 2581 2503 2656 oblique
2535 2583 2602 2636 ad
2634 2589 2919 2638 auctorem
2968 2586 3084 2639 dati
3126 2591 3380 2654 I436
3409 2587 3590 2659 inique
3619 2587 3814 2653 retorsit,

2280 2671 2374 2742 qui
2405 2671 2454 2724 ei
2488 2672 2775 2725 mulierem
2808 2673 3055 2727 dederat.
3093 2675 3210 2728 Hoc
3236 2683 3464 2729 scutum
3497 2676 3652 2730 etiam
3679 2675 3815 2744 requi-

2280 2760 2390 2814 sita
2413 2760 2614 2814 mulier
2631 2761 2832 2826 tenuit,
2858 2763 3082 2832 quando
3110 2779 3296 2834 neque
3328 2765 3448 2836 ipsa
3472 2765 3536 2817 ad
3566 2781 3618 2818 se
3641 2764 3812 2833 culpam

2278 2849 2510 2914 inﬂexit,
2571 2849 2667 2903 sed
2704 2851 2977 2921 serpentis
3018 2851 3154 2905 illud
3205 2852 3650 2924 persuasionibus
3683 2849 3812 2921 repli-

2275 2936 2435 3000 cavit,
2480 2938 2668 2993 volens
2711 2945 2769 2992 et
2825 2939 2944 3010 ipsa
2983 2947 3203 2995 reatum
3243 2960 3414 2998 suum
3451 2944 3505 2996 in
3560 2947 3811 2995 creatorem

2277 3024 2518 3090 ﬂectere,
2571 3027 2665 3098 qui
2709 3027 2820 3081 illic
2852 3028 3063 3082 intrare
3105 3037 3427 3102 serpentem
3478 3042 3809 3102 persuasurum

595 3119 836 3190 phabeto
859 3117 961 3172 sub
982 3119 1085 3171 hac
1103 3117 1298 3171 eadem
1329 3117 1516 3170 littera
1545 3136 1555 3169 :
1594 3117 1715 3170 Non
1743 3117 1864 3176 fuit.
1898 3117 2102 3187 inquit,
2136 3119 2252 3181 inC
2278 3112 2411 3165 talia
2438 3115 2786 3184 permisisset
2841 3117 2955 3171 Hoc
2992 3118 3198 3190 quippe
3240 3126 3300 3174 et
3348 3121 3481 3174 Cain
3521 3125 3713 3173 scutum
3738 3117 3811 3168 ha-

593 3207 684 3261 die
715 3206 922 3261 furoris
953 3205 1194 3269 Domini,
1231 3205 1327 3276 qui
1357 3205 1628 3274 effugeret
1661 3210 1716 3259 et
1747 3206 2180 3276 relinqueretur,

594 3302 658 3350 ut
679 3295 985 3351 subaudias
1011 3313 1075 3349 ex
1105 3295 1364 3349 omnibus
1384 3294 1633 3365 reprobis
1664 3313 1674 3346 :
1709 3294 1975 3366 quoniam
2006 3295 2190 3349 inimi-

593 3400 704 3440 cus‘
733 3401 892 3440 meus
923 3385 1267 3456 consumpsit
1303 3400 1416 3438 eos.
1453 3384 1756 3455 Propterea
1785 3389 1934 3438 recte
1961 3385 2100 3450 Tau,
2126 3391 2187 3439 ut

593 3473 705 3527 dixi
734 3476 1134 3527 consummatio
1157 3471 1582 3542 interpretatur,
1617 3477 1894 3542 quatenus
1931 3471 2034 3525 sub
2066 3472 2186 3543 ipsa

594 3561 778 3617 omnis
813 3560 1072 3632 impietas
1115 3566 1172 3614 et
1206 3559 1486 3629 injustitia
1520 3576 1647 3613 cum
1677 3561 2014 3614 converterit
2061 3577 2182 3613 eam

592 3650 742 3705 Deus
771 3651 829 3704 in
852 3649 1150 3721 judicium,
1192 3650 1381 3715 finem,
1406 3654 1464 3702 et
1489 3649 2027 3703 consummationem
2046 3650 2186 3703 acci-

593 3740 730 3810 piat.
740 3739 1019 3810 justitiam
1035 3739 1248 3793 scilicet
1263 3738 1556 3808 tinem,qui
1569 3738 1827 3792 Christus
1848 3743 1950 3803 est,
1976 3745 2033 3792 et
2051 3755 2183 3793 con-

591 3829 1026 3884 summationem
1060 3827 1448 3899 perfectionis:
1474 3827 1735 3897 impietas
1770 3844 1900 3881 vero
1921 3844 2182 3882 consum-

590 3917 899 3972 mationem
921 3933 1034 3971 sua:
1057 3915 1453 3978 damnationis,
1476 3921 1533 3969 et
1553 3916 1721 3969 finem
1745 3931 1814 3970 ne
1846 3916 1995 3970 ultra
2015 3924 2184 3987 queat

590 4007 871 4077 progredi,
905 4011 1181 4077 quatenus
1211 4005 1269 4058 in
1299 4003 1570 4074 utrisque,
1603 4004 1762 4074 signa
1793 4021 1914 4075 quze
1945 4021 2182 4076 praeces-

589 4101 804 4155 serunt,
839 4095 1130 4149 veritatem
1158 4097 1405 4159 14'35
1437 4092 1733 4147 exhibeant
1768 4109 1881 4146 suae
1908 4092 2185 4162 signiﬁca-

589 4183 777 4236 tionis.
797 4183 940 4236 Nam
969 4183 1094 4236 ideo
1113 4181 1385 4236 Dominus
1407 4181 1560 4252 prius
1591 4181 1835 4236 ostendit
1856 4181 2058 4253 populo
2080 4198 2182 4236 suo

589 4269 730 4324 dura
757 4269 860 4323 sub
889 4271 1048 4339 signo
1078 4269 1275 4337 crucis,
1309 4276 1374 4324 ut
1401 4270 1778 4325 liberarentur
1807 4271 1966 4324 electi
2011 4289 2022 4324 :
2067 4271 2181 4326 illis

590 4374 736 4424 vero,
771 4358 866 4429 qui
893 4357 1053 4428 signo
1077 4358 1256 4411 crucis
1281 4359 1578 4412 voluerunt
1601 4359 1830 4429 signari,
1862 4359 2066 4413 veritas
2089 4377 2178 4414 se-

2271 3199 2409 3266 buit,
2441 3219 2568 3256 cum
2597 3204 2986 3276 interroganti,
3008 3207 3120 3261 imo
3141 3207 3458 3280 increpanti
3482 3209 3694 3263 Domino
3714 3224 3723 3256 :
3740 3204 3809 3258 Ubi

2269 3296 2346 3342 est
2376 3290 2507 3345 Abel
2537 3294 2718 3359 frater
2749 3299 2913 3347 tuus?
2956 3295 3196 3366 superbe
3239 3304 3300 3351 et
3349 3296 3716 3352 contumeliose
3737 3308 3801 3344 re-

2270 3380 2496 3449 spondit
2525 3399 2535 3434 :
2562 3383 2769 3448 Nescio,
2804 3385 3054 3438 Domine.
3090 3386 3367 3454 Nunquid
3407 3403 3497 3454 ego
3518 3391 3674 3438 custos
3694 3396 3790 3434 sum

2267 3468 2470 3535 fratris
2506 3473 2651 3522 mei?
2690 3471 2826 3524 Ecce
2857 3489 2983 3526 cum
3014 3472 3170 3539 dicit,
3207 3476 3414 3539 Nescio,
3444 3476 3666 3535 Domine,
3688 3470 3799 3522 freu-

2269 3555 2497 3610 dulenta
2527 3558 2815 3613 humilitas
2843 3566 2900 3614 et
2928 3561 3068 3615 falsa
3087 3564 3316 3632 negatio
3341 3561 3694 3634 praetenditur,
3708 3571 3797 3610 cum

2271 3662 2398 3699 vero
2430 3646 2564 3700 dicit
2600 3666 2610 3701 :
2649 3649 2920 3716 Nunquid
2947 3667 3039 3716 ego
3079 3657 3257 3704 custos
3295 3669 3419 3706 sum
3457 3652 3641 3718 fratris
3681 3647 3798 3698 mei?

2267 3734 2577 3789 Contumax
2626 3735 2940 3806 objurgatio
2973 3743 3166 3792 contra
3209 3739 3389 3794 Deum
3438 3738 3665 3809 erigitur.
3705 3733 3794 3786 Jam

2265 3823 2392 3876 talis
2438 3829 2494 3877 et
2544 3824 2866 3894 hujusmodi
2909 3827 3190 3880 excusatio
3238 3845 3406 3899 paena
3427 3825 3621 3898 peccati
3649 3822 3792 3880 estet

2265 3912 2397 3965 dum
2429 3913 2663 3984 quisque
2693 3913 2792 3968 Dei
2831 3914 3101 3984 patientia
3145 3915 3402 3972 abutitur
3427 3916 3484 3970 in
3513 3911 3787 3986 superbiam,

2265 3999 2448 4054 subito
2481 4003 2622 4072 ejus.
2633 4001 2868 4072 perditio
2897 4009 2953 4056 et
2985 4004 3246 4059 contritio
3281 4005 3351 4060 de
3378 4005 3476 4060 sub
3503 4002 3638 4057 ccelis
3660 3994 3783 4050 venit.

2265 4089 2513 4152 Quorum
2555 4091 2730 4160 igitur
2774 4091 3065 4163 hucusque
3097 4092 3260 4164 culpa
3288 4095 3346 4148 in
3372 4111 3473 4149 usu
3503 4085 3784 4163 peccantium

2263 4179 2526 4245 trahitur,
2553 4181 2768 4250 justum
2788 4186 2873 4235 est
2901 4188 2964 4236 ut
2990 4181 3229 4237 vindicta
3250 4180 3607 4237 damnationis
3633 4187 3781 4244 sequa-

2261 4273 2358 4322 tur
2387 4288 2398 4322 :
2431 4269 2563 4340 quia
2592 4268 2738 4322 unde
2768 4269 2916 4322 finiri
2948 4276 3138 4324 reatus
3168 4269 3384 4337 debuit,
3418 4269 3538 4323 inde
3559 4282 3643 4338 per
3665 4258 3780 4316 duri-

2261 4357 2397 4411 tiam
2427 4357 2609 4411 cordis
2638 4357 2744 4411 sibi
2764 4358 3098 4430 supplicium
3127 4359 3364 4431 quisque
3392 4357 3554 4413 trahit
3581 4374 3591 4408 :
3615 4357 3661 4407 et
3684 4347 3778 4419 quia

587 4451 792 4518 quetur
819 4445 1110 4516 signorum
1153 4450 1321 4516 atque
1360 4445 1620 4499 contritio
1651 4446 1846 4500 aeterni
1871 4447 2126 4518 supplicii
2163 4437 2425 4516 :Dsigna
2462 4446 2658 4516 judicii
2697 4454 2946 4501 metuere
2990 4448 3188 4514 noluit,
3222 4465 3404 4520 neque
3433 4447 3631 4517 signum
3654 4437 3777 4505 hu].us

586 4536 719 4605 quia
743 4541 940 4590 contra
956 4533 1224 4588 virtutum
1248 4532 1606 4597 documenta,
1637 4539 1830 4588 contra
1858 4542 2175 4589 sanctorum

586 4623 876 4690 miracula,
893 4629 1111 4678 scutum
1143 4621 1390 4694 perfidiae
1410 4623 1951 4678 tenuerunt.1dcirco
1976 4624 2178 4678 contri-

585 4711 663 4765 tio
696 4712 900 4766 furoris
930 4713 1031 4767 Dei
1061 4729 1155 4766 eos
1185 4711 1560 4784 persequitur,
1599 4728 1667 4766 ne
1700 4712 1845 4766 ultra
1888 4713 2032 4766 vires
2082 4712 2178 4766 ha-

582 4797 752 4852 beant
779 4801 1146 4871 repugnandi.
1169 4801 1390 4856 llabent
1410 4801 1558 4855 enim
1591 4801 1749 4855 electi
1777 4808 1996 4856 scutum
2019 4800 2177 4856 bonae

582 4887 904 4953 voluntatis,
939 4905 1048 4959 quo
1079 4907 1142 4942 ex
1177 4890 1364 4944 divina
1407 4891 1750 4960 protectione
1781 4896 2124 4944 coronantur
2158 4910 2168 4944 :

2261 4533 2461 4588 litterae
2492 4535 2548 4588 in
2571 4535 2752 4590 fronte
2786 4536 2979 4606 gessit,
3001 4538 3218 4606 justum
3248 4543 3335 4592 est
3357 4542 3418 4590 ut
3437 4532 3691 4588 vindictam
3712 4538 3774 4576 ex-

2260 4622 2430 4694 cipiat
2450 4624 2827 4678 damnationis
2848 4641 2961 4679 suae
2990 4645 3004 4678 :
3025 4625 3156 4696 quia
3177 4627 3419 4697 profecto
3440 4639 3541 4677 non
3560 4619 3771 4674 solumer-

2259 4712 2418 4776 ravit,
2450 4729 2641 4766 verum
2665 4712 2832 4766 etiam
2864 4715 3273 4769 consummavit
3292 4721 3347 4769 et
3370 4708 3636 4782 complevit
3652 4714 3768 4756 men-

2259 4817 2446 4854 suram
2478 4802 2771 4862 scelerum,
2807 4807 2870 4856 ut
2897 4819 3024 4856 cum
3057 4802 3309 4873 reprobis
3337 4803 3451 4857 sine
3475 4801 3570 4853 ﬁne
3590 4795 3765 4848 damne-

2255 4895 2364 4943 tur.
2397 4889 2555 4944 Unde
2587 4889 2856 4944 Dominus
2886 4891 3226 4946 Patriarchae
3252 4908 3351 4946 suo
3384 4906 3394 4940 :
3436 4887 3673 4944 Nondum.
3699 4876 3762 4928 ίη⁴

578 4976 710 5046 quia
739 4992 877 5045 quos
907 4983 1206 5046 protegens
1242 4979 1486 5047 adjuvat,
1519 4995 1886 5033 remunerans
1919 4985 2167 5032 coronat.
2253 4979 2394 5049 quit,
2415 4983 2813 5047 complctasunl
2836 4986 3053 5048 peccata
3077 4983 3507 5035 Amorrhzorum
3527 4971 3655 5042 (Gen.
3676 4962 3755 5028 XV).

577 5064 801 5120 Habent
830 5071 884 5118 et
913 5065 1134 5135 reprobi
1161 5074 1380 5120 scutum
1417 5067 1665 5138 perfidiae
1697 5083 1833 5131 suae,
1868 5067 1936 5120 de
1967 5084 2076 5137 quo
2106 5084 2170 5121 ex
2253 5067 2352 5120 His
2373 5067 2563 5138 itaque
2587 5068 2894 5139 completis,
2928 5085 3055 5123 mox
3073 5076 3128 5124 et
3145 5067 3432 5140 promissio
3457 5060 3599 5117 simul
3618 5062 3663 5109 et
3677 5049 3760 5102 τὶηο

558 5170 814 5226 persona
842 5153 1047 5207 diaboli
1079 5153 1218 5208 bene
1246 5173 1346 5225 per
1373 5156 1475 5209 Job
1503 5156 1711 5210 dicitur
1739 5174 1748 5208 :
1783 5156 1987 5224 Corpus
2009 5159 2168 5209 illius
2249 5156 2398 5210 dicta
2429 5159 2579 5210 venit
2628 5157 2784 5220 Quod
2817 5157 2955 5211 satis
3000 5159 3271 5226 Jeremias
3303 5173 3396 5229 per
3421 5155 3546 5208 hanc
3569 5147 3754 5200 litteram

573 5248 734 5312 quasi
757 5248 908 5298 scuta
931 5245 1129 5311 fusi/ia
1158 5244 1292 5309 (Job,
1319 5245 1445 5311 xu).
1481 5245 1623 5310 Quid
1655 5245 1805 5298 enim
1834 5261 1935 5316 per
1962 5262 2164 5315 corpus
2245 5244 2511 5329 insinuat,
2533 5262 2654 5316 quae
2671 5252 3075 5300 consummavit
3097 5235 3750 5329 interpretaturzpectiihtum

567 5331 736 5397 illius,
785 5333 892 5386 nisi
933 5348 1126 5386 omnes
1176 5333 1396 5402 reprobi
1441 5333 1806 5404 accipiuntur,
1866 5335 1959 5404 qui
2001 5335 2160 5404 quasi
2243 5316 2512 5388 verbcum
2530 5316 3748 5406 consummatumfuerit,generatmortem.Con-

567 5426 725 5474 scuta
753 5406 951 5475 fusilia'
964 5421 1190 5491 fragiles
1220 5437 1340 5473 esse
1373 5421 1774 5490 perhibentur?
1806 5423 1974 5476 Scuta
2001 5439 2153 5493 ergo,
2241 5424 2544 5477 summatio
2584 5423 2773 5494 itaque
2804 5441 2868 5477 ex
2899 5424 3110 5478 duritia
3138 5405 3315 5479 cordis
3343 5429 3393 5477 et
3419 5419 3478 5473 de
3500 5405 3746 5499 impertit}?

561 5507 666 5563 sibi
705 5518 838 5564 sunt
869 5509 1072 5574 fusilia,
1102 5509 1160 5564 in
1189 5507 1543 5581 suscipiendo
1571 5510 1902 5580 sagittarum
1934 5529 2155 5583 percus-
2237 5511 2367 5566 dine
2393 5519 2719 5582 generatur.
2748 5513 2959 5568 Idcirco
3001 5512 3161 5569 nobis
3190 5511 3443 5568 orandum
3477 5510 3524 5559 et
3543 5502 3738 5584 iugem?

560 5599 744 5654 siones
773 5598 1004 5654 robusta
1031 5605 1181 5668 sunt,
1216 5599 1311 5654 sed
1341 5615 1474 5653 casu
1503 5598 1740 5669 fragilia.
1771 5601 1889 5656 lctu
1921 5600 2146 5673 quidem
2232 5603 2471 5657 cendum
2495 5607 2594 5667 est,
2622 5608 2685 5657 ut
2707 5603 2958 5658 emolliat
2975 5602 3242 5659 Dominus
3261 5599 3428 5657 cordis
3460 5587 3606 5649 nostri
3629 5583 3736 5637 duﬂ'
