3960 6168
258 219 394 278 1197

934 218 1309 274 ΕΧΡΟΞΙΤῙΟ
1350 219 1424 273 IN
1465 217 1850 274 LAMENTAT

1936 217 2068 275 NES
2107 218 2457 276 JEREMIIE.
2507 253 2567 262 —
2609 221 2745 278 LIB.
2789 220 2885 283 IV.

3399 230 3538 291 1198

249 347 388 402 tiam
413 365 424 399 :
451 351 732 418 quatenus
761 347 883 416 ejus
903 344 1065 416 signa
1086 350 1336 399 metuere
1356 345 1646 416 possimus,
1676 345 1852 416 potati
1871 356 1914 414 Α
1938 350 1996 398 et
2022 345 2431 401 consummatio
2460 346 2631 418 hujus
2676 347 2982 420 alphabeti,
3026 352 3257 412 ﬁniatur
3289 363 3346 412 et
3370 321 3539 415 liber

255 435 382 488 vino
413 433 881 505 compunctionis,
917 439 974 486 et
1001 433 1208 488 deﬂere
1236 433 1384 495 mala
1412 450 1533 504 qua
1558 432 1852 503 gessimus.

251 522 468 586 Quibus
507 522 585 576 ita
621 521 942 592 pramissis,
993 521 1126 592 quia
1174 521 1302 576 linis
1355 527 1441 576 est
1485 522 1602 576 Tan
1647 520 1852 584 littera,

1939 432 2141 488 tertius
2171 433 2495 489 earumdem
2527 436 3017 495 Lamentationum
3049 443 3408 515 expositionis
3443 448 3536 502 ﬂe-

1941 520 2088 575 tibus
2115 522 2465 593 relegendus.

1287 677 3536 706 ._..—————-——-—-———————__._____.____.

1245 784 1486 846 I40”!
1535 781 1943 844 PROLOGUS
1987 782 2197 842 LIBRI
2243 783 2560 854 QUARTI.

323 1017 526 1072 Tribus
572 1018 820 1072 decursis
872 1018 928 1071 in
979 1017 1499 1072 Lamentationibus
1537 1018 1854 1073 litterarum

251 1106 589 1179 alphabetis,
633 1113 889 1178 superest
915 1113 979 1161 ut
1009 1112 1271 1178 quartum
1301 1107 1574 1178 quadrato
1605 1107 1853 1178 mystica

249 1197 683 1266 signiﬁcationis
711 1212 1099 1250 recenseamus
1141 1212 1394 1260 numero,
1434 1196 1698 1266 quoniam
1730 1213 1852 1251 ma-

251 1285 470 1340 terialis
501 1292 585 1339 est
608 1303 618 1337 :
645 1290 710 1338 ut
737 1301 802 1338 ex
831 1285 950 1354 ipso
980 1285 1340 1338 conficiemus
1365 1285 1555 1338 omnia
1583 1285 1851 1339 virtutum

251 1380 608 1428 ornamenta.
627 1373 933 1427 Materialis
950 1373 1197 1443 quidem,
1214 1373 1346 1444 quia
1362 1373 1526 1426 homo
1541 1378 1597 1426 et
1611 1374 1854 1427 mundus

253 1469 502 1534 quatuor
528 1469 747 1516 constat
795 1462 1086 1516 elementis
1116 1468 1472 1531 compactus;
1525 1462 1851 1528 materialis,

251 1551 392 1622 quia
422 1551 578 1605 nulla
606 1551 1001 1621 temporalium
1023 1550 1129 1604 nisi
1146 1567 1211 1603 ex
1233 1556 1475 1621 quatuor
1502 1557 1721 1605 constat
1751 1569 1762 1603 :
1795 1555 1861 1604 ut

1937 1024 2180 1090 quatuor
2207 1021 2501 1074 elementis
2531 1021 2733 1092 quibus
2766 1021 3144 1089 subsistimus,
3177 1024 3413 1080 interius
3443 1041 3538 1081 ex-

1935 1110 2178 1163 teriusve
2227 1109 2625 1180 delinquimus,
2671 1112 2888 1182 justum
2929 1112 3052 1178 fuit,
3111 1118 3174 1167 ut
3201 1113 3305 1168 sub
3341 1114 3540 1169 eodem

1936 1214 2170 1252 numero
2200 1215 2312 1252 una
2342 1215 2468 1254 cum
2513 1200 2784 1270 propheta
2814 1200 3139 1268 deﬂeamus,
3180 1208 3237 1256 et
3267 1203 3427 1274 quasi
3471 1219 3538 1258 ex

1937 1287 2216 1341 materiali
2268 1304 2502 1342 numero
2554 1295 2807 1343 nostrum
2861 1276 3096 1345 interius
3141 1291 3426 1346 hominem
3466 1293 3537 1347 ad

1937 1376 2238 1430 novitatem
2273 1377 2397 1430 vita
2426 1377 2648 1432 fletibus
2683 1395 3030 1449 reparemus,
3053 1396 3218 1451 quem
3237 1381 3393 1435 vanis
3413 1397 3539 1436 con-

1937 1465 2408 1536 cupiscentiarum
2447 1466 2670 1536 gaudiis
2717 1467 3087 1538 corrupimus.
3121 1469 3266 1523 Sunt
3306 1470 3535 1538 etenim,

1940 1554 2018 1606 mi
2051 1555 2227 1607 frater
2256 1561 2313 1607 et
2340 1570 2632 1620 consenex,
2675 1561 2918 1626 quatuor
2936 1556 3264 1611 afﬂictiones
3295 1574 3536 1626 morum,

251 1647 394 1712 puta
424 1647 668 1711 quatuor
704 1656 893 1693 rerum
920 1639 1168 1693 omnium
1193 1639 1587 1709 temporalium
1619 1640 1859 1693 elemen-
1878 1627 1923 1685 Β
1943 1639 2144 1711 quibus
2170 1639 2412 1711 prafata
2437 1648 2681 1712 quatuor
2698 1643 2874 1696 animi
2903 1644 3082 1698 nostri
3103 1650 3544 1716 corrumpuntur

251 1729 330 1783 tis
374 1735 618 1800 quatuor
660 1733 717 1781 et
762 1729 958 1799 plagis.
994 1728 1084 1782 Sic
1125 1733 1182 1781 et
1221 1733 1357 1782 atas
1386 1727 1571 1781 saculi
1620 1734 1863 1798 quatuor

251 1824 480 1872 constat
503 1817 870 1888 temporibus.
906 1817 1211 1870 Materialis
1256 1833 1388 1887 ergo
1430 1817 1537 1870 iste
1567 1833 1855 1882 numerus,

251 1907 429 1961 etiam
453 1907 801 1977 conquadrat
823 1905 1010 1959 omnia
1038 1912 1101 1959 ut
1121 1905 1459 1959 subsistant:
1485 1906 1618 1976 quia
1647 1906 1858 1960 solidus

240 2003 332 2051 est
384 2003 440 2050 et
488 1997 837 2067 quadratus:
874 2011 1065 2048 verum
1115 2011 1227 2047 non
1277 1995 1610 2059 materialia,
1655 1995 1751 2047 sed
1801 1999 1857 2048 et

242 2085 524 2139 calestia.
551 2085 709 2139 Unde
740 2101 864 2138 cum
897 2100 1071 2137 unum
1103 2083 1178 2136 sit
1209 2083 1588 2152 Evangelium,
1616 2089 1857 2152 quatuor

243 2173 605 2242 evangelista
637 2173 917 2241 leguntur.
953 2171 1207 2235 Quatuor
1225 2177 1282 2224 et
1310 2170 1543 2224 virtutes
1563 2170 1856 2240 generales

244 2267 642 2325 numerantur,
699 2277 764 2313 ex
821 2259 1021 2330 quibus
1076 2259 1303 2329 reliqua
1342 2275 1536 2313 omnes
1575 2259 1853 2324 oriuntur,

246 2351 411 2423 quasi
437 2367 502 2404 ex
535 2355 780 2420 quatuor
806 2348 1051 2420 paradisi
1082 2347 1424 2413 ﬂuminibus,
1453 2354 1519 2402 ut
1548 2348 1738 2402 omnia
1756 2348 1861 2401 vir-

244 2446 436 2494 tutum
487 2438 704 2493 semina
753 2437 980 2491 uberius
1008 2437 1335 2507 irrigentur.
1369 2435 1444 2490 Et
1472 2437 1604 2507 quia
1635 2435 1737 2490 sub
1775 2436 1862 2490 his

1942 1729 2194 1783 virtutes.
2219 1730 2287 1783 Et
2316 1729 2439 1784 ideo
2461 1737 2610 1784 recte
2635 1731 2917 1801 provisum
2938 1739 3025 1786 est
3051 1733 3154 1786 sub
3184 1733 3270 1787 his
3300 1739 3543 1804 quatuor

1941 1817 2270 1888 alphabetis,
2301 1823 2484 1871 totum
2524 1819 2810 1874 hominem
2839 1820 3077 1875 interius
3109 1821 3420 1876 exteriusve
3449 1822 3542 1876 de-

1940 1907 2073 1959 ﬂere
2100 1905 2302 1959 debere
2331 1909 2493 1975 (Psal.
2525 1911 2758 1975 cxxxvx),
2792 1912 2849 1961 et
2876 1908 2944 1961 ad
2977 1908 3358 1978 integritatem
3393 1926 3538 1965 vera

1938 1994 2302 2059 dilatationis,
2347 2000 2541 2048 nostra
2569 1996 2758 2049 omnia
2797 1997 3058 2066 lacrymis
3104 1997 3189 2050 vel
3235 1997 3537 2067 gemitibus

1938 2088 2260 2136 restaurare
2279 2102 2289 2136 :
2318 2083 2399 2137 ita
2413 2090 2477 2136 ut
2495 2083 2731 2154 singulis
2753 2083 2919 2138 rebus
2937 2101 3155 2138 morum
3173 2102 3540 2156 corporumve

1938 2171 2165 2238 vitiatis,
2198 2171 2420 2242 singula
2464 2178 2822 2242 opponantur
2869 2173 3186 2228 litterarum
3242 2175 3535 2229 lamenta:

1941 2258 2130 2329 sicque
2159 2275 2329 2330 super
2352 2258 2587 2312 ﬂumina
2615 2260 2916 2332 Babylonis
2941 2261 3186 2329 abducti,
3215 2269 3407 2317 nostra
3435 2264 3543 2319 sol-

1943 2353 2105 2401 vatur
2142 2348 2452 2418 captivitas,
2486 2353 2543 2402 et
2571 2349 2842 2404 reddatur
2885 2356 3090 2405 nostra
3135 2351 3267 2406 Sion
3313 2369 3447 2407 vera
3481 2352 3542 2408 in

1945 2436 2167 2491 Christo
2197 2435 2447 2492 libertas.

1369 2670 1777 2761 LIBER
1818 2667 2470 2779 QUARTUS.

955 2949 1158 2991 ALEPH.

263 3034 308 3093 ι
320 3034 380 3092 4
391 3032 442 3092 α
453 3032 510 3092 8
529 3027 801 3093 Quomodo
820 3028 1171 3081 obscuratum
1183 3030 1258 3078 est
1277 3042 1505 3090 aurum,
1525 3028 1858 3078 immutatus

250 3120 330 3168 est
359 3119 507 3169 color
527 3119 783 3184 optimus.
811 3117 1054 3184 Dispersi
1071 3118 1200 3167 sunt
1226 3116 1431 3182 lapides
1453 3115 1771 3167 sanctuarii
1796 3116 1859 3166 in

252 3209 432 3272 capite
451 3208 706 3258 omnium
720 3204 1171 3273 platearumPer
1186 3219 1385 3257 aurum
1404 3219 1649 3273 namque
1667 3201 1860 3255 obscu-

251 3300 465 3356 ratum,
489 3293 760 3364 propheta
779 3293 1097 3346 Judaorum
1135 3291 1354 3362 plangit
1374 3291 1696 3360 perﬁdiam:
1724 3289 1857 3360 quia

252 3382 312 3434 in
343 3382 424 3434 eis
470 3382 737 3451 antiquus
784 3381 878 3434 ille
925 3380 1053 3434 ﬁdei
1084 3380 1258 3450 vigor,
1309 3386 1477 3449 atque
1524 3377 1857 3432 innocentia

249 3470 538 3540 splendor,
574 3471 872 3539 ingruente
919 3469 1153 3539 perfidia
1197 3469 1423 3522 malitia
1475 3484 1533 3521 se
1581 3473 1742 3520 nocte
1765 3466 1855 3519 fu-

248 3559 429 3612 scavit
462 3577 472 3611 :
509 3566 564 3612 et
593 3559 698 3629 ipsi
728 3559 962 3628 dispersi
991 3565 1143 3623 sunt,
1175 3574 1288 3611 non
1316 3558 1497 3611 solum
1538 3572 1638 3626 per
1666 3552 1857 3607 omnia

251 3646 519 3701 vanitatis
562 3649 809 3718 negotia,
849 3664 1041 3701 verum
1083 3647 1252 3701 etiam
1301 3633 1478 3717 usque
1523 3644 1594 3698 ad
1637 3649 1854 3698 exteras

247 3734 514 3788 nationes
552 3735 701 3788 ducti
740 3740 873 3788 sunt
899 3735 959 3787 in
981 3734 1399 3804 captivitatem:
1428 3739 1484 3786 et
1524 3741 1692 3794 recte,
1720 3730 1853 3801 quia

248 3839 351 3893 per
379 3824 539 3894 prius
568 3821 788 3894 publica
825 3823 1010 3877 saculi
1053 3823 1299 3892 negotia,
1341 3821 1579 3892 dispersi
1621 3825 1755 3874 sunt
1791 3819 1850 3872 in

246 3913 434 3983 capite
467 3915 718 3965 omnium
751 3912 1083 3982 platearum,
1116 3911 1290 3964 latam
1319 3911 1528 3964 scilicet
1563 3916 1619 3964 et
1647 3907 1852 3980 spatio-

247 4016 371 4053 sam
405 4006 734 4071 appetentes
763 4000 957 4054 mundi
986 4001 1177 4053 vitam.
1212 4000 1432 4054 Justum
1476 3999 1683 4069 quippe
1723 3996 1848 4062 fuit,

246 4090 384 4160 quia
414 4089 748 4160 expulerunt
771 4089 840 4142 de
869 4088 1186 4142 sanctuario
1219 4087 1319 4141 Dei
1348 4087 1419 4140 ad
1453 4087 1724 4140 nefandos
1748 4102 1852 4139 sa-

247 4177 362 4231 culi
388 4184 568 4242 actus,
588 4184 651 4231 ut
674 4178 1017 4248 pellerentur
1036 4194 1071 4230 a
1088 4178 1197 4230 ﬁde
1217 4177 1274 4230 in
1297 4176 1588 4247 perﬁdiam
1614 4194 1624 4229 :
1650 4181 1707 4229 et
1722 4176 1852 4230 inde

1881 2941 1923 3001 ο
1942 2935 2275 2990 delictorum
2296 2940 2352 2990 et
2371 2935 2618 3007 perﬁdia
2641 2935 3103 3007 inquinamentis.
3123 2938 3402 2994 Caterum
3421 2953 3541 3010 my-

1941 3024 2075 3078 stice
2118 3024 2325 3080 Christi
2362 3024 2609 3078 Ecclesia
2649 3025 2876 3096 plorans
2913 3041 3014 3096 pro
3052 3025 3188 3090 suis,
3229 3043 3295 3082 ac
3339 3027 3541 3098 lugens

1941 3113 2078 3167 dicit
2102 3132 2114 3166 :
2148 3115 2419 3180 Quomodo
2447 3115 2799 3168 obscuratum
2824 3119 2900 3168 est
2940 3131 3169 3170 aurum.
3203 3116 3310 3171 Per
3337 3132 3543 3171 aurum

1940 3218 2183 3273 namque
2203 3201 2562 3257 obscuratum
2585 3202 2881 3274 reprobam
2908 3203 3215 3260 electorum
3239 3222 3338 3261 seu
3362 3222 3543 3261 sacer.

1938 3292 2133 3346 dotum
2163 3291 2249 3344 vel
2295 3290 2682 3345 ministrorum
2730 3291 2831 3346 Dei
2875 3292 2931 3346 in
2980 3293 3214 3349 diversis
3251 3295 3543 3350 ordinibus

1938 3380 2195 3449 deplorat
2223 3379 2411 3444 vitam,
2436 3381 2717 3449 quondam
2740 3397 2841 3450 per
2865 3382 3104 3451 gloriam
3131 3383 3404 3438 virtutum
3434 3384 3544 3439 cla-

1939 3484 2080 3533 ram,
2104 3483 2251 3522 nunc
2279 3483 2408 3521 vero
2439 3485 2539 3537 per
2565 3469 2816 3523 actiones
2852 3469 3075 3525 infimas
3105 3477 3162 3524 et
3189 3472 3416 3542 negotia
3443 3489 3542 3528 sa-

1937 3557 2048 3610 culi
2095 3555 2448 3610 obscuratam
2482 3575 2494 3609 :
2541 3573 2604 3610 ac
2633 3557 2836 3611 deinde
2879 3558 3033 3612 color
3070 3559 3316 3629 Optimus
3361 3561 3542 3615 fertur

1937 3645 2288 3710 immutatus,
2315 3644 2448 3714 quia
2474 3645 2568 3699 ille
2589 3644 2904 3699 sanctitatis
2926 3650 3132 3700 nostra
3169 3652 3416 3712 [4’9
3441 3647 3539 3700 har-

1939 3733 2104 3798 bitus,
2129 3749 2230 3803 per
2264 3737 2491 3786 terrena
2524 3738 2581 3786 et
2617 3731 2837 3802 abjecta
2864 3733 3154 3802 prasentis
3190 3733 3314 3788 vita
3344 3749 3534 3806 opera,

1935 3822 2005 3876 ad
2035 3820 2402 3892 ignominiam
2429 3821 2802 3891 despectionis
2827 3821 2996 3875 venit.
3027 3821 3184 3877 Unde
3215 3822 3402 3878 felices
3429 3821 3530 3890 illi,

1934 3926 2074 3981 quos
2120 3915 2391 3980 tanquam
2430 3925 2630 3963 aurum
2672 3909 2730 3963 in
2779 3909 3002 3964 fornace
3059 3909 3438 3966 tribulationis
3478 3915 3537 3966 et

1933 3998 2206 4068 angustia
2237 3997 2492 4069 probavit
2532 3997 2826 4065 Dominus,
2867 4003 2923 4052 et
2951 3999 3111 4069 quasi
3147 3998 3536 4055 holocaustum

1935 4088 2150 4158 accepit
2193 4087 2340 4140 illos.
2394 4087 2508 4140 Nos
2556 4103 2685 4140 vero
2738 4086 2949 4153 miseri,
3000 4103 3139 4158 quos
3190 4089 3535 4158 prosperitas

1936 4176 2122 4231 saculi
2149 4182 2316 4246 atque
2345 4174 2756 4229 oblectamenta
2785 4191 3056 4230 vanarum
3087 4193 3278 4230 rerum
3304 4177 3376 4232 ad
3405 4183 3534 4232 tan-

243 4267 305 4320 in
335 4267 721 4337 captivitatem
748 4273 814 4320 ut
839 4267 1100 4332 diximus,
1132 4282 1310 4336 usque
1340 4265 1410 4318 ad
1435 4270 1652 4318 exteras
1676 4270 1734 4318 et
1758 4281 1849 4318 re-
1868 4260 1916 4318 D
1935 4271 2050 4320 tam
2088 4265 2420 4319 dilectorum
2463 4263 2772 4335 perduxere
2805 4263 3223 4331 obscuritatem,
3259 4271 3316 4320 et
3350 4265 3534 4321 vilita-

244 4354 455 4426 probas
495 4355 749 4424 gentium
782 4355 1054 4408 nationes.
1097 4354 1230 4418 Qua
1273 4353 1541 4408 nimirum
1589 4370 1690 4406 vox
1737 4369 1849 4407 non

243 4444 436 4498 minus
475 4443 715 4497 dolentis
762 4449 866 4509 est,
900 4460 1070 4515 quam
1113 4448 1170 4496 et
1204 4443 1562 4514 increpantis,
1595 4441 1757 4496 sicuti
1796 4447 1854 4496 et

245 4532 345 4586 illa
374 4547 488 4604 qua
516 4531 754 4585 dicitur:
785 4533 1054 4598 Quomodo
1073 4532 1215 4586 sedet
1235 4536 1350 4586 sola
1371 4535 1584 4585 civitas.
1605 4530 1719 4585 Sub
1742 4547 1852 4601 qua

242 4620 495 4692 profecto
518 4636 662 4686 voce,
694 4621 1016 4675 Judaorum
1045 4620 1254 4675 duritia
1284 4620 1602 4691 plangitur:
1633 4635 1699 4673 ex
1725 4619 1852 4690 qui-

243 4708 353 4764 bus
407 4709 624 4774 Patres,
679 4709 1012 4780 patriarcha
1068 4714 1238 4779 atque
1295 4709 1580 4780 propheta
1641 4709 1850 4780 repulsi

244 4804 400 4865 sunt,
435 4798 595 4869 quasi
626 4814 828 4852 aurum
857 4804 914 4851 et
940 4797 1153 4868 lapides
1183 4797 1568 4868 pretiosissimi
1595 4797 1655 4850 in
1686 4813 1847 4850 sanc-

245 4887 436 4942 tuario
466 4887 566 4940 Dei
616 4887 722 4940 ﬁde
760 4892 927 4958 atque
969 4888 1231 4957 operibus
1271 4885 1564 4939 clarissimi
1595 4901 1608 4934 :
1638 4885 1734 4940 sed
1767 4901 1851 4940 re-

243 4976 410 5049 probi
456 4993 520 5031 ac
565 4977 870 5046 degeneres
916 4975 1066 5042 facti,
1101 4981 1331 5045 propter
1372 4974 1639 5028 duritiam
1668 4974 1850 5028 cordis

243 5081 465 5131 eorum,
494 5065 716 5119 Christo
760 5064 1106 5130 adveniente,
1153 5063 1401 5118 conversi
1445 5069 1580 5117 sunt
1620 5063 1691 5116 ad
1719 5079 1849 5132 perm

242 5155 460 5210 ﬁdiam.
513 5154 670 5208 Unde
725 5171 960 5208 cernens
1017 5170 1112 5208 eos
1163 5152 1437 5224 propheta
1484 5151 1741 5206 sordibus
1795 5157 1852 5206 et

241 5244 359 5297 vita
413 5242 740 5312 degenerari
811 5242 1074 5312 objurgat
1123 5247 1179 5294 et
1230 5241 1444 5311 plangit
1505 5258 1514 5291 :
1579 5241 1850 5305 Quomodo

239 5334 599 5386 obscuratum
656 5337 730 5384 est
788 5346 1017 5397 aurum,
1065 5334 1311 5382 mutatus
1365 5333 1440 5381 est
1498 5331 1644 5380 color
1709 5329 1852 5395 opti-

245 5437 370 5474 mus
394 5426 419 5473 Ρ
455 5421 668 5473 Aurum
709 5419 916 5490 quippe
965 5424 1128 5472 erant
1163 5422 1394 5488 propter
1431 5415 1688 5470 notitiam
1727 5415 1848 5482 Dei,

244 5517 301 5565 et
326 5515 595 5564 naturam
625 5507 1070 5580 patriarcharum
1099 5524 1110 5561 :
1140 5505 1422 5563 obscurati
1441 5521 1570 5560 vero
1590 5503 1851 5560 sordibus

1931 4359 2044 4407 tem
2075 4353 2298 4424 agendi,
2338 4359 2402 4407 ut
2445 4353 2617 4407 etiam
2649 4369 2684 4406 a
2713 4353 2987 4425 propheta
3035 4359 3092 4408 et
3138 4353 3396 4409 omnibus
3427 4355 3535 4409 Dei

1935 4443 2124 4496 electis
2145 4444 2274 4512 jure
2303 4447 2494 4496 noster
2524 4442 2826 4513 plangatur
2853 4443 3007 4497 color
3035 4448 3091 4496 et
3118 4441 3342 4497 habitus
3378 4459 3535 4498 sanc-

1934 4531 2113 4585 titatis
2155 4531 2213 4584 in
2262 4530 2508 4586 deterius
2555 4536 2784 4601 propter
2830 4547 2994 4585 usum
3027 4530 3288 4601 peccandi
3318 4532 3534 4602 pravis-

1934 4620 2075 4674 sime
2094 4625 2470 4674 commutatus
2493 4637 2504 4671 :
2533 4618 2816 4673 intentum
2842 4625 2905 4673 ut
2929 4619 3098 4673 etiam
3125 4621 3370 4690 perversi
3397 4620 3535 4676 dum

1935 4707 2140 4762 Christi
2187 4708 2517 4761 conculcant
2563 4713 2932 4773 sacramenta,
2992 4707 3326 4780 plerumque.
3375 4714 3434 4764 et
3485 4709 3534 4766 si

1931 4795 2154 4866 reprobi
2181 4795 2329 4849 inter
2360 4795 2566 4849 electos
2595 4795 2778 4848 locum
2811 4794 3039 4848 honoris
3063 4801 3310 4862 sumant,
3342 4802 3400 4850 et
3428 4797 3536 4868 ipsi

1931 4889 2125 4939 contra
2164 4890 2416 4938 sanctam
2445 4881 2752 4937 Ecclesiam
2778 4883 2938 4954 quasi
2977 4900 3042 4938 ex
3073 4885 3409 4939 auctoritate
3436 4902 3535 4940 sa~

1933 4973 2104 5038 viant,
2132 4973 2378 5044 profecto
2407 4988 2535 5025 cum
2557 4972 2746 5026 omnia
2763 4981 3168 5044 praceptorum
3191 4973 3292 5029 Dei
3313 4974 3535 5044 eloquia

1933 5061 2092 5132 quasi
2143 5059 2367 5115 sciendo
2424 5060 2669 5115 atrocius
2721 5067 3108 5129 contemnunt,
3141 5069 3309 5134 atque
3364 5061 3534 5115 eccle-

1932 5149 2285 5204 siasticarum
2316 5147 2700 5204 doctrinarum
2725 5149 2857 5220 jura
2905 5150 3090 5221 pravis
3130 5150 3244 5204 suis
3283 5147 3532 5203 moribus

1932 5237 2275 5291 rescindunt.
2317 5237 2461 5291 Hinc
2503 5242 2551 5290 et
2596 5240 2802 5306 lapides
2839 5241 3156 5293 sanctuarii
3175 5242 3534 5305 planguntur

1934 5328 2167 5394 dispersi
2197 5329 2259 5379 in
2288 5329 2459 5393 capite
2484 5329 2741 5380 omnium
2768 5329 3106 5396 platearum,
3141 5326 3238 5396 qui
3268 5326 3424 5396 prius
3451 5327 3534 5381 in-

1934 5415 2210 5468 trinsecus
2230 5423 2454 5484 ’semper
2474 5413 2844 5483 habebantur,
2861 5433 2964 5469 nec
2977 5413 3346 5470 sumebantur
3363 5416 3533 5471 etiam

1933 5504 1992 5559 in
2036 5503 2243 5560 summi
2289 5503 2596 5560 sacerdotis
2634 5504 2827 5560 usibus
2867 5510 2924 5558 et
2969 5503 3198 5572 honore,
3251 5504 3360 5561 nisi
3408 5519 3539 5560 cum
