3960 6168
538 238 667 296 nam
1306 236 1363 289 s.
1408 229 1783 288 PASCl-IASII
1826 224 2185 283 RADBER'I‘I
2227 228 2530 284 ABBATIS
2571 229 3057 285 CORBEIENSIS.
3608 232 3710 290 iam

525 363 676 420 intra
718 364 923 419 Sancta
963 366 1287 419 sanctorum
1315 355 1654 430 ingrediens,
1691 354 1750 409 in
1778 357 1991 408 secreto
2032 352 2606 414 suiAmonachorum
2652 356 2908 420 societas,
2955 354 3270 410 vitiosarum
3322 354 3710 423 contubernium;

526 452 831 509 conditoris
857 450 1180 523 apparebat.
1215 448 1359 514 Quid
1391 462 1523 517 ergo
1552 449 1718 516 putas
1745 448 1878 498 sunt
1913 441 2126 513 lapides
2208 443 2716 499 sanctimonialium
2728 443 3714 516 aggregatio.domiciliumvitiorum.ld-

527 541 833 596 sanctuarii
852 542 909 595 in
930 540 1110 612 capite
1127 538 1379 592 omnium
1399 536 1712 606 platearum
1738 531 1994 603 dispersi,
2018 531 2126 585 nisi
2207 530 2352 585 circo
2376 539 2523 586 recte
2545 550 2671 587 cum
2703 533 2975 604 propheta
2995 548 3194 603 corpus
3213 533 3405 586 Christi
3431 532 3607 587 scilicet
3623 535 3716 603 ejus

526 631 842 684 sacerdotes
876 628 1084 683 Christi
1127 632 1187 680 et
1226 622 1467 681 ministri
1515 621 1660 676 sacri
1704 620 1919 684 altaris,
1954 620 2125 675 etiam
2208 619 2453 675 Ecclesia
2483 622 2733 692 plangit:
2772 621 3061 686 Quomodo
3091 621 3429 676 obscuratum
3455 628 3530 675 est
3559 638 3716 676 aurum

526 723 585 771 et
612 717 1010 772 monachorum
1041 720 1235 769 sancta
1262 718 1320 767 et
1356 712 1472 766 Deo
1497 714 1820 765 consecrata
1849 708 2125 763 societas?
2206 707 2437 779 fuligine
2476 717 2851 781 peccatorum,
2883 711 3215 764 immutatus
3259 716 3341 764 est
3382 711 3516 765 color
3547 711 3719 765 decoris

523 821 741 861 necnon
756 804 1099 874 etvirginum
1114 808 1172 857 et
1184 799 1696 856 sanctimonialium
1718 797 2120 852 numerositas:
2206 804 2263 851 et
2292 799 2627 857 sanctitatis.
2658 799 2718 853 in
2748 799 3059 853 foeditatem
3082 799 3369 855 vitiorum.
3391 799 3636 862 Quomodo
3660 799 3720 853 di-

523 894 620 965 qui
666 910 888 964 semper
931 892 1137 946 debent
1186 890 1286 945 Dei
1334 904 1607 961 apparere
1647 887 1706 940 in
1750 891 1962 940 secreto
1988 902 2123 941 con-
2204 887 2384 957 spersi
2413 894 2547 941 sunt
2574 887 2787 959 lapides
2808 888 2969 942 strati
3001 904 3102 958 per
3120 887 3363 941 ordinem
3385 887 3658 951 sanctuarii,
3676 888 3719 941 in

520 981 822 1051 spectibus,
845 996 986 1051 quos
1017 994 1307 1050 nunquam
1328 993 1553 1032 necesse
1579 981 1667 1030 est
1693 974 1826 1029 foris
1855 975 2118 1046 conspici,
2204 975 2385 1046 capite
2405 976 2738 1046 platearum,
2764 977 2898 1031 dum
2921 977 2989 1030 ad
3019 976 3242 1046 negotia
3263 975 3461 1048 delapsi
3484 975 3715 1038 exteriora,

504 1084 808 1140 nunquam
836 1067 1115 1125 extraneis
1157 1072 1215 1123 et
1258 1064 1445 1121 saeculi
1488 1062 1802 1120 actionibus
1840 1061 2115 1135 occupari.
2202 1070 2392 1118 ruunt.
2419 1064 2585 1118 Aliud
2605 1081 2669 1118 ex
2690 1064 2901 1119 honore
2921 1071 3191 1135 suscepta:
3214 1063 3480 1135 religionis
3498 1070 3716 1135 quaerunt,

518 1157 628 1211 Sed
662 1157 809 1229 quod
854 1156 1081 1227 gravius
1123 1160 1228 1222 est,
1277 1155 1403 1210 ideo
1447 1153 1686 1225 dispersi
1734 1151 2114 1224 deplorantur,
2203 1157 2371 1222 atque
2404 1150 2559 1205 aliud
2588 1168 2652 1205 ex
2680 1150 2861 1207 ofﬁcio
2895 1151 3132 1206 actionis
3157 1151 3424 1215 exhibent,
3452 1158 3504 1205 et
3527 1150 3721 1222 quotidie

517 1245 680 1316 quasi
692 1244 906 1315 lapides
923 1243 1230 1299 sanctuarii
1249 1243 1309 1297 in
1321 1242 1503 1313 capite
1515 1240 1767 1295 omnium
1780 1240 2113 1311 platearum,
2203 1256 2302 1310 per
2314 1240 2518 1295 multas
2538 1240 2820 1312 nequitias
2836 1247 3094 1313 pereunt.
3106 1241 3266 1295 Curis
3285 1240 3422 1295 enim
3435 1239 3721 1295 saecularibus

517 1334 651 1403 quia
676 1334 811 1388 dum
833 1349 932 1404 per
964 1334 1135 1388 vitam
1164 1337 1222 1387 et
1244 1331 1556 1385 orationem
1587 1329 1741 1384 intus
1761 1344 1883 1383 esse
1905 1329 1964 1383 in
1983 1344 2116 1383 con-
2200 1328 2403 1382 intenti
2435 1337 2491 1384 et
2518 1330 2805 1398 vitiorum,
2826 1335 2984 1385 tanto
3008 1327 3437 1384 insensibiliores
3454 1328 3720 1393 redduntur,

503 1423 880 1493 ,templatione
926 1422 1027 1477 Dei
1071 1436 1295 1492 semper
1333 1418 1662 1484 debuerant,
1696 1434 1798 1490 per
1824 1417 1995 1472 vitam
2026 1434 2115 1472 re-
2200 1423 2409 1486 quanto
2434 1418 2506 1473 ad
2539 1434 2606 1472 ea
2634 1434 2757 1489 quae
2785 1418 2922 1472 foris
2951 1424 3084 1472 sunt
3122 1423 3181 1471 et
3206 1416 3383 1472 carnis
3408 1415 3722 1487 concupiscen-

504 1511 747 1583 probam
794 1511 928 1565 toris
957 1511 1167 1581 passim
1198 1514 1413 1563 vacant.
1448 1507 1585 1563 Ecce
1629 1508 1749 1578 jam
1790 1522 1932 1578 pene
1962 1507 2117 1561 nulla
2197 1505 2566 1572 tiarum,cum
2580 1507 2766 1561 studio
2780 1506 3553 1561 avidioresinveniuntur.Usu
3567 1505 3722 1575 quippe

513 1605 601 1655 est
626 1599 907 1659 saecularis
936 1598 1061 1653 vitae
1091 1598 1256 1664 actio,
1281 1613 1450 1669 quam
1478 1612 1591 1651 non
1619 1595 1940 1650 sacerdotes
1960 1596 2161 1669 Chri-_
2199 1610 2386 1649 rerum
2431 1595 2592 1665 longe
2641 1612 2675 1649 a
2730 1596 2942 1651 caelesti
2987 1596 3265 1651 desiderio
3314 1593 3598 1650 obdurescit
3639 1590 3722 1646 ani.

510 1690 587 1751 sti
630 1688 1028 1743 administrent
1067 1705 1078 1740 :
1134 1664 1516 1740 nulla-mundi
1554 1684 1781 1755 negotia
1820 1684 1880 1737 in
1910 1664 2176 1755 quibusB
2198 1700 2323 1738 mus
2357 1702 2370 1737 :
2416 1664 2640 1750 |48|
2675 1689 2733 1739 et
2755 1685 2890 1739 dum
2917 1685 3039 1756 ipso
3069 1702 3175 1740 suo
3207 1701 3310 1739 usu
3330 1685 3490 1737 durus
3516 1682 3717 1744 efﬁcitur,

498 1777 758 1833 ministri
786 1776 980 1832 altaris
1007 1792 1067 1830 se
1112 1791 1226 1830 non
1254 1778 1546 1845 occupent,
1578 1773 1735 1828 nulla
1776 1789 1964 1827 rerum
2011 1771 2113 1826 im-
2197 1772 2481 1828 exactione
2509 1774 2696 1828 saeculi
2728 1773 2797 1828 ad
2828 1791 2896 1829 ea
2924 1774 3167 1828 emolliri
3196 1790 3307 1828 non
3336 1772 3487 1835 valet,
3508 1787 3611 1842 quae
3635 1786 3721 1841 per-

510 1866 781 1939 probitas,
806 1882 919 1937 qua
937 1881 997 1919 se
1017 1864 1359 1919 monasticus
1377 1862 1514 1917 ordo
1534 1878 1648 1917 non
1667 1860 1946 1933 implicet:
1971 1876 2112 1931 pene
2196 1859 2376 1915 tinent
2413 1863 2484 1916 ad
2520 1862 2851 1917 charitatem
2884 1862 3002 1917 Dei.
3046 1863 3115 1916 Et
3161 1862 3296 1916 dum
3351 1858 3652 1915 solummodo
3680 1858 3717 1910 in

511 1956 668 2012 nulla
686 1953 960 2010 illecebris
979 1953 1105 2007 vitae
1127 1952 1446 2018 blanditias,
1471 1967 1585 2022 qua
1611 1966 1673 2004 se
1699 1949 1928 2004 castitas
1947 1965 2111 2003 sanc-
2194 1949 2360 2003 corde
2380 1949 2519 2004 fides
2541 1950 2906 2006 confessionis
2925 1957 3184 2005 remanet
3198 1956 3364 2022 atque
3379 1946 3609 2020 baptismi
3625 1945 3719 2000 ado-

510 2043 886 2099 timonialium
918 2058 1031 2097 non
1060 2041 1448 2096 commaculet.
1480 2041 1625 2095 Dum
1668 2055 1801 2109 ergo
1830 2038 1888 2093 in
1918 2043 2111 2093 sancto
2195 2038 2333 2108 ptio,
2365 2039 2564 2093 merito
2608 2056 2809 2093 aurum
2842 2044 3070 2093 vocatur
3102 2045 3162 2093 et
3198 2038 3406 2109 lapides
3432 2032 3716 2091 sanctuarii:

497 2131 707 2193 habitu
748 2138 806 2186 et
831 2130 1103 2201 religione
1145 2128 1455 2194 constituti,
1500 2127 1778 2184 exteriora
1816 2132 1951 2182 sunt
1990 2143 2112 2198 quae
2196 2125 2293 2180 sed
2324 2126 2605 2181 obscurati
2630 2133 2861 2199 propter
2888 2127 3151 2182 vitiorum
3174 2126 3490 2190 foeditatem,
3510 2128 3647 2194 atque
3663 2120 3719 2174 di-

508 2219 790 2285 exhibent,
809 2224 867 2273 et
894 2233 1040 2272 vana
1063 2218 1188 2272 vitae
1217 2217 1630 2272 oblectamenta
1654 2232 1777 2288 quae
1805 2220 2109 2280 sectantur,
2194 2214 2371 2284 spersi
2410 2216 2468 2269 in
2498 2216 2678 2286 capite
2706 2216 3023 2287 platearum
3054 2216 3393 2287 plangimur.
3418 2212 3559 2278 Quod
3577 2218 3719 2264 autem

513 2308 676 2379 quasi
706 2307 922 2378 lapides
947 2306 1252 2361 sanctuarii
1271 2306 1405 2360 foris
1428 2306 1487 2359 in
1506 2305 1687 2377 capite
1717 2304 1967 2359 omnium
1991 2304 2113 2375 pla-
2194 2319 2397 2357 aurum
2419 2304 2533 2358 Deo
2554 2306 2612 2358 in
2641 2303 2918 2376 baptismo
2948 2305 3154 2370 renati,
3177 2305 3263 2358 vel
3288 2302 3520 2358 etiamin
3541 2300 3720 2354 circum-

506 2402 729 2452 tearum
760 2395 998 2467 dispersi
1037 2396 1247 2465 jacent.
1290 2395 1485 2449 Graeca
1526 2393 1678 2448 enim
1706 2392 1902 2464 lingua
1926 2394 2114 2464 platea
2194 2391 2399 2446 cisione
2429 2392 2676 2464 ascripti,
2695 2395 2825 2463 jure
2843 2393 3255 2465 intelligantur,
3278 2396 3505 2447 testatur
3520 2388 3606 2444 Job
3628 2403 3721 2441 cum

506 2486 715 2539 πλατεῖα
764 2501 800 2539 a
835 2482 1132 2538 latitudine
1169 2487 1416 2536 vocatur.
1477 2483 1609 2537 Lata
1665 2484 1816 2535 enim
1881 2484 1971 2536 via
2036 2486 2111 2535 est
2194 2481 2264 2534 de
2299 2481 2491 2535 Judzea
2518 2483 2702 2553 typice
2739 2483 2990 2553 loquitur
3023 2501 3035 2535 :
3069 2484 3239 2537 Locus
3267 2482 3507 2551 sapphi'ri
3530 2481 3640 2547 ejus,
3665 2476 3722 2529 in-

505 2580 555 2629 et
594 2577 850 2643 spatiosa,
885 2589 1003 2642 qua
1039 2573 1191 2626 ducit
1220 2572 1293 2625 ad
1320 2575 1553 2624 mortem
1580 2570 1788 2638 (Matth.
1813 2574 1907 2639 v1).
1944 2570 2111 2623 Sanc-
2193 2570 2334 2640 quit,
2381 2572 2591 2640 lapides
2636 2590 2651 2624 :
2702 2574 2865 2639 gleba:
2902 2574 3080 2637 illius,
3132 2588 3343 2626 aurum
3387 2570 3512 2638 (Job.
3553 2565 3719 2631 xxvm).

505 2662 677 2718 tuarii
707 2679 840 2733 ergo
870 2661 1084 2733 lapides
1118 2665 1361 2726 I480
1381 2659 1440 2712 in
1468 2658 1668 2729 plateis
1687 2664 1820 2712 sunt
1847 2658 2105 2729 dispersi,
2190 2659 2505 2730 Tantopere
2524 2659 2682 2729 augit
2701 2666 2919 2714 reatum
2934 2661 3109 2731 culpae
3133 2659 3434 2731 sequentis,
3448 2653 3723 2728 praeconium

506 2768 635 2807 cum
658 2750 906 2822 religiosi
932 2749 1139 2820 quippe
1159 2748 1274 2801 lata
1294 2747 1491 2801 mundi
1511 2746 1717 2800 itinera
1731 2752 2036 2811 sectantur,
2053 2750 2110 2799 et
2189 2746 2382 2816 gloriae
2409 2747 2792 2818 praecedentis.
2811 2750 2953 2803 Nam
2986 2749 3425 2819 uniuscujusque
3451 2761 3590 2800 casus
3605 2745 3722 2796 tanto

508 2856 623 2895 non
651 2841 831 2895 solum
848 2839 908 2892 in
927 2837 1145 2909 plateis,
1167 2836 1263 2889 sed
1286 2836 1344 2888 in
1364 2835 1544 2906 capite
1564 2834 1879 2905 platearum
1899 2833 2109 2904 disper—
2192 2835 2419 2905 majoris
2460 2843 2547 2891 est
2591 2837 2863 2904 criminis,
2895 2844 3107 2909 quanto
3148 2840 3304 2910 prius
3341 2852 3495 2907 quam
3529 2832 3721 2889 caderet.

505 2933 739 2999 guntur,
757 2928 892 2981 dum
913 2923 1387 2996 perdesiderium,
1402 2923 1571 2993 hujus
1586 2921 1782 2975 mundi
1795 2937 1968 2992 opera
1986 2939 2109 2993 per-
2131 2989 2168 2999 _
2192 2923 2421 2992 majoris
2454 2924 2637 2995 potuit
2664 2940 2787 2979 esse
2815 2924 3056 2980 virtutis.
3080 2925 3243 2981 Unde
3272 2925 3483 2979 dicatur
3498 2921 3558 2975 de
3576 2917 3725 2973 iudica

508 2989 687 3086 agunt
703 2989 805 3081 ;'et
829 2989 1022 3068 tamen
1042 3013 1112 3067 de
1131 3011 1392 3081 religioso
1418 2989 1613 3064 habitu
1636 2989 1860 3064 culmen
1882 2989 2109 3066 honoris
2124 2989 2169 3051 Ο
2193 2989 2390 3066 renata
2418 2989 2486 3067 ei:
2516 3013 2935 3068 circumcisione
2958 3032 2970 3065 :
2996 3013 3222 3068 dicatur
3250 3019 3307 3068 et
3332 3013 3400 3067 de
3423 3007 3635 3066 Ecclesia
3656 3020 3725 3058 re-

484 3103 593 3157 ‘vel
616 3102 795 3156 laudis
811 3105 1087 3171 quaerunt.
1104 3101 1167 3154 In
1181 3099 1361 3170 capite
1383 3112 1518 3168 ergo
1538 3098 1854 3168 platearum
1869 3099 2106 3170 dispersi
2191 3107 2328 3154 nata
2356 3117 2421 3154 ex
2452 3108 2803 3157 sacramento
2835 3102 3116 3173 baptismi,
3152 3102 3290 3173 quid
3319 3100 3480 3156 fuerit
3504 3100 3724 3169 quantave

481 3195 658 3256 ‘sunt,
693 3190 827 3261 quia
851 3193 908 3244 et
931 3190 1123 3259 jacent
1150 3204 1251 3258 per
1279 3186 1658 3241 ministerium
1687 3187 1893 3259 operis,
1928 3194 1985 3241 et
2013 3188 2109 3243 ho-
2187 3189 2369 3259 gloria
2393 3189 2729 3244 sublimata:
2760 3197 2825 3245 ut
2844 3192 3040 3261 gratiae
3064 3189 3395 3262 magnitudo
3420 3194 3572 3258 atque
3597 3184 3725 3237 virtu-

505 3279 696 3335 norari
724 3278 919 3334 volunt
936 3278 1006 3332 de
1033 3276 1280 3348 imagine
1300 3276 1897 3341 sanctitatis.Quorum
1917 3277 2107 3348 itaque
2188 3285 2310 3332 tum
2341 3295 2611 3333 numerus
2639 3285 2872 3346 crescat,
2904 3297 2971 3334 ex
3008 3281 3238 3336 cumulo
3270 3277 3595 3349 sequentium
3619 3269 3725 3327 deli-

480 3367 762 3424 ‘0rdinem
794 3366 1045 3440 lapidum
1086 3365 1222 3420 dum
1265 3364 1522 3421 Ecclesiae
1564 3381 1679 3420 suae
1710 3365 1979 3420 Dominus
2008 3382 2109 3437 per
2186 3372 2426 3422 ctorum.
2464 3367 2623 3422 Unde
2646 3368 2716 3422 ad
2745 3367 2849 3423 Job
2889 3368 3095 3424 dicitur
3114 3374 3183 3423 ut
3213 3367 3545 3440 praemissum
3565 3359 3725 3425 eStvlo'

503 3456 838 3529 prophetam
875 3454 1307 3528 pollicitationes
1354 3469 1485 3508 suas
1531 3453 1872 3515 ostenderet,
1913 3470 2106 3525 repro-
2188 3470 2285 3509 cus
2319 3454 2591 3525 sapphiri,
2622 3454 2837 3526 lapides
2883 3456 3025 3526 ejus,
3064 3463 3121 3510 et
3165 3455 3350 3527 gleba:
3386 3455 3517 3524 ejus,
3546 3461 3718 3505 aurum.

476 3551 481 3557 ’
504 3544 703 3612 mittit,
719 3544 944 3599 dicens:
975 3544 1103 3599 Ecce
1120 3559 1213 3612 ego
1231 3548 1477 3597 sternam
1494 3558 1595 3611 per
1617 3543 1870 3597 ordinem
1898 3543 2103 3612 lapides
2188 3542 2336 3607 Quid
2364 3543 2516 3599 enim
2544 3543 2650 3598 hoc
2678 3544 2798 3599 loco
2826 3544 3060 3615 lapides,
3096 3544 3210 3599 nisi
3236 3550 3539 3600 sanctorum
3563 3555 3617 3593 ac
3637 3537 3721 3591 for-

477 3650 483 3654 ν
506 3638 647 3699 tuos,
678 3638 727 3687 et
763 3634 1010 3701 fundabo
1041 3637 1088 3686 te
1114 3635 1180 3686 in
1202 3632 1480 3701 sapphiris
1506 3636 1555 3685 et
1589 3646 1799 3700 ponam
1828 3633 2103 3701 jaspidem
2186 3631 2327 3685 tium
2354 3638 2573 3686 mentes
2596 3632 2923 3703 accipimus,
2955 3632 3051 3703 qui
3077 3633 3241 3702 quasi
3268 3650 3333 3688 ex
3358 3630 3531 3703 gratia
3552 3634 3603 3682 et
3622 3638 3723 3678 con-

498 3726 926 3792 propugnacula
950 3727 1067 3789 tua,
1090 3726 1138 3775 et
1162 3725 1352 3789 portas
1383 3726 1507 3774 luas
1530 3723 1594 3773 in
1623 3721 1827 3788 lapides
1847 3724 2098 3789 scalptos,
2185 3719 2395 3773 stantia
2432 3720 2657 3787 mentis,
2701 3721 2832 3791 jure
2879 3720 3091 3792 lapides
3136 3719 3441 3777 sanctuarii
3466 3709 3722 3773 vocantur?

504 3815 552 3865 et
572 3827 756 3865 omnes
780 3813 1044 3864 terminos
1066 3814 1184 3863 tuos
1212 3813 1277 3863 in
1299 3810 1503 3878 lapides
1523 3809 1944 3863 desiderabiles:
1975 3811 2103 3861 uni—
2184 3807 2344 3863 Unde
2371 3809 2705 3880 Apostolus:
2728 3811 2793 3865 Et
2824 3826 2912 3865 vos
2939 3816 3215 3880 tanquam
3247 3811 3447 3880 lapides
3464 3808 3565 3862 ciui
3578 3815 3721 3871 supcr-

503 3916 682 3956 versos
709 3903 852 3968 ﬁlios
892 3904 1009 3952 tuos
1036 3900 1213 3952 doctos
1236 3915 1271 3952 α
1296 3900 1530 3952 Domino
1553 3899 1683 3965 (Isa.
1725 3898 1857 3968 LIV).
1894 3898 2104 3953 Stravit
2182 3897 2544 3963 adi/icamim‘
2570 3898 2764 3954 domus
2790 3901 3133 3968 spiritualcs.
3159 3898 3273 3963 Qui
3302 3896 3531 3971 profecto
3555 3888 3720 3963 lapides

480 4003 750 4059 namque
787 3987 1044 4043 Christus
1082 3987 1141 4041 in
1182 3987 1426 4042 Ecclesia
1454 4002 1555 4058 per
1581 3986 1834 4042 ordinem
1864 3986 2096 4057 lapides,
2182 3985 2508 4052 sanctuarii,
2540 3986 2673 4056 quia
2713 3987 2784 4042 ad
2831 3987 2947 4042 ima
2974 3987 3288 4043 carnalium
3332 4004 3393 4042 se
3434 3980 3716 4039 diffundunt»

476 4078 639 4148 “quia
675 4076 734 4130 in
780 4092 846 4131 ea
889 4081 1111 4130 sanctas
1156 4076 1462 4130 electorum
1508 4075 1727 4129 animas
1773 4075 2101 4131 meritorum
2186 4074 2347 4144 quasi
2374 4075 2611 4146 dispersi
2634 4078 2763 4147 jure
2792 4076 3140 4147 planguntur
3164 4076 3228 4131 in
3247 4075 3424 4148 capite
3442 4073 3716 4146 platearum.

479 4163 828 4218 'diversitate
881 4163 1150 4217 distinxit.
1190 4163 1466 4218 Fundavit
1513 4180 1639 4218 eam
1690 4163 1748 4217 in
1801 4163 2100 4235 sapphiris,
2159 4163 2329 4218 'Nam
2354 4170 2413 4219 et
2439 4165 2498 4220 in
2526 4166 2720 4221 Iudaea
2743 4165 2898 4236 prius
2927 4171 3133 4221 sanctae
3160 4165 3365 4221 anima:
3382 4174 3636 4233 nunquam
3651 4154 3720 4208 ἀθ-

480 4252 602 4325 qui
631 4250 842 4306 scilicet
869 4251 1084 4322 lapides
1104 4251 1306 4305 coloris
1331 4252 1481 4306 aerei
1512 4255 1567 4306 in
1594 4268 1656 4307 se
1679 4251 2166 4326 similitudinem“
2183 4251 2431 4321 fuerunt,
2479 4254 2572 4325 qui
2602 4254 2888 4310 ccelestem
2917 4254 3090 4309 vitam
3132 4261 3266 4326 apte
3294 4254 3561 4309 ducerent.
3597 4241 3718 4301 Unde

502 4347 700 4397 tenent
730 4359 746 4395 :
779 4339 912 4411 quia
939 4338 1111 4394 robur
1142 4339 1396 4394 Ecclesiae
1424 4339 1483 4394 in
1527 4339 1821 4395 animabus
1853 4329 2335 4398 cmlestiaurecte
2363 4358 2475 4397 non
2505 4343 2692 4397 minus
2720 4344 2789 4397 de
2809 4359 2894 4408 ea,
2929 4359 3099 4413 quam
3129 4350 3183 4399 et
3207 4344 3278 4398 de
3308 4341 3503 4398 Christi
3527 4329 3719 4393 Ecclesia

471 4428 897 4502 ‘appetentibus
942 4426 1235 4481 solidatur.
1284 4429 1352 4480 Et
1379 4427 1644 4497 quoniam
1681 4429 1861 4500 jaspis
1909 4431 2101 4486 viridis
2182 4430 2416 4485 dicitur:
2445 4432 2625 4486 Locus
2660 4431 2930 4503 sapphiri,
2957 4432 3169 4502 lapides
3197 4434 3339 4504 ejus.
3368 4432 3433 4486 Et
3460 4427 3577 4500 quia
3598 4423 3646 4477 in
3667 4432 3717 4473 ea

474 4525 590 4572 'est
634 4517 853 4582 coloris,
901 4515 1180 4587 jaspidem
1229 4516 1649 4586 propugnacula
1703 4518 1826 4588 ejus
1890 4520 2097 4590 posuit,
2182 4536 2389 4591 magna
2417 4520 2541 4575 vita
2560 4537 2625 4575 ac
2649 4521 2934 4592 sapientia
2954 4521 3210 4575 claritate
3239 4521 3451 4592 fulgent
3472 4531 3563 4589 per
3585 4511 3716 4566 ﬁdem

501 4604 636 4674 quia
658 4604 738 4657 illi
760 4611 956 4659 contra
977 4603 1324 4657 adversarios
1349 4619 1449 4674 pro
1486 4610 1693 4658 sanctae
1725 4607 1980 4660 Ecclesiae
1999 4607 2098 4662 de-
2182 4609 2343 4663 electi
2388 4609 2731 4680 adjungitur,
2761 4617 2819 4664 et
2860 4610 3038 4680 glebae
3076 4610 3229 4665 illius
3257 4625 3468 4665 aurum.
3496 4600 3616 4669 Quid
3641 4609 3718 4669 ρετ

500 4692 753 4747 fensione
783 4692 982 4762 objecti
1015 4699 1165 4758 sunt,
1199 4693 1294 4763 qui
1324 4692 1381 4746 in
1413 4692 1509 4746 illa
1537 4693 1799 4748 ariditate
1831 4696 2099 4767 temporis
2179 4697 2371 4767 glebas
2393 4699 2497 4752 nisi
2519 4698 2874 4767 collectiones
2893 4682 3241 4770 singulorum
3263 4698 3510 4753 ordinum
3532 4708 3588 4746 ac
3611 4684 3716 4743 mul-

499 4779 724 4850 reprobi
770 4780 1111 4834 inarescunt.
1154 4783 1229 4835 At
1277 4798 1404 4835 vero
1448 4781 1581 4852 quia
1627 4782 1684 4836 in
1734 4783 1966 4837 diversis
1994 4785 2099 4840 Ec-
2180 4785 2440 4841 titudinis
2472 4788 2659 4841 unitas
2705 4788 3075 4858 designatur?
3118 4788 3304 4843 Glebae
3332 4783 3527 4843 etenim
3562 4777 3716 4833 exha-

472 4867 681 4922 clesiie
726 4867 1020 4923 ordinibus
1064 4876 1255 4924 nostro
1302 4870 1361 4924 in
1408 4877 1661 4941 tempore
1703 4872 1865 4926 multi
1913 4874 2100 4927 saeculi
2182 4890 2337 4929 more
2372 4882 2429 4929 et
2472 4876 2699 4947 pulvere
2742 4884 3223 4947 constringuntur.
3257 4877 3458 4932 Omnes
3494 4884 3610 4939 ergo
3639 4859 3714 4933 Ψίί

498 4963 782 5011 amatores
810 4964 1307 5015 connumerantur.
1334 4958 1465 5027 jure
1507 4958 1810 5028 plangitur,
1853 4960 1987 5030 quia
2014 4961 2098 5015 la-
2180 4979 2308 5018 rore
2337 4964 2534 5036 gratia:
2580 4965 2769 5030 infusi,
2810 4983 2876 5020 ex
2924 4966 3122 5021 mortis
3157 4965 3343 5020 debito
3388 4979 3445 5016 se
3478 4959 3711 5031 pulverem

493 5045 653 5116 pides
677 5044 980 5099 sanctuarii
999 5044 1235 5115 dispersi
1257 5054 1390 5099 sunt
1412 5046 1467 5099 in
1495 5047 1677 5116 capite
1698 5048 1946 5103 omnium
1970 5050 2091 5121 pla-
2174 5069 2295 5106 esse
2328 5053 2506 5108 veraci
2530 5055 2850 5125 cognitione
2874 5056 3233 5117 conﬁtentur,
3257 5054 3385 5107 dum
3406 5050 3520 5103 vita:
3541 5036 3711 5098 virtuti-

491 5138 733 5198 tearum,
772 5133 905 5186 dum
955 5138 1224 5203 susceptae
1265 5134 1552 5203 religionis
1596 5137 1926 5206 mysterium
1976 5155 2093 5192 ver—
2156 5139 2277 5195 .bus
2304 5142 2636 5199 clarescunt.
2662 5143 2820 5214 quasi
2851 5159 3036 5199 aureae
3062 5143 3238 5213 gleba:
3265 5142 3323 5196 in
3345 5136 3567 5195 Ecclesia
3591 5126 3710 5185 reni-

490 5222 664 5275 timus
692 5222 761 5274 ad
791 5220 1115 5275 ambitionis
1143 5229 1530 5291 augmentum,
1550 5223 1683 5277 dum
1715 5225 1898 5279 locum
1926 5243 2090 5281 sanc-
2170 5235 2410 5286 tescunt.
2447 5232 2654 5286 Habuit
2682 5239 2740 5286 et
2775 5233 3073 5304 Synagoga
3114 5232 3306 5302 glebas
3342 5230 3396 5283 in
3434 5216 3705 5304 propheti8_;

489 5310 672 5364 titatis
691 5312 758 5364 ad
787 5316 1013 5365 terrena
1032 5311 1253 5379 negotia
1281 5311 1631 5366 deﬂectimus
1654 5330 1664 5365 :
1692 5314 1825 5368 dum
1851 5317 2088 5370 terrenis
2170 5320 2368 5375 habuit
2395 5328 2453 5375 et
2478 5322 2536 5375 in
2561 5302 2903 5385 doctoribus,
2928 5302 3145 5377 necnon
3167 5328 3225 5375 et
3254 5320 3309 5373 in
3337 5314 3573 5371 I‘atribus
3593 5302 3705 5361 anti-

488 5396 705 5452 actibus
735 5397 1110 5470 implicamur,
1132 5398 1215 5452 ita
1242 5397 1391 5468 quod
1424 5399 1583 5468 pejus
1611 5405 1718 5468 est,
1741 5409 1808 5455 ut
1832 5402 1972 5478 lupi,
1994 5420 2088 5476 pa-
2170 5408 2317 5480 quis,
2337 5410 2434 5479 qui
2457 5425 2664 5481 magna
2694 5426 2755 5464 se
2780 5409 3062 5465 infusione
3079 5408 3291 5480 gratiae,
3314 5406 3373 5463 in
3399 5390 3703 5481 professionis

484 5492 670 5544 stores
697 5487 871 5556 ﬁant;
915 5486 1161 5542 ministri
1204 5485 1421 5553 altaris,
1454 5488 1831 5559 negotiatores
1858 5494 2046 5549 saculi
2071 5514 2084 5562 ;
2168 5478 2429 5569 etoperis
2448 5478 2820 5554 unanimitate
2835 5478 3160 5555 tenuerunt.
3187 5493 3471 5567 Dequibus
3489 5492 3617 5547 recte
3639 5478 3702 5534 di‘
