3960 6168
252 263 393 324 1201

900 264 1305 351 *ΕΧΡΟΞΙΤΙΟ
1343 267 1424 323 ΙΝ
1462 268 1848 324 LAMENTAT

1930 267 2079 324 ‘NES
2117 268 2463 325 JEREMIE.
2506 298 2572 310 —
2613 268 2750 323 LIB.
2792 268 2889 323 IV.

3404 271 3543 332 1202

244 390 397 446 citur
419 408 431 443 :
466 389 538 446 Et
561 388 738 462 glebae
774 388 926 444 illius
952 404 1175 445 aurum:
1202 390 1337 462 quia
1363 390 1421 448 in
1452 408 1521 448 ea
1546 393 1849 450 multitudo
1866 395 1920 456 Α
1935 392 2281 448 Obscuratur
2300 392 2528 466 quidem
2548 398 2777 464 propter
2797 410 2909 449 non
2930 393 3242 462 credentes,
3255 395 3342 451 vel
3365 397 3537 453 etiam

244 478 630 551 spiritualium
650 484 810 534 tanto
838 478 1051 548 majore
1081 477 1287 534 virtute
1316 480 1534 546 claruit,
1561 488 1772 554 quanto
1792 499 1854 539 se

245 566 308 622 in
349 568 530 622 Deum
579 584 644 622 ac
681 567 998 638 proximum
1050 568 1259 638 majore
1306 571 1682 628 unanimitate
1726 588 1855 628 eon-

246 657 495 712 strinxit.
529 657 638 713 Sed
664 658 769 711 hoc
809 673 1009 711 aurum
1037 658 1307 729 perfidiae,
1341 664 1426 714 est
1454 667 1579 732 post
1613 669 1854 731 Ιιιδτ

247 747 486 802 modum
513 746 760 801 tenebris
792 745 1172 811 obscuratum,
1205 748 1366 818 cujus
1396 751 1643 821 profecto
1675 752 1858 823 nigre-

248 834 443 891 dinem
463 836 553 891 hic
577 836 850 908 propheta
878 835 1123 901 intuens,
1151 836 1426 907 deplorat,
1459 839 1682 895 dicens:
1719 842 1857 909 Quo-

250 926 413 979 modo
455 926 810 981 obscuratum
872 930 947 979 est
993 940 1223 990 aurum,
1285 932 1534 982 mutatus
1578 934 1653 984 est
1707 933 1856 986 cotor

248 1018 513 1083 Optimus.
549 1013 655 1069 Sed
689 1018 748 1068 et
776 1013 985 1069 Christi
1016 1014 1261 1069 Ecclesia
1288 1015 1543 1072 membra
1566 1017 1855 1074 electionis

247 1102 616 1159 considerans
658 1108 1016 1158 terrenarum
1045 1120 1235 1159 rerum
1283 1105 1517 1176 fuligine
1547 1107 1850 1179 denigrari,

246 1192 439 1263 plorat
471 1192 621 1264 quod
668 1190 1026 1247 obscuratum
1066 1198 1152 1248 est
1180 1209 1402 1259 aurum,
1437 1202 1490 1249 et
1523 1196 1853 1253 immutatus

246 1286 337 1335 est
356 1281 514 1336 color
531 1288 857 1337 renatorum
886 1281 1152 1353 optimus,
1182 1282 1403 1353 fulgens
1424 1283 1578 1355 prius
1607 1286 1854 1343 etiamin

245 1370 656 1442 posterioribus
684 1371 745 1424 in
773 1369 985 1442 pallore
1014 1371 1157 1437 auri,
1178 1388 1326 1426 nunc
1346 1389 1476 1427 vero
1498 1390 1528 1428 e
1546 1376 1849 1443 contrario,

248 1458 586 1514 delictorum
619 1458 866 1515 tenebris
887 1459 1236 1515 obscuratus.
1269 1461 1544 1517 Caeterum
1574 1464 1763 1519 anima
1792 1482 1853 1520 se

245 1548 380 1616 jure
422 1547 701 1619 deplorat,
744 1565 868 1619 qua:
893 1547 1000 1602 fuit
1036 1548 1190 1620 prius
1218 1566 1318 1620 per
1346 1549 1558 1604 fontem
1591 1551 1852 1623 baptismi

247 1632 380 1687 nive
431 1632 724 1687 candidius
766 1632 1047 1698 dealbata,
1080 1640 1136 1688 et
1176 1651 1276 1705 per
1306 1634 1643 1691 infusionem
1673 1638 1852 1692 sancti

1934 486 2166 554 propter
2194 497 2307 537 non
2333 485 2485 536 recte
2504 480 2910 552 intelligentes:
2940 488 3133 539 manet
3158 489 3350 540 tamen
3368 485 3539 540 invio-

1934 570 2051 624 lata
2073 570 2294 627 veritas.
2330 570 2462 641 quia
2492 576 2550 625 et
2578 569 2623 624 si
2655 571 2941 626 obscurari
2970 572 3041 625 ad
3080 578 3302 644 tempus
3331 578 3532 645 potest,

1935 659 2218 730 corrumpi
2251 660 2479 713 omnino
2523 676 2638 713 non
2677 665 2878 730 potest.
2910 663 2981 714 At
3009 677 3139 715 vero
3176 662 3328 716 color
3361 661 3532 730 verbi,

1931 747 2177 802 eharitas
2228 747 2485 803 videlicet
2540 764 2652 819 qua
2709 747 3100 818 perfundimur
3144 755 3201 803 et
3241 750 3533 818 vestimur,

1931 842 2312 891 commutatur
2357 836 2415 889 in
2468 836 2648 907 pejus,
2704 836 2838 889 dum
2887 853 2951 889 ex
2990 837 3287 893 dilectione
3333 838 3432 893 Dei
3479 843 3537 894 et

1931 924 2171 997 proximi
2194 924 2470 979 transitur
2488 923 2545 978 in
2571 924 3047 996 coneupiseentias
3074 941 3264 980 rerum
3286 918 3548 982 terrena-i

1936 1030 2062 1068 rum
2096 1033 2107 1067 :
2152 1020 2210 1068 et
2236 1012 2371 1068 dum
2404 1029 2561 1067 mens
2589 1012 2659 1067 ad
2688 1011 2910 1083 singula
2937 1030 2997 1068 se
3024 1013 3268 1085 exponit,
3293 1015 3453 1086 quasi
3474 1016 3535 1072 in

1936 1102 2119 1174 capite
2147 1102 2321 1157 totius
2348 1101 2474 1155 vitae
2503 1100 2835 1166 latitudinis,
2873 1102 3124 1159 actiones
3151 1119 3282 1170 suas
3303 1107 3360 1157 et
3386 1103 3535 1158 desi-

1935 1191 2094 1246 deria
2114 1190 2308 1245 mittit.
2333 1190 2484 1256 Quas
2512 1206 2640 1245 cum
2662 1190 2732 1244 ad
2763 1206 2821 1244 se
2848 1190 3079 1245 redierit
3100 1191 3305 1246 misera
3319 1191 3531 1259 anima,

1936 1280 2070 1352 quid
2084 1279 2235 1334 aliud
2257 1295 2423 1350 quam
2444 1278 2729 1350 dispersas
2747 1279 2896 1333 inter
2916 1280 3029 1333 lata
3045 1285 3100 1334 et
3120 1280 3366 1351 spatiosa
3385 1297 3536 1337 mor-

1935 1368 2007 1423 tis
2035 1369 2242 1423 itinera
2290 1368 2440 1423 dolet
2487 1375 2545 1422 et
2571 1367 2789 1439 gemit?
2826 1369 2906 1422 Ac
2933 1368 2979 1421 si
3028 1374 3287 1439 patenter
3329 1369 3480 1425 dicat
3517 1388 3529 1422 :

1936 1457 2226 1523 Quomodo
2255 1457 2314 1511 in
2344 1474 2435 1511 me
2462 1457 2720 1511 mihimet
2740 1455 3097 1512 obscuratum
3139 1464 3225 1511 est
3264 1458 3403 1512 illud
3431 1459 3538 1519 Dei

1933 1546 2165 1601 verbum
2197 1546 2438 1619 ignitum
2468 1552 2525 1600 et
2550 1545 2924 1619 splendidum,
2948 1547 3045 1613 ita,
3070 1552 3131 1601 ut
3159 1563 3285 1601 mea
3314 1548 3539 1619 ignavia

1932 1641 2188 1700 eaeeatus,
2213 1641 2550 1707 praeceptum
2584 1636 2682 1689 Dei
2719 1635 2965 1690 lucidum
2992 1635 3197 1698 videre,
3223 1636 3373 1707 quod
3400 1653 3525 1691 con-

246 1721 498 1794 Spiritus
526 1738 663 1776 auro
681 1721 965 1793 pulchrius
988 1723 1253 1790 colorata,
1278 1740 1425 1778 nunc
1456 1741 1583 1779 vero
1612 1732 1711 1780 aut
1733 1725 1913 1785 hae-B
1930 1724 2098 1778 vertit
2123 1723 2360 1787 animas,
2406 1724 2778 1796 nequiverim.
2810 1724 3101 1789 Quomodo
3136 1725 3393 1779 mihimet
3434 1725 3536 1781 ob-

248 1811 363 1866 resi
395 1817 481 1867 est
509 1811 728 1876 infecta,
776 1816 877 1865 aut
904 1810 1055 1866 intus
1093 1819 1147 1867 et
1199 1813 1501 1868 sceleribus
1539 1814 1847 1870 obfuscata.

244 1899 454 1971 Fulget
468 1916 712 1973 namque
728 1900 1047 1956 animarum
1067 1908 1389 1957 sanctarum
1410 1904 1694 1976 eloquium
1714 1922 1850 1961 auro

246 1989 477 2053 clarius,
524 1990 796 2045 claritatis
826 2006 953 2045 vero
979 1990 1244 2061 splendor
1271 1992 1560 2062 pulchrius
1589 1994 1849 2050 omnibus

245 2077 561 2135 irradiatur
586 2078 886 2144 coloribus,
902 2079 1000 2134 sed
1027 2096 1153 2134 cum
1175 2080 1246 2134 ab
1276 2082 1395 2151 ejus
1425 2082 1640 2152 fulgore
1659 2084 1849 2139 anima

245 2167 715 2240 concupiscentiis
733 2168 1011 2223 oblectata
1032 2169 1192 2224 malis
1212 2164 1500 2233 deciderit,
1533 2170 1666 2242 quid
1696 2172 1848 2228 aliud

244 2256 307 2311 in
338 2272 407 2311 ea
436 2273 605 2328 quam
632 2273 835 2313 aurum
873 2256 1249 2313 obscuratur?
1279 2259 1347 2313 Et
1375 2258 1511 2314 dum
1549 2258 1701 2316 intus
1725 2278 1850 2316 car-

239 2346 460 2401 nalium
489 2362 679 2415 rerum
709 2346 1056 2416 denigratur,
1098 2347 1233 2419 quid
1262 2347 1371 2402 nisi
1398 2348 1551 2403 color
1589 2350 1850 2406 candoris

238 2434 494 2507 Optimus
520 2440 579 2490 et
606 2435 1038 2507 pulchritudinis
1060 2436 1120 2491 in
1148 2436 1397 2492 deterius
1424 2438 1847 2495 commutatur?

240 2522 432 2579 Habet
462 2522 609 2578 enim
639 2524 829 2579 anima
856 2524 1085 2579 verbum
1116 2524 1289 2580 divini
1311 2525 1516 2596 eloquii
1549 2542 1686 2581 auro
1716 2544 1845 2598 pre-

241 2612 446 2667 tiosius
468 2612 528 2667 in
556 2629 616 2667 se
643 2612 883 2684 fulgens,
915 2613 1064 2685 quod
1094 2614 1366 2669 charitate
1395 2614 1731 2671 intrinsecus
1760 2616 1847 2671 in-

244 2700 709 2773 comparabiliter
740 2703 1042 2767 coloratur,
1074 2703 1172 2758 sed
1216 2720 1344 2758 cum
1385 2704 1847 2775 concupiscentiis

243 2806 441 2845 rerum
486 2790 748 2857 afficitur,
781 2791 914 2862 quid
941 2791 1093 2846 aliud
1124 2808 1291 2863 quam
1337 2793 1486 2864 quod
1521 2810 1724 2848 aurum
1755 2793 1849 2849 ob-

1933 1813 2149 1867 scurari
2166 1814 2348 1884 potuit
2366 1813 2527 1879 illud,
2543 1813 2691 1885 quod
2711 1813 2971 1867 omnibus
2990 1814 3164 1880 lucet;
3185 1819 3240 1868 et
3259 1815 3537 1871 convertit

1933 1901 2105 1956 etiam
2131 1902 2395 1973 refugas?
2427 1902 2629 1957 Verum
2661 1902 2809 1973 quod
2850 1918 2940 1956 me
2971 1901 3155 1965 latuit,
3203 1918 3305 1957 nec
3347 1903 3532 1958 videre

1932 1990 2107 2061 potui,
2127 1990 2232 2045 sibi
2256 1991 2448 2046 fulsit:
2476 1990 2681 2045 idcirco
2701 1996 2758 2045 et
2782 1991 2841 2045 in
2866 2007 2954 2044 me
2974 1990 3305 2045 immutatus
3334 1997 3422 2045 est
3445 2007 3534 2046 eo-

1929 2078 2016 2132 lor
2033 2079 2297 2151 optimus.
2312 2085 2370 2135 et
2397 2079 2635 2152 dispersi
2647 2086 2781 2134 sunt
2807 2078 3020 2150 lapides
3044 2078 3369 2134 sanctuarii.
3395 2080 3533 2137 San-

1929 2167 2205 2223 ctuarium
2225 2168 2450 2241 quidem
2474 2175 2597 2223 erat
2624 2167 2813 2223 anima
2832 2168 3011 2222 fidelis
3031 2168 3163 2234 Deo,
3178 2168 3311 2223 dum
3328 2185 3532 2225 aurum

1930 2256 2144 2312 scilicet
2190 2257 2421 2313 verbum
2472 2257 2744 2320 divinum,
2783 2256 2843 2312 in
2885 2273 2953 2311 ea
2989 2256 3238 2328 fulgebat
3264 2256 3528 2329 ignitum.

1932 2345 2042 2400 Sed
2070 2362 2201 2402 mox
2229 2346 2516 2402 obscurari
2540 2346 2710 2417 coepit
2729 2346 2789 2402 in
2816 2345 3052 2418 perfidia
3085 2351 3144 2400 et
3172 2346 3411 2419 caligine
3437 2345 3533 2403 de-

1930 2434 2191 2490 lictorum
2229 2448 2241 2484 :
2273 2436 2609 2492 immutatur
2646 2435 2816 2490 etiam
2869 2436 3023 2489 color
3051 2434 3313 2507 Optimus,
3357 2436 3531 2509 fitque

1927 2525 2077 2581 fceda
2104 2542 2227 2596 quae
2261 2525 2493 2596 pulchra
2520 2529 2662 2588 erat,
2694 2529 2752 2578 et
2780 2523 3183 2596 disperguntur
3222 2524 3414 2579 omnia
3439 2524 3529 2580 in-

1929 2614 2205 2669 trinsecus
2237 2616 2352 2672 :ita
2379 2618 2444 2668 ut
2468 2613 2625 2668 nulla
2655 2618 2984 2667 remaneant
3020 2612 3145 2668 vitae
3173 2618 3526 2689 ornamenta,

1930 2704 2065 2759 dum
2093 2708 2292 2758 cuncta
2320 2702 2609 2775 pelluntur
2634 2701 2784 2756 foras
2812 2701 2977 2766 bona,
3012 2707 3069 2756 et
3098 2701 3347 2773 repletur
3373 2701 3530 2758 intus

1930 2792 2113 2847 malis.
2146 2792 2353 2863 Magna
2378 2791 2551 2862 igitur
2579 2791 2749 2861 hujus
2778 2790 2861 2845 vis
2898 2789 3131 2845 lamenti
3162 2809 3174 2845 :
3209 2807 3448 2862 magnus
3471 2794 3531 2848 et

241 2885 530 2947 scuratur,
560 2884 620 2935 et
642 2880 798 2935 color
823 2880 1725 2952 immutaturoptimus?Pessima
1746 2882 1848 2953 igi-
1928 2882 2074 2936 tanti
2110 2881 2271 2951 vigor
2298 2880 2507 2935 doloris
2547 2880 2850 2952 prophetae,
2885 2880 2981 2952 qui
3019 2880 3091 2935 ad
3121 2880 3310 2935 omnia
3338 2897 3399 2935 se
3438 2897 3529 2935 ex-

241 2973 343 3023 tur
382 2969 765 3034 commutatio,
799 2969 935 3023 dum
986 2985 1146 3023 amor
1174 2976 1513 3025 aeternarum
1556 2986 1743 3026 rerum
1791 2976 1848 3027 et
1874 3038 1895 3041 Α
1928 2970 2128 3025 tendit.
2161 2969 2387 3040 Plangit
2405 2969 2556 3024 enim
2587 2969 2891 3024 caecitatem
2921 2969 3281 3024 Iudaeorum:
3312 2969 3530 3041 plangit

238 3058 698 3129 concupiscentia
725 3057 964 3113 caelestis
1002 3059 1215 3130 patriae,
1246 3059 1305 3113 in
1338 3076 1587 3114 amorem
1631 3038 1905 3133 tempo-C
1927 3038 2369 3115 etEcelesiaruin
2395 3057 2490 3113 Dei
2519 3057 2927 3130 dispersionem
2959 3075 3024 3113 ac
3043 3057 3286 3112 damna:
3311 3038 3530 3129 plangit

237 3147 472 3213 talium,
503 3154 561 3201 et
597 3148 1103 3219 concupiscentiam
1145 3165 1415 3204 venarum
1452 3166 1642 3205 rerum
1681 3150 1845 3205 verti-
1926 3149 2240 3204 nuditatem
2268 3148 2610 3213 animarum,
2632 3154 2803 3219 atque
2827 3146 3108 3202 fceditates
3126 3146 3380 3201 omnium
3406 3164 3417 3199 :
3445 3163 3530 3202 re—

231 3242 352 3300 tur,
387 3253 487 3307 pro
512 3253 623 3308 quo
653 3242 802 3292 recte
827 3238 1114 3309 plangitur
1141 3255 1152 3289 :
1182 3238 1452 3305 Quomodo
1484 3240 1843 3294 obscuratum
1925 3238 2058 3292 colit
2097 3238 2345 3303 exordia,
2378 3237 2635 3309 deplorat
2678 3235 2906 3301 amissa,
2947 3242 3005 3291 et
3047 3252 3175 3291 cum
3218 3234 3439 3307 gemitu
3468 3252 3528 3291 se

230 3331 312 3381 est
345 3342 579 3389 aurum,
612 3332 860 3381 mutatus
904 3333 977 3382 est
1017 3331 1163 3382 color
1199 3332 1457 3397 Optimus.
1510 3328 1669 3384 Unde
1709 3329 1844 3401 quia
1922 3325 2190 3380 diffundit
2216 3324 2288 3380 ad
2316 3324 2595 3380 universa.
2625 3323 2786 3379 Unde
2810 3322 3083 3395 sequitur.

228 3414 689 3486 concupiscentia
712 3420 934 3471 aeternae
967 3415 1089 3470 vitae
1122 3432 1276 3471 versa
1307 3422 1394 3471 est
1421 3416 1479 3471 in
1505 3433 1752 3473 amorem
1784 3422 1841 3473 et

224 3504 743 3576 concupiscentiam
763 3504 968 3563 carnis.
986 3505 1115 3575 jure
1143 3504 1357 3576 lapides
1382 3507 1690 3561 sanctuarii
1712 3506 1835 3573 Dei,
2000 3570 2003 3577 ι

225 3594 468 3665 reliquae
524 3594 737 3649 scilicet
801 3594 1038 3648 virtutes
1100 3595 1322 3660 animae,
1387 3595 1448 3650 in
1507 3595 1689 3667 capite
1745 3595 1834 3649 di-
1989 3595 2123 3649 Filii
2140 3590 2275 3647 Sion
2303 3591 2507 3659 inclyti
2535 3594 2584 3644 et
2611 3589 2807 3643 amicti
2835 3602 2979 3642 auro
3018 3590 3227 3657 primo,
3262 3590 3527 3657 quomodo

228 3688 580 3756 sperguntur
608 3682 859 3737 omnium
889 3684 1232 3755 platearum;
1268 3684 1532 3748 quoniam
1562 3684 1836 3739 charitate
1918 3684 2162 3752 γεραιαιί
2174 3686 2306 3734 sunt
2329 3682 2391 3733 in
2407 3696 2537 3733 vasa
2556 3683 2735 3740 testea,
2759 3692 2891 3745 opus
2917 3692 3193 3730 manuum
3222 3679 3385 3743 ﬁguli
3401 3681 3424 3729 ?
3444 3676 3522 3730 Ex

228 3771 466 3837 amissa,
500 3771 673 3826 virtus
703 3772 857 3826 nulla
883 3771 939 3825 in
966 3771 1158 3826 anima
1183 3772 1476 3833 solidatur,
1499 3772 1615 3827 imo
1643 3790 1836 3828 omnes
1919 3788 2029 3843 quo
2056 3770 2396 3835 Judaaorum,
2430 3773 2486 3822 et
2517 3763 2895 3838 praerogativa:
2933 3769 3170 3831 |484
3194 3770 3519 3819 sanctorum

229 3861 563 3916 aﬁectiones
596 3877 727 3915 suas
755 3861 825 3915 ad
859 3861 972 3915 lata
999 3861 1216 3915 viarum
1248 3861 1471 3922 itinera,
1502 3868 1560 3916 et
1586 3862 1839 3934 spatiosa
1919 3860 2169 3915 insinuat
2197 3864 2422 3930 patrum
2448 3854 2782 3926 dignitatem
2806 3872 2817 3907 :
2853 3853 3003 3925 quod
3023 3870 3134 3907 non
3157 3854 3338 3907 solum
3367 3853 3517 3908 illius

228 3950 814 4021 concupiscentiarurn
860 3951 1176 4015 conamina,
1211 3950 1267 4005 in
1299 3950 1486 4022 capite
1526 3951 1842 4023 transponit
1921 3955 2160 4004 terrenae
2190 3947 2323 4002 Sion
2352 3946 2578 4001 fuerunt
2593 3944 2714 4009 filii,
2754 3960 2945 3998 verum
2971 3942 3140 3997 etiam
3166 3942 3407 3996 caelestis
3435 3943 3523 3997 Je-

232 4042 574 4112 platearum.
599 4040 758 4105 Quod
779 4040 990 4111 lapides
1020 4041 1394 4111 pretiosarum
1422 4040 1690 4095 virtutum
1711 4057 1839 4112 spe-
1922 4038 2167 4093 rusalem
2194 4035 2388 4107 inclyti
2420 4052 2431 4088 :
2463 4040 2529 4088 ut
2556 4033 2693 4104 legis
2712 4032 2969 4087 doctrina
2991 4047 3055 4086 ac
3085 4030 3281 4102 gratiae
3306 4030 3527 4113 privile-

230 4130 382 4185 ciem
426 4129 485 4183 in
515 4127 810 4183 animabus
837 4136 1159 4184 sanctorum
1199 4134 1446 4194 teneant,
1482 4130 1673 4184 multis
1702 4130 1837 4184 locis
1917 4128 2010 4199 gio
2049 4125 2318 4196 adoptati,
2350 4122 2546 4207 inclyti
2576 4122 2803 4193 quidem
2844 4137 3073 4192 genere,
3123 4120 3279 4174 cultu
3332 4125 3390 4173 et
3428 4118 3527 4174 do-

233 4219 363 4274 luce
387 4218 594 4272 clarius
622 4219 926 4273 Doctorum
952 4218 1186 4290 eloquiis
1211 4219 1547 4273 declaratur.
1580 4218 1689 4274 Sed
1710 4235 1837 4274 cum
1919 4214 2099 4269 ctrina
2123 4231 2134 4267 :
2162 4213 2243 4267 ita
2272 4218 2335 4268 ut
2353 4228 2466 4284 prae
2488 4210 2702 4266 cunctis
2715 4209 2978 4281 gentibus
3004 4208 3104 4264 filii
3134 4208 3235 4264 Dei
3264 4207 3521 4263 diceren-

233 4322 402 4361 mens
446 4306 518 4361 ad
563 4306 840 4362 exteriora
869 4313 925 4362 et
953 4308 1243 4379 praesentis
1279 4307 1403 4362 vitae
1433 4306 1839 4362 oblectamenta
1921 4310 2033 4370 tur,
2068 4307 2126 4358 et
2152 4300 2319 4357 amici
2345 4300 2460 4355 sint
2485 4299 2751 4372 appellati
2777 4321 2791 4355 :
2820 4298 3021 4370 quibus
3038 4299 3186 4353 facta
3213 4302 3299 4352 est
3327 4312 3523 4369 repro-

2646 3480 2810 3520 ΒΗἸἮ.

234 4412 373 4451 suas
400 4395 665 4450 diffundit
692 4396 1187 4468 concupiscentias,
1220 4397 1381 4469 quasi
1432 4396 1489 4451 in
1518 4397 1699 4468 capite
1729 4388 1907 4468 pla-D
1929 4392 2117 4447 missio
2165 4397 2225 4446 et
2270 4389 2547 4461 legislatio
2582 4407 2594 4443 :
2627 4405 2866 4461 quorum
2899 4394 3087 4460 patres
3118 4392 3177 4441 et
3212 4402 3278 4441 ex
3321 4385 3524 4458 quibus

235 4488 463 4536 tearum
496 4481 686 4535 omnia
723 4497 823 4535 sua
866 4481 1142 4552 dispergit
1186 4482 1453 4537 virtutum
1485 4488 1836 4547 ornamenta,

239 4579 301 4626 et
316 4569 529 4641 lapides
548 4586 687 4641 quos
703 4586 873 4641 super
894 4571 1167 4625 rationale
1176 4571 1373 4641 judieii
1389 4572 1460 4625 ad
1486 4586 1653 4625 nexos
1673 4571 1730 4625 in
1749 4588 1841 4642 pe-

237 4666 397 4714 ctore
423 4663 647 4729 portare
674 4656 868 4712 debuit
894 4658 962 4711 ad
981 4658 1221 4728 gloriam
1242 4664 1299 4713 et
1324 4658 1549 4713 laudem
1579 4658 1699 4726 Dei,
1732 4657 1843 4713 sui-

240 4764 357 4821 que
375 4747 612 4812 decoris,
640 4746 866 4801 demum
896 4747 1079 4801 colore
1107 4747 1459 4802 dilectionem
1484 4748 1582 4803 Dei
1604 4747 1663 4802 in
1691 4747 1843 4802 dete-

240 4837 363 4892 rius
387 4839 751 4903 commutato,
777 4835 1058 4906 dispersos
1088 4835 1147 4890 in
1194 4835 1376 4908 capite
1401 4837 1736 4907 platearum,
1777 4852 1841 4891 ac

232 4928 492 4997 jacentes
519 4929 759 4991 |4§3
787 4924 1036 4978 atrocius
1067 4924 1310 4996 expoliat
1339 4924 1516 4992 bonis,
1546 4926 1730 4997 luget;
1761 4932 1842 4981 ta-

239 5031 377 5070 men
420 5014 571 5069 verbi
613 5014 713 5068 Dei
755 5012 1119 5068 subsistentia
1156 5014 1214 5068 in
1256 5013 1436 5081 nobis,
1469 5015 1596 5070 licet
1636 5016 1841 5071 nostris

240 5103 577 5159 obscuretur
600 5108 953 5174 peccatorum
976 5101 1244 5171 tenebris,
1274 5103 1597 5175 incorrupta
1629 5111 1836 5159 manet.

242 5195 556 5263 Propterea
583 5191 876 5262 signanter
910 5207 1023 5246 non
1062 5197 1279 5245 naturae
1324 5191 1687 5247 subsistentia
1727 5193 1845 5247 vio-

240 5282 380 5347 lata,
414 5280 513 5336 sed
534 5279 831 5335 obscurata
858 5278 917 5334 in
953 5278 1113 5333 nobis
1145 5279 1353 5334 nostris
1384 5297 1449 5334 ex
1489 5281 1667 5351 culpis
1695 5287 1844 5335 recte

241 5370 553 5444 plangitur.
586 5369 730 5423 Nam
761 5373 818 5421 et
841 5367 1087 5423 haeretici
1117 5368 1370 5439 quamvis
1397 5368 1546 5422 verbi
1578 5368 1676 5423 Dei
1706 5369 1848 5425 inte-

240 5460 521 5534 gritatem
550 5473 908 5530 corrumpere
948 5456 1263 5524 videantur,
1315 5458 1438 5530 ipsa
1473 5463 1666 5513 tamen
1697 5458 1847 5514 verbi

244 5550 326 5606 vis
354 5556 411 5607 et
454 5554 679 5613 natura,
710 5550 982 5619 quantum
1017 5561 1080 5601 ex
1120 5563 1179 5602 se
1228 5552 1330 5613 est,
1378 5546 1599 5620 integra
1637 5554 1843 5605 manet.

1924 4482 2199 4537 Christus.
2226 4479 2385 4535 Unde
2416 4478 2663 4551 profecto
2675 4478 2803 4549 jure
2832 4477 2992 4531 valde
3018 4476 3213 4548 inclyti
3232 4481 3521 4542 vocantur,

1924 4586 2163 4643 quorum
2193 4569 2341 4624 Deus
2369 4568 2564 4622 doctor
2590 4565 2881 4631 mirabilis,
2911 4566 2971 4620 in
3003 4565 3187 4619 medio
3213 4580 3429 4631 eorum,
3471 4567 3529 4619 et

1924 4664 2204 4731 protector
2219 4657 2389 4712 fuisse
2401 4655 2681 4710 laudatur.
2699 4657 2739 4710 Α
2751 4656 2923 4719 micti,
2943 4652 3146 4724 inquit,
3161 4669 3303 4708 auro
3315 4655 3523 4723 primo.

1922 4748 2031 4803 Per
2063 4762 2267 4803 aurum
2301 4760 2545 4815 namque
2574 4741 2852 4814 sapientia
2893 4741 2993 4796 Dei
3029 4741 3242 4813 fulgida
3271 4742 3532 4813 designa-

1924 4844 2036 4891 tur.
2070 4835 2227 4892 Unde
2255 4833 2476 4889 divinus
2514 4848 2698 4887 sermo
2729 4830 2809 4886 ait
2845 4848 2857 4885 :
2912 4832 3218 4901 Thesaurys
3245 4833 3528 4887 desidera-

1924 4929 2049 4981 bilis
2082 4927 2369 4995 requiescit
2392 4926 2454 4978 in
2473 4938 2564 4976 ore
2583 4923 2849 4991 sapientis
2876 4920 3061 4991 (Prov.
3087 4924 3213 4993 xxI).
3253 4921 3373 4986 Quo
3404 4937 3530 4994 pro-

1922 5016 2066 5071 fecto
2093 5014 2271 5070 Judaei
2290 5011 2480 5067 amicti
2501 5027 2639 5066 auro
2664 5009 2956 5083 fulgebant
2975 5009 3109 5065 olim
3132 5028 3247 5083 prae
3266 5009 3528 5065 omnibus

1924 5105 2085 5177 quasi
2124 5102 2425 5158 luminaria
2461 5101 2521 5156 in
2551 5100 2797 5168 mundo;
2836 5106 2893 5155 et
2923 5116 3035 5155 non
3066 5100 3247 5155 solum
3279 5097 3535 5169 quolibet

1928 5212 2085 5255 auro,
2116 5193 2215 5247 sed
2255 5208 2393 5246 auro
2423 5191 2719 5261 signantur
2749 5188 2932 5261 primo
2978 5194 3037 5244 et
3075 5187 3396 5259 purissimo,
3427 5202 3529 5257 per

1930 5284 2079 5355 quod
2099 5280 2338 5337 celestis
2359 5279 2694 5350 intelligitur
2717 5277 3013 5350 sapientia.
3039 5276 3196 5332 Unde
3219 5274 3483 5329 Salomon
3512 5293 3523 5329 :

1930 5374 2121 5426 Beatus
2136 5371 2293 5424 homo
2308 5371 2407 5438 qui
2422 5370 2633 5422 invenit
2646 5369 2998 5435 sapientiam,
3016 5368 3063 5417 et
3084 5364 3177 5416 cui
3185 5364 3375 5432 afﬂuit
3394 5379 3531 5431 pru-

1929 5461 2118 5514 dentia
2144 5460 2319 5527 (Prov.
2342 5457 2443 5527 lli).
2466 5455 2663 5513 Melior
2695 5460 2779 5508 est
2808 5451 3103 5524 acquisitio
3132 5451 3252 5521 rjus
3283 5444 3531 5522 negotia-

1930 5547 2085 5611 tione
2109 5546 2327 5618 argenti
2348 5551 2404 5601 et
2431 5545 2554 5601 auri
2574 5542 2741 5618 primi
2765 5547 2823 5598 et
2835 5539 3121 5616 purissimi
3140 5538 3355 5597 fructus
3386 5540 3525 5612 ejus.
