3960 6168
497 325 633 386 1203
1259 328 1317 384 S.
1358 329 1736 384 PASCHASII
1768 329 2127 386 RADBERTI
2163 331 2467 386 ABBATIS
2504 329 2996 385 CORBEIENSIS.
3602 326 3712 387 12m

491 456 615 523 Qua
646 456 891 529 profecto
927 457 1106 513 Judaei
1150 455 1351 512 imbuti
1391 453 1685 525 sapientia,
1720 472 1833 526 prae
1867 456 2341 519 cunctisADavid
2373 473 2437 510 ex
2464 470 2703 527 persona
2730 452 2994 509 Domini:
3031 455 3222 518 Aruit,
3256 453 3452 525 inquit,
3486 460 3716 523 tanquam

491 536 755 617 gentibus
784 545 972 600 amicti
993 546 1296 601 laudantur
1314 561 1453 599 auro
1473 543 1656 615 primo
1680 585 1691 598 .
1716 544 1848 616 quia
1866 545 1912 600 si
1928 546 2089 616 juxta
2173 551 2305 601 testa
2333 548 2512 599 virtus
2543 560 2664 597 mea
2690 546 2849 609 (Psal.
2874 545 3007 602 xxi).
3040 542 3278 596 Excocto
3299 542 3467 612 igitur
3490 543 3597 596 luto
3621 560 3720 597 car-

494 634 864 706 Scripturam,
893 635 1068 689 Radix
1095 633 1400 705 sapientia,
1425 637 1512 687 est
1534 632 1734 686 timere
1756 634 1956 698 Deum,
1978 634 2090 689 fru-
2170 634 2277 696 nis,
2303 649 2429 689 cum
2461 633 2711 705 repletur
2737 632 2975 686 interius
3004 647 3104 703 per
3129 630 3338 685 bonam
3369 632 3721 686 conscientiam

496 726 619 777 ctus
647 722 956 795 sapientiae,
989 722 1083 793 qui
1115 725 1266 787 sunt,
1312 720 1421 775 nisi
1447 718 1676 775 videre?
1702 722 1894 792 (Eccli.
1928 729 1991 783 Ι.)
2022 723 2090 777 Et
2170 723 2358 777 anima
2377 722 2643 776 thesauro
2660 719 3112 785 desiderabili,et
3134 719 3320 790 fulget
3347 719 3723 775 exteriushomo

492 809 555 864 hi
583 816 716 865 sunt
733 809 901 881 primi
929 825 993 862 ac
1020 807 1308 880 purissimi
1327 807 1560 875 fructus,
1577 807 1646 862 de
1666 807 1847 880 primo
1874 810 2090 882 sapien-
2171 812 2406 866 amictus
2429 827 2567 865 auro
2592 809 2992 880 intelligentiae,
3027 808 3161 880 quid
3180 808 3338 862 aliud
3363 809 3439 872 ﬁt,
3474 825 3623 878 quam
3647 826 3726 864 vas

494 896 589 953 tite
618 914 755 953 auro
778 896 973 969 geniti.
1003 895 1125 961 Quo
1154 895 1400 968 profecto
1438 896 1621 968 primo
1659 898 2089 969 pulchritudinis
2171 901 2399 955 honoris
2417 901 2442 953 ?
2469 900 2629 955 Unde
2659 904 2717 954 et
2743 915 2916 970 opera
2953 914 3229 952 manuum
3279 897 3434 968 ﬁguli
3460 897 3690 952 dicuntur
3717 918 3727 953 :

495 1001 654 1051 auro,
684 1001 797 1040 non
825 986 1004 1040 solum
1036 985 1353 1057 Synagoga,
1378 1001 1571 1040 verum
1594 992 1651 1041 et
1670 986 1913 1041 Ecclesia
1932 988 2091 1042 Chri-
2173 988 2303 1059 quia
2331 988 2477 1042 sicut
2503 986 2709 1057 ﬁgulus
2731 989 3067 1058 potestatem
3096 984 3271 1039 habet
3291 984 3361 1038 de
3380 984 3563 1038 eadem
3580 1000 3733 1038 massa

495 1074 569 1129 sti
592 1074 894 1145 gloriosius
920 1074 1144 1141 amicta,
1177 1075 1468 1145 gloriatur.
1504 1075 1612 1129 Sed
1643 1076 1790 1147 quod
1813 1076 2087 1148 lacryma-
2176 1077 2328 1131 aliud
2357 1093 2454 1130 vas
2482 1076 2727 1130 formare
2754 1075 2813 1128 in
2837 1073 3267 1138 contumeliam,
3294 1072 3439 1126 aliud
3456 1088 3575 1126 vero
3593 1071 3645 1126 in
3659 1072 3733 1126 ho-

493 1161 664 1217 bilius
692 1168 799 1234 est,
823 1168 881 1217 et
910 1163 1007 1217 illa
1036 1168 1093 1218 et
1113 1163 1223 1218 ista
1251 1163 1309 1218 in
1338 1163 1455 1218 suis
1478 1165 1777 1218 immutata
1795 1169 1882 1219 est
1913 1180 1926 1214 :
1954 1170 2015 1220 ut
2037 1171 2096 1219 et
2176 1183 2369 1221 norem
2407 1185 2419 1230 ;
2454 1166 2534 1220 ita
2575 1171 2633 1219 et
2657 1164 2913 1219 Christus
2955 1179 3118 1217 verus
3157 1163 3323 1217 ﬁctor
3349 1166 3548 1223 noster,
3573 1165 3734 1232 potens

496 1250 675 1306 Judaei
718 1251 943 1323 reprobi
982 1252 1114 1307 facti
1152 1252 1397 1324 reputati
1427 1252 1543 1306 sint
1570 1252 1628 1306 in
1658 1269 1791 1308 vasa
1831 1258 2008 1309 testea
2042 1258 2100 1308 et
2180 1260 2267 1311 est
2303 1271 2404 1309 nos
2433 1254 2650 1325 erigere
2679 1253 2749 1309 de
2778 1254 2898 1307 luto
2930 1252 2999 1306 ad
3029 1251 3275 1323 speciem
3302 1250 3531 1317 decoris,
3551 1255 3601 1304 et
3624 1265 3733 1320 quos

497 1338 756 1394 Ecclesia;
786 1340 980 1395 viliora
1007 1340 1122 1395 sint
1152 1340 1405 1395 membra
1426 1340 1588 1399 facta.
1619 1342 1728 1396 Pro
1753 1340 1955 1414 quibus
1984 1360 2100 1398 om-
2179 1343 2426 1399 decrevit
2453 1343 2511 1397 in
2547 1341 2930 1397 confusionem
2969 1341 3231 1395 deserere
3269 1338 3654 1399 damnationis;
3690 1341 3735 1390 et

497 1427 666 1483 nibus
695 1429 897 1483 merito
926 1429 1218 1501 propheta,
1249 1429 1364 1483 imo
1392 1446 1494 1484 vox
1517 1430 1769 1485 omnium
1790 1431 2096 1486 electorum
2180 1447 2536 1504 nequaquam
2562 1430 2669 1485 nisi
2699 1436 2851 1484 recto
2880 1446 2944 1483 ac
2973 1446 3103 1483 vero
3140 1445 3247 1483 suo
3272 1426 3480 1498 judicio
3503 1424 3734 1497 exspolia-

497 1515 674 1587 luget,
708 1517 857 1588 quod
894 1518 1180 1572 multoties
1208 1517 1309 1572 ﬁlii
1340 1517 1474 1573 Sion
1498 1518 1712 1591 inclyti,
1744 1518 1956 1575 scilicet
1991 1536 2096 1575 cm—
2179 1537 2308 1577 mur
2335 1520 2486 1575 intus
2515 1520 2782 1574 thesauro
2812 1518 3043 1583 caelesti,
3076 1523 3135 1572 et
3182 1517 3444 1571 exuimur
3478 1515 3597 1569 foris
3623 1530 3731 1568 auro

497 1603 658 1658 lestis
682 1605 1015 1671 Jerusalem,
1048 1604 1237 1660 amicti
1274 1622 1412 1660 auro
1442 1607 1644 1678 primo,
1684 1607 1960 1679 sapientia
1986 1609 2095 1662 im-
2177 1610 2359 1682 primo
2378 1614 2444 1663 ut
2460 1608 2765 1679 degeneres
2790 1606 3001 1675 simus;
3036 1605 3292 1677 alioquin
3313 1621 3503 1660 omnes
3520 1603 3608 1657 ﬁlii
3625 1603 3728 1657 Sion

497 1691 620 1747 buti
648 1692 961 1748 dilectionis
987 1694 1088 1749 Dei
1130 1699 1187 1749 et
1214 1695 1452 1766 proximi
1487 1701 1774 1758 corruunt,
1823 1696 1893 1751 ad
1925 1714 2093 1769 quam
2118 1768 2139 1769 κν
2177 1698 2329 1752 illius
2373 1697 2633 1762 celestis,
2682 1695 2877 1767 inclyti
2916 1712 3016 1767 per
3045 1695 3410 1766 adoptionem
3451 1699 3633 1746 sanctae
3664 1707 3730 1744 re-

496 1779 720 1852 fragilia
747 1782 915 1853 hujus
947 1782 1141 1838 mundi
1166 1799 1339 1855 opera
1362 1802 1374 1838 :
1396 1789 1461 1838 ut
1480 1790 1537 1838 et
1560 1784 1670 1856 ipsi
1697 1785 1837 1840 ﬁant
1861 1768 1993 1840 vasa
2014 1792 2095 1841 te-
2116 1768 2553 1856 Bgenerationis
2604 1784 2803 1849 eﬁecti,
2836 1800 3127 1856 nunquam
3169 1783 3328 1836 intus
3371 1797 3498 1834 vasa
3541 1780 3731 1850 deputa-

499 1875 637 1936 stea,
681 1871 776 1941 qui
831 1871 1055 1926 fuerant
1095 1876 1293 1943 parata
1337 1872 1460 1926 ﬁeri
1502 1872 1574 1927 ad
1618 1872 2092 1945 incorruptionem
2176 1881 2373 1930 rentur
2403 1879 2601 1940 testea,
2617 1873 2723 1927 nisi
2752 1872 2908 1945 prius
2928 1873 3083 1927 intus
3110 1872 3321 1926 forisve
3340 1869 3730 1940 exspoliarentur

499 1958 766 2013 cmlestia.
797 1959 1038 2014 Pulchra
1067 1960 1241 2031 igitur
1269 1960 1512 2015 Ecclesia
1549 1961 1757 2016 Christi
1780 1963 1965 2034 (Cant.
1996 1971 2090 2029 v1),
2178 1963 2345 2018 rebus
2374 1961 2592 2017 divinis.
2619 1961 2730 2017 Sed
2759 1961 2892 2015 licet
2919 1960 3097 2032 culpis
3128 1958 3479 2030 exigentibus
3497 1959 3603 2028 jam
3627 1971 3729 2026 pro-

499 2048 707 2103 amicta
733 2064 872 2103 auro
903 2049 1105 2122 primo,
1138 2049 1372 2121 pulchra
1410 2056 1473 2106 ut
1508 2050 1661 2117 luna,
1692 2052 1870 2106 electa
1896 2057 1962 2106 ut
1988 2052 2091 2119 sol,
2178 2052 2318 2124 lapsi
2350 2056 2594 2118 ..αδδ
2611 2049 2744 2116 sint,
2772 2049 2905 2122 quia
2936 2066 3107 2121 opera
3135 2063 3414 2103 manuum
3445 2044 3586 2116 ﬁguli
3610 2049 3727 2106 sunt.

497 2137 767 2193 terribilis
796 2143 861 2193 ut
886 2144 1198 2193 castrorum
1221 2138 1370 2193 acies
1389 2139 1741 2210 praedicatur.
1775 2141 1844 2195 Et
1874 2141 2001 2195 ideo
2032 2141 2097 2194 ﬁ-
2181 2141 2538 2197 recolendum
2561 2145 2648 2195 est
2665 2139 2823 2204 illud,
2846 2138 2942 2193 ubi
2965 2138 3242 2193 Dominus
3266 2136 3557 2192 Jeremiam
3581 2133 3641 2187 ad
3659 2132 3731 2186 do-

500 2226 563 2281 lii
589 2227 709 2297 ejus
732 2226 947 2299 inclyti,
970 2227 1236 2282 dicuntur
1254 2226 1445 2282 amicti
1465 2244 1603 2283 auro
1633 2228 1814 2301 primo
1842 2248 1853 2283 :
1880 2230 1935 2283 in
1967 2246 2102 2302 quo-
2183 2246 2337 2285 mum
2367 2229 2538 2283 mittit
2567 2228 2796 2283 ﬁctoris.
2821 2228 2942 2293 Quo
2970 2243 3100 2282 cum
3126 2226 3394 2287 venisset,
3420 2240 3539 2278 mox
3566 2239 3643 2276 vas
3666 2221 3730 2275 lu-

500 2329 629 2370 rum
664 2315 927 2370 novitatis
962 2315 1167 2387 gratia,
1202 2315 1343 2370 nihil
1372 2316 1795 2388 coinquinatum
1827 2318 2094 2385 incurrit;
2181 2324 2334 2374 teum
2370 2318 2439 2372 de
2468 2334 2639 2372 manu
2686 2318 2809 2388 ejus
2838 2316 3102 2371 cecidisse
3136 2332 3208 2370 ac
3236 2314 3567 2369 confractum
3596 2310 3729 2364 fuisse

503 2398 600 2458 sed
632 2402 921 2459 reformati
961 2404 1033 2458 ad
1076 2404 1605 2476 contemplationem
1638 2405 1759 2473 Dei,
1802 2407 1985 2479 prima
2012 2408 2099 2462 in-
2183 2406 2389 2478 legitur
2429 2406 2568 2476 (Jer.
2618 2416 2787 2468 xvlm.
2831 2406 2906 2460 Ex
2953 2421 3063 2477 quo
3112 2403 3390 2459 nimirum
3427 2417 3603 2456 rursus
3640 2398 3728 2452 luto

502 2490 758 2546 duuntur
777 2492 980 2563 gratia,
1007 2497 1072 2547 ut
1102 2493 1171 2548 ad
1202 2509 1324 2547 eam
1346 2495 1597 2560 redeant,
1632 2512 1745 2567 qua
1769 2496 1942 2551 creati
1970 2504 2101 2553 sunt
2184 2496 2337 2549 aliud
2365 2512 2459 2549 vas
2479 2494 2752 2549 formasse
2780 2494 3071 2565 signanter
3100 2497 3467 2547 memoratur.
3490 2488 3629 2544 Unde
3650 2486 3730 2540 Do-

505 2578 864 2651 dignitatem.
882 2581 1187 2653 Pr0pterea
1215 2586 1273 2637 et
1299 2582 1707 2639 adolescentior
1732 2584 1879 2639 ﬁlius
1909 2585 2001 2639 ubi
2030 2588 2099 2640 ad
2185 2583 2369 2638 minus
2400 2600 2526 2637 mox
2556 2583 2840 2654 praphetze
2886 2582 3135 2637 insinuat
3163 2580 3324 2653 quod
3353 2585 3410 2634 et
3440 2578 3550 2650 ipse
3574 2581 3729 2648 potens

504 2673 725 2742 patrem
756 2669 1035 2741 pmnitens
1089 2670 1251 2737 redit,
1302 2671 1543 2743 primam
1578 2674 1778 2728 stolam
1827 2675 2102 2747 recepisse
2184 2673 2259 2727 sit
2285 2690 2350 2727 ex
2374 2671 2534 2726 nobis
2561 2671 2840 2742 siquidem
2870 2671 3056 2736 luteis,
3091 2687 3232 2725 vasa
3269 2676 3571 2725 restaurare
3597 2666 3729 2718 hono-

504 2762 1013 2829 memoratur(Luc.
1034 2761 1141 2827 xv),
1160 2761 1372 2818 scilicet
1384 2762 1828 2819 immortalitatis
1839 2766 2102 2836 gratiam.
2189 2761 2282 2827 ris,
2317 2767 2374 2815 et
2393 2777 2492 2815 suo
2521 2776 2679 2814 sacro
2696 2760 2964 2831 mysterio
2988 2760 3191 2832 dignos
3217 2763 3455 2817 efﬁcere.
3482 2758 3728 2825 Propterea

505 2847 665 2903 Unde
697 2853 754 2903 et
787 2848 888 2903 ﬁlii
922 2848 1055 2904 Sion
1081 2849 1292 2920 inclyti,
1320 2851 1450 2921 jure
1483 2857 1724 2917 I495
1752 2853 1943 2906 amicti
1968 2869 2105 2907 auro
2188 2856 2242 2904 et
2291 2850 2565 2921 propheta
2611 2865 2706 2903 eos
2753 2849 3025 2921 deplorat,
3061 2851 3157 2922 qui
3196 2851 3498 2921 degeneres
3525 2846 3662 2903 ﬁunt,
3686 2845 3728 2893 et

504 2937 690 3011 primo
712 2937 1035 2992 laudantur.
1069 2938 1165 2992 Est
1188 2940 1337 2993 enim
1360 2957 1560 2995 aurum
1591 2941 1891 2995 Arabicum
1921 2942 2106 3013 puris-
2188 2938 2571 3009 exspoliantur
2598 2938 2766 2992 rebus
2794 2938 3126 3005 ccelestibus,
3169 2939 3257 2995 ita
3282 2945 3349 2994 ut
3372 2936 3510 2991 vasis
3547 2944 3728 3000 compa-

506 3025 733 3091 simum,
784 3025 933 3096 quod
982 3030 1043 3079 et
1079 3025 1149 3079 de
1216 3026 1363 3081 Saba
1410 3028 1647 3083 Domino
1698 3029 1949 3084 aﬁ‘ertur.
2012 3031 2109 3085 Est
2189 3031 2385 3081 rentur
2412 3026 2606 3081 testeis
2644 3043 2709 3081 ac
2736 3026 2904 3081 luteis
2936 3044 2947 3077 :
2982 3032 3044 3081 ut
3082 3033 3140 3082 et
3189 3028 3301 3101 ipsi
3348 3019 3727 3096 compunctire-

508 3116 697 3167 autem
729 3112 1219 3183 pretiosissimum,
1271 3116 1420 3185 quod
1466 3121 1523 3170 et
1554 3116 1622 3170 de
1661 3116 1839 3189 Ophir
1875 3118 2107 3173 allatum
2126 3120 2169 3184 C
2190 3116 2360 3170 deant
2382 3132 2483 3186 per
2509 3115 2897 3187 paenitentiam
2930 3121 2988 3170 et
3016 3116 3396 3187 lacrymarum
3434 3110 3725 3168 effusionem,

510 3215 633 3253 esse
660 3198 797 3270 Regi
828 3199 1113 3255 Salomoni
1134 3201 1356 3256 dicatur
1385 3205 1489 3263 (III
1505 3206 1633 3273 Reg.
1673 3208 1750 3275 Ix)
1803 3206 1909 3260 Per
1933 3207 2111 3279 Ophir
2191 3204 2262 3258 ad
2286 3204 2729 3259 immortalitatis
2748 3205 3007 3275 gratiam.
3031 3205 3173 3260 Hinc
3195 3213 3256 3261 et
3283 3204 3475 3276 angelo
3492 3195 3725 3271 Ephesius

508 3302 757 3358 namque
785 3290 933 3342 risus
966 3289 1051 3343 vel
1093 3290 1381 3346 herbosum
1418 3291 1825 3365 interpretatur
1855 3314 1866 3348 :
1908 3296 1976 3351 de
2012 3297 2108 3351 illo
2193 3292 2446 3347 Ecclesiae
2469 3291 2768 3347 scribitur:
2800 3294 3081 3347 Memento
3111 3295 3264 3349 unde
3285 3289 3554 3351 cecideris,
3582 3290 3629 3340 et
3650 3296 3727 3352 age

512 3374 725 3431 scilicet
752 3376 872 3431 risu
897 3376 1141 3443 veniens,
1168 3378 1224 3433 in
1246 3396 1355 3450 quo
1375 3386 1509 3435 sunt
1521 3382 1712 3437 omnia
1739 3383 1861 3439 vitae
1878 3385 2105 3455 gaudia,
2190 3381 2600 3453 paenitentiam,
2645 3387 2702 3436 et
2741 3381 2925 3453 prima
2953 3399 3124 3454 opera
3152 3383 3272 3449 fac;
3304 3381 3445 3455 quod
3473 3383 3550 3433 est
3576 3374 3725 3445 aperte

512 3462 609 3519 ubi
623 3470 944 3519 sanctorum
965 3466 1167 3522 animae
1193 3469 1554 3540 requiescunt
1580 3470 1637 3526 in
1666 3472 1857 3527 herbis
1887 3473 2109 3529 virenti-
2190 3469 2374 3524 dicere
2398 3492 2409 3524 :
2444 3470 2592 3525 Scito
2623 3476 2681 3524 et
2702 3470 2953 3542 intellige
2975 3473 3135 3542 cujus
3165 3470 3453 3544 dignitatis
3480 3465 3627 3522 fueris
3651 3474 3727 3532 per

513 3550 638 3609 bus.
679 3553 1033 3626 Quapropter
1082 3572 1185 3611 nec
1225 3557 1508 3613 immerito
1559 3559 1803 3631 primum
1848 3563 2110 3633 praedica-
2187 3559 2427 3630 gratiam
2461 3564 2517 3613 et
2535 3559 2893 3630 adoptionem
2919 3560 3020 3615 Dei
3056 3578 3068 3614 :
3100 3577 3272 3632 quam
3302 3560 3529 3630 inclytus
3546 3559 3594 3609 et
3609 3546 3726 3605 nobi-

515 3644 629 3702 tur.
668 3641 802 3714 quia
845 3642 1125 3715 sapientia
1152 3651 1210 3700 et
1244 3647 1641 3703 immortalitas
1673 3650 1744 3704 ad
1773 3650 1940 3706 vitam
1982 3669 2106 3706 cum
2191 3649 2278 3714 lis,
2312 3647 2542 3702 vestitus
2562 3664 2701 3702 auro
2726 3647 2906 3719 primo
2937 3654 2994 3703 et
3010 3649 3333 3721 purissimo,
3365 3646 3573 3702 indutus
3594 3636 3725 3709 siqui-

512 3730 881 3799 renascimur,
903 3733 1200 3804 pretiosior
1215 3741 1302 3791 est
1323 3737 1537 3792 cunctis
1565 3738 1762 3809 opibus
1779 3740 1953 3811 (Prov.
1988 3741 2109 3811 in):
2193 3738 2319 3792 dem
2348 3737 2491 3791 stola
2529 3736 2989 3804 immortalitatis,
3022 3755 3087 3793 ac
3127 3738 3332 3794 deinde
3360 3751 3515 3809 quam
3554 3728 3653 3784 vilis
3682 3729 3724 3777 εί

516 3824 575 3874 et
602 3820 791 3875 omnia
819 3837 943 3893 quae
972 3822 1384 3892 desiderantur,
1418 3825 1549 3881 huic
1583 3842 1697 3881 non
1740 3827 1928 3882 valent
1968 3845 2114 3883 com-
2194 3826 2399 3889 luteus,
2430 3830 2659 3898 propter
2673 3825 3087 3897 corruptionem
3111 3835 3168 3881 et
3196 3842 3416 3900 pmnam
3436 3818 3633 3895 peccati,
3653 3830 3721 3867 va-

515 3908 723 3981 parari.
769 3909 890 3974 Quo
937 3927 1072 3965 sane
1101 3929 1240 3967 auro
1269 3914 1452 3969 induti
1491 3915 1593 3970 ﬁlii
1624 3916 1756 3971 Sion
1792 3917 1922 3987 jure
1949 3918 2109 3989 plan-
2192 3914 2268 3969 sis
2297 3913 2557 3969 ﬁctilibus
2595 3915 2957 3986 comparatis.
3012 3915 3102 3970 Sic
3130 3933 3201 3970 ne
3244 3916 3300 3970 in
3343 3907 3718 3984 desperationem

513 4003 729 4069 guntur
752 4014 877 4053 cum
898 3998 1257 4071 deliquerint,
1290 4003 1438 4075 quod
1467 4004 1710 4076 reputati
1738 4012 1872 4062 sunt
1894 4006 1952 4061 in
1979 4023 2111 4062 vasa
2192 4003 2398 4068 venias,
2413 4003 2744 4075 prophetam
2767 4003 2990 4059 imitare
3008 4004 3295 4076 lugentem
3315 4021 3380 4058 ac
3405 4000 3717 4075 plangentem.

516 4089 713 4141 testea.
746 4086 907 4151 Quod
932 4087 1073 4143 bene
1101 4089 1204 4144 Job
1232 4091 1429 4161 lugens
1458 4093 1647 4149 aiebat
1688 4114 1699 4149 :
1751 4096 2109 4165 Comparatus
2192 4093 2341 4165 quod
2368 4091 2496 4147 talis
2529 4092 2755 4147 effectus
2794 4093 2890 4160 sis,
2937 4100 2995 4148 et
3032 4094 3215 4166 prima
3252 4109 3417 4165 opera
3447 4089 3541 4150 fac,
3571 4083 3620 4137 id
3658 4081 3719 4132 est

516 4189 643 4227 sum
699 4178 834 4243 luto,
886 4182 935 4230 ct
988 4180 1332 4234 assimilatas
1390 4197 1515 4235 sum
1562 4184 1771 4251 favillae
1829 4189 1878 4238 et
1931 4188 2112 4238 cineri
2192 4198 2361 4254 opera
2394 4181 2682 4236 charitatis
2712 4199 2774 4236 ac
2803 4182 3114 4238 dilectionis
3146 4183 3268 4249 Dei,
3312 4187 3373 4237 ut
3400 4194 3492 4251 per
3516 4169 3716 4230 eamdem

522 4262 637 4325 (Job
664 4267 806 4325 xxx).
840 4263 910 4317 Et
945 4265 1217 4321 Dominus
1271 4268 1327 4322 in
1366 4268 1603 4324 Psalmis
1634 4289 1644 4324 :
1694 4272 1757 4327 (It
1792 4273 1997 4337 lutum,
2031 4274 2113 4327 in-
2194 4271 2524 4326 charitatem
2552 4271 2652 4326 Dei
2699 4277 2756 4326 et
2799 4272 3055 4343 proximi,
3094 4272 3149 4327 in
3189 4270 3529 4344 adoptionem
3569 4257 3719 4344 ﬁdet“

520 4347 662 4423 quit,
679 4353 1008 4461 plateacum
1035 4352 1213 4408 delebo
1233 4372 1314 4410 eos
1332 4357 1509 4461 (Psal.
1548 4362 1702 4421 xvu).
1726 4361 1805 4415 De
1823 4361 1941 4417 luto
1962 4362 2113 4417 enim
2126 4398 2178 4461 Β
2195 4361 2459 4426 ﬁliorum,
2487 4359 2636 4415 unde
2662 4342 2942 4416 occideras
2966 4367 3196 4433 propter
3209 4342 3387 4434 pravae
3409 4342 3716 4429 persuasionis

518 4455 653 4495 vasa
679 4445 858 4495 testea
888 4442 1180 4513 ﬁnguntur
1211 4462 1222 4497 :
1254 4445 1348 4500 sed
1375 4452 1566 4502 tamen
1597 4465 1663 4503 ex
1700 4449 1788 4505 his
1822 4452 1933 4506 alia
1959 4442 2177 4520 sunt,"
2196 4449 2600 4504 oblectamenta
2653 4450 2731 4504 Ex
2760 4467 2869 4521 quo
2898 4451 3170 4524 sequitur.

523 4545 645 4600 quae
697 4530 754 4584 in
787 4530 1057 4586 honorem
1102 4539 1397 4606 parantur,
1435 4541 1497 4591 ut
1525 4542 1656 4593 sunt
1688 4555 1821 4594 vasa
1859 4557 2033 4596 aurea
2058 4547 2116 4597 et

520 4624 825 4688 argentea;
857 4620 968 4675 alia
995 4637 1126 4677 vero
1160 4638 1292 4677 vasa
1334 4625 1546 4693 ﬁctilia,
1592 4633 1649 4682 et
1685 4636 2019 4700 permanent
2053 4631 2112 4685 in
2889 4613 3071 4652 0mm“

520 4708 935 4763 contumeliam.
959 4712 1213 4785 Denique
1237 4713 1445 4769 Paulus
1464 4718 1750 4788 apostolus
1777 4738 1787 4773 :
1821 4721 2110 4786 Habemus,
2268 4718 2370 4773 Sed
2397 4724 2444 4773 ct
2491 4722 2673 4774 lautia?
2702 4721 3052 4775 nudaverant
3086 4736 3400 4781 mammam,
3434 4702 3709 4768 laetarcrunl

520 4792 726 4884 inquit,
747 4796 1066 4855 thesaurum
1089 4805 1259 4857 istum
1280 4807 1343 4857 in
1369 4808 1511 4858 vasis
1527 4809 1787 4873 ﬁctilibus
1811 4809 1991 4874 (1001'.
2015 4811 2107 4876 tv).
2195 4812 2401 4861 catulos
2431 4825 2568 4862 suos.
2587 4810 2730 4862 Filia
2746 4812 2939 4878 populi
2960 4813 3069 4863 mei
3090 4811 3345 4875 crudelis,
3368 4804 3512 4876 quasi
3527 4790 3711 4884 struthio

523 4882 644 4948 Quo
664 4884 910 4954 profecto
938 4888 1204 4947 thesauro
1238 4892 1337 4946 ﬁlii
1367 4894 1500 4948 Sion
1526 4894 1744 4967 inclyti,
1773 4897 1963 4951 amicti
1989 4897 2113 4967 glo-
2195 4898 2257 4949 in
2283 4898 2504 4950 deserto.
2532 4897 2638 4951 Per
2666 4897 2891 4951 iamiam
2923 4914 3166 4970 namque
3182 4897 3481 4953 Scribarum
3501 4892 3549 4942 et
3566 4882 3710 4970 Phari'

518 4970 741 5026 riantur
773 4992 785 5030 :
833 4975 930 5029 sed
958 4994 1085 5032 cum
1122 4996 1189 5034 ea
1217 4981 1505 5052 exspoliati
1533 4983 1745 5039 fuerint
1773 5001 1902 5039 vasa
1934 4990 2110 5039 testea
2194 4987 2739 5058 szeorumexprobrat
2754 4968 3444 5055 duritiam,etdoctrinazin
3456 4968 3709 5053 ροριιιοίω·

520 5076 586 5116 ac
614 5060 807 5116 ﬁctilia
846 5062 906 5117 in
945 5067 1339 5123 contumeliam
1372 5078 1704 5143 praeparata,
1748 5073 2108 5146 planguntur.
2196 5074 2551 5145 probitatem.
2576 5077 2724 5148 quod
2748 5093 2850 5131 nec
2864 5082 2981 5131 tam
3007 5078 3295 5133 dementes
3314 5072 3513 5133 fuerint,
3535 5069 3705 5129 11le

517 5148 922 5207 Verumtamen
966 5159 1025 5209 et
1054 5154 1122 5208 de
1161 5155 1246 5210 his
1269 5159 1519 5227 quandiu
1548 5161 1639 5215 hic
1666 5161 1885 5227 vivitur,
1916 5167 2113 5233 potens
2194 5163 2393 5218 herent
2420 5164 2505 5218 lac
2532 5165 2617 5218 vel
2661 5181 2965 5221 mammam
3013 5167 3383 5222 doctrinarum
3418 5156 3529 5215 ﬁliis
3566 5151 3702 5218 Sina'

521 5246 607 5294 est
636 5241 783 5297 Deus
811 5242 962 5297 aliud
994 5244 1291 5299 restituere
1315 5247 1373 5301 in
1401 5248 1691 5316 honorem,
1717 5251 1868 5305 aliud
1898 5251 1957 5305 in
1987 5267 2112 5304 con-
2192 5269 2368 5322 gogw,
2396 5252 2561 5307 veluti
2584 5253 2753 5309 lamin
2777 5255 3161 5310 crudelissima
3181 5255 3416 5310 omnium
3441 5240 3696 5328 bestiarutn-

521 5330 832 5385 tumeliam.
850 5332 955 5388 Sed
980 5351 1102 5405 quae
1121 5334 1313 5389 fornax
1330 5336 1727 5405 tribulationis,
1751 5344 1807 5393 et
1830 5340 2113 5411 angustia-
2195 5341 2412 5396 Dicitur
2440 5342 2588 5397 enim
2622 5344 2690 5397 (le
2720 5362 2804 5410 ea,
2836 5346 2984 5417 quod
3014 5346 3291 5400 crudelior
3311 5343 3377 5398 sit
3402 5333 3573 5392 fetibus
3595 5335 3696 5417 ειυδν

519 5434 645 5477 rum
683 5421 1005 5491 probaverit
1037 5429 1334 5481 vertunt-ur
1370 5426 1427 5480 in
1474 5444 1694 5494 aurum,
1733 5433 1797 5482 ut
1838 5428 1952 5483 sint
1983 5446 2110 5484 vasa
2194 5431 2407 5485 cunctis
2437 5430 2644 5486 bestiis.
2678 5434 2837 5487 Unde
2854 5415 2924 5488 iet
2953 5451 3157 5489 nomen
3185 5431 3441 5505 accepisse
3475 5415 3699 5490 signant“

519 5510 769 5577 honoris,
797 5512 866 5567 de
896 5513 1097 5585 quibus
1125 5513 1332 5570 dicitur
1360 5534 1371 5570 :
1407 5518 1535 5571 Vasa
1564 5533 1737 5571 aurea
1763 5520 1973 5585 fornax
1988 5536 2043 5587 p1
2061 5536 2113 5572 ο-
2192 5519 2420 5590 legitur.
2443 5520 2730 5592 Siquidem
2746 5522 2936 5588 lamia,
2957 5524 3119 5594 quasi
3148 5512 3527 5579 laniaamultis
3543 5507 3693 5594 εοηωίθ

523 5601 613 5657 bat
637 5619 654 5667 ;
687 5606 734 5656 et
766 5603 954 5658 virum
972 5608 1195 5675 justum
1232 5608 1496 5677 angustia
1523 5606 1709 5675 (Ereti.
1741 5606 1928 5678 xxvu).
1954 5586 2113 5665 Unde
2193 5586 2416 5677 dicitur,
2449 5586 2688 5682 eo—quod
2725 5586 3211 5669 dilaniat-catulos
3240 5626 3360 5670 suos
3386 5621 3442 5661 ac
3467 5586 3688 5655 dilacerelv
