3960 6168
277 242 419 304 1205

945 245 1332 302 EXPOSITIO
1373 248 1449 303 IN
1487 246 2007 303 LAMENTATION
2016 247 2095 301 ES
2135 248 2488 306 JEREMlIE.
2529 278 2593 288 —
2632 248 2768 304 LIB.
2811 249 2902 303 ιν.

3395 249 3402 251 λλ
3421 249 3559 310 1206

272 369 427 441 quod
451 373 509 424 et
535 368 595 425 in
624 368 828 425 fabulis
857 370 992 426 satis
1020 376 1213 443 aperte
1233 371 1454 442 legitur.
1490 372 1580 428 Sic
1602 372 1869 428 Phariszei
1888 373 2066 443 Ajam
2097 378 2452 444 cognoverat,
2503 373 2688 428 subito
2747 373 3014 428 amittens
3065 373 3382 430 involutum
3407 377 3557 434 intra

269 456 618 512 crudeliores
646 458 973 526 bestiarum,
1014 477 1116 514 nec
1165 461 1517 516 nudaverunt
1572 477 1877 515 mammam

270 546 524 619 parvulis
547 553 604 601 et
625 548 980 614 lactentibus,
1000 554 1064 604 ut
1079 554 1345 620 sugerent
1373 549 1558 604 cibum
1589 551 1734 617 vitae;
1766 550 1879 604 imo

273 635 536 690 crudeles
559 635 710 702 facti,
735 643 799 692 ut
817 638 1077 703 struthio,
1097 639 1192 710 qui
1220 654 1347 692 mox
1375 643 1440 693 ut
1467 655 1568 692 ova
1588 656 1691 694 sua
1710 656 1881 710 expov

267 725 475 788 suerit,
505 725 733 792 deserit,
755 743 857 781 nec
889 727 1085 782 recolit
1105 745 1190 794 ea,
1228 733 1458 794 I480
1495 745 1678 799 neque
1706 745 1880 800 appo-

271 813 364 868 nit
392 814 684 869 confovere
715 821 814 870 aut
837 817 1158 884 calefacere,
1191 817 1326 888 quia
1367 818 1434 871 de
1463 817 1580 871 suis
1622 818 1760 871 nihil
1790 835 1880 873 re-

271 902 494 972 cogitet
526 903 764 971 fetibus;
795 905 877 959 ita
896 911 952 959 et
977 905 1297 960 Judzeorum
1318 906 1654 977 perversitas
1669 907 1882 962 exstitit

269 989 378 1044 Dei
412 991 469 1044 in
491 993 715 1063 populo,
750 997 815 1046 ut
843 993 982 1047 nihil
1004 1001 1255 1064 agerent,
1282 1009 1449 1064 quam
1481 1000 1546 1048 ut
1573 1011 1668 1049 eos
1684 995 1883 1049 dilace-

267 1086 495 1145 rarent,
529 1080 859 1152 diriperent,
894 1089 951 1137 et
975 1089 1174 1137 cuncta
1203 1083 1617 1139 distraherent:
1641 1084 1721 1138 ita
1739 1085 1882 1139 sicut

274 1168 575 1240 Scriptura
596 1169 748 1236 dicit,
769 1176 834 1226 ut
848 1171 917 1225 ad
952 1172 1226 1242 promissa
1277 1173 1400 1228 vitae
1435 1190 1535 1226 nec
1553 1173 1660 1244 ipsi
1689 1173 1883 1228 introi-

267 1262 404 1310 rent
434 1273 538 1312 nec
571 1258 714 1313 alios
743 1259 976 1314 introire
1003 1261 1411 1332 permitterent.
1440 1261 1589 1326 Quos
1609 1262 1882 1333 propheta

271 1344 480 1415 lugens
507 1351 569 1400 et
595 1347 886 1418 plangens,
905 1347 1039 1403 dicit
1067 1349 1214 1420 quod
1237 1350 1418 1404 lamiae
1439 1349 1648 1404 lactent
1664 1349 1880 1403 catulos

267 1449 408 1488 suos
437 1453 448 1487 :
476 1435 621 1506 quod
649 1452 752 1490 nec
779 1453 874 1490 eos
902 1437 1096 1492 fecisse
1142 1439 1402 1509 parvulos
1430 1439 1487 1492 in
1522 1438 1747 1510 populo,
1778 1437 1878 1492 do-

265 1521 349 1576 let
378 1541 391 1585 ;
424 1523 597 1577 lamia
627 1541 872 1596 namque
915 1526 1188 1581 Hebraice
1233 1528 1398 1582 Lilith
1425 1524 1609 1601 hab-ib
1637 1526 1875 1594 dicitur;

265 1610 420 1680 quod
453 1612 684 1681 quidam
717 1613 1079 1669 Hebrzeorum
1130 1613 1331 1686 ἐριννὺν,
1365 1615 1420 1669 id
1470 1620 1556 1670 est
1601 1631 1772 1670 unam
1809 1615 1878 1668 de

1960 461 2354 517 conscientiam
2377 468 2730 534 peccatorum
2750 467 2923 527 tenet,
2933 468 2990 517 et
3004 463 3100 534 qui
3119 468 3298 518 totum
3317 467 3435 536 jam
3458 467 3555 522 de-

1961 551 2355 621 prehendendo
2375 552 2587 605 viderat
2606 552 3026 606 conversatione
3045 569 3225 623 pravae
3255 556 3559 610 excusatio-

1962 640 2048 694 nis
2069 641 2314 708 delusus,
2348 647 2526 695 totum
2556 641 2770 711 pariter
2801 640 3038 710 ignorat.
3094 641 3310 706 Quibus
3339 642 3560 713 appulsi

1963 728 2224 794 miseriis,
2245 731 2364 800 jam
2396 730 2466 784 ad
2517 731 2750 783 lamenti
2781 730 3035 784 ordinem
3068 732 3384 785 redeamus.
3414 733 3558 785 Filia

1957 821 2154 886 populi
2183 821 2292 872 mei
2311 821 2566 883 crudelis,
2600 822 2762 887 quasi
2805 820 3043 872 struthio
3075 823 3138 872 in
3168 822 3390 875 deserto.
3425 820 3558 884 Quae

1963 906 2112 960 enim
2137 907 2253 960 ﬁlia
2282 908 2491 978 populi,
2524 907 2632 961 nisi
2662 907 2904 960 Ecclesia
2932 907 3251 977 plangitur?
3276 908 3420 971 Quia
3436 926 3561 979 pro-

1963 995 2106 1049 fecto
2133 1002 2190 1050 et
2217 995 2332 1050 ﬁlia
2363 997 2714 1061 Sanctorum,
2735 996 2866 1066 quia
2889 1002 3085 1050 renata
3107 1001 3193 1050 est
3224 996 3280 1050 in
3311 997 3555 1060 Christo,

1963 1084 2320 1156 prmdicatur.
2355 1085 2463 1139 Sed
2511 1085 2718 1139 talibus
2771 1089 2827 1138 et
2880 1085 3264 1154 hujuscemodi
3308 1084 3558 1140 involuta

1962 1189 2118 1227 more
2147 1173 2366 1228 bestiali
2419 1173 2684 1245 peccandi
2718 1172 2932 1242 usibus,
2961 1174 3201 1228 crudelis
3229 1174 3388 1244 quasi
3417 1179 3562 1228 stru-

1961 1263 2081 1316 thio
2110 1263 2168 1316 in
2191 1263 2410 1316 deserto
2426 1261 2827 1328 efﬁcitur,nihil
2847 1262 2954 1316 nisi
2966 1263 3264 1333 praesentia
3284 1263 3556 1334 cogitans,

1961 1351 2100 1406 nihil
2129 1351 2186 1405 in
2207 1368 2304 1422 spe
2336 1368 2528 1421 agens,
2563 1351 2732 1405 etiam
2746 1355 2904 1405 actus
2933 1355 2989 1405 et
3010 1367 3181 1422 opera
3209 1368 3330 1422 quae
3359 1352 3560 1406 admit-

1960 1441 2050 1504 tit,
2081 1441 2202 1495 sine
2232 1441 2414 1494 calore
2442 1439 2732 1495 charitatis
2772 1441 2962 1510 jacere
3007 1439 3406 1510 praetermittit,
3437 1442 3559 1495 nul-

1961 1529 2074 1583 lam
2102 1530 2306 1584 futurae
2333 1529 2458 1582 vitae
2472 1546 2674 1599 gerens
2703 1545 2916 1595 curam,
2950 1529 3163 1582 nullam
3194 1529 3436 1583 ﬁliorum
3461 1531 3556 1584 ha-

1961 1617 2099 1672 bens
2130 1618 2583 1685 sollicitudinem,
2613 1618 2712 1672 sed
2738 1618 3130 1672 tantummodo
3160 1618 3475 1688 praesentia,
3494 1624 3558 1673 ut

266 1698 437 1753 furiis
467 1701 865 1772 suspicantur:
898 1721 1020 1774 quae
1076 1721 1255 1775 parcae
1302 1704 1586 1769 dicuntur,
1629 1722 1693 1758 eo
1731 1704 1879 1774 quod
1905 1686 2226 1776 Bdiximus,
2253 1707 2570 1773 intendens,
2604 1707 2774 1762 etiam
2813 1723 3008 1761 eorum
3057 1706 3400 1761 obliviscitur
3432 1724 3560 1779 ope-

262 1787 411 1841 nulli
437 1796 672 1860 parcant
704 1809 715 1844 :
748 1791 912 1846 sicuti
965 1793 1169 1847 Scriba;
1221 1799 1279 1847 et
1332 1793 1616 1858 Pharisaei,
1649 1793 1744 1864 qui
1768 1809 1878 1847 non
1962 1812 2108 1861 rum,
2135 1796 2295 1866 quasi
2325 1796 2568 1850 struthio
2599 1811 2704 1849 ova
2723 1811 2824 1848 sua
2868 1811 2990 1865 quae
3042 1795 3311 1865 posuerit.
3345 1795 3558 1859 Quibus

266 1877 455 1931 solum
482 1879 752 1949 proximis
779 1881 837 1935 in
870 1883 1091 1952 populo,
1117 1899 1308 1936 verum
1341 1899 1443 1936 nec
1471 1883 1759 1954 prophetis
1789 1899 1881 1953 pe-
1962 1883 2336 1938 Ecclesiarum
2375 1883 2585 1938 relictis
2608 1883 2791 1946 malis,
2816 1884 2936 1952 jam
2960 1883 3150 1936 anima
3176 1883 3464 1937 moraliter
3500 1885 3559 1939 in

261 1973 588 2036 percerunt.
610 1968 755 2032 Quid
788 1987 919 2040 ergo
941 1971 1123 2025 dicam
1144 1971 1212 2025 de
1233 1972 1540 2043 pr0phetis,
1564 1988 1690 2026 cum
1707 1971 1878 2025 etiam

263 2071 372 2109 nec
403 2055 474 2109 ab
509 2057 628 2128 ipso
667 2059 782 2112 Deo
826 2059 1079 2130 patribus
1127 2061 1486 2131 repromisso,
1520 2077 1720 2115 manus
1751 2061 1876 2115 sub-

262 2146 608 2200 traxerunt?
653 2147 864 2202 Idcirco
902 2149 1142 2204 crudelis
1181 2151 1295 2204 ﬁlia
1325 2167 1519 2204 eorum
1579 2151 1874 2221 Synagoga

263 2234 525 2304 plangit;
567 2236 846 2291 crudelior
868 2239 1016 2292 facta
1043 2239 1226 2292 lamiis
1259 2257 1270 2292 :
1315 2245 1370 2294 et
1425 2239 1586 2310 quasi
1630 2239 1874 2294 struthio

263 2322 484 2377 nullam
509 2323 615 2378 sibi
645 2342 802 2396 spem
833 2331 931 2380 aut
967 2328 1256 2398 proximis,
1295 2328 1646 2399 reliquerunt
1686 2328 1745 2382 in
1773 2345 1871 2399 po-

263 2416 507 2466 sterum.
531 2413 638 2467 Sed
671 2419 730 2468 et
770 2415 980 2471 Christi
1010 2417 1252 2472 Ecclesia
1275 2417 1491 2488 plangit
1529 2435 1629 2489 per
1651 2417 1869 2483 lamias,

265 2501 694 2572 hypocritarum
725 2509 894 2575 atque
923 2505 1313 2561 haereticorum
1357 2507 1616 2560 callidam
1648 2523 1872 2578 perver-

263 2589 494 2644 sitatem
530 2580 550 2644 ;’
586 2592 715 2662 quia
741 2593 1045 2648 humanam
1075 2595 1302 2665 quidem
1336 2594 1532 2649 faciem
1561 2600 1867 2666 gestantes,

263 2677 519 2733 belluina
569 2697 670 2751 per
726 2681 1072 2754 impietatem
1113 2684 1283 2738 corda
1337 2690 1564 2754 gerunt.
1597 2685 1703 2749 Qui
1740 2690 1874 2740 tunc

265 2784 576 2823 mammam
591 2771 1058 2843 nudant,quando
1090 2790 1338 2827 errorem
1367 2774 1715 2828 suumlibere
1729 2792 1872 2846 prae-

268 2857 464 2912 dicant
496 2877 507 2911 :
537 2865 672 2914 tunc
700 2877 828 2915 vero
859 2863 1072 2916 catulos
1101 2863 1329 2928 lactant,
1365 2863 1588 2933 quando
1616 2864 1762 2917 male
1792 2881 1874 2918 se-

267 2963 481 3017 quaces
512 2949 868 3019 parvulorum
899 2951 1115 3005 animas
1143 2968 1403 3022 perversa
1428 2952 1630 3006 docent
1664 2970 1674 3004 :
1715 2957 1772 3006 et
1799 2952 1870 3006 ad

1961 1990 2020 2027 se
2047 1973 2177 2043 quid
2208 1973 2430 2038 defleat,
2462 1973 2783 2039 videamus;
2834 1971 3057 2042 quando
3084 1971 3334 2026 bestialis
3364 1973 3558 2027 feritas

1957 2062 2274 2116 animarum
2307 2077 2475 2133 quam
2503 2077 2650 2132 saepe
2671 2060 2999 2132 permulcet,
3038 2059 3108 2113 ad
3138 2060 3403 2131 pietatem
3425 2061 3556 2115 ﬁdei

1957 2150 2164 2205 Christi
2189 2155 2474 2221 receptum
2495 2169 2511 2219 ;
2535 2149 2616 2203 ita
2639 2155 2703 2203 ut
2723 2154 2780 2202 et
2802 2148 3016 2203 nudent
3029 2165 3334 2203 mammam
3355 2149 3557 2204 doctri-

1956 2256 2176 2305 narum,
2202 2256 2443 2310 suosque
2473 2239 2682 2293 lactent
2720 2254 2904 2292 mores
2934 2238 3096 2308 quasi
3139 2238 3281 2292 lacte
3308 2238 3552 2310 pietatis,

1957 2335 2014 2383 et
2045 2329 2314 2400 quidquid
2339 2328 2494 2400 prius
2542 2328 2819 2382 introrsus
2869 2326 3235 2383 criminosum
3273 2327 3554 2400 apparuit,

1955 2422 2138 2473 totum
2172 2417 2402 2472 ubertas
2432 2421 2820 2489 recompenset
2847 2416 3092 2487 pietatis,
3136 2421 3307 2488 atque
3350 2417 3557 2471 amoris

1955 2507 2056 2561 Dei
2086 2512 2143 2561 et
2171 2506 2429 2578 proximi.
2456 2506 2650 2560 Solent
2669 2522 2915 2576 namque
2943 2522 3111 2576 quam
3131 2522 3276 2577 saepe
3297 2505 3558 2561 bestiales

1954 2596 2172 2661 animae,
2196 2613 2318 2667 quae
2364 2595 2520 2668 prius
2549 2593 2882 2649 videbantur
2910 2611 3011 2666 per
3030 2595 3325 2661 rationem,
3356 2595 3557 2649 huma-

1957 2702 2089 2740 nam
2118 2686 2356 2739 formam
2387 2685 2754 2757 praetendere.
2777 2701 2877 2756 per
2891 2683 3159 2738 saevitiam
3189 2701 3336 2751 vero,
3370 2685 3557 2739 ferita-

1955 2778 2070 2828 tem
2100 2780 2158 2828 et
2187 2790 2371 2828 mores
2400 2773 2704 2828 bestiarum
2715 2773 2967 2844 gignere,
3021 2773 3130 2827 cito
3161 2773 3389 2844 quidem
3419 2773 3554 2828 con-

1955 2863 2097 2917 verti
2127 2863 2198 2916 ad
2227 2862 2448 2928 melius,
2472 2868 2529 2916 et
2566 2861 2741 2916 ubera
2793 2861 3174 2918 doctrinarum
3205 2861 3320 2916 suis
3350 2856 3571 2918 exuere’

1955 2952 2318 3022 tegumentis,
2349 2967 2413 3006 ac
2442 2951 2643 3006 deinde
2672 2951 3062 3022 sagacissimos
3092 2951 3215 3005 vitae
3267 2957 3444 3016 actus,
3477 2953 3553 3006 la-

265 3035 617 3106 impietatem
644 3039 788 3092 male
810 3040 1108 3094 nutriendo
1134 3040 1504 3094 conformant.
1551 3041 1710 3096 Unde
1738 3041 1870 3095 alibi
1887 3047 1931 3107 ί]
1954 3046 2039 3095 cte
2061 3041 2275 3095 nutrire
2297 3041 2646 3112 eloquiorum
2664 3040 2794 3106 Dei;
2819 3048 2988 3110 atque
3009 3040 3259 3094 animum
3282 3041 3552 3096 inclinare

266 3125 547 3195 propheta
569 3127 828 3196 ejulando
868 3128 1022 3192 dicit,
1072 3129 1459 3184 haereticorum
1489 3136 1658 3201 atque
1687 3131 1867 3202 hypo-

260 3213 538 3268 critarum
558 3215 856 3286 deplorans
872 3217 1048 3271 facta:
1081 3221 1160 3272 Ibi
1188 3220 1405 3272 cubavit
1437 3223 1611 3273 lamia
1649 3225 1698 3273 et
1722 3223 1868 3273 inve-

260 3305 351 3355 nit
385 3305 495 3356 sibi
522 3308 769 3373 requiem
797 3308 928 3376 (Isa.
962 3310 1161 3375 xxxxv);
1196 3307 1271 3360 ibi
1294 3306 1490 3362 habuit
1517 3309 1731 3362 foveam
1764 3308 1868 3362 eri-

260 3391 406 3457 cius,
434 3392 647 3447 scilicet
674 3394 733 3448 in
781 3395 940 3466 plebe
979 3396 1206 3464 Christi,
1264 3397 1322 3450 in
1377 3398 1582 3468 pepulo
1618 3398 1774 3467 gravi
1813 3402 1871 3451 et

257 3482 432 3552 pleno
455 3482 712 3553 peccatis.
739 3485 848 3538 Per
876 3485 1103 3539 Iamiam
1133 3502 1375 3557 namque
1406 3491 1469 3540 ut
1515 3486 1645 3552 dixi,
1689 3487 1867 3558 hypo-

257 3571 416 3624 critze
448 3572 532 3625 vel
559 3573 805 3626 haeretici
830 3593 841 3640 ;
869 3591 967 3646 per
987 3575 1221 3628 ericium
1265 3592 1412 3641 vero,
1448 3575 1708 3629 malitiosi
1738 3576 1865 3644 qui-

259 3676 392 3730 que,
427 3661 528 3730 qui
551 3661 785 3717 diversis
833 3680 892 3718 se
922 3664 1341 3719 defensionibus
1370 3670 1688 3736 contegunt,
1725 3665 1868 3719 desi-

261 3754 536 3820 gnantur.
564 3751 759 3805 Lamia
773 3752 940 3817 enim,
965 3759 1027 3808 ut
1063 3754 1193 3821 dixi,
1219 3754 1414 3808 faciem
1447 3755 1653 3809 habere
1674 3755 1869 3808 huma-

262 3854 399 3892 nam
436 3839 781 3909 perhibetur,
813 3843 910 3896 sed
945 3859 1148 3914 corpus
1181 3843 1425 3899 bestiale.
1459 3845 1545 3898 Ita
1589 3849 1646 3897 et
1675 3860 1868 3898 omnes

267 3929 579 4000 hypocrita:
609 3935 778 4001 atque
825 3931 1089 3999 haeretici,
1142 3932 1197 3985 in
1246 3933 1428 4003 prima
1466 3932 1689 4004 quidem
1731 3931 1867 3987 facie

266 4019 420 4088 quod
453 4019 775 4085 ostendunt,
793 4021 952 4090 quasi
975 4038 1041 4074 ex
1062 4019 1278 4074 ratione
1305 4020 1616 4074 sanctitatis
1645 4038 1764 4075 esse
1787 4021 1867 4074 vi-

264 4108 454 4171 detur,
484 4108 580 4161 sed
609 4108 841 4162 bestiale
867 4115 952 4162 est
981 4126 1181 4181 corpus
1212 4110 1355 4180 quod
1405 4111 1663 4180 sequitur
1693 4129 1703 4163 :
1739 4110 1870 4181 quia

266 4196 429 4250 valde
453 4196 645 4268 iniqua
676 4202 826 4264 sunt,
860 4215 981 4269 quae
1011 4198 1113 4252 sub
1147 4198 1274 4252 boni
1321 4200 1503 4270 specie
1535 4199 1862 4254 moliuntur.

268 4285 438 4339 Ericii
457 4291 644 4340 autem
664 4285 909 4352 nomine,
938 4287 1344 4342 malitiosarum
1358 4296 1438 4352 ,ut
1452 4289 1862 4350 dixi,mentium

1951 3131 2022 3184 ad
2039 3131 2306 3202 pietatem
2321 3136 2378 3184 et
2392 3130 2746 3184 dilectionem
2761 3129 2862 3183 Dei
2873 3135 2930 3183 et
2940 3129 3558 3200 proximLUndeDomi-~

1951 3218 2784 3290 nus:Utinam,inquit,frigidus
2795 3234 2944 3272 esses
2956 3224 3056 3272 aut
3067 3218 3408 3296 calidus.Sed
3418 3223 3553 3288 quia

1954 3310 2165 3376 tepidus
2187 3325 2258 3371 es,
2284 3311 2554 3376 incipiam
2588 3313 2634 3360 te
2653 3324 2893 3362 evomere
2916 3325 2979 3362 ea:
2998 3325 3088 3362 ore
3117 3325 3233 3362 meo
3251 3308 3550 3377 (Apama).

1951 3397 2030 3450 Ac
2058 3397 2106 3449 si
2125 3396 2366 3450 diceret:
2392 3396 2619 3450 Utinam
2645 3401 2701 3449 te
2728 3397 3008 3450 seniorem
3038 3413 3139 3467 per
3164 3397 3341 3467 frigus
3359 3397 3555 3469 impie-

1950 3484 2100 3550 tatis,
2119 3501 2182 3538 ac
2195 3484 2459 3539 bestiales
2481 3489 2935 3556 monstrososque
2945 3490 3072 3546 tuos
3095 3486 3402 3556 aspicerem
3434 3503 3551 3541 mo-

1950 3591 2058 3639 res,
2077 3579 2225 3627 certe
2241 3578 2340 3627 aut
2351 3573 2563 3627 calidus
2584 3589 2654 3626 ex
2675 3573 2969 3627 dilectione
2991 3573 3163 3634 Deiet
3177 3574 3436 3644 proximi,
3450 3591 3552 3646 per

1951 3664 2238 3716 flammam
2251 3661 2540 3716 charitatis
2551 3661 3038 3716 efﬁcereris.Nunc
3048 3667 3239 3718 autem
3256 3663 3386 3732 quia
3400 3662 3551 3716 inter

1951 3756 2189 3822 utraque
2204 3751 2426 3822 tepidus
2448 3768 2525 3818 es,
2561 3750 2822 3821 incipiam
2838 3755 2893 3804 te
2907 3767 3160 3805 evomere
3171 3756 3338 3820 atque
3351 3751 3548 3820 ejicere

1958 3848 2000 3909 ι
2014 3845 2206 3907 489
2225 3858 2259 3894 a
2279 3857 2510 3911 corpore
2531 3839 2784 3894 unitatis.
2808 3839 3113 3910 Propterea
3142 3839 3547 3910 igiturmorum

1950 3930 2200 4002 probitas
2230 3946 2452 4000 semper
2504 3929 2790 4000 sequenda
2835 3932 2937 3993 est,
2981 3928 3175 3982 feritas
3211 3928 3543 3995 edomanda,

1950 4019 2216 4090 tepiditas
2270 4035 2400 4072 vero
2429 4017 2711 4089 fugienda.
2731 4017 2874 4071 Hinc
2903 4033 3125 4088 quoque
3149 4016 3329 4072 ﬁdelis
3358 4017 3548 4072 anima

1949 4109 2100 4162 dicat
2137 4126 2262 4163 cum
2322 4107 2539 4178 gemitu
2585 4107 2816 4161 tandem
2863 4105 3080 4161 actibus
3128 4107 3244 4160 suis
3278 4123 3288 4160 :
3317 4106 3467 4160 dicat
3491 4110 3548 4160 et

1949 4197 2215 4260 moribus,
2251 4197 2399 4268 quod
2430 4203 2486 4251 et
2515 4197 2694 4251 lamiae
2719 4197 3076 4251 nudaverunt
3091 4212 3416 4250 mammam.
3440 4196 3548 4250 Per

1951 4287 2178 4341 Iamiam
2205 4303 2450 4358 namque
2472 4291 2622 4340 recte
2647 4285 2945 4358 prudentia
2973 4286 3157 4340 carnis
3185 4286 3538 4356 designatur.

268 4375 523 4430 defensio
547 4376 906 4446 designatur:
935 4378 1067 4448 quia
1097 4377 1352 4431 videlicet
1389 4378 1587 4432 ericius
1615 4395 1744 4432 cum
1773 4395 1867 4450 ap-
1885 4359 2122 4431 DPorro
2146 4376 2445 4448 prudentia
2461 4375 2662 4442 carnis,
2687 4376 2900 4430 catulos
2924 4392 3073 4439 suos,
3094 4381 3250 4430 actus
3293 4375 3548 4429 videlicet

267 4464 659 4536 prehenditur,
693 4466 816 4535 ejus
829 4470 885 4519 et
911 4472 1080 4537 caput
1108 4467 1374 4533 cernitur,
1405 4473 1460 4521 et
1485 4469 1653 4538 pedes
1686 4468 1868 4522 viden-

1949 4483 2088 4537 quos
2146 4465 2424 4537 genuerit,
2488 4465 2648 4537 quasi
2708 4465 3013 4521 saevissima
3066 4465 3392 4529 bestiarum,
3435 4479 3544 4535 quo

267 4559 384 4619 tur,
409 4559 465 4608 et
493 4571 694 4625 corpus
725 4571 888 4608 omne
913 4556 1278 4626 conspicitur:
1310 4556 1404 4609 sed
1437 4573 1561 4609 mox
1583 4562 1647 4610 ut
1669 4573 1865 4627 appre—
1945 4555 2171 4610 aliunde
2204 4571 2373 4626 quam
2396 4559 2576 4609 morte
2605 4555 2779 4608 lactat
2797 4559 2854 4608 et
2871 4553 3089 4608 nutrit?
3129 4553 3235 4607 Sed
3255 4569 3423 4624 quam
3449 4570 3548 4607 saa-

267 4643 479 4697 hensus
513 4643 699 4709 fuerit,
733 4644 1096 4716 semetipsum
1125 4645 1186 4712 in
1205 4646 1476 4717 sphaeram
1496 4645 1739 4714 colligit:
1765 4663 1862 4716 pe-

268 4733 369 4786 des
396 4732 674 4787 inlrorsus
704 4750 828 4786 cum
862 4733 1042 4804 capite
1072 4733 1392 4801 abscondit;
1420 4738 1476 4787 et
1504 4734 1654 4788 intra
1674 4740 1865 4789 tenen-

269 4822 347 4876 tis
363 4808 604 4876 'manum
628 4822 796 4876 simul
833 4823 1129 4888 amittitur,
1165 4822 1310 4893 quod
1337 4828 1518 4876 totum
1548 4822 1716 4877 simul
1737 4825 1874 4878 ami-

272 4911 412 4966 sisse
441 4911 751 4966 videbatur.
787 4913 876 4966 Sic
918 4912 1205 4978 nimirum,
1226 4913 1306 4966 sic
1336 4912 1625 4967 malitiosa:
1655 4919 1871 4969 mentes

280 5005 527 5069 I488
549 5007 699 5067 sunt,
721 5017 845 5056 cum
864 5002 921 5055 in
934 5002 1050 5057 suis
1073 5001 1386 5056 excessibus
1406 5002 1869 5072 conprehendun-

273 5094 387 5156 tur,
417 5096 480 5144 ut
509 5090 762 5144 adductis
809 5097 1039 5162 repente
1093 5089 1558 5156 excusationibus,
1594 5091 1873 5145 malitiosa

275 5195 435 5234 mens
451 5179 728 5233 introrsus
751 5186 918 5250 caput
929 5184 984 5234 et
998 5165 1166 5251 pedes
1187 5180 1412 5249 colligat
1436 5199 1447 5247 ;
1487 5180 1562 5233 ita
1591 5185 1654 5233 ut
1673 5186 1873 5234 cuncta

272 5268 592 5339 iniquitatis
622 5285 735 5323 suae
775 5268 1006 5338 vestigia
1060 5268 1383 5323 abscondat.
1427 5271 1609 5340 Caput
1647 5269 1873 5339 quidem

274 5357 595 5423 subtrahit;
630 5358 761 5428 quia
792 5357 948 5412 miris
976 5357 1390 5412 defensionibus
1439 5375 1541 5411 nec
1581 5357 1871 5412 inchoasse

274 5463 510 5520 pravum
541 5445 748 5516 aliquid
781 5447 1042 5512 ostendit,
1086 5453 1140 5501 et
1169 5447 1327 5519 quasi
1366 5447 1584 5519 sphaera
1611 5447 1669 5500 in
1703 5462 1870 5501 manu

275 5535 520 5591 tenentis
542 5541 813 5602 remanet,
839 5536 970 5608 quia
994 5536 1039 5593 is
1073 5537 1167 5609 qui
1197 5535 1515 5608 corripitur,
1541 5539 1873 5608 cunctaquae

1945 4660 2014 4716 pe
2042 4645 2099 4697 in
2128 4644 2325 4698 melius
2355 4649 2717 4709 commutata,
2763 4643 2831 4697 de
2859 4642 3159 4714 prudentia
3185 4642 3388 4708 carnis,
3424 4659 3546 4713 quae

1948 4750 2098 4788 mors
2118 4732 2186 4786 ab
2209 4733 2468 4804 Apostolo
2493 4731 2833 4806 nominatur,
2851 4731 2908 4785 in
2930 4731 3286 4802 prudentiam
3316 4730 3548 4802 spiritus

1955 4839 2080 4877 cum
2104 4821 2410 4888 transierit,
2430 4820 2645 4891 detegit
2663 4819 2932 4884 crudelia,
2948 4824 3005 4872 et
3037 4819 3214 4872 nudat
3249 4819 3545 4890 ﬂagitiosa,

1955 4917 2012 4968 et
2043 4912 2184 4966 lacte
2213 4909 2595 4964 doctrinarum
2625 4908 2786 4979 quasi
2811 4907 2879 4961 ab
2905 4907 3076 4962 ubere
3102 4908 3343 4979 pietatis,
3379 4909 3549 4963 lactat

1954 5006 2011 5054 et
2038 4999 2214 5054 nutrit
2245 4999 2458 5054 catulos
2487 4997 2862 5063 suos,scilicet
2889 5014 3072 5051 mores
3102 5002 3160 5051 et
3191 5003 3367 5062 actus,
3398 5002 3461 5052 ut
3478 4997 3546 5050 de

1953 5090 2173 5144 feritate
2196 5088 2265 5141 ad
2292 5086 2779 5142 mansuetudinem
2809 5090 3119 5152 transeant,
3145 5086 3212 5140 de
3239 5085 3446 5139 saevitia
3475 5083 3546 5137 ad

1955 5178 2241 5250 pietatem,
2271 5176 2340 5230 de
2362 5181 2541 5230 morte
2569 5176 2637 5229 ad
2673 5175 2863 5242 vitam,
2893 5176 2962 5230 de
3000 5175 3234 5229 infantia
3261 5174 3330 5226 ad
3361 5176 3548 5227 matu-

1955 5268 2200 5321 ritatem.
2235 5265 2342 5320 Sed
2396 5264 2696 5336 prudentia
2751 5264 2934 5319 carnis
2965 5281 3087 5335 quae
3139 5264 3302 5331 longe
3339 5260 3547 5332 diuque

1955 5355 2314 5418 obduruerat,
2345 5355 2474 5424 jure
2504 5353 2663 5425 quasi
2695 5353 2809 5408 ﬁlia
2834 5352 3025 5425 populi
3056 5351 3164 5404 mei
3194 5349 3454 5418 crudelis,
3493 5355 3550 5405 et

1955 5443 2117 5517 quasi
2143 5442 2384 5498 struthio
2415 5442 2472 5496 in
2500 5443 2722 5498 deserto
2748 5443 3052 5515 plangitur.
3070 5441 3272 5494 Fertur
3296 5439 3467 5506 enim,
3486 5444 3551 5493 ut

1956 5551 2100 5606 saepe
2122 5533 2331 5588 dictum
2352 5538 2454 5600 est,
2486 5533 2634 5605 quod
2675 5533 2915 5589 struthio
2939 5547 3039 5586 ova
3059 5546 3160 5586 sua
3187 5547 3314 5586 cum
3345 5545 3546 5602 posue-
