3960 6168
456 290 595 357 120⁵7
1218 298 1277 353 8.
1319 278 1699 353 PASCHASII
1736 280 2099 353 RADBERTI
2136 294 2442 351 ABBATIS
2482 292 2972 350 CORBEIENSIS.
3558 290 3675 351 1208

449 412 526 476 rit
549 420 609 476 in
629 412 873 489 deserto,
890 422 1025 495 quia
1037 422 1159 478 sine
1177 420 1361 476 calore
1400 418 1632 487 amoris,
1667 420 1790 476 sine
1809 420 2121 480 fomentoA
2142 416 2446 491 aliquando
2472 423 2636 491 potus
2665 418 2845 473 lactis.
2869 417 3041 474 Cibus
3069 421 3160 474 est
3193 418 3253 473 in
3279 417 3409 472 locis
3451 415 3688 472 obscurio-

451 510 698 583 pietatis,
731 512 851 568 sine
870 529 969 585 spe
995 511 1198 567 futurae
1228 508 1420 581 prolis,
1452 507 1662 580 absque
1714 526 1850 565 cura
1873 517 1928 565 et
1957 510 2063 565 sol-
2143 506 2320 563 ribus.
2352 507 2574 579 quando
2605 507 2765 580 quasi
2789 507 3120 580 exponendo
3142 524 3173 561 a
3195 506 3414 562 doctore
3435 506 3688 577 frangitur,

454 599 743 656 licitudine
763 600 1079 671 dereliquit.
1117 602 1197 655 lta
1227 604 1285 651 et
1312 597 1609 669 prudentia
1643 599 1847 662 carnis,
1866 615 2061 654 omnes
2144 602 2200 653 et
2225 597 2540 652 mandendo
2570 596 2640 650 ab
2669 596 3017 652 auditoribus
3044 597 3315 668 glutitur.
3344 595 3500 648 Pctus
3521 599 3594 647 est
3616 610 3693 648 auo

458 689 767 744 affectionis
799 696 956 743 actus
988 705 1125 758 quos
1154 685 1390 757 peperit,
1429 688 1821 741 tantummodo
1844 688 2062 760 imprze-
2142 692 2255 741 tem
2286 686 2445 740 lartis
2475 685 2529 739 in
2582 686 2717 741 locis
2764 686 3168 758 apertioribus,
3205 685 3337 755 quia
3378 683 3451 738 ita
3476 683 3695 737 scribitur

458 778 767 833 sentiarum
803 778 1107 839 intentans,
1152 777 1274 831 sine
1305 793 1404 850 spe
1424 781 1482 831 et
1508 793 1640 830 cura
1668 776 1723 831 in
1752 785 1932 833 morte
1960 778 2059 832 de-
2100 841 2112 849 θ
2141 782 2240 831 aut
2267 776 2489 845 sugitur
2507 774 2577 829 ab
2591 774 2855 829 uberibus
2882 775 3306 847 Scripturarum
3331 773 3541 844 prolatis
3560 778 3609 825 et
3623 772 3696 825 de-

460 867 707 936 reliquit.
723 868 902 923 Unde.
928 874 991 922 ut
1011 868 1350 921 fassussum.
1382 870 1533 920 recte
1555 883 1705 921 mors
1722 867 2057 938 appellatur.
2141 865 2324 927 tectis,
2358 864 2520 918 sicuti
2547 864 2848 918 invenitur.
2883 864 3026 934 Ergo
3058 864 3337 936 propheta
3366 861 3696 931 juredocetin

458 955 765 1026 Propterea
793 957 952 1027 quasi
986 956 1103 1010 ﬁlia
1130 955 1402 1010 virtutum
1431 959 1489 1009 et
1520 955 1566 1009 si
1597 956 1861 1012 crudelis.
1886 972 1916 1010 a
1941 972 2064 1026 pro-
2144 953 2379 1025 Spiritu.
2401 953 2626 1023 quando
2653 953 2799 1008 ﬁlios
2822 953 3079 1008 Ecclesiae
3109 954 3383 1007 lactentes
3407 957 3460 1005 et
3485 951 3699 1021 parvulos

460 1044 631 1115 pheta
649 1044 937 1116 plangitur
964 1045 1129 1117 :quia
1160 1045 1293 1100 dum
1338 1042 1640 1115 previdere
1668 1044 1773 1098 sibi
1797 1045 1850 1099 in
1883 1051 2063 1117 poste-
2145 1043 2295 1097 videt
2347 1042 2494 1096 fame
2537 1052 2593 1095 et
2639 1041 2732 1095 siti
2763 1042 3071 1096 tabescere.
3110 1042 3368 1097 Profecto
3397 1057 3511 1094 cum
3537 1045 3587 1093 et
3616 1039 3698 1109 ipsi

460 1148 588 1197 rum
617 1133 1019 1200 fecunditatem
1046 1132 1277 1188 seminis
1297 1132 1507 1195 debuit.
1535 1133 1885 1188 solummodo
1904 1139 2063 1188 actus
2144 1131 2361 1204 parvuli
2376 1131 2493 1200 jam
2524 1129 2822 1184 didicerint
2856 1148 3055 1201 panem
3102 1146 3426 1202 exposcere,
3449 1136 3505 1182 et
3526 1144 3619 1181 non
3636 1132 3702 1180 est

460 1235 593 1275 suos
611 1222 762 1276 carni
789 1222 1030 1288 deditos,
1062 1223 1183 1277 sine
1211 1221 1460 1276 fomento
1487 1222 1626 1291 spei,
1661 1222 1782 1276 sine
1808 1222 2065 1277 dilectio—
2148 1219 2477 1292 quifrangat
2492 1219 2591 1276 eis.
2606 1220 2820 1290 gratias
2834 1225 3022 1275 tamen
3051 1218 3292 1290 Deo.qui
3316 1234 3412 1290 per
3424 1235 3480 1271 se
3498 1216 3700 1287 quinque

461 1302 550 1363 nis
573 1324 787 1376 amore,
821 1310 982 1382 quasi
1013 1310 1258 1367 struthio
1287 1326 1390 1365 ova
1416 1324 1519 1365 sua
1563 1308 1623 1364 in
1651 1315 1833 1366 morte
1863 1309 2067 1365 dereli-
2143 1310 2261 1379 jam
2285 1315 2343 1362 et
2371 1314 2584 1379 septem
2634 1308 2806 1378 fregit
2834 1325 3025 1379 panes,
3058 1308 3290 1362 Veteris
3327 1307 3529 1361 scilicet
3548 1305 3702 1359 Testa-

464 1399 605 1472 quit.
638 1398 922 1473 Sequitur.
2151 1398 2329 1452 menti
2354 1402 2706 1451 sacramenta
2733 1402 2791 1451 et
2816 1396 2959 1452 Novi
2983 1416 2995 1450 :
3022 1397 3223 1468 sicque
3250 1396 3405 1450 dedit
3442 1392 3698 1465 discipulis,

2148 1491 2207 1542 et
2222 1484 2687 1558 discipuliturbis,
2705 1501 2768 1540 ex
2787 1482 2990 1557 quibus
3017 1485 3088 1540 de
3117 1485 3211 1540 his
3239 1484 3337 1556 qui
3355 1482 3703 1554 superfuerunt

2162 1579 2389 1643 '49.
2435 1574 2523 1629 his
2550 1574 2646 1646 qui
2702 1574 3209 1640 manducaverunt,
3242 1573 3406 1627 relati
3434 1587 3492 1626 ac
3518 1568 3703 1641 repositi

535 1666 771 1720 Adhaesit
801 1667 997 1733 lingua
1027 1668 1278 1721 lactentis
1315 1667 1389 1720 ad
1414 1668 1671 1736 palatum
1710 1670 1826 1735 ejus
1857 1669 1921 1719 in
1948 1668 2062 1722 siti.
2152 1669 2289 1720 sunt
2318 1663 2610 1719 duodecim
2658 1662 2884 1735 cophini
2930 1663 3385 1735 fragmenton
3431 1661 3603 1727 (Marc.
3625 1661 3701 1728 vi).

474 1755 708 1809 Parvuli
724 1756 1009 1822 petierunt
1037 1770 1263 1825 panem,
1295 1759 1345 1808 et
1373 1770 1488 1809 non
1516 1760 1634 1809 erat
1663 1757 1763 1824 qui
1787 1755 2070 1823 frangeret
2092 1815 2133 1825 ﬁ
2152 1756 2310 1810 Inter
2338 1770 2461 1825 quae
2488 1752 2759 1807 nimirum
2787 1751 3142 1824 eloquiorum
3173 1751 3278 1806 Dei
3309 1750 3535 1822 mystica
3561 1764 3706 1803 sacra-

470 1846 566 1897 eis.
585 1815 886 1898 Manifesta
911 1815 1148 1898 lamenti
1170 1815 1422 1899 narratio
1442 1843 1512 1899 de
1534 1815 1761 1905 Judaiis,
1783 1815 2070 1899 exstinctis
2090 1815 2138 1877 Β
2152 1860 2278 1899 men
2289 1815 2373 1909 ta,
2388 1841 2689 1897 necessarii
2720 1846 2853 1898 sunt
2891 1815 3176 1908 doctores,
3217 1847 3284 1895 ut
3312 1815 3514 1895 inﬁrmi
3538 1838 3706 1909 quique

468 1929 763 1997 matribus,
795 1931 945 2003 quod
969 1932 1165 2004 lingua
1185 1931 1445 1987 lactentis
1471 1947 1584 2003 prae
1602 1930 1697 1986 siti
1726 1931 1794 1985 ad
1818 1932 2068 2003 palatum
2150 1949 2276 1988 cum
2307 1931 2574 2004 petierint
2591 1931 2923 1986 valentiores
2938 1931 3251 2003 Scriptura:
3269 1925 3706 1984 sacresententias

468 2020 791 2087 adheserit,
824 2024 884 2075 et
909 2021 1126 2093 parvuli
1144 2020 1477 2093 grandiores
1520 2036 1722 2093 panem
1752 2037 1879 2076 cum
1910 2026 2067 2093 pete-
2151 2021 2504 2094 exponendas
2540 2019 2866 2083 comminui,
2894 2021 3124 2076 valeant
3150 2018 3377 2093 aperire
3407 2037 3418 2071 :
3462 2023 3516 2071 et
3540 2017 3590 2071 in
3614 2015 3704 2070 sin-

468 2114 598 2167 rent
627 2109 749 2166 sine
776 2108 1006 2177 viribus,
1035 2127 1140 2166 nec
1167 2116 1289 2166 erat
1340 2110 1437 2182 qui
1476 2110 1779 2182 frangeret
1804 2109 1905 2176 eis,
1931 2126 2070 2182 prae-
2152 2110 2302 2182 gulis
2357 2110 2674 2166 necessaria
2729 2125 3030 2182 apponere.
3094 2109 3211 2166 Sed
3269 2108 3427 2179 luget
3483 2105 3708 2178 propheta

470 2198 666 2255 sertim
698 2215 828 2255 cum
858 2204 916 2255 et
957 2200 1065 2273 ipsi
1119 2200 1279 2255 cibus
1319 2204 1510 2255 essent
1558 2198 1852 2255 matribus.
1910 2199 2070 2255 Unde
2151 2200 2377 2270 quando
2407 2198 2503 2270 qui
2524 2214 2800 2271 exponere
2827 2198 3012 2264 debet,
3049 2198 3298 2255 inveniri
3324 2212 3438 2252 non
3463 2194 3607 2249 valet.
3633 2193 3709 2248 Est

471 2287 772 2344 minusculi
801 2287 896 2343 siti
925 2288 1262 2361 consumpti,
1282 2288 1613 2360 grandiores
1640 2304 1770 2343 vero
1798 2288 1919 2342 sine
1947 2287 2069 2343 cibo
2152 2287 2321 2341 etiam
2339 2286 2627 2358 Scriptura
2647 2291 2839 2341 sancta
2850 2291 3017 2359 potus
3042 2286 3310 2349 lactis,de
3341 2300 3449 2358 quo
3462 2281 3704 2356 propheta,

472 2375 690 2448 periere
712 2375 860 2431 fame
882 2376 1173 2448 perempti.
1206 2375 1383 2432 Porro
1409 2376 1715 2453 secundum
1742 2376 2072 2448 allegoricos
2153 2375 2324 2430 dicit:
2363 2376 2557 2431 Omnes
2584 2378 2846 2440 sitientes,
2880 2378 3059 2433 venite
3084 2377 3161 2430 ad
3200 2391 3395 2444 aquas,
3426 2377 3475 2427 et
3513 2373 3600 2441 qui
3622 2384 3707 2423 non

472 2480 690 2528 sensus,
723 2464 916 2535 lingua
944 2465 1204 2521 lactentis
1232 2465 1303 2521 ad
1322 2466 1572 2538 palatum
1616 2465 1867 2520 adhaeret
1894 2466 1951 2520 in
1978 2464 2073 2520 siti
2156 2465 2364 2518 habetis
2382 2469 2701 2532 argentum,
2721 2470 3026 2533 properate,
3042 2469 3269 2518 emiteet
3299 2460 3709 2526 comediteabsque

473 2553 595 2608 sine
622 2552 765 2608 lacte
793 2552 1080 2620 doctrinae,
1108 2554 1333 2625 quando
1357 2570 1491 2610 cura
1513 2554 1803 2609 doctorum
1834 2553 2075 2608 crudelis
2156 2556 2278 2608 ulta
2310 2556 2728 2607 commutatiom
2761 2555 2962 2607 vinum
3013 2559 3061 2608 et
3123 2557 3212 2607 lac
3237 2554 3373 2620 (lsa.
3407 2550 3507 2607 ω’).
3533 2548 3598 2602 Ex
3623 2559 3707 2616 quo

474 2642 632 2717 quasi
655 2642 898 2698 struthio
926 2643 1048 2698 sine
1071 2643 1448 2699 sollicitudine
1477 2660 1578 2715 pro
1627 2642 1893 2714 gregibus
1921 2642 2075 2696 aliud
2158 2641 2372 2713 liquido
2398 2645 2570 2712 patet,
2592 2657 2717 2697 cum
2747 2641 2901 2704 dicit,
2926 2644 3105 2696 venite
3131 2644 3208 2696 ad
3229 2656 3422 2710 aquas,
3454 2636 3574 2709 quia
3598 2632 3710 2688 Scri-

411 2720 417 2725 ’
486 2737 649 2801 ιιιεν
665 2737 730 2797 0
754 2731 1013 2803 diligens.
1044 2732 1342 2804 torpuerit,
1366 2748 1469 2786 nec
1497 2748 1623 2786 cum
1649 2732 1917 2801 Apostolo
1934 2731 2076 2785 lacte
2159 2737 2329 2802 ptura
2357 2736 2550 2784 sancta
2584 2746 2744 2784 verus
2770 2736 2858 2784 est
2883 2738 3049 2802 potus
3081 2753 3094 2788 :
3126 2747 3260 2786 cum
3293 2728 3442 2790 dicit,
3483 2724 3708 2780 cumatile.

472 2820 851 2876 doctrinarum
885 2820 985 2875 Dei
1035 2821 1295 2891 parvulos
1332 2820 1602 2875 lactentes
1632 2826 1823 2891 pastor
1873 2818 2078 2873 aluerit
2158 2836 2322 2872 verus
2352 2823 2438 2873 est
2462 2817 2636 2872 cibus.
2670 2820 2809 2872 Cum
2837 2825 3025 2874 autem
3050 2820 3193 2875 dicit
3221 2821 3416 2872 riuum
3449 2821 3493 2869 et
3521 2817 3610 2875 lac,
3635 2825 3713 2863 nu-

477 2908 653 2975 (lCor.
683 2913 788 2963 ml.
807 2907 1184 2979 Hincquoque
1214 2908 1515 2978 Apostolus
1534 2906 1651 2961 suis
1681 2907 1761 2960 ait
1782 2906 2027 2977 parvulis
2058 2925 2072 2960 :
2158 2908 2486 2961 trimentum
2516 2907 2783 2970 infantiae,
2811 2914 2868 2962 et
2894 2908 3133 2962 ebrietas
3172 2907 3416 2979 Spiritus
3440 2900 3618 2957 .sancti
3641 2898 3711 2950 de-

475 2998 586 3052 Lac
617 2995 767 3050 vobis
796 3003 990 3068 potum
1041 2994 1186 3058 dedi,
1227 3011 1340 3049 non
1399 3011 1604 3060 escam,
1649 2994 1778 3065 quia
1832 2994 2073 3049 necdum
2098 3052 2136 3068 Α
2159 2996 2433 3067 signatur,
2464 3002 2523 3049 ut
2547 3012 2646 3066 per
2664 2996 2749 3049 lac
2771 2996 3089 3052 teneritudo
3109 3004 3308 3051 nostra
3325 2993 3612 3049 nutriatur:
3634 3000 3712 3057 per

476 3083 762 3155 poteratis,
793 3085 888 3138 sed
921 3099 1103 3154 neque
1132 3084 1315 3137 adhuc
1342 3082 1596 3154 potestis.
1652 3084 1796 3137 Sunt
1841 3084 1991 3137 enim
2020 3052 2349 3138 inCvinum
2409 3100 2537 3137 vero
2583 3084 2753 3138 corda
2806 3083 3177 3140 inebrientur.
3230 3083 3389 3149 Quod
3438 3080 3479 3134 si
3524 3074 3710 3131 omnino

479 3171 729 3226 Ecclesia
759 3170 965 3225 Christi
1013 3171 1282 3225 lactentes
1332 3170 1567 3242 parvuli,
1616 3176 1881 3242 sugentes
1904 3172 2079 3227 ubera
2158 3179 2353 3245 aperta
2379 3172 2646 3227 mandata
2676 3172 2775 3227 Dei
2815 3174 3119 3245 Scripturis
3174 3171 3385 3229 sanctis
3413 3185 3516 3224 non
3542 3167 3707 3226 essent,

481 3264 886 3331 praeceptorum
911 3259 1032 3322 Dei,
1062 3265 1197 3314 sunt
1215 3264 1270 3315 et
1295 3260 1559 3330 majores,
1579 3260 1674 3331 qui
1712 3261 1830 3330 jam
1865 3266 2078 3331 queunt
2162 3277 2261 3332 per
2279 3261 2641 3332 semetipsam
2673 3261 2897 3317 Veritas
2912 3279 3023 3317 non
3036 3263 3309 3317 clamaret
3331 3281 3347 3314 :
3378 3259 3437 3313 Si
3463 3258 3574 3326 quis
3598 3253 3708 3315 διίίις

477 3344 719 3405 solidum
750 3364 949 3420 capere
968 3346 1174 3412 cibum,
1202 3348 1413 3403 scilicet
1456 3347 1820 3420 profundiora
1874 3357 2079 3421 myste-
2161 3354 2345 3405 reniat
2378 3352 2452 3404 ad
2478 3367 2562 3404 me
2591 3356 2638 3404 et
2666 3351 2813 3404 bibat
2844 3353 3021 3418 (Joan.
3062 3352 3186 3420 vn).
3222 3353 3348 3422 Ipse
3396 3358 3617 3415 namque
3645 3342 3712 3393 est

479 3437 691 3493 riorum
725 3432 827 3492 Dei
855 3437 1190 3507 intelligere,
1238 3436 1285 3491 si
1324 3442 1474 3492 esset
1523 3437 1617 3509 qui
1672 3438 1753 3492 eis
1793 3438 2081 3508 frangeret
2160 3438 2321 3493 nobis
2339 3444 2520 3511 potus,
2536 3438 2656 3510 ipse
2691 3438 2848 3493 cibus
2870 3438 3158 3511 :ipsevero
3194 3440 3383 3495 vinum
3411 3440 3467 3490 et
3487 3435 3578 3488 lac.
3606 3428 3711 3493 (ὶυὲ

478 3543 702 3601 panem.
722 3526 1021 3582 secretiora
1041 3526 1254 3581 scilicet
1278 3532 1632 3581 sacramenta
1660 3525 2077 3598 Scripturarum
2162 3528 2329 3582 simul
2351 3527 2499 3582 idem
2529 3529 2799 3599 propheta
2828 3528 2887 3582 in
2932 3529 3038 3583 hoc
3065 3528 3266 3584 eodem
3297 3541 3460 3598 opere
3488 3519 3606 3576 vidit
3627 3518 3707 3570 Ju-

480 3622 821 3672 sanctarum.
848 3614 956 3671 Sed
986 3631 1122 3669 cura
1140 3620 1429 3686 pastorum
1460 3631 1525 3668 ac
1557 3614 1869 3670 sollicitudo
1899 3615 2075 3681 deest,
2161 3617 2294 3672 diem
2321 3616 2584 3683 defuisse,
2614 3633 2742 3671 cum
2772 3617 2982 3672 diceret
3012 3636 3023 3671 :

480 3722 583 3761 nec
615 3710 702 3759 est
730 3703 827 3775 qui
857 3701 1168 3758 minoribus
1197 3720 1500 3758 mammam
1533 3703 1781 3758 denudet
1802 3703 2081 3758 doctrina-
2235 3708 2451 3761 Nobiles
2480 3709 2595 3774 ejus
2625 3709 2965 3760 interierunt
3005 3711 3184 3774 fame:
3224 3712 3274 3761 et
3312 3699 3589 3759 multitudo
3619 3696 3708 3762 ejus

483 3809 830 3866 rum,neque
850 3790 945 3865 qui
967 3792 1276 3863 majoribus
1296 3792 1519 3863 frangat
1533 3807 1753 3863 panem.
1777 3791 2081 3856 Quosbene
2163 3798 2259 3848 siti
2283 3797 2529 3849 exaruit.
2561 3795 2873 3849 Paucorum
2904 3795 3110 3866 quippe
3142 3801 3231 3851 est
3255 3794 3418 3850 fortia
3443 3795 3497 3845 et
3536 3782 3711 3841 occulta

480 3884 707 3938 intuens
736 3881 1029 3954 propheta,
1056 3883 1187 3952 jure
1235 3898 1431 3936 eorum
1487 3879 1786 3952 reprobam
1827 3881 2083 3953 deplorat
2164 3899 2527 3953 cognoscere:
2555 3884 2859 3937 multorum
2873 3900 3004 3943 vero
3025 3884 3278 3941 historiae
3309 3886 3493 3955 aperta
3511 3871 3701 3931 sentire.

485 3972 677 4028 vitam.
702 3976 759 4026 et
791 3970 1029 4027 istorum
1057 3970 1275 4042 plangit
1325 3969 1674 4025 crudelitatis
1716 3977 1973 4035 mortem,
2015 3987 2081 4025 eo
2166 3971 2452 4026 Etidcirco
2472 3970 2678 4027 Judaeae
2694 3972 2930 4037 nobiles,
2963 3990 3073 4027 non
3094 3973 3208 4037 siti,
3229 3973 3326 4029 sed
3342 3971 3480 4026 fame
3498 3959 3709 4020 interisse

485 4060 635 4132 quod
665 4059 831 4114 multi
860 4058 1117 4113 doctores
1147 4058 1439 4131 impietate
1480 4075 1585 4114 sua
1620 4058 1860 4130 pellecti,
1884 4059 2086 4114 crude-
2168 4061 2388 4126 asserit,
2418 4061 2552 4132 quia
2578 4062 2633 4117 hi
2661 4062 2754 4134 qui
2781 4078 3019 4134 praeesse
3042 4063 3323 4126 videntur,
3354 4060 3481 4115 dum
3526 4057 3708 4108 totosse

485 4148 654 4203 liores
678 4149 807 4217 jure
823 4147 1371 4210 lamiiscenseantur,
1399 4152 1457 4202 et
1485 4145 1922 4218 negligentiores
1937 4155 2087 4203 stru-
2172 4151 2540 4207 exterioribus
2587 4152 2821 4207 tradunt
2864 4152 3033 4218 curis,
3091 4159 3145 4207 et
3176 4145 3542 4220 intelligentia:
3589 4150 3708 4191 Vana

486 4234 773 4290 tbionibus
801 4253 812 4287 :
843 4235 1106 4305 quoniam
1139 4236 1243 4289 etsi
1272 4236 1456 4290 lamiae
1486 4227 1833 4292 crudeliores
1861 4237 2089 4292 suisfoe-
2171 4240 2497 4312 disciplinis,
2530 4241 2662 4312 quid
2694 4243 2761 4296 de
2799 4241 3012 4296 intimis
3032 4240 3439 4296 discutiendum
3469 4227 3708 4288 mandenti

485 4322 640 4380 tibus
666 4322 976 4386 videantur,
1001 4322 1221 4378 nudant
1247 4329 1433 4379 tamen
1465 4341 1791 4388 mammam,
1837 4332 1895 4381 et
1940 4342 2090 4397 quo—
2172 4346 2282 4384 non
2315 4329 2627 4385 inveniunt.
2658 4329 2872 4395 Quibus
2901 4330 2971 4384 ab
2998 4330 3222 4385 interno
3250 4328 3519 4386 intellectu
3545 4315 3708 4373 θεάων

490 4411 790 4469 dammodo
810 4411 1024 4466 lactant
1050 4411 1284 4466 catulos.
1327 4413 1392 4468 In
1413 4430 1654 4484 quorum
1682 4414 1928 4485 profecto
1945 4412 2155 4471 com-D
2173 4417 2343 4483 tibus,
2376 4435 2673 4488 parvorum
2708 4419 3078 4490 intelligentia
3105 4420 3276 4475 etiam
3324 4420 3379 4473 in
3399 4403 3708 4490 exterioribus

487 4502 798 4577 paratione,
832 4500 964 4580 quia
990 4504 1281 4555 sectantur
1301 4506 1359 4555 et
1388 4508 1610 4555 terrena
1642 4510 1918 4574 quierunt,
1947 4512 2093 4559 atro-
2174 4506 2541 4562 exsiccantur.
2577 4508 2737 4563 Unde
2766 4489 2916 4562 recte
2937 4508 3053 4561 illic
3098 4508 3436 4579 adjungitur.
3461 4489 3705 4556 Multitudo

491 4592 668 4645 ciores
698 4590 900 4645 merito
952 4590 1315 4661 planguntur.
1345 4606 1409 4644 ex
1456 4606 1695 4661 quorum
1751 4592 2091 4665 negligentia
2173 4599 2291 4664 ejus
2319 4599 2419 4650 siti
2444 4600 2688 4650 exaruit.
2717 4599 2794 4651 Ac
2824 4597 2871 4651 si
2894 4604 3088 4667 aperte
3114 4597 3354 4652 diceret:
3393 4594 3524 4648 Dum
3552 4581 3705 4648 νυιειιε

496 4693 664 4749 quam
701 4695 845 4749 saepe
864 4679 1059 4749 lingua
1091 4677 1423 4734 lactentium
1448 4677 1516 4733 ad
1536 4679 1787 4750 palatum
1812 4680 1941 4736 tabo
1962 4698 2092 4737 con-
2173 4684 2296 4739 vita:
2321 4700 2434 4738 suae
2460 4684 2647 4738 studia
2665 4684 2892 4747 deserit,
2915 4686 3036 4754 jam
3067 4702 3169 4739 nec
3192 4686 3393 4740 ﬂuenta
3417 4671 3704 4733 hlStOl‘liBI'e‘

495 4771 736 4836 sumpta,
766 4767 1011 4822 adhaeret
1051 4767 1109 4821 in
1136 4766 1227 4822 siti
1281 4768 1510 4823 Necnon
1566 4775 1624 4823 et
1664 4770 1923 4836 struthio,
1957 4776 2014 4825 et
2041 4771 2089 4826 si
2172 4772 2363 4844 quirit,
2392 4773 2542 4844 quia,
2570 4774 2875 4828 secundum
2905 4773 3027 4837 Job,
3078 4780 3233 4830 terra
3259 4775 3327 4828 de
3348 4786 3451 4844 qua
3474 4759 3706 4820 oriebatur

498 4870 600 4909 ova
623 4870 725 4909 sua
770 4855 892 4909 sine
930 4872 1065 4911 cura
1113 4862 1171 4911 et
1199 4857 1366 4913 ullius
1396 4858 1622 4930 pietatis
1646 4858 1849 4914 affectu
1880 4878 2087 4931 ponere
2172 4861 2334 4932 panis
2361 4862 2414 4915 in
2444 4862 2562 4916 loco
2592 4879 2715 4927 suo,
2773 4862 2904 4933 igne
2956 4862 3224 4919 subversa
3265 4870 3348 4919 est
3378 4857 3496 4926 (Job.
3525 4851 3725 4933 XX"‘”_'v.

497 4940 735 5004 videtur,
754 4946 944 4996 tamen
964 4943 1180 5015 physici
1200 4945 1412 5013 dicunt,
1427 4947 1576 5018 quod
1604 4963 1670 5003 ea
1699 4947 1757 5002 in
1772 4930 1966 5003 sabulo
1997 4950 2091 5005 ubi
2173 4930 2305 5022 quia
2334 4950 2581 5022 profecto
2611 4930 2898 5023 pastorum
2948 4959 3117 5023 atque
3145 4954 3425 5007 doctorum
3459 4939 3617 4999 οοΐάδν

496 5029 704 5087 nimius
733 5028 866 5084 solis
893 5030 1077 5085 fervor
1133 5033 1383 5103 quotidie
1427 5034 1728 5099 candescit,
1762 5043 2046 5108 exponunt
2077 5056 2088 5091 :
2178 5021 2379 5111 quibus
2411 5039 2571 5111 panis
2608 5021 2731 5095 vitae
2762 5040 2894 5095 oriri
2915 5021 3297 5107 consueverat,
3332 5044 3486 5109 atque
3507 5021 3700 5111 eloqui?"

496 5120 592 5178 ubi
617 5120 803 5175 calore
823 5117 957 5173 solis
991 5124 1047 5173 et
1091 5120 1315 5175 confotu
1334 5120 1534 5189 sabuli,
1561 5140 1740 5196 usque
1766 5125 1837 5180 ad
1867 5143 2093 5181 concre-
2177 5146 2300 5183 rum
2336 5128 2503 5182 verba
2556 5130 2809 5195 afﬂuere,
2870 5147 2994 5184 cum
3046 5106 3291 5185 terrenis
3336 5106 3470 5183 curis
3508 5123 3556 5172 et
3587 5106 3699 5164 νίῐίίε

496 5211 707 5266 tionem
741 5206 1020 5281 pullorum
1054 5214 1437 5279 temperanter
1463 5212 1846 5270 confoventur.
1880 5215 2093 5281 Quibus
2175 5217 2448 5288 coeperint
2476 5217 2697 5288 repleri,
2730 5224 2880 5273 recte
2905 5217 3366 5290 plangitur,quod
3394 5220 3523 5268 terra
3541 5204 3599 5257 de
3612 5208 3697 5293 (ηιξ

495 5299 591 5356 isti
620 5299 741 5355 sine
770 5300 904 5353 cura
931 5312 996 5351 ac
1037 5295 1412 5353 sollicitudine
1442 5302 1708 5370 pastorali
1733 5304 1885 5357 aliud
1922 5305 2093 5359 medi-
2174 5306 2461 5359 oriebatur
2475 5306 2652 5377 panis,
2687 5306 2783 5377 qui
2808 5294 2877 5360 de
2907 5308 3045 5361 cmlo
3074 5307 3375 5370 descendit,
3399 5303 3485 5356 aut
3528 5293 3695 5346 haum'l

493 5393 701 5456 tantes:
734 5391 884 5441 mete
912 5383 1346 5457 ηεὲίίὲθηῐῖοΐθδ
1365 5385 1763 5458 deplorantur:
1799 5392 1892 5463 qui
1921 5393 2089 5448 etiam
2174 5394 2447 5449 debuerat
2474 5395 2529 5448 in
2550 5411 2651 5449 suo
2675 5394 2816 5459 loco,
2841 5395 2971 5466 igne
3010 5396 3277 5451 subversa
3299 5401 3379 5450 est
3425 5389 3480 5444 In
3505 5384 3601 5466 1009
3616 5386 3694 5426 δυ’

497 5476 745 5551 parvulis
767 5492 894 5557 cum
920 5473 1187 5548 petierint
1211 5490 1442 5547 panem,
1487 5475 1686 5531 saltem
1717 5478 1978 5552 frangere
2002 5478 2086 5537 fu-
2174 5486 2287 5537 tem
2318 5500 2420 5537 suo
2449 5482 2580 5553 igne
2609 5465 2970 5551 subvertitur,
2997 5484 3220 5558 quando
3249 5498 3398 5540 mens
3421 5465 3687 5535 infidelium?

491 5562 673 5643 giunt.
707 5560 995 5639 Scriptura
1045 5564 1195 5621 enim
1248 5579 1406 5619 sacra
1450 5563 1752 5639 aliquando
1801 5569 1954 5626 cibus
1983 5576 2088 5640 est,
2176 5569 2529 5633 sacramenta
2548 5568 2896 5641 conculcans,
2921 5568 3183 5632 Vitiorum
3208 5566 3409 5631 facibus
3438 5562 3691 5623 concrema-

1140 1558 1380 1597 υΑιετε.
