3960 6168
299 340 441 400 1209

957 340 1340 398 EXPOSITIO
1379 345 1456 399 IN
1495 340 2103 399 LAMENTATIONES
2142 336 2490 396 JEREMIE.
2535 366 2603 377 —
2639 336 2775 391 LIB.
2820 336 2913 392 IV.

3443 342 3582 401 1210

294 475 408 526 tur.
441 469 656 525 Idcirco
676 468 976 540 arsit,quia
991 468 1234 524 ﬂammis
1253 469 1517 526 vitiorum
1538 486 1599 525 se
1628 468 1882 525 tradidit.
1904 465 2123 529 Aintus
2146 464 2375 520 lactant.
2432 462 2563 518 Haec
2614 477 2780 533 agere
2820 464 3097 531 nesciunt,
3130 465 3240 521 nisi
3283 467 3380 538 qui
3414 470 3571 525 omni

293 559 456 615 Unde
484 558 749 613 lamentis
782 564 840 612 et
863 558 1091 613 fletibus
1119 560 1397 629 agendum
1422 566 1526 623 est,
1562 567 1594 624 Ι
1612 565 1800 625 ιιθσι
1822 577 1893 614 ne

292 649 489 719 lingua
518 654 712 702 nostra
745 665 855 719 prae
886 648 977 701 siti
1005 648 1292 703 adhaereat
1321 651 1526 721 palato,
1552 666 1732 720 neque
1764 668 1891 720 par-

290 737 407 793 vuli
436 741 692 809 petentes
712 752 933 808 panem,
962 736 1056 789 Dei
1075 737 1354 808 reprobati
1381 737 1613 806 judicio.
1642 746 1891 807 egestate

291 832 351 881 et
370 826 519 881 fame
547 825 698 881 verbi
730 826 1048 896 consumpti
1080 843 1398 897 pereamus,
1441 843 1623 896 neque
1650 833 1797 880 terra
1822 828 1891 881 de

291 932 403 987 qua
448 915 609 986 panis
645 914 931 969 oriebatur
971 915 1098 985 igne
1137 914 1426 969 submersa
1470 916 1753 987 depereat.
1780 917 1890 970 imo

289 1004 549 1076 precibus
566 1010 626 1059 et
641 1003 900 1076 lacrymis
916 1004 1128 1074 pulsem
1138 1020 1202 1058 us
1223 1005 1291 1058 ad
1313 1005 1518 1060 ostium
1551 1006 1743 1076 patris,
1779 1013 1891 1060 tres

288 1093 418 1148 illos
447 1109 513 1147 ex
548 1092 846 1163 Evangelia
880 1097 1134 1163 petentes
1176 1110 1378 1163 panes;
1424 1099 1484 1148 ut
1525 1103 1584 1148 et
1626 1095 1743 1166 ipse
1794 1112 1889 1150 eos

288 1181 456 1237 nobis
469 1181 803 1252 tribuat.qui
838 1182 1061 1252 pulsare
1090 1198 1154 1235 ac
1170 1199 1421 1252 quaerere
1439 1188 1606 1253 rogat
1623 1191 1681 1238 et
1702 1192 1888 1255 petere

290 1271 438 1337 (Luc.
473 1284 570 1330 xu.
620 1269 707 1324 Ad
739 1270 841 1324 hoc
874 1269 1046 1340 igitur
1082 1277 1146 1324 ut
1174 1270 1388 1326 tribuat
1425 1288 1686 1342 rogemus
1717 1275 1887 1328 etiam

286 1363 353 1413 ut
390 1358 485 1413 ille
524 1358 794 1431 magister
828 1375 988 1413 verus
1025 1365 1083 1413 et
1118 1367 1333 1423 auctor,
1378 1362 1474 1432 qui
1515 1379 1609 1416 eos
1639 1363 1808 1433 fregit
1832 1363 1887 1418 in

287 1462 504 1512 eremo,
552 1447 713 1502 nobis
765 1464 989 1519 quoque
1038 1448 1207 1503 simul
1246 1449 1460 1505 tribuat
1511 1458 1569 1504 et
1621 1452 1883 1529 frangat;

289 1534 496 1608 quibus
533 1535 747 1601 refecti,
791 1553 859 1591 ne
898 1537 1046 1592 ullus
1084 1545 1339 1594 nostrum
1377 1538 1437 1593 in
1476 1539 1565 1594 via
1601 1540 1882 1605 lassescat,

289 1624 556 1696 quoniam
598 1632 823 1697 propter
855 1627 1158 1698 pessimam
1218 1628 1389 1682 vitam
1431 1629 1788 1684 sacerdotum
1829 1637 1887 1685 et

287 1713 681 1769 crudelitatem
716 1731 957 1779 morum,
1001 1715 1328 1771 lactentium
1368 1734 1480 1788 prae
1521 1718 1615 1773 siti
1653 1719 1885 1774 ariditas

1974 556 2228 610 custodia
2260 553 2478 610 munire
2512 560 2755 607 mentem
2770 558 3009 619 norunt;
3037 560 3093 608 et
3119 555 3265 610 lacte
3293 554 3579 612 doctrina-

1976 663 2121 706 rum,
2170 645 2492 699 affectiones
2549 648 2607 697 et
2649 645 3037 714 suggestiones
3091 644 3210 715 pias
3265 644 3321 698 in
3354 644 3578 699 Christo

1974 736 2191 789 nutrire
2221 734 2561 802 intelligunt.
2594 734 2800 786 Horum
2826 732 2999 802 igitur
3039 734 3231 803 lingua
3260 733 3392 804 quid
3426 734 3579 787 aliud

1974 823 2353 877 nisiadliazret
2385 823 2570 893 palato
2600 822 2804 881 carnis.
2853 823 2985 875 dum
3032 822 3255 876 interna
3306 822 3580 878 virtutum

1973 912 2281 982 Spiramina
2308 911 2462 965 vanis
2492 912 2835 965 suifocantur
2858 912 3025 976 curis,
3046 918 3100 965 et
3134 910 3316 982 pravis
3353 913 3573 966 contes-

1974 1000 2188 1053 sionem
2211 1000 2358 1058 ﬁdei.
2385 1009 2688 1070 antequam
2715 1002 3049 1071 proferatur.
3076 999 3299 1071 illigant
3320 1000 3573 1055 nexibus.

1973 1089 2133 1143 Unde
2163 1095 2312 1142 recte
2340 1089 2630 1159 sequitur:
2669 1092 2899 1143 Parvuli
2928 1092 3575 1156 petieruntpanem,.ncc

1971 1185 2090 1232 erat
2118 1181 2217 1247 qui
2244 1180 2529 1246 frangeret
2560 1182 2654 1232 eis.
2697 1179 2919 1231 Scilicet
2948 1180 3105 1249 parvi
3137 1179 3569 1249 cogitatus,cum

1970 1267 2040 1321 de
2070 1268 2293 1321 Christo
2325 1274 2382 1321 et
2424 1268 2767 1336 sempiterna
2820 1267 2931 1322 vita
2990 1268 3400 1339 concipiuntur,
3444 1282 3573 1320 mox

1972 1356 2265 1427 requirunt
2288 1373 2488 1427 panem
2521 1356 2675 1409 illum
2710 1356 2806 1426 qui
2837 1356 2906 1409 de
2937 1358 3074 1410 coelo
3115 1354 3401 1409 descendit
3429 1373 3440 1421 ;
3472 1348 3589 1408 sed

1972 1462 2130 1499 mens
2175 1445 2320 1499 male
2376 1461 2476 1499 suo
2524 1445 2789 1515 depressa
2824 1449 3050 1515 torpore
3099 1452 3269 1514 atque
3317 1442 3557 1512 ignavia,

1948 1535 2235 1609 ‘vanisque
2256 1534 2446 1588 dedita
2467 1534 2636 1597 curis,
2657 1533 2834 1587 nescit
2852 1533 2962 1587 illis
2981 1532 3298 1603 petentibus
3314 1532 3573 1601 frangere

1969 1640 2168 1694 panem
2194 1623 2578 1693 intelligendo,
2597 1639 2776 1693 neque
2809 1621 3190 1677 comminuere
3213 1621 3570 1688 ruminando,

1968 1728 2151 1781 neque
2162 1712 2500 1766 distribuere
2513 1711 3079 1784 accipiendo.Idcirco
3097 1716 3245 1766 recte
3264 1708 3571 1781 plangitur,

282 1802 611 1875 plangitur;
658 1810 715 1859 et
770 1804 1150 1876 parvulorum,
1194 1805 1327 1876 quia
1387 1822 1497 1860 non
1549 1813 1633 1862 est
1671 1808 1766 1879 qui
1806 1791 2077 1862 eisBNcc
2098 1807 2217 1856 erat
2240 1806 2340 1872 qui
2354 1804 2638 1870 frangeret
2666 1804 2760 1855 eis.
2796 1802 2941 1866 Quia
2970 1801 3074 1855 etsi
3101 1799 3367 1855 divinitus
3401 1795 3571 1867 inspi-

283 1891 575 1965 frangeret
602 1909 824 1965 panem.
859 1894 1125 1949 interitus
1165 1894 1507 1966 deploratur.
1542 1896 1885 1953 Pulsandum

284 1981 464 2053 igitur
490 1988 577 2038 est
604 1988 661 2038 et
686 1983 1172 2055 petendum,quod
1191 1984 1331 2039 nulli
1352 1991 1595 2055 negatur
1615 1988 1885 2058 quaerenti

282 2070 345 2126 in
362 2071 720 2135 veritate,ne,
736 2072 915 2144 culpis
934 2072 1303 2144 exigentibus,
1319 2072 1478 2128 nobis
1499 2075 1883 2143 subtrahatur,

282 2159 453 2215 sicuti
496 2160 772 2216 Dominus
818 2161 951 2217 alibi
994 2162 1417 2217 comminatur:
1461 2165 1681 2218 Mittam
1711 2168 1773 2219 in
1802 2182 1886 2221 eos

284 2265 401 2304 non
448 2251 656 2318 famem
689 2254 857 2321 panis
904 2268 1072 2320 neque
1116 2255 1267 2305 sitim
1302 2268 1475 2322 aqua,
1501 2255 1593 2307 sed
1619 2256 1887 2309 audiendi

283 2340 513 2393 verbum
553 2339 654 2394 Dei
678 2340 886 2407 (Amos.
924 2343 1062 2408 vm).
1114 2338 1253 2404 Quia
1286 2357 1415 2396 cum
1470 2342 1788 2413 praedicatio
1831 2348 1889 2398 et

282 2425 1439 2498 intelligentiaverbisubtrahitur,audihis
1454 2447 1674 2502 quoque
1689 2438 1886 2500 cessat,

282 2523 346 2571 et
371 2517 548 2571 fames
575 2524 746 2589 atque
775 2516 961 2573 inedia
992 2518 1162 2574 simul
1190 2518 1388 2573 borum
1424 2526 1604 2574 morte
1623 2537 1886 2591 grassan-

280 2611 382 2661 tur
431 2606 557 2660 Jam
588 2606 721 2678 quid
753 2607 1043 2662 moraliter
1072 2608 1263 2681 lugeat
1298 2608 1602 2663 videamus.
1645 2609 1881 2673 Quando

279 2695 501 2768 parvuli
530 2695 809 2766 cogitatus
843 2695 1039 2761 nostri,
1090 2701 1259 2766 atque
1308 2697 1628 2751 affectiones
1668 2696 1880 2753 intimae

280 2783 491 2839 mentis
502 2784 623 2839 sine
643 2785 786 2839 lacte
814 2785 1033 2839 blandae
1054 2785 1449 2856 persuasionis,
1475 2790 1533 2839 et
1561 2802 1686 2839 rore
1702 2787 1875 2840 sancti

280 2874 529 2946 Spiritus
556 2891 669 2947 prae
697 2874 791 2928 siti
820 2874 929 2928 cito
960 2879 1238 2937 arescunt,
1273 2891 1509 2946 quorum
1535 2875 1727 2946 lingua
1760 2893 1882 2947 pro-

278 2962 511 3016 lationis
560 2962 746 3033 palato
796 2962 980 3016 carnis
1035 2962 1278 3027 adhaesu,
1327 2962 1713 3018 obtumescere
1750 2964 1882 3019 facit

276 3056 491 3106 tenerae
523 3050 728 3106 mentis
756 3051 1073 3115 infantiam,
1119 3056 1176 3105 et
1206 3052 1439 3106 suﬁ‘ocat
1463 3053 1651 3123 gladio
1681 3053 1882 3107 inﬁde-

1969 1897 2093 1945 rata
2115 1891 2309 1953 virtus,
2343 1890 2411 1943 ad
2441 1895 2665 1960 tempus
2694 1889 2819 1943 vitae
2850 1889 3034 1943 esurie
3066 1888 3217 1942 intus
3257 1885 3563 1949 animatur,

1966 1978 2103 2034 foris
2124 1986 2314 2033 tamen
2345 1978 2630 2034 exinanita
2658 1977 3144 2048 concupiscentiis,
3175 1973 3456 2029 tabefacta
3482 1971 3566 2026 vi-

1970 2068 2125 2124 ribus
2151 2073 2441 2124 vacuatur.
2476 2067 2618 2122 Hinc
2645 2083 2869 2138 quoque
2896 2065 3181 2137 sequitur:

2724 2224 2814 2263 BE.

2042 2334 2150 2400 Qui
2172 2335 2523 2388 vescebantur
2537 2336 2864 2401 vo'uptuose.
2876 2335 3218 2389 interierunt
3238 2338 3303 2390 in
3320 2339 3445 2399 viis;
3461 2339 3562 2407 qui

1966 2423 2371 2477 nutriebantur
2393 2424 2455 2476 in
2473 2424 2690 2489 croceis,
2717 2426 3021 2490 amplexati
3037 2428 3168 2477 sunt
3190 2426 3566 2481 stercora.Per

1967 2527 2090 2581 quae
2122 2510 2385 2565 nimirum
2415 2510 2737 2565 Judaeorum
2766 2510 3001 2583 perfidia
3023 2511 3143 2566 luce
3178 2513 3384 2568 clarius
3418 2530 3564 2569 rese-

1963 2603 2143 2662 ratur,
2178 2599 2444 2669 quoniam
2477 2598 2759 2652 obscurati
2790 2606 2940 2659 sunt,
2969 2604 3027 2653 et
3054 2600 3206 2654 color
3234 2617 3427 2655 eorum
3460 2618 3563 2672 op-

1963 2687 2132 2740 timus
2162 2686 2493 2741 immutatus
2519 2693 2606 2741 est
2636 2704 2800 2758 quem
2834 2687 3154 2742 habuerunt
3202 2689 3259 2743 in
3302 2688 3563 2744 Patribus

1962 2781 2020 2828 et
2059 2776 2390 2853 patriarchis
2421 2784 2591 2847 atque
2630 2776 2917 2848 prophetis
2940 2818 2953 2845 ,
2986 2785 3154 2848 atque
3176 2778 3409 2850 dispersi
3431 2782 3566 2834 sunt

1963 2865 2110 2936 quod
2140 2866 2321 2919 adhuc
2347 2866 2509 2920 hodie
2538 2867 2820 2920 cernimus
2862 2867 2920 2920 in
2959 2868 3140 2937 capite
3166 2858 3416 2922 omnium
3448 2869 3563 2939 pla-

1962 2959 2183 3008 tearum
2230 2972 2551 3026 quanquam
2600 2954 2781 3009 induti
2834 2968 2890 3008 et
2933 2956 3124 3009 amicti
3178 2972 3315 3010 auro
3358 2956 3560 3027 primo,

1963 3045 2271 3098 secundum
2325 3044 2749 3115 praerogativam
2801 3044 3051 3109 Patrum,
3103 3046 3271 3099 etiam
3318 3044 3568 3117 reputati

277 3140 460 3195 litatis
498 3140 683 3194 cordis
720 3140 917 3205 nostri,
956 3140 1080 3195 vita:
1120 3147 1438 3212 conceptus,
1472 3158 1542 3196 ne
1582 3143 1652 3196 ad
1698 3144 1878 3197 lucem
1900 3148 1943 3208 ο
1964 3140 2099 3189 sunt
2130 3135 2183 3188 in
2211 3152 2340 3189 vasa
2372 3142 2549 3189 testea
2577 3142 2634 3188 et
2658 3152 2799 3206 opus
2821 3151 3087 3189 manuum
3108 3137 3288 3206 ﬁguli,
3307 3137 3567 3192 saeviores

277 3234 495 3300 queant
521 3230 866 3300 contingere.
898 3230 1057 3284 Unde
1089 3236 1238 3285 recte
1267 3231 1475 3285 dicitur
1507 3248 1519 3283 :
1556 3233 1723 3286 corde
1761 3249 1876 3286 ore-
1961 3224 2171 3291 lamiis,
2200 3223 2543 3278 crudeliores
2584 3223 3014 3278 stiuthionibus.
3050 3224 3135 3279 Ob
3164 3242 3404 3297 quorum
3436 3228 3566 3297 per-

274 3313 442 3371 ditur
467 3320 858 3388 adjustitiam,
878 3334 969 3373 ore
990 3323 1174 3373 autem
1197 3321 1457 3387 confessio
1478 3323 1538 3387 ﬁt
1555 3323 1878 3375 adsatutem
1960 3315 2150 3368 ﬁdium
2193 3314 2465 3367 lactentes
2519 3319 2575 3366 et
2624 3312 2839 3384 parvuli
2883 3314 3199 3383 perierunt;
3243 3316 3324 3369 ita
3366 3323 3432 3369 ut
3471 3316 3568 3387 qui

276 3407 455 3464 (Rom.
500 3407 576 3476 χ).
618 3407 882 3478 Alioquin
911 3407 1183 3478 quidquid
1218 3414 1304 3463 est
1333 3408 1463 3462 boni
1491 3409 1639 3481 quod
1688 3415 1877 3463 mente
1961 3402 2327 3457 vescebantur
2356 3402 2705 3473 voluptuose,
2733 3400 3070 3456 interierunt
3098 3403 3246 3457 fame
3274 3404 3332 3457 in
3351 3404 3453 3458 viis
3467 3405 3567 3460 Dei

274 3494 617 3566 concipitur,
650 3496 755 3550 nisi
789 3496 932 3551 lacte
957 3497 1242 3552 nutriatur
1286 3497 1554 3553 doctrinae
1592 3504 1649 3553 et
1691 3498 1879 3569 gratia
1961 3491 2183 3546 Christo
2210 3491 2577 3544 adveniente:
2615 3490 2885 3561 quoniam
2911 3491 3102 3545 omnia
3144 3493 3383 3563 mystica
3414 3492 3565 3548 Scri-

274 3581 459 3637 saucti
475 3581 852 3653 Spiritus,cito
869 3583 1093 3649 arescit;
1112 3590 1168 3638 et
1188 3584 1381 3655 lingua
1399 3585 1651 3639 adhaeret
1668 3586 1873 3656 palato,
1960 3588 2056 3654 ptu
2066 3597 2252 3634 rarum
2276 3585 2646 3642 sacramenta,
2670 3585 2838 3650 atque
2854 3580 3348 3649 signiﬁcandarum
3371 3598 3564 3637 rerum
3580 3651 3584 3661 1

272 3687 351 3726 ne
398 3670 575 3742 possit
616 3671 864 3742 proferre
905 3672 1311 3727 confessionem
1368 3674 1586 3738 salutis,
1634 3674 1878 3745 gratiam
1960 3669 2316 3736 instituta,in
2339 3668 2542 3740 quibus
2568 3668 2937 3722 vescebantur
2969 3673 3205 3733 '49]
3225 3669 3552 3739 voluptuose

274 3760 460 3835 sancti
492 3760 736 3831 Spiritus
790 3760 851 3815 in
908 3767 1121 3832 septem
1179 3762 1377 3817 dividit
1422 3762 1605 3821 donis.
1646 3781 1754 3834 qua
1793 3769 1879 3818 tot
1960 3760 2157 3814 Patres
2188 3765 2244 3812 et
2271 3757 2622 3830 patriarchae.
2657 3756 2995 3811 interierunt
3028 3757 3133 3827 ipsi
3187 3757 3245 3810 in
3293 3757 3396 3811 viis
3439 3757 3558 3825 Dei,

272 3847 485 3903 habeat
530 3848 696 3903 ﬁlios.
739 3849 844 3913 Qui
888 3849 1027 3904 bene
1066 3850 1438 3920 designantur
1492 3869 1615 3905 cum
1673 3852 1880 3907 dicitur
1962 3849 2056 3920 qui
2094 3849 2271 3902 Deum
2317 3852 2373 3901 et
2421 3846 2722 3900 Dominum
2754 3861 2863 3899 non
2894 3845 3284 3917 suscipientes,
3317 3862 3560 3917 negave-

276 3938 431 4008 quod
474 3936 578 3991 Job
631 3943 847 4010 septem
879 3938 1143 3993 habuerit
1171 3939 1315 3994 ﬁlios
1344 3947 1399 3995 et
1440 3946 1556 3995 tres
1588 3941 1731 3995 ﬁlias
1764 3957 1776 3992 :
1808 3943 1878 3996 Et
1960 3942 2096 3992 runt
2125 3954 2246 3991 esse
2271 3952 2460 3990 verum
2488 3935 2688 3989 Filium
2728 3934 2850 3998 Dei;
2898 3934 3033 4005 quia
3073 3936 3187 4006 ipse
3216 3934 3558 4007 principium

270 4027 301 4082 ί
316 4032 319 4035 ’
336 4031 457 4090 ant,
490 4026 675 4098 inquit
698 4027 1007 4099 Scriptura,
1031 4031 1141 4096 ﬁlii
1160 4035 1292 4097 ejus,
1316 4035 1363 4083 et
1392 4031 1669 4097 faciebant
1697 4033 1878 4084 conri-
1961 4026 2211 4082 omnium
2235 4027 2447 4079 viarum
2470 4033 2556 4079 est
2579 4043 2590 4088 ;
2627 4031 2683 4077 et
2712 4023 2837 4076 ideo
2858 4022 2979 4077 sine
3002 4023 3122 4094 ipso
3142 4024 3479 4078 interierunt
3498 4024 3557 4080 in

273 4118 437 4170 vium
453 4131 553 4185 per
572 4117 776 4177 domos,
795 4120 1176 4187 unusquisque
1196 4120 1258 4171 in
1275 4120 1361 4171 die
1375 4135 1473 4172 suo
1489 4120 1716 4187 (Juba).
1748 4119 1877 4174 Filii
1959 4116 2063 4170 viis
2094 4116 2308 4171 saeculi.
2348 4115 2508 4169 Unde
2537 4113 2794 4183 sequitur
2823 4130 2833 4165 :
2869 4113 2889 4182 [
2919 4112 3024 4176 Qui
3061 4112 3454 4167 nutriebantur
3494 4114 3554 4169 in

274 4219 380 4274 per
408 4202 608 4257 domos
645 4202 954 4259 convivium
978 4205 1357 4263 faciunt.dum
1390 4206 1623 4261 virtutes
1644 4207 1877 4279 singulae
1960 4205 2168 4258 croceis
2206 4202 2507 4275 amplexati
2541 4208 2674 4256 sunt
2699 4201 2993 4273 stercora.]
3025 4202 3301 4266 Quoniam
3330 4218 3561 4258 croceus

272 4308 378 4365 per
394 4299 609 4364 septem
624 4293 773 4348 dona
787 4294 964 4349 sancti
987 4294 1225 4367 Spiritus
1241 4295 1632 4367 deitate,juxta
1648 4298 1875 4351 modum
1961 4294 2130 4358 color,
2164 4293 2362 4364 igneus
2384 4309 2504 4346 esse
2525 4290 2941 4362 comprobatur.
2978 4291 3099 4355 Quo
3124 4292 3373 4363 profecto
3402 4292 3553 4363 igne,

272 4381 568 4453 prOprium
616 4381 674 4436 in
704 4399 815 4454 qua
861 4390 1010 4447 sunt,
1065 4392 1309 4438 mentem
1351 4390 1604 4456 pascunt.
1632 4385 1791 4440 Unde
1819 4384 2311 4456 etnﬂammantia
2331 4383 2499 4436 corda
2529 4380 2867 4443 efﬁciuntur,
2887 4380 3021 4434 dum
3048 4381 3210 4435 donis
3230 4381 3407 4436 sancti
3432 4382 3560 4452 Spi-

273 4469 420 4525 bene
449 4470 672 4537 dicitur,
730 4475 1116 4544 unusquisque
1164 4472 1221 4527 in
1255 4473 1345 4527 die
1385 4490 1505 4528 suo.
1549 4473 1680 4529 Dies
1723 4469 2102 4529 enim"ritus
2130 4472 2449 4543 replentur;
2497 4470 2556 4524 in
2589 4470 2795 4541 quibus
2827 4486 2961 4524 sane
2989 4470 3167 4525 sancti
3210 4470 3401 4525 Patres
3440 4486 3559 4526 cro-

271 4559 721 4631 uniuscujusque
778 4560 896 4623 ﬁlii,
929 4569 1016 4616 est
1063 4561 1401 4617 illuminatio
1435 4562 1875 4636 uniuscujusque
1957 4563 2070 4616 ceis
2115 4562 2347 4617 enutriti
2387 4561 2697 4631 gratiarum
2726 4559 3112 4623 sacramentis,
3148 4559 3324 4613 Judaei
3355 4558 3556 4631 perﬁdi

272 4646 520 4701 virtutis.
554 4647 787 4719 Singula
817 4650 965 4704 enim
1006 4651 1153 4706 dona
1207 4651 1459 4723 singulos
1500 4652 1707 4707 habent
1756 4653 1875 4707 dies
1958 4651 2299 4721 abnegantes
2324 4650 2617 4704 Dominum
2649 4648 2952 4719 amplexati
2968 4654 3101 4701 sunt
3119 4655 3386 4702 stercora.
3419 4649 3560 4713 Quasr

271 4751 429 4801 suos,
463 4736 597 4807 quia
626 4753 736 4791 non
768 4744 853 4792 est
877 4739 981 4793 hoc
1007 4755 1204 4810 sapere
1250 4741 1398 4812 quod
1437 4748 1680 4809 I493
1708 4743 1877 4797 intel-
1960 4741 2227 4794 nimirum
2261 4749 2506 4794 stercora
2527 4738 2733 4792 Paulus
2762 4737 3062 4808 abjecerat,
3095 4753 3221 4791 cum
3244 4736 3466 4794 dicebat
3487 4739 3557 4794 de

270 4825 450 4897 ligere
484 4844 497 4878 :
532 4826 665 4898 quia
712 4826 874 4881 multi
928 4828 1154 4899 quidem
1210 4836 1423 4885 aeterna
1478 4832 1727 4903 sapiunt,
1778 4832 1877 4887 sed
1961 4828 2229 4885 Christo:
2270 4832 2489 4897 Propter
2511 4843 2669 4897 quem
2694 4829 2904 4891 omnia,
2928 4825 3131 4898 inquit,
3154 4828 3553 4883 detrimentum

270 4915 591 4987 intelligere
637 4932 992 4988 nequaquam
1028 4924 1278 4989 possunt.
1313 4919 1600 4991 Sapientia
1647 4938 1779 4992 ergo
1819 4921 1876 4976 in
1959 4920 2085 4987 feci,
2102 4920 2420 4972 etarbitror
2440 4921 2502 4971 ut
2523 4921 2784 4979 stercora,
2807 4915 3018 4969 scilicet
3042 4916 3236 4970 omnia
3265 4916 3405 4988 legis
3435 4933 3559 4988 quae

272 5002 368 5058 die
389 5020 495 5059 suo
512 5005 825 5060 convivium
850 5005 998 5067 facit.
1020 5008 1154 5078 quia
1183 5014 1427 5063 mentem
1450 5010 1519 5063 de
1537 5018 1875 5066 aeternorum
1960 5008 2266 5063 secundum
2322 5006 2566 5061 litteram
2617 5005 2772 5077 prius
2822 5004 2974 5060 velut
3017 5011 3266 5060 stercora
3310 5007 3480 5060 etiam
3520 5021 3555 5060 a

274 5110 379 5166 spe
417 5100 471 5148 et
514 5094 851 5150 certitudine
896 5096 1095 5151 reﬁcit.
1133 5098 1401 5166 (Gregor.)
1439 5099 1544 5154 Sed
1574 5106 1769 5154 nostra
1807 5118 1877 5156 ne
1957 5097 2172 5153 cunctis
2219 5095 2508 5151 catholicis
2548 5095 2894 5166 deputantur
2932 5100 2994 5149 ut
3023 5095 3303 5151 Christum
3332 5094 3553 5149 lucrifa-

270 5184 608 5256 protrahere
625 5183 1117 5250 videamur,sancti
1140 5185 1383 5243 doctoris
1410 5188 1575 5242 verba
1594 5188 1871 5259 Gregorii,
1959 5188 2138 5253 ciant;
2172 5192 2219 5241 et
2247 5185 2605 5241 inveniantur
2631 5189 2693 5239 in
2723 5186 2840 5248 illo,
2866 5200 2980 5240 non
3022 5184 3292 5239 habentes
3315 5199 3438 5237 eam
3457 5186 3555 5252 ju-

272 5287 343 5327 οι
371 5271 594 5343 integro
627 5272 934 5344 praelibata.
961 5291 1233 5346 ponamus
1285 5276 1626 5333 Intellectus.
1667 5278 1871 5348 inquit,
1957 5280 2194 5341 stitiam,
2233 5292 2351 5345 quae
2388 5292 2452 5329 ea:
2483 5279 2591 5343 lege
2628 5279 2722 5338 est,
2754 5273 2850 5328 sed
2885 5291 3004 5343 qua
3046 5290 3113 5328 ex
3157 5273 3260 5340 ﬁde
3308 5277 3384 5327 est
3422 5274 3552 5328 Iesu

269 5360 330 5415 in
351 5360 444 5415 die
466 5361 890 5417 suoconvivium
911 5369 1101 5435 parat;
1136 5364 1230 5418 sed
1250 5365 1367 5420 haec
1395 5383 1562 5437 agere
1593 5367 1868 5435 nesciunt;
1958 5365 2168 5420 Christi
2199 5365 2420 5435 (Philip.
2452 5367 2634 5427 cxvu).
2662 5363 2843 5430 Quam
2874 5378 3009 5417 sane
3024 5360 3304 5433 justitiam
3327 5367 3384 5416 et
3412 5361 3553 5433 legis

268 5449 380 5504 nisi
412 5450 508 5521 qui
538 5449 905 5522 cogitationes
934 5458 1232 5524 antequam
1276 5454 1344 5509 ad
1394 5470 1533 5526 opus
1575 5456 1871 5527 prodeunt,
1958 5454 2202 5509 litteram
2249 5454 2446 5527 perﬁdi
2476 5453 2658 5508 Judaei
2689 5451 2840 5507 velut
2867 5457 3119 5507 stercora
3145 5451 3550 5523 ampletant‘es,

269 5538 530 5617 internos
568 5556 702 5620 suos
736 5544 921 5597 motus
946 5542 1182 5621 sollicite
1218 5542 1730 5616 circumspicientes
1759 5546 1870 5601 fre-
1949 5547 2235 5617 justitiam
2278 5563 2401 5619 quae
2430 5545 2488 5600 in
2515 5544 2738 5601 Christo
2778 5550 2879 5609 est,
2914 5542 3113 5599 nolunt
3142 5543 3406 5624 recipere.
3440 5536 3552 5599 Sed

274 5644 439 5698 nam,
468 5634 641 5703 atque
666 5624 1027 5705 persuasibus
1047 5626 1432 5691 doctrinarum
1452 5630 1651 5693 et‘ﬁde‘
1662 5628 1873 5694 Christi
1955 5641 2012 5694 et
2031 5632 2319 5694 obsidione
2344 5640 2514 5710 quam
2547 5638 2694 5707 sape
2712 5623 3085 5706 summa;
3100 5630 3272 5692 suam
3298 5623 3549 5692 stercori
