  <div class='ocr_page' id='page_1' title='image "/cluster/home/n/w/nwhite01/storage/ocr_20150623/120/hvd.32044054759824/611.png"; bbox 0 0 3960 6168; ppageno 0'>
   <div class='ocr_carea' id='block_1_1' title="bbox 448 240 579 305">
    <p class='ocr_par' dir='ltr' id='par_1_1' title="bbox 448 240 579 305">
     <span class='ocr_line' id='line_1_1' title="bbox 448 240 579 305; baseline -0.023 -2"><span class='ocrx_word' id='word_1_1' title='bbox 448 240 579 305; x_wconf 76' lang='grc'><strong>1211</strong></span> 
     </span>
    </p>
   </div>
   <div class='ocr_carea' id='block_1_2' title="bbox 1213 242 2961 301">
    <p class='ocr_par' dir='ltr' id='par_1_2' title="bbox 1213 242 2961 301">
     <span class='ocr_line' id='line_1_2' title="bbox 1213 242 2961 301; baseline 0.001 -2"><span class='ocrx_word' id='word_1_2' title='bbox 1213 242 1269 299; x_wconf 89' lang='lat' dir='ltr'><strong>S.</strong></span> <span class='ocrx_word' id='word_1_3' title='bbox 1311 243 1688 300; x_wconf 75' lang='lat' dir='ltr'><strong>PASGHASII</strong></span> <span class='ocrx_word' id='word_1_4' title='bbox 1730 244 2089 301; x_wconf 78' lang='lat' dir='ltr'><strong>RADBERTI</strong></span> <span class='ocrx_word' id='word_1_5' title='bbox 2129 242 2431 298; x_wconf 80' lang='lat' dir='ltr'><strong>ABBATIS</strong></span> <span class='ocrx_word' id='word_1_6' title='bbox 2469 242 2961 300; x_wconf 84' lang='lat' dir='ltr'><strong>CORBElENSIS.</strong></span> 
     </span>
    </p>
   </div>
   <div class='ocr_carea' id='block_1_3' title="bbox 3551 244 3665 304">
    <p class='ocr_par' dir='ltr' id='par_1_3' title="bbox 3551 244 3665 304">
     <span class='ocr_line' id='line_1_3' title="bbox 3551 244 3665 304; baseline -0.018 -1"><span class='ocrx_word' id='word_1_7' title='bbox 3551 244 3665 304; x_wconf 68' lang='grc'><strong>121⁸2</strong></span> 
     </span>
    </p>
   </div>
   <div class='ocr_carea' id='block_1_4' title="bbox 451 367 3663 445">
    <p class='ocr_par' dir='ltr' id='par_1_4' title="bbox 451 367 3663 445">
     <span class='ocr_line' id='line_1_4' title="bbox 451 367 3663 445; baseline -0 -19"><span class='ocrx_word' id='word_1_8' title='bbox 451 388 555 445; x_wconf 92' lang='lat' dir='ltr'><strong>pro</strong></span> <span class='ocrx_word' id='word_1_9' title='bbox 576 369 699 425; x_wconf 93' lang='lat' dir='ltr'><strong>cibo</strong></span> <span class='ocrx_word' id='word_1_10' title='bbox 724 372 1029 434; x_wconf 87' lang='lat' dir='ltr'><strong>sumentes,</strong></span> <span class='ocrx_word' id='word_1_11' title='bbox 1062 369 1147 424; x_wconf 86' lang='lat' dir='ltr'><strong>uti</strong></span> <span class='ocrx_word' id='word_1_12' title='bbox 1178 373 1235 425; x_wconf 90' lang='lat' dir='ltr'><strong>et</strong></span> <span class='ocrx_word' id='word_1_13' title='bbox 1255 369 1314 424; x_wconf 92' lang='lat' dir='ltr'><strong>in</strong></span> <span class='ocrx_word' id='word_1_14' title='bbox 1343 369 1557 440; x_wconf 82' lang='lat' dir='ltr'><strong>Regum</strong></span> <span class='ocrx_word' id='word_1_15' title='bbox 1585 369 1689 439; x_wconf 86' lang='lat' dir='ltr'><strong>(1V</strong></span> <span class='ocrx_word' id='word_1_16' title='bbox 1712 372 1835 440; x_wconf 82' lang='lat' dir='ltr'><strong>Reg.</strong></span> <span class='ocrx_word' id='word_1_17' title='bbox 1854 374 1931 437; x_wconf 81' lang='lat' dir='ltr'><strong>v1)</strong></span> <span class='ocrx_word' id='word_1_18' title='bbox 1961 369 2296 432; x_wconf 82' lang='lat' dir='ltr'><strong>le-Aniunt</strong></span> <span class='ocrx_word' id='word_1_19' title='bbox 2341 368 2399 423; x_wconf 90' lang='lat' dir='ltr'><strong>in</strong></span> <span class='ocrx_word' id='word_1_20' title='bbox 2441 367 2678 424; x_wconf 81' lang='lat' dir='ltr'><strong>fetorem</strong></span> <span class='ocrx_word' id='word_1_21' title='bbox 2734 386 2920 441; x_wconf 72' lang='lat' dir='ltr'><strong>pravae</strong></span> <span class='ocrx_word' id='word_1_22' title='bbox 2975 370 3322 427; x_wconf 83' lang='lat' dir='ltr'><strong>intentionis.</strong></span> <span class='ocrx_word' id='word_1_23' title='bbox 3376 371 3605 444; x_wconf 77' lang='lat' dir='ltr'><strong>Sequitur</strong></span> <span class='ocrx_word' id='word_1_24' title='bbox 3655 391 3663 425; x_wconf 93' lang='lat'><strong>:</strong></span> 
     </span>
    </p>
   </div>
   <div class='ocr_carea' id='block_1_5' title="bbox 449 458 2046 533">
    <p class='ocr_par' dir='ltr' id='par_1_5' title="bbox 449 458 2046 533">
     <span class='ocr_line' id='line_1_5' title="bbox 449 458 2046 533; baseline -0.001 -18"><span class='ocrx_word' id='word_1_25' title='bbox 449 462 655 533; x_wconf 88' lang='lat' dir='ltr'><strong>gimus,</strong></span> <span class='ocrx_word' id='word_1_26' title='bbox 704 459 853 531; x_wconf 89' lang='lat' dir='ltr'><strong>quod</strong></span> <span class='ocrx_word' id='word_1_27' title='bbox 901 458 1282 514; x_wconf 88' lang='lat' dir='ltr'><strong>columbinum</strong></span> <span class='ocrx_word' id='word_1_28' title='bbox 1313 463 1528 513; x_wconf 84' lang='lat' dir='ltr'><strong>stercus</strong></span> <span class='ocrx_word' id='word_1_29' title='bbox 1557 459 1735 530; x_wconf 90' lang='lat' dir='ltr'><strong>pretio</strong></span> <span class='ocrx_word' id='word_1_30' title='bbox 1764 459 2046 515; x_wconf 86' lang='lat' dir='ltr'><strong>distrahe-</strong></span> 
     </span>
    </p>
   </div>
   <div class='ocr_carea' id='block_1_6' title="bbox 448 549 2043 617">
    <p class='ocr_par' dir='ltr' id='par_1_6' title="bbox 448 549 2043 617">
     <span class='ocr_line' id='line_1_6' title="bbox 448 549 2043 617; baseline 0 -12"><span class='ocrx_word' id='word_1_31' title='bbox 448 550 647 617; x_wconf 85' lang='lat' dir='ltr'><strong>batur;</strong></span> <span class='ocrx_word' id='word_1_32' title='bbox 699 566 801 603; x_wconf 91' lang='lat' dir='ltr'><strong>nec</strong></span> <span class='ocrx_word' id='word_1_33' title='bbox 853 549 899 603; x_wconf 89' lang='lat' dir='ltr'><strong>si</strong></span> <span class='ocrx_word' id='word_1_34' title='bbox 939 554 1131 602; x_wconf 86' lang='lat' dir='ltr'><strong>tamen</strong></span> <span class='ocrx_word' id='word_1_35' title='bbox 1178 549 1235 602; x_wconf 93' lang='lat' dir='ltr'><strong>in</strong></span> <span class='ocrx_word' id='word_1_36' title='bbox 1267 554 1384 603; x_wconf 88' lang='lat' dir='ltr'><strong>toto</strong></span> <span class='ocrx_word' id='word_1_37' title='bbox 1413 549 1579 602; x_wconf 85' lang='lat' dir='ltr'><strong>corde</strong></span> <span class='ocrx_word' id='word_1_38' title='bbox 1608 549 1679 602; x_wconf 90' lang='lat' dir='ltr'><strong>ad</strong></span> <span class='ocrx_word' id='word_1_39' title='bbox 1709 551 1887 605; x_wconf 89' lang='lat' dir='ltr'><strong>Deum</strong></span> <span class='ocrx_word' id='word_1_40' title='bbox 1916 567 2043 604; x_wconf 88' lang='lat' dir='ltr'><strong>con-</strong></span> 
     </span>
    </p>
   </div>
   <div class='ocr_carea' id='block_1_7' title="bbox 450 636 2011 712">
    <p class='ocr_par' dir='ltr' id='par_1_7' title="bbox 450 636 2011 712">
     <span class='ocr_line' id='line_1_7' title="bbox 450 636 2011 712; baseline 0.001 -20"><span class='ocrx_word' id='word_1_41' title='bbox 450 638 593 693; x_wconf 80' lang='lat' dir='ltr'>verti</span> <span class='ocrx_word' id='word_1_42' title='bbox 622 639 961 692; x_wconf 87' lang='lat' dir='ltr'><strong>maluerunt.</strong></span> <span class='ocrx_word' id='word_1_43' title='bbox 996 637 1103 691; x_wconf 87' lang='lat' dir='ltr'><strong>Sed</strong></span> <span class='ocrx_word' id='word_1_44' title='bbox 1127 641 1183 690; x_wconf 92' lang='lat' dir='ltr'><strong>et</strong></span> <span class='ocrx_word' id='word_1_45' title='bbox 1212 636 1420 691; x_wconf 82' lang='lat' dir='ltr'><strong>Christi</strong></span> <span class='ocrx_word' id='word_1_46' title='bbox 1454 637 1695 692; x_wconf 87' lang='lat' dir='ltr'><strong>Ecclesia</strong></span> <span class='ocrx_word' id='word_1_47' title='bbox 1731 640 1895 710; x_wconf 85' lang='lat' dir='ltr'><strong>juxta</strong></span> <span class='ocrx_word' id='word_1_48' title='bbox 1919 658 2011 712; x_wconf 85' lang='lat' dir='ltr'><strong>my</strong></span> 
     </span>
    </p>
   </div>
   <div class='ocr_carea' id='block_1_8' title="bbox 449 726 2043 801">
    <p class='ocr_par' dir='ltr' id='par_1_8' title="bbox 449 726 2043 801">
     <span class='ocr_line' id='line_1_8' title="bbox 449 726 2043 801; baseline 0.002 -19"><span class='ocrx_word' id='word_1_49' title='bbox 449 728 619 782; x_wconf 91' lang='lat' dir='ltr'><strong>sticos</strong></span> <span class='ocrx_word' id='word_1_50' title='bbox 662 726 997 791; x_wconf 86' lang='lat' dir='ltr'><strong>intellectus,</strong></span> <span class='ocrx_word' id='word_1_51' title='bbox 1030 742 1161 780; x_wconf 93' lang='lat' dir='ltr'><strong>suos</strong></span> <span class='ocrx_word' id='word_1_52' title='bbox 1210 726 1467 797; x_wconf 84' lang='lat' dir='ltr'><strong>deplorat</strong></span> <span class='ocrx_word' id='word_1_53' title='bbox 1511 728 1914 799; x_wconf 89' lang='lat' dir='ltr'><strong>relinquentes,</strong></span> <span class='ocrx_word' id='word_1_54' title='bbox 1947 730 2043 801; x_wconf 91' lang='lat' dir='ltr'><strong>qui</strong></span> 
     </span>
    </p>
   </div>
   <div class='ocr_carea' id='block_1_9' title="bbox 450 815 2045 891">
    <p class='ocr_par' dir='ltr' id='par_1_9' title="bbox 450 815 2045 891">
     <span class='ocr_line' id='line_1_9' title="bbox 450 815 2045 891; baseline 0.002 -20"><span class='ocrx_word' id='word_1_55' title='bbox 450 816 783 872; x_wconf 89' lang='lat' dir='ltr'><strong>charitatem</strong></span> <span class='ocrx_word' id='word_1_56' title='bbox 814 821 1156 886; x_wconf 56' lang='lat' dir='ltr'><strong>craterasque</strong></span> <span class='ocrx_word' id='word_1_57' title='bbox 1200 815 1453 884; x_wconf 84' lang='lat' dir='ltr'><strong>virtutes,</strong></span> <span class='ocrx_word' id='word_1_58' title='bbox 1495 816 1553 871; x_wconf 92' lang='lat' dir='ltr'><strong>in</strong></span> <span class='ocrx_word' id='word_1_59' title='bbox 1584 818 1785 890; x_wconf 90' lang='lat' dir='ltr'><strong>quibus</strong></span> <span class='ocrx_word' id='word_1_60' title='bbox 1813 825 2045 891; x_wconf 85' lang='lat' dir='ltr'><strong>propter</strong></span> 
     </span>
    </p>
   </div>
   <div class='ocr_carea' id='block_1_10' title="bbox 449 904 2043 977">
    <p class='ocr_par' dir='ltr' id='par_1_10' title="bbox 449 904 2043 977">
     <span class='ocr_line' id='line_1_10' title="bbox 449 904 2043 977; baseline 0.003 -17"><span class='ocrx_word' id='word_1_61' title='bbox 449 906 691 961; x_wconf 89' lang='lat' dir='ltr'><strong>nitorem</strong></span> <span class='ocrx_word' id='word_1_62' title='bbox 725 904 922 975; x_wconf 66' lang='lat' dir='ltr'><strong>gratiae</strong></span> <span class='ocrx_word' id='word_1_63' title='bbox 961 904 1123 975; x_wconf 87' lang='lat' dir='ltr'><strong>quasi</strong></span> <span class='ocrx_word' id='word_1_64' title='bbox 1150 905 1479 977; x_wconf 85' lang='lat' dir='ltr'><strong>voluptuose</strong></span> <span class='ocrx_word' id='word_1_65' title='bbox 1499 906 1557 961; x_wconf 90' lang='lat' dir='ltr'><strong>in</strong></span> <span class='ocrx_word' id='word_1_66' title='bbox 1584 907 1790 962; x_wconf 85' lang='lat' dir='ltr'><strong>croceis</strong></span> <span class='ocrx_word' id='word_1_67' title='bbox 1826 910 2043 964; x_wconf 88' lang='lat' dir='ltr'><strong>nutrie-</strong></span> 
     </span>
    </p>
   </div>
   <div class='ocr_carea' id='block_1_11' title="bbox 448 994 2044 1062">
    <p class='ocr_par' dir='ltr' id='par_1_11' title="bbox 448 994 2044 1062">
     <span class='ocr_line' id='line_1_11' title="bbox 448 994 2044 1062; baseline 0.003 -13"><span class='ocrx_word' id='word_1_68' title='bbox 448 994 675 1060; x_wconf 89' lang='lat' dir='ltr'><strong>bantur,</strong></span> <span class='ocrx_word' id='word_1_69' title='bbox 735 994 964 1048; x_wconf 90' lang='lat' dir='ltr'><strong>demum</strong></span> <span class='ocrx_word' id='word_1_70' title='bbox 1012 1001 1360 1062; x_wconf 90' lang='lat' dir='ltr'><strong>corruentes,</strong></span> <span class='ocrx_word' id='word_1_71' title='bbox 1416 1001 1666 1051; x_wconf 81' lang='lat' dir='ltr'><strong>stercora</strong></span> <span class='ocrx_word' id='word_1_72' title='bbox 1710 997 2044 1054; x_wconf 88' lang='lat' dir='ltr'><strong>dilectorum</strong></span> 
     </span>
    </p>
   </div>
   <div class='ocr_carea' id='block_1_12' title="bbox 448 1084 2040 1159">
    <p class='ocr_par' dir='ltr' id='par_1_12' title="bbox 448 1084 2040 1159">
     <span class='ocr_line' id='line_1_12' title="bbox 448 1084 2040 1159; baseline 0.003 -20"><span class='ocrx_word' id='word_1_73' title='bbox 448 1084 858 1155; x_wconf 82' lang='lat' dir='ltr'><strong>amplexantur.</strong></span> <span class='ocrx_word' id='word_1_74' title='bbox 889 1084 1040 1148; x_wconf 87' lang='lat' dir='ltr'><strong>Quos</strong></span> <span class='ocrx_word' id='word_1_75' title='bbox 1068 1084 1211 1140; x_wconf 85' lang='lat' dir='ltr'><strong>bene</strong></span> <span class='ocrx_word' id='word_1_76' title='bbox 1238 1085 1373 1140; x_wconf 86' lang='lat' dir='ltr'>alibi</span> <span class='ocrx_word' id='word_1_77' title='bbox 1413 1087 1695 1158; x_wconf 86' lang='lat' dir='ltr'><strong>Propheta</strong></span> <span class='ocrx_word' id='word_1_78' title='bbox 1722 1087 2040 1159; x_wconf 83' lang='lat' dir='ltr'><strong>plangebat,</strong></span> 
     </span>
    </p>
   </div>
   <div class='ocr_carea' id='block_1_13' title="bbox 447 1173 2039 1245">
    <p class='ocr_par' dir='ltr' id='par_1_13' title="bbox 447 1173 2039 1245">
     <span class='ocr_line' id='line_1_13' title="bbox 447 1173 2039 1245; baseline 0.004 -18"><span class='ocrx_word' id='word_1_79' title='bbox 447 1173 667 1228; x_wconf 88' lang='lat' dir='ltr'><strong>dicens:</strong></span> <span class='ocrx_word' id='word_1_80' title='bbox 693 1173 1438 1244; x_wconf 77' lang='lat' dir='ltr'><strong>Computrueruntjumenta</strong></span> <span class='ocrx_word' id='word_1_81' title='bbox 1456 1179 1519 1230; x_wconf 83' lang='lat' dir='ltr'><strong>in</strong></span> <span class='ocrx_word' id='word_1_82' title='bbox 1536 1182 1768 1231; x_wconf 81' lang='lat' dir='ltr'><strong>stercore</strong></span> <span class='ocrx_word' id='word_1_83' title='bbox 1788 1180 2039 1245; x_wconf 77' lang='lat' dir='ltr'><strong>suo(Joel,</strong></span> 
     </span>
    </p>
   </div>
   <div class='ocr_carea' id='block_1_14' title="bbox 447 1263 2040 1336">
    <p class='ocr_par' dir='ltr' id='par_1_14' title="bbox 447 1263 2040 1336">
     <span class='ocr_line' id='line_1_14' title="bbox 447 1263 2040 1336; baseline 0.002 -17"><span class='ocrx_word' id='word_1_84' title='bbox 447 1263 993 1336; x_wconf 79' lang='lat' dir='ltr'><strong>1).Computrescere</strong></span> <span class='ocrx_word' id='word_1_85' title='bbox 1041 1264 1247 1336; x_wconf 89' lang='lat' dir='ltr'><strong>quippe</strong></span> <span class='ocrx_word' id='word_1_86' title='bbox 1275 1265 1538 1335; x_wconf 90' lang='lat' dir='ltr'><strong>jumenta</strong></span> <span class='ocrx_word' id='word_1_87' title='bbox 1560 1265 1617 1319; x_wconf 93' lang='lat' dir='ltr'><strong>in</strong></span> <span class='ocrx_word' id='word_1_88' title='bbox 1648 1271 1893 1321; x_wconf 86' lang='lat' dir='ltr'><strong>stercore</strong></span> <span class='ocrx_word' id='word_1_89' title='bbox 1919 1284 2040 1335; x_wconf 90' lang='lat' dir='ltr'><strong>suo,</strong></span> 
     </span>
    </p>
   </div>
   <div class='ocr_carea' id='block_1_15' title="bbox 450 1353 2044 1424">
    <p class='ocr_par' dir='ltr' id='par_1_15' title="bbox 450 1353 2044 1424">
     <span class='ocr_line' id='line_1_15' title="bbox 450 1353 2044 1424; baseline 0.002 -15"><span class='ocrx_word' id='word_1_90' title='bbox 450 1358 538 1409; x_wconf 87' lang='lat' dir='ltr'><strong>est</strong></span> <span class='ocrx_word' id='word_1_91' title='bbox 590 1353 841 1408; x_wconf 87' lang='lat' dir='ltr'><strong>carnales</strong></span> <span class='ocrx_word' id='word_1_92' title='bbox 887 1369 1138 1424; x_wconf 91' lang='lat' dir='ltr'><strong>quosque</strong></span> <span class='ocrx_word' id='word_1_93' title='bbox 1176 1353 1235 1407; x_wconf 91' lang='lat' dir='ltr'><strong>in</strong></span> <span class='ocrx_word' id='word_1_94' title='bbox 1293 1353 1471 1408; x_wconf 89' lang='lat' dir='ltr'><strong>fetore</strong></span> <span class='ocrx_word' id='word_1_95' title='bbox 1526 1354 1759 1410; x_wconf 83' lang='lat' dir='ltr'><strong>luxuriae</strong></span> <span class='ocrx_word' id='word_1_96' title='bbox 1805 1373 1919 1411; x_wconf 70' lang='lat' dir='ltr'><strong>suae</strong></span> <span class='ocrx_word' id='word_1_97' title='bbox 1948 1374 2044 1412; x_wconf 72' lang='lat' dir='ltr'><strong>sae-</strong></span> 
     </span>
    </p>
   </div>
   <div class='ocr_carea' id='block_1_16' title="bbox 450 1440 2042 1514">
    <p class='ocr_par' dir='ltr' id='par_1_16' title="bbox 450 1440 2042 1514">
     <span class='ocr_line' id='line_1_16' title="bbox 450 1440 2042 1514; baseline 0.004 -17"><span class='ocrx_word' id='word_1_98' title='bbox 450 1442 697 1497; x_wconf 89' lang='lat' dir='ltr'><strong>cundum</strong></span> <span class='ocrx_word' id='word_1_99' title='bbox 718 1440 997 1496; x_wconf 88' lang='lat' dir='ltr'><strong>desideria</strong></span> <span class='ocrx_word' id='word_1_100' title='bbox 1023 1441 1205 1496; x_wconf 89' lang='lat' dir='ltr'><strong>cordis</strong></span> <span class='ocrx_word' id='word_1_101' title='bbox 1235 1458 1450 1509; x_wconf 91' lang='lat' dir='ltr'><strong>eorum,</strong></span> <span class='ocrx_word' id='word_1_102' title='bbox 1486 1443 1715 1514; x_wconf 88' lang='lat' dir='ltr'><strong>ﬂagitiis</strong></span> <span class='ocrx_word' id='word_1_103' title='bbox 1743 1444 2042 1504; x_wconf 84' lang='lat' dir='ltr'><strong>deservire.</strong></span> 
     </span>
    </p>
   </div>
   <div class='ocr_carea' id='block_1_17' title="bbox 2859 530 2992 569">
    <p class='ocr_par' dir='ltr' id='par_1_17' title="bbox 2859 530 2992 569">
     <span class='ocr_line' id='line_1_17' title="bbox 2859 530 2992 569; baseline 0.015 -2"><span class='ocrx_word' id='word_1_104' title='bbox 2859 530 2992 569; x_wconf 71' lang='grc' dir='ltr'><strong>νΑσ.</strong></span> 
     </span>
    </p>
   </div>
   <div class='ocr_carea' id='block_1_18' title="bbox 2196 639 3675 714">
    <p class='ocr_par' dir='ltr' id='par_1_18' title="bbox 2196 639 3675 714">
     <span class='ocr_line' id='line_1_18' title="bbox 2196 639 3675 714; baseline -0.001 -22"><span class='ocrx_word' id='word_1_105' title='bbox 2196 639 2264 692; x_wconf 87' lang='lat' dir='ltr'><strong>Et</strong></span> <span class='ocrx_word' id='word_1_106' title='bbox 2285 641 2468 707; x_wconf 84' lang='lat' dir='ltr'><strong>major</strong></span> <span class='ocrx_word' id='word_1_107' title='bbox 2494 640 2677 705; x_wconf 71' lang='lat' dir='ltr'><strong>effecta</strong></span> <span class='ocrx_word' id='word_1_108' title='bbox 2704 644 2778 693; x_wconf 75' lang='lat' dir='ltr'><strong>est</strong></span> <span class='ocrx_word' id='word_1_109' title='bbox 2802 641 3076 710; x_wconf 71' lang='lat' dir='ltr'><strong>iniquitas</strong></span> <span class='ocrx_word' id='word_1_110' title='bbox 3095 646 3228 711; x_wconf 70' lang='lat' dir='ltr'><strong>ﬁlia:</strong></span> <span class='ocrx_word' id='word_1_111' title='bbox 3243 644 3428 714; x_wconf 78' lang='lat' dir='ltr'><strong>populi</strong></span> <span class='ocrx_word' id='word_1_112' title='bbox 3448 645 3557 708; x_wconf 78' lang='lat' dir='ltr'><strong>mei,</strong></span> <span class='ocrx_word' id='word_1_113' title='bbox 3584 655 3675 709; x_wconf 77' lang='lat' dir='ltr'><strong>pee-</strong></span> 
     </span>
    </p>
   </div>
   <div class='ocr_carea' id='block_1_19' title="bbox 2125 726 3676 800">
    <p class='ocr_par' dir='ltr' id='par_1_19' title="bbox 2125 726 3676 800">
     <span class='ocr_line' id='line_1_19' title="bbox 2125 726 3676 800; baseline 0.005 -19"><span class='ocrx_word' id='word_1_114' title='bbox 2125 731 2243 781; x_wconf 87' lang='lat' dir='ltr'><strong>cato</strong></span> <span class='ocrx_word' id='word_1_115' title='bbox 2263 726 2646 791; x_wconf 83' lang='lat' dir='ltr'><strong>Sodomorum,</strong></span> <span class='ocrx_word' id='word_1_116' title='bbox 2678 744 2796 797; x_wconf 66' lang='lat' dir='ltr'><strong>qua</strong></span> <span class='ocrx_word' id='word_1_117' title='bbox 2823 731 3079 785; x_wconf 78' lang='lat' dir='ltr'><strong>subversa</strong></span> <span class='ocrx_word' id='word_1_118' title='bbox 3119 737 3198 787; x_wconf 78' lang='lat' dir='ltr'><strong>est</strong></span> <span class='ocrx_word' id='word_1_119' title='bbox 3226 735 3288 786; x_wconf 86' lang='lat' dir='ltr'><strong>in</strong></span> <span class='ocrx_word' id='word_1_120' title='bbox 3317 740 3596 800; x_wconf 80' lang='lat' dir='ltr'><strong>momento;</strong></span> <span class='ocrx_word' id='word_1_121' title='bbox 3635 742 3676 789; x_wconf 75' lang='lat' dir='ltr'><strong>et</strong></span> 
     </span>
    </p>
   </div>
   <div class='ocr_carea' id='block_1_20' title="bbox 2126 820 3674 892">
    <p class='ocr_par' dir='ltr' id='par_1_20' title="bbox 2126 820 3674 892">
     <span class='ocr_line' id='line_1_20' title="bbox 2126 820 3674 892; baseline 0.006 -22"><span class='ocrx_word' id='word_1_122' title='bbox 2126 832 2239 880; x_wconf 72' lang='lat' dir='ltr'><strong>non</strong></span> <span class='ocrx_word' id='word_1_123' title='bbox 2289 821 2547 885; x_wconf 84' lang='lat' dir='ltr'><strong>ceperunt</strong></span> <span class='ocrx_word' id='word_1_124' title='bbox 2605 820 2670 871; x_wconf 86' lang='lat' dir='ltr'><strong>in</strong></span> <span class='ocrx_word' id='word_1_125' title='bbox 2709 833 2771 871; x_wconf 88' lang='lat' dir='ltr'><strong>ea</strong></span> <span class='ocrx_word' id='word_1_126' title='bbox 2820 835 3042 873; x_wconf 82' lang='lat' dir='ltr'><strong>manus.</strong></span> <span class='ocrx_word' id='word_1_127' title='bbox 3085 821 3199 875; x_wconf 92' lang='lat' dir='ltr'><strong>Per</strong></span> <span class='ocrx_word' id='word_1_128' title='bbox 3240 823 3674 892; x_wconf 78' lang='lat' dir='ltr'><strong>exaggerationem</strong></span> 
     </span>
    </p>
   </div>
   <div class='ocr_carea' id='block_1_21' title="bbox 2126 904 3677 985">
    <p class='ocr_par' dir='ltr' id='par_1_21' title="bbox 2126 904 3677 985">
     <span class='ocr_line' id='line_1_21' title="bbox 2126 904 3677 985; baseline 0.006 -27"><span class='ocrx_word' id='word_1_129' title='bbox 2126 904 2332 977; x_wconf 85' lang='lat' dir='ltr'><strong>quippe</strong></span> <span class='ocrx_word' id='word_1_130' title='bbox 2360 905 2591 976; x_wconf 88' lang='lat' dir='ltr'><strong>peccati,</strong></span> <span class='ocrx_word' id='word_1_131' title='bbox 2625 905 2892 962; x_wconf 85' lang='lat' dir='ltr'><strong>describit</strong></span> <span class='ocrx_word' id='word_1_132' title='bbox 2917 909 3250 975; x_wconf 86' lang='lat' dir='ltr'><strong>Jerusalem,</strong></span> <span class='ocrx_word' id='word_1_133' title='bbox 3280 915 3337 965; x_wconf 91' lang='lat' dir='ltr'><strong>et</strong></span> <span class='ocrx_word' id='word_1_134' title='bbox 3356 911 3513 966; x_wconf 82' lang='lat' dir='ltr'><strong>deﬂet</strong></span> <span class='ocrx_word' id='word_1_135' title='bbox 3530 912 3677 985; x_wconf 84' lang='lat' dir='ltr'><strong>Syna-</strong></span> 
     </span>
    </p>
   </div>
   <div class='ocr_carea' id='block_1_22' title="bbox 2122 997 3677 1069">
    <p class='ocr_par' dir='ltr' id='par_1_22' title="bbox 2122 997 3677 1069">
     <span class='ocr_line' id='line_1_22' title="bbox 2122 997 3677 1069; baseline 0.006 -22"><span class='ocrx_word' id='word_1_136' title='bbox 2122 1011 2280 1065; x_wconf 67' lang='lat' dir='ltr'><strong>gogm</strong></span> <span class='ocrx_word' id='word_1_137' title='bbox 2306 1010 2471 1049; x_wconf 88' lang='lat' dir='ltr'><strong>casus</strong></span> <span class='ocrx_word' id='word_1_138' title='bbox 2499 1000 2669 1067; x_wconf 87' lang='lat' dir='ltr'><strong>atque</strong></span> <span class='ocrx_word' id='word_1_139' title='bbox 2700 997 2930 1057; x_wconf 77' lang='lat' dir='ltr'><strong>scelera,</strong></span> <span class='ocrx_word' id='word_1_140' title='bbox 2960 1014 3082 1069; x_wconf 67' lang='lat' dir='ltr'><strong>quae</strong></span> <span class='ocrx_word' id='word_1_141' title='bbox 3108 1000 3231 1054; x_wconf 86' lang='lat' dir='ltr'><strong>ﬁlia</strong></span> <span class='ocrx_word' id='word_1_142' title='bbox 3259 999 3364 1054; x_wconf 89' lang='lat' dir='ltr'><strong>fuit</strong></span> <span class='ocrx_word' id='word_1_143' title='bbox 3390 1000 3677 1057; x_wconf 87' lang='lat' dir='ltr'><strong>Sanctorum</strong></span> 
     </span>
    </p>
   </div>
   <div class='ocr_carea' id='block_1_23' title="bbox 2124 1083 3678 1157">
    <p class='ocr_par' dir='ltr' id='par_1_23' title="bbox 2124 1083 3678 1157">
     <span class='ocr_line' id='line_1_23' title="bbox 2124 1083 3678 1157; baseline 0.005 -21"><span class='ocrx_word' id='word_1_144' title='bbox 2124 1083 2572 1155; x_wconf 86' lang='lat' dir='ltr'><strong>patriarcharum</strong></span> <span class='ocrx_word' id='word_1_145' title='bbox 2602 1090 2659 1138; x_wconf 91' lang='lat' dir='ltr'><strong>et</strong></span> <span class='ocrx_word' id='word_1_146' title='bbox 2685 1087 3087 1157; x_wconf 87' lang='lat' dir='ltr'><strong>prophetarum</strong></span> <span class='ocrx_word' id='word_1_147' title='bbox 3112 1129 3126 1152; x_wconf 91' lang='lat'><strong>,</strong></span> <span class='ocrx_word' id='word_1_148' title='bbox 3158 1088 3245 1143; x_wconf 87' lang='lat' dir='ltr'><strong>ita</strong></span> <span class='ocrx_word' id='word_1_149' title='bbox 3267 1094 3330 1143; x_wconf 92' lang='lat' dir='ltr'><strong>ut</strong></span> <span class='ocrx_word' id='word_1_150' title='bbox 3348 1088 3510 1143; x_wconf 83' lang='lat' dir='ltr'><strong>lsaias</strong></span> <span class='ocrx_word' id='word_1_151' title='bbox 3531 1089 3678 1145; x_wconf 78' lang='lat' dir='ltr'><strong>dicat:</strong></span> 
     </span>
    </p>
   </div>
   <div class='ocr_carea' id='block_1_24' title="bbox 2125 1173 3683 1249">
    <p class='ocr_par' dir='ltr' id='par_1_24' title="bbox 2125 1173 3683 1249">
     <span class='ocr_line' id='line_1_24' title="bbox 2125 1173 3683 1249; baseline 0.003 -21"><span class='ocrx_word' id='word_1_152' title='bbox 2125 1174 2173 1228; x_wconf 86' lang='lat' dir='ltr'><strong>A</strong></span> <span class='ocrx_word' id='word_1_153' title='bbox 2202 1173 2397 1245; x_wconf 88' lang='lat' dir='ltr'><strong>planta</strong></span> <span class='ocrx_word' id='word_1_154' title='bbox 2423 1173 2580 1245; x_wconf 91' lang='lat' dir='ltr'><strong>pedis</strong></span> <span class='ocrx_word' id='word_1_155' title='bbox 2604 1190 2783 1246; x_wconf 92' lang='lat' dir='ltr'><strong>usque</strong></span> <span class='ocrx_word' id='word_1_156' title='bbox 2804 1175 2874 1229; x_wconf 90' lang='lat' dir='ltr'><strong>ad</strong></span> <span class='ocrx_word' id='word_1_157' title='bbox 2906 1176 3173 1231; x_wconf 86' lang='lat' dir='ltr'><strong>verticem</strong></span> <span class='ocrx_word' id='word_1_158' title='bbox 3189 1177 3544 1249; x_wconf 88' lang='lat' dir='ltr'><strong>capitis,quod</strong></span> <span class='ocrx_word' id='word_1_159' title='bbox 3560 1179 3683 1233; x_wconf 85' lang='lat' dir='ltr'><strong>nulla</strong></span> 
     </span>
    </p>
   </div>
   <div class='ocr_carea' id='block_1_25' title="bbox 2127 1260 3684 1338">
    <p class='ocr_par' dir='ltr' id='par_1_25' title="bbox 2127 1260 3684 1338">
     <span class='ocr_line' id='line_1_25' title="bbox 2127 1260 3684 1338; baseline 0.003 -21"><span class='ocrx_word' id='word_1_160' title='bbox 2127 1267 2275 1317; x_wconf 89' lang='lat' dir='ltr'><strong>esset</strong></span> <span class='ocrx_word' id='word_1_161' title='bbox 2303 1260 2363 1315; x_wconf 91' lang='lat' dir='ltr'><strong>in</strong></span> <span class='ocrx_word' id='word_1_162' title='bbox 2387 1277 2453 1316; x_wconf 90' lang='lat' dir='ltr'><strong>ea</strong></span> <span class='ocrx_word' id='word_1_163' title='bbox 2483 1262 2715 1317; x_wconf 85' lang='lat' dir='ltr'><strong>sanitas.</strong></span> <span class='ocrx_word' id='word_1_164' title='bbox 2750 1264 2820 1318; x_wconf 88' lang='lat' dir='ltr'><strong>Et</strong></span> <span class='ocrx_word' id='word_1_165' title='bbox 2846 1263 2972 1319; x_wconf 93' lang='lat' dir='ltr'><strong>ideo</strong></span> <span class='ocrx_word' id='word_1_166' title='bbox 3004 1265 3199 1320; x_wconf 89' lang='lat' dir='ltr'><strong>multis</strong></span> <span class='ocrx_word' id='word_1_167' title='bbox 3233 1282 3299 1320; x_wconf 84' lang='lat' dir='ltr'><strong>ex</strong></span> <span class='ocrx_word' id='word_1_168' title='bbox 3326 1265 3515 1333; x_wconf 88' lang='lat' dir='ltr'><strong>causis,</strong></span> <span class='ocrx_word' id='word_1_169' title='bbox 3537 1267 3684 1338; x_wconf 84' lang='lat' dir='ltr'><strong>major</strong></span> 
     </span>
    </p>
   </div>
   <div class='ocr_carea' id='block_1_26' title="bbox 2128 1350 3681 1425">
    <p class='ocr_par' dir='ltr' id='par_1_26' title="bbox 2128 1350 3681 1425">
     <span class='ocr_line' id='line_1_26' title="bbox 2128 1350 3681 1425; baseline 0.001 -19"><span class='ocrx_word' id='word_1_170' title='bbox 2128 1352 2328 1406; x_wconf 75' lang='lat' dir='ltr'><strong>effecta</strong></span> <span class='ocrx_word' id='word_1_171' title='bbox 2342 1354 2429 1405; x_wconf 93' lang='lat' dir='ltr'><strong>est</strong></span> <span class='ocrx_word' id='word_1_172' title='bbox 2446 1350 2714 1423; x_wconf 89' lang='lat' dir='ltr'><strong>iniquitas</strong></span> <span class='ocrx_word' id='word_1_173' title='bbox 2736 1353 2784 1423; x_wconf 89' lang='lat' dir='ltr'><strong>ej</strong></span> <span class='ocrx_word' id='word_1_174' title='bbox 2794 1369 2859 1407; x_wconf 89' lang='lat' dir='ltr'><strong>us</strong></span> <span class='ocrx_word' id='word_1_175' title='bbox 2886 1358 3116 1425; x_wconf 86' lang='lat' dir='ltr'><strong>peccato</strong></span> <span class='ocrx_word' id='word_1_176' title='bbox 3149 1355 3531 1409; x_wconf 88' lang='lat' dir='ltr'><strong>Sodomorum.</strong></span> <span class='ocrx_word' id='word_1_177' title='bbox 3555 1354 3681 1419; x_wconf 86' lang='lat' dir='ltr'><strong>Quod</strong></span> 
     </span>
    </p>
   </div>
   <div class='ocr_carea' id='block_1_27' title="bbox 2130 1439 3685 1511">
    <p class='ocr_par' dir='ltr' id='par_1_27' title="bbox 2130 1439 3685 1511">
     <span class='ocr_line' id='line_1_27' title="bbox 2130 1439 3685 1511; baseline 0.003 -17"><span class='ocrx_word' id='word_1_178' title='bbox 2130 1440 2280 1494; x_wconf 90' lang='lat' dir='ltr'><strong>enim</strong></span> <span class='ocrx_word' id='word_1_179' title='bbox 2316 1439 2487 1493; x_wconf 90' lang='lat' dir='ltr'><strong>fuerit</strong></span> <span class='ocrx_word' id='word_1_180' title='bbox 2514 1447 2806 1511; x_wconf 88' lang='lat' dir='ltr'><strong>peccatum</strong></span> <span class='ocrx_word' id='word_1_181' title='bbox 2829 1458 3045 1510; x_wconf 89' lang='lat' dir='ltr'><strong>eorum,</strong></span> <span class='ocrx_word' id='word_1_182' title='bbox 3079 1443 3337 1498; x_wconf 83' lang='lat' dir='ltr'><strong>Ezechiel</strong></span> <span class='ocrx_word' id='word_1_183' title='bbox 3379 1447 3601 1510; x_wconf 65' lang='lat' dir='ltr'><strong>I493</strong></span> <span class='ocrx_word' id='word_1_184' title='bbox 3615 1460 3685 1497; x_wconf 85' lang='lat' dir='ltr'><strong>ex-</strong></span> 
     </span>
    </p>
   </div>
   <div class='ocr_carea' id='block_1_28' title="bbox 450 1527 3684 1601">
    <p class='ocr_par' dir='ltr' id='par_1_28' title="bbox 450 1527 3684 1601">
     <span class='ocr_line' id='line_1_28' title="bbox 450 1527 3684 1601; baseline 0.002 -16"><span class='ocrx_word' id='word_1_185' title='bbox 450 1530 612 1595; x_wconf 88' lang='lat' dir='ltr'><strong>Quod</strong></span> <span class='ocrx_word' id='word_1_186' title='bbox 639 1530 909 1585; x_wconf 89' lang='lat' dir='ltr'><strong>nimirum</strong></span> <span class='ocrx_word' id='word_1_187' title='bbox 934 1536 1148 1585; x_wconf 90' lang='lat' dir='ltr'><strong>stercus</strong></span> <span class='ocrx_word' id='word_1_188' title='bbox 1176 1531 1323 1585; x_wconf 90' lang='lat' dir='ltr'><strong>circa</strong></span> <span class='ocrx_word' id='word_1_189' title='bbox 1347 1532 1641 1587; x_wconf 84' lang='lat' dir='ltr'><strong>ficulneam</strong></span> <span class='ocrx_word' id='word_1_190' title='bbox 1672 1533 1854 1588; x_wconf 88' lang='lat' dir='ltr'><strong>cultor</strong></span> <span class='ocrx_word' id='word_1_191' title='bbox 1872 1534 2046 1590; x_wconf 74' lang='lat' dir='ltr'><strong>vineae</strong></span> <span class='ocrx_word' id='word_1_192' title='bbox 2128 1528 2324 1601; x_wconf 76' lang='lat' dir='ltr'><strong>primit</strong></span> <span class='ocrx_word' id='word_1_193' title='bbox 2350 1527 2540 1583; x_wconf 76' lang='lat' dir='ltr'><strong>dicens</strong></span> <span class='ocrx_word' id='word_1_194' title='bbox 2573 1545 2584 1580; x_wconf 76' lang='grc' dir='ltr'>ε</span> <span class='ocrx_word' id='word_1_195' title='bbox 2616 1529 2726 1583; x_wconf 75' lang='lat' dir='ltr'><strong>Hoc</strong></span> <span class='ocrx_word' id='word_1_196' title='bbox 2776 1531 2991 1599; x_wconf 74' lang='lat' dir='ltr'><strong>quippe,</strong></span> <span class='ocrx_word' id='word_1_197' title='bbox 3045 1528 3253 1601; x_wconf 74' lang='lat' dir='ltr'><strong>ianit,</strong></span> <span class='ocrx_word' id='word_1_198' title='bbox 3300 1532 3410 1598; x_wconf 70' lang='lat' dir='ltr'><strong>fuit</strong></span> <span class='ocrx_word' id='word_1_199' title='bbox 3445 1536 3684 1599; x_wconf 70' lang='lat' dir='ltr'><strong>peccatum</strong></span> 
     </span>
    </p>
   </div>
   <div class='ocr_carea' id='block_1_29' title="bbox 450 1618 3685 1694">
    <p class='ocr_par' dir='ltr' id='par_1_29' title="bbox 450 1618 3685 1694">
     <span class='ocr_line' id='line_1_29' title="bbox 450 1618 3685 1694; baseline 0 -21"><span class='ocrx_word' id='word_1_200' title='bbox 450 1618 877 1686; x_wconf 89' lang='lat' dir='ltr'><strong>infructuosam,</strong></span> <span class='ocrx_word' id='word_1_201' title='bbox 913 1636 1040 1674; x_wconf 90' lang='lat' dir='ltr'><strong>cum</strong></span> <span class='ocrx_word' id='word_1_202' title='bbox 1055 1621 1173 1690; x_wconf 79' lang='lat' dir='ltr'><strong>jam</strong></span> <span class='ocrx_word' id='word_1_203' title='bbox 1203 1621 1538 1676; x_wconf 89' lang='lat' dir='ltr'><strong>succidenda</strong></span> <span class='ocrx_word' id='word_1_204' title='bbox 1566 1627 1733 1688; x_wconf 91' lang='lat' dir='ltr'><strong>esset,</strong></span> <span class='ocrx_word' id='word_1_205' title='bbox 1765 1640 1971 1694; x_wconf 91' lang='lat' dir='ltr'><strong>ponere</strong></span> <span class='ocrx_word' id='word_1_206' title='bbox 1986 1641 2046 1679; x_wconf 91' lang='lat' dir='ltr'><strong>se</strong></span> <span class='ocrx_word' id='word_1_207' title='bbox 2128 1637 2318 1676; x_wconf 86' lang='lat' dir='ltr'><strong>eorum</strong></span> <span class='ocrx_word' id='word_1_208' title='bbox 2348 1622 2606 1690; x_wconf 81' lang='lat' dir='ltr'><strong>superbia</strong></span> <span class='ocrx_word' id='word_1_209' title='bbox 2633 1624 2680 1674; x_wconf 91' lang='lat' dir='ltr'><strong>et</strong></span> <span class='ocrx_word' id='word_1_210' title='bbox 2701 1622 3074 1689; x_wconf 77' lang='lat' dir='ltr'><strong>abundantia,</strong></span> <span class='ocrx_word' id='word_1_211' title='bbox 3108 1625 3157 1675; x_wconf 85' lang='lat' dir='ltr'><strong>et</strong></span> <span class='ocrx_word' id='word_1_212' title='bbox 3183 1623 3452 1675; x_wconf 71' lang='lat' dir='ltr'><strong>saturitas</strong></span> <span class='ocrx_word' id='word_1_213' title='bbox 3468 1623 3628 1690; x_wconf 71' lang='lat' dir='ltr'><strong>panis,</strong></span> <span class='ocrx_word' id='word_1_214' title='bbox 3647 1625 3685 1674; x_wconf 78' lang='lat' dir='ltr'><strong>et</strong></span> 
     </span>
    </p>
   </div>
   <div class='ocr_carea' id='block_1_30' title="bbox 450 1698 3684 1785">
    <p class='ocr_par' dir='ltr' id='par_1_30' title="bbox 450 1698 3684 1785">
     <span class='ocr_line' id='line_1_30' title="bbox 450 1698 3684 1785; baseline 0 -22"><span class='ocrx_word' id='word_1_215' title='bbox 450 1708 747 1780; x_wconf 87' lang='lat' dir='ltr'><strong>promittit.</strong></span> <span class='ocrx_word' id='word_1_216' title='bbox 780 1708 1035 1775; x_wconf 91' lang='lat' dir='ltr'><strong>Domine,</strong></span> <span class='ocrx_word' id='word_1_217' title='bbox 1065 1710 1164 1774; x_wconf 87' lang='lat' dir='ltr'><strong>ait,</strong></span> <span class='ocrx_word' id='word_1_218' title='bbox 1203 1709 1425 1764; x_wconf 88' lang='lat' dir='ltr'><strong>dimitte</strong></span> <span class='ocrx_word' id='word_1_219' title='bbox 1470 1711 1623 1765; x_wconf 86' lang='lat' dir='ltr'><strong>illam</strong></span> <span class='ocrx_word' id='word_1_220' title='bbox 1656 1717 1713 1766; x_wconf 91' lang='lat' dir='ltr'><strong>et</strong></span> <span class='ocrx_word' id='word_1_221' title='bbox 1742 1712 1849 1767; x_wconf 86' lang='lat' dir='ltr'><strong>hoc</strong></span> <span class='ocrx_word' id='word_1_222' title='bbox 1871 1730 2043 1785; x_wconf 86' lang='lat' dir='ltr'><strong>anno,</strong></span> <span class='ocrx_word' id='word_1_223' title='bbox 2066 1698 2111 1758; x_wconf 81' lang='grc' dir='ltr'><strong>Β</strong></span> <span class='ocrx_word' id='word_1_224' title='bbox 2131 1714 2329 1765; x_wconf 80' lang='lat' dir='ltr'><strong>otium:</strong></span> <span class='ocrx_word' id='word_1_225' title='bbox 2353 1727 2455 1765; x_wconf 90' lang='lat' dir='ltr'><strong>nec</strong></span> <span class='ocrx_word' id='word_1_226' title='bbox 2482 1725 2597 1764; x_wconf 92' lang='lat' dir='ltr'><strong>non</strong></span> <span class='ocrx_word' id='word_1_227' title='bbox 2626 1709 2826 1780; x_wconf 91' lang='lat' dir='ltr'><strong>etquia</strong></span> <span class='ocrx_word' id='word_1_228' title='bbox 2844 1725 3021 1780; x_wconf 91' lang='lat' dir='ltr'><strong>egeno</strong></span> <span class='ocrx_word' id='word_1_229' title='bbox 3042 1714 3099 1763; x_wconf 92' lang='lat' dir='ltr'><strong>et</strong></span> <span class='ocrx_word' id='word_1_230' title='bbox 3120 1709 3360 1781; x_wconf 87' lang='lat' dir='ltr'><strong>pauperi</strong></span> <span class='ocrx_word' id='word_1_231' title='bbox 3378 1724 3684 1763; x_wconf 88' lang='lat' dir='ltr'><strong>manumnon</strong></span> 
     </span>
    </p>
   </div>
   <div class='ocr_carea' id='block_1_31' title="bbox 452 1798 2048 1873">
    <p class='ocr_par' dir='ltr' id='par_1_31' title="bbox 452 1798 2048 1873">
     <span class='ocr_line' id='line_1_31' title="bbox 452 1798 2048 1873; baseline 0.003 -21"><span class='ocrx_word' id='word_1_232' title='bbox 452 1815 632 1869; x_wconf 89' lang='lat' dir='ltr'><strong>usque</strong></span> <span class='ocrx_word' id='word_1_233' title='bbox 658 1799 791 1852; x_wconf 89' lang='lat' dir='ltr'><strong>dum</strong></span> <span class='ocrx_word' id='word_1_234' title='bbox 816 1798 1025 1852; x_wconf 88' lang='lat' dir='ltr'><strong>fodiam</strong></span> <span class='ocrx_word' id='word_1_235' title='bbox 1046 1798 1194 1852; x_wconf 88' lang='lat' dir='ltr'><strong>circa</strong></span> <span class='ocrx_word' id='word_1_236' title='bbox 1224 1798 1399 1861; x_wconf 84' lang='lat' dir='ltr'><strong>illam,</strong></span> <span class='ocrx_word' id='word_1_237' title='bbox 1423 1804 1479 1854; x_wconf 92' lang='lat' dir='ltr'><strong>et</strong></span> <span class='ocrx_word' id='word_1_238' title='bbox 1504 1800 1724 1855; x_wconf 88' lang='lat' dir='ltr'><strong>mittam</strong></span> <span class='ocrx_word' id='word_1_239' title='bbox 1745 1802 2048 1873; x_wconf 93' lang='lat' dir='ltr'><strong>cophinum</strong></span> 
     </span>
    </p>
   </div>
   <div class='ocr_carea' id='block_1_32' title="bbox 452 1887 2051 1962">
    <p class='ocr_par' dir='ltr' id='par_1_32' title="bbox 452 1887 2051 1962">
     <span class='ocr_line' id='line_1_32' title="bbox 452 1887 2051 1962; baseline 0.004 -21"><span class='ocrx_word' id='word_1_240' title='bbox 452 1888 713 1942; x_wconf 86' lang='lat' dir='ltr'><strong>stercoris</strong></span> <span class='ocrx_word' id='word_1_241' title='bbox 741 1890 884 1955; x_wconf 79' lang='lat' dir='ltr'><strong>(Luc.</strong></span> <span class='ocrx_word' id='word_1_242' title='bbox 921 1897 1065 1956; x_wconf 57' lang='lat' dir='ltr'><strong>xm).</strong></span> <span class='ocrx_word' id='word_1_243' title='bbox 1114 1887 1259 1952; x_wconf 88' lang='lat' dir='ltr'><strong>Quid</strong></span> <span class='ocrx_word' id='word_1_244' title='bbox 1298 1888 1473 1959; x_wconf 81' lang='lat' dir='ltr'><strong>igitur</strong></span> <span class='ocrx_word' id='word_1_245' title='bbox 1502 1896 1588 1945; x_wconf 92' lang='lat' dir='ltr'><strong>est</strong></span> <span class='ocrx_word' id='word_1_246' title='bbox 1614 1892 1887 1962; x_wconf 85' lang='lat' dir='ltr'><strong>cophinus</strong></span> <span class='ocrx_word' id='word_1_247' title='bbox 1912 1897 2051 1947; x_wconf 88' lang='lat' dir='ltr'><strong>ster-</strong></span> 
     </span>
    </p>
   </div>
   <div class='ocr_carea' id='block_1_33' title="bbox 452 1977 2043 2050">
    <p class='ocr_par' dir='ltr' id='par_1_33' title="bbox 452 1977 2043 2050">
     <span class='ocr_line' id='line_1_33' title="bbox 452 1977 2043 2050; baseline 0.002 -20"><span class='ocrx_word' id='word_1_248' title='bbox 452 1977 730 2042; x_wconf 88' lang='lat' dir='ltr'><strong>coris,nisi</strong></span> <span class='ocrx_word' id='word_1_249' title='bbox 752 1977 1023 2032; x_wconf 88' lang='lat' dir='ltr'><strong>memoria</strong></span> <span class='ocrx_word' id='word_1_250' title='bbox 1051 1982 1409 2050; x_wconf 90' lang='lat' dir='ltr'><strong>peccatorum</strong></span> <span class='ocrx_word' id='word_1_251' title='bbox 1423 1979 1447 2032; x_wconf 70' lang='grc' dir='ltr'><strong>’ἶ</strong></span> <span class='ocrx_word' id='word_1_252' title='bbox 1459 1979 1618 2034; x_wconf 90' lang='lat' dir='ltr'><strong>Unde</strong></span> <span class='ocrx_word' id='word_1_253' title='bbox 1633 1981 1806 2035; x_wconf 87' lang='lat' dir='ltr'><strong>David</strong></span> <span class='ocrx_word' id='word_1_254' title='bbox 1830 1981 2043 2037; x_wconf 85' lang='lat' dir='ltr'><strong>aiebat:</strong></span> 
     </span>
    </p>
   </div>
   <div class='ocr_carea' id='block_1_34' title="bbox 450 2067 2042 2140">
    <p class='ocr_par' dir='ltr' id='par_1_34' title="bbox 450 2067 2042 2140">
     <span class='ocr_line' id='line_1_34' title="bbox 450 2067 2042 2140; baseline 0.001 -19"><span class='ocrx_word' id='word_1_255' title='bbox 450 2067 521 2121; x_wconf 86' lang='lat' dir='ltr'><strong>Et</strong></span> <span class='ocrx_word' id='word_1_256' title='bbox 533 2072 817 2135; x_wconf 82' lang='lat' dir='ltr'><strong>peceatum</strong></span> <span class='ocrx_word' id='word_1_257' title='bbox 848 2084 1029 2121; x_wconf 85' lang='lat' dir='ltr'><strong>meum</strong></span> <span class='ocrx_word' id='word_1_258' title='bbox 1063 2073 1257 2122; x_wconf 86' lang='lat' dir='ltr'><strong>contra</strong></span> <span class='ocrx_word' id='word_1_259' title='bbox 1296 2085 1381 2122; x_wconf 87' lang='lat' dir='ltr'><strong>me</strong></span> <span class='ocrx_word' id='word_1_260' title='bbox 1415 2074 1489 2123; x_wconf 78' lang='lat' dir='ltr'><strong>est</strong></span> <span class='ocrx_word' id='word_1_261' title='bbox 1527 2086 1738 2139; x_wconf 79' lang='lat' dir='ltr'><strong>semper</strong></span> <span class='ocrx_word' id='word_1_262' title='bbox 1779 2072 1939 2140; x_wconf 73' lang='lat' dir='ltr'><strong>(Psal.</strong></span> <span class='ocrx_word' id='word_1_263' title='bbox 1971 2076 2042 2137; x_wconf 66' lang='grc' dir='ltr'><strong>ιι).</strong></span> 
     </span>
    </p>
   </div>
   <div class='ocr_carea' id='block_1_35' title="bbox 453 2157 2050 2233">
    <p class='ocr_par' dir='ltr' id='par_1_35' title="bbox 453 2157 2050 2233">
     <span class='ocr_line' id='line_1_35' title="bbox 453 2157 2050 2233; baseline 0.003 -21"><span class='ocrx_word' id='word_1_264' title='bbox 453 2157 693 2212; x_wconf 86' lang='lat' dir='ltr'><strong>Peccata</strong></span> <span class='ocrx_word' id='word_1_265' title='bbox 720 2157 930 2211; x_wconf 90' lang='lat' dir='ltr'><strong>etenim</strong></span> <span class='ocrx_word' id='word_1_266' title='bbox 959 2157 1163 2223; x_wconf 90' lang='lat' dir='ltr'><strong>carnis,</strong></span> <span class='ocrx_word' id='word_1_267' title='bbox 1188 2162 1339 2212; x_wconf 90' lang='lat' dir='ltr'><strong>recte</strong></span> <span class='ocrx_word' id='word_1_268' title='bbox 1361 2164 1611 2214; x_wconf 90' lang='lat' dir='ltr'><strong>stercora</strong></span> <span class='ocrx_word' id='word_1_269' title='bbox 1636 2166 2050 2233; x_wconf 71' lang='lat' dir='ltr'><strong>vocantur,qua2</strong></span> 
     </span>
    </p>
   </div>
   <div class='ocr_carea' id='block_1_36' title="bbox 454 2246 2050 2322">
    <p class='ocr_par' dir='ltr' id='par_1_36' title="bbox 454 2246 2050 2322">
     <span class='ocr_line' id='line_1_36' title="bbox 454 2246 2050 2322; baseline 0.003 -20"><span class='ocrx_word' id='word_1_270' title='bbox 454 2247 590 2302; x_wconf 89' lang='lat' dir='ltr'><strong>dum</strong></span> <span class='ocrx_word' id='word_1_271' title='bbox 619 2246 690 2299; x_wconf 92' lang='lat' dir='ltr'><strong>ad</strong></span> <span class='ocrx_word' id='word_1_272' title='bbox 720 2246 1049 2300; x_wconf 87' lang='lat' dir='ltr'><strong>memoriam</strong></span> <span class='ocrx_word' id='word_1_273' title='bbox 1073 2246 1518 2319; x_wconf 84' lang='lat' dir='ltr'><strong>delinquentium</strong></span> <span class='ocrx_word' id='word_1_274' title='bbox 1547 2249 2050 2322; x_wconf 88' lang='lat' dir='ltr'><strong>reducimus.quasi</strong></span> 
     </span>
    </p>
   </div>
   <div class='ocr_carea' id='block_1_37' title="bbox 452 2333 2044 2410">
    <p class='ocr_par' dir='ltr' id='par_1_37' title="bbox 452 2333 2044 2410">
     <span class='ocr_line' id='line_1_37' title="bbox 452 2333 2044 2410; baseline 0.002 -19"><span class='ocrx_word' id='word_1_275' title='bbox 452 2333 811 2392; x_wconf 61' lang='lat' dir='ltr'><strong>infructuosae</strong></span> <span class='ocrx_word' id='word_1_276' title='bbox 848 2334 1035 2389; x_wconf 91' lang='lat' dir='ltr'><strong>arbori</strong></span> <span class='ocrx_word' id='word_1_277' title='bbox 1065 2336 1366 2407; x_wconf 84' lang='lat' dir='ltr'><strong>cophinum</strong></span> <span class='ocrx_word' id='word_1_278' title='bbox 1388 2338 1650 2392; x_wconf 84' lang='lat' dir='ltr'><strong>stercoris</strong></span> <span class='ocrx_word' id='word_1_279' title='bbox 1679 2339 2044 2410; x_wconf 89' lang='lat' dir='ltr'><strong>apponimus;</strong></span> 
     </span>
    </p>
   </div>
   <div class='ocr_carea' id='block_1_38' title="bbox 455 2424 2051 2495">
    <p class='ocr_par' dir='ltr' id='par_1_38' title="bbox 455 2424 2051 2495">
     <span class='ocr_line' id='line_1_38' title="bbox 455 2424 2051 2495; baseline 0.003 -16"><span class='ocrx_word' id='word_1_280' title='bbox 455 2428 520 2479; x_wconf 91' lang='lat' dir='ltr'><strong>ut</strong></span> <span class='ocrx_word' id='word_1_281' title='bbox 546 2424 823 2478; x_wconf 88' lang='lat' dir='ltr'><strong>malorum</strong></span> <span class='ocrx_word' id='word_1_282' title='bbox 872 2440 996 2493; x_wconf 78' lang='lat' dir='ltr'><strong>quae</strong></span> <span class='ocrx_word' id='word_1_283' title='bbox 1022 2424 1199 2495; x_wconf 86' lang='lat' dir='ltr'><strong>gessit</strong></span> <span class='ocrx_word' id='word_1_284' title='bbox 1227 2426 1453 2490; x_wconf 84' lang='lat' dir='ltr'><strong>recolat,</strong></span> <span class='ocrx_word' id='word_1_285' title='bbox 1494 2426 1566 2480; x_wconf 89' lang='lat' dir='ltr'><strong>ad</strong></span> <span class='ocrx_word' id='word_1_286' title='bbox 1595 2428 1946 2493; x_wconf 85' lang='lat' dir='ltr'><strong>memoriam,</strong></span> <span class='ocrx_word' id='word_1_287' title='bbox 1993 2434 2051 2484; x_wconf 92' lang='lat' dir='ltr'><strong>et</strong></span> 
     </span>
    </p>
   </div>
   <div class='ocr_carea' id='block_1_39' title="bbox 457 2512 2047 2586">
    <p class='ocr_par' dir='ltr' id='par_1_39' title="bbox 457 2512 2047 2586">
     <span class='ocr_line' id='line_1_39' title="bbox 457 2512 2047 2586; baseline 0.003 -18"><span class='ocrx_word' id='word_1_288' title='bbox 457 2529 523 2568; x_wconf 85' lang='lat' dir='ltr'><strong>ex</strong></span> <span class='ocrx_word' id='word_1_289' title='bbox 542 2512 986 2585; x_wconf 84' lang='lat' dir='ltr'><strong>compunctionis</strong></span> <span class='ocrx_word' id='word_1_290' title='bbox 1010 2514 1197 2584; x_wconf 84' lang='lat' dir='ltr'><strong>gratia</strong></span> <span class='ocrx_word' id='word_1_291' title='bbox 1215 2519 1273 2568; x_wconf 92' lang='lat' dir='ltr'><strong>et</strong></span> <span class='ocrx_word' id='word_1_292' title='bbox 1300 2516 1556 2569; x_wconf 82' lang='lat' dir='ltr'><strong>maeroris</strong></span> <span class='ocrx_word' id='word_1_293' title='bbox 1583 2516 1744 2586; x_wconf 91' lang='lat' dir='ltr'><strong>quasi</strong></span> <span class='ocrx_word' id='word_1_294' title='bbox 1772 2516 1842 2570; x_wconf 92' lang='lat' dir='ltr'><strong>de</strong></span> <span class='ocrx_word' id='word_1_295' title='bbox 1872 2516 2047 2573; x_wconf 88' lang='lat' dir='ltr'><strong>fetore</strong></span> 
     </span>
    </p>
   </div>
   <div class='ocr_carea' id='block_1_40' title="bbox 461 2602 2046 2677">
    <p class='ocr_par' dir='ltr' id='par_1_40' title="bbox 461 2602 2046 2677">
     <span class='ocr_line' id='line_1_40' title="bbox 461 2602 2046 2677; baseline 0.004 -22"><span class='ocrx_word' id='word_1_296' title='bbox 461 2607 503 2669; x_wconf 75' lang='grc' dir='ltr'>ι</span> <span class='ocrx_word' id='word_1_297' title='bbox 518 2608 709 2670; x_wconf 75' lang='lat'><strong>495</strong></span> <span class='ocrx_word' id='word_1_298' title='bbox 732 2602 1079 2677; x_wconf 79' lang='lat' dir='ltr'><strong>pinguescat.</strong></span> <span class='ocrx_word' id='word_1_299' title='bbox 1094 2603 1340 2658; x_wconf 88' lang='lat' dir='ltr'><strong>Mittitur</strong></span> <span class='ocrx_word' id='word_1_300' title='bbox 1351 2621 1483 2675; x_wconf 89' lang='lat' dir='ltr'><strong>ergo</strong></span> <span class='ocrx_word' id='word_1_301' title='bbox 1501 2606 1773 2677; x_wconf 90' lang='lat' dir='ltr'><strong>cophinus</strong></span> <span class='ocrx_word' id='word_1_302' title='bbox 1784 2608 2046 2662; x_wconf 87' lang='lat' dir='ltr'><strong>stercoris</strong></span> 
     </span>
    </p>
   </div>
   <div class='ocr_carea' id='block_1_41' title="bbox 452 2691 2046 2766">
    <p class='ocr_par' dir='ltr' id='par_1_41' title="bbox 452 2691 2046 2766">
     <span class='ocr_line' id='line_1_41' title="bbox 452 2691 2046 2766; baseline 0.004 -21"><span class='ocrx_word' id='word_1_303' title='bbox 452 2692 524 2746; x_wconf 83' lang='lat' dir='ltr'><strong>ad</strong></span> <span class='ocrx_word' id='word_1_304' title='bbox 554 2691 799 2746; x_wconf 88' lang='lat' dir='ltr'><strong>radicem</strong></span> <span class='ocrx_word' id='word_1_305' title='bbox 842 2691 1060 2747; x_wconf 87' lang='lat' dir='ltr'><strong>arboris</strong></span> <span class='ocrx_word' id='word_1_306' title='bbox 1088 2709 1210 2764; x_wconf 67' lang='lat' dir='ltr'><strong>quae</strong></span> <span class='ocrx_word' id='word_1_307' title='bbox 1240 2694 1594 2765; x_wconf 73' lang='lat' dir='ltr'><strong>praecidenda</strong></span> <span class='ocrx_word' id='word_1_308' title='bbox 1633 2701 1774 2759; x_wconf 89' lang='lat' dir='ltr'><strong>erat,</strong></span> <span class='ocrx_word' id='word_1_309' title='bbox 1822 2697 2046 2766; x_wconf 90' lang='lat' dir='ltr'><strong>quando</strong></span> 
     </span>
    </p>
   </div>
   <div class='ocr_carea' id='block_1_42' title="bbox 452 2781 2048 2855">
    <p class='ocr_par' dir='ltr' id='par_1_42' title="bbox 452 2781 2048 2855">
     <span class='ocr_line' id='line_1_42' title="bbox 452 2781 2048 2855; baseline 0.003 -20"><span class='ocrx_word' id='word_1_310' title='bbox 452 2781 794 2836; x_wconf 89' lang='lat' dir='ltr'><strong>conscientia</strong></span> <span class='ocrx_word' id='word_1_311' title='bbox 807 2781 1098 2853; x_wconf 85' lang='lat' dir='ltr'><strong>pravitatis</strong></span> <span class='ocrx_word' id='word_1_312' title='bbox 1127 2799 1241 2836; x_wconf 84' lang='lat' dir='ltr'><strong>suae</strong></span> <span class='ocrx_word' id='word_1_313' title='bbox 1260 2798 1417 2837; x_wconf 90' lang='lat' dir='ltr'><strong>mens</strong></span> <span class='ocrx_word' id='word_1_314' title='bbox 1438 2783 1699 2850; x_wconf 80' lang='lat' dir='ltr'><strong>afficitur,</strong></span> <span class='ocrx_word' id='word_1_315' title='bbox 1725 2789 1783 2837; x_wconf 91' lang='lat' dir='ltr'><strong>et</strong></span> <span class='ocrx_word' id='word_1_316' title='bbox 1798 2785 2048 2855; x_wconf 84' lang='lat' dir='ltr'><strong>tangitur</strong></span> 
     </span>
    </p>
   </div>
   <div class='ocr_carea' id='block_1_43' title="bbox 452 2870 2040 2943">
    <p class='ocr_par' dir='ltr' id='par_1_43' title="bbox 452 2870 2040 2943">
     <span class='ocr_line' id='line_1_43' title="bbox 452 2870 2040 2943; baseline 0.002 -19"><span class='ocrx_word' id='word_1_317' title='bbox 452 2871 725 2925; x_wconf 90' lang='lat' dir='ltr'><strong>memoria</strong></span> <span class='ocrx_word' id='word_1_318' title='bbox 751 2870 1125 2941; x_wconf 83' lang='lat' dir='ltr'><strong>cogitationis,</strong></span> <span class='ocrx_word' id='word_1_319' title='bbox 1157 2886 1397 2942; x_wconf 90' lang='lat' dir='ltr'><strong>cumque</strong></span> <span class='ocrx_word' id='word_1_320' title='bbox 1438 2888 1498 2925; x_wconf 93' lang='lat' dir='ltr'><strong>se</strong></span> <span class='ocrx_word' id='word_1_321' title='bbox 1526 2889 1628 2943; x_wconf 91' lang='lat' dir='ltr'><strong>per</strong></span> <span class='ocrx_word' id='word_1_322' title='bbox 1651 2872 2040 2943; x_wconf 68' lang='lat' dir='ltr'><strong>pcrnitentiam</strong></span> 
     </span>
    </p>
   </div>
   <div class='ocr_carea' id='block_1_44' title="bbox 452 2959 2044 3033">
    <p class='ocr_par' dir='ltr' id='par_1_44' title="bbox 452 2959 2044 3033">
     <span class='ocr_line' id='line_1_44' title="bbox 452 2959 2044 3033; baseline 0.003 -21"><span class='ocrx_word' id='word_1_323' title='bbox 452 2959 525 3013; x_wconf 87' lang='lat' dir='ltr'><strong>ad</strong></span> <span class='ocrx_word' id='word_1_324' title='bbox 553 2960 804 3014; x_wconf 87' lang='lat' dir='ltr'><strong>lamenta</strong></span> <span class='ocrx_word' id='word_1_325' title='bbox 832 2976 990 3013; x_wconf 91' lang='lat' dir='ltr'><strong>mens</strong></span> <span class='ocrx_word' id='word_1_326' title='bbox 1035 2959 1255 3026; x_wconf 87' lang='lat' dir='ltr'><strong>excitat,</strong></span> <span class='ocrx_word' id='word_1_327' title='bbox 1289 2976 1529 3031; x_wconf 91' lang='lat' dir='ltr'><strong>cumque</strong></span> <span class='ocrx_word' id='word_1_328' title='bbox 1559 2961 1629 3014; x_wconf 90' lang='lat' dir='ltr'><strong>ad</strong></span> <span class='ocrx_word' id='word_1_329' title='bbox 1657 2960 1817 3015; x_wconf 70' lang='lat' dir='ltr'><strong>bona:</strong></span> <span class='ocrx_word' id='word_1_330' title='bbox 1845 2978 2044 3033; x_wconf 86' lang='lat' dir='ltr'><strong>opera-</strong></span> 
     </span>
    </p>
   </div>
   <div class='ocr_carea' id='block_1_45' title="bbox 453 3047 2047 3120">
    <p class='ocr_par' dir='ltr' id='par_1_45' title="bbox 453 3047 2047 3120">
     <span class='ocr_line' id='line_1_45' title="bbox 453 3047 2047 3120; baseline 0.004 -19"><span class='ocrx_word' id='word_1_331' title='bbox 453 3047 627 3102; x_wconf 91' lang='lat' dir='ltr'><strong>tionis</strong></span> <span class='ocrx_word' id='word_1_332' title='bbox 653 3047 890 3117; x_wconf 87' lang='lat' dir='ltr'><strong>gratiam</strong></span> <span class='ocrx_word' id='word_1_333' title='bbox 938 3065 998 3102; x_wconf 91' lang='lat' dir='ltr'><strong>se</strong></span> <span class='ocrx_word' id='word_1_334' title='bbox 1028 3049 1320 3118; x_wconf 83' lang='lat' dir='ltr'><strong>reformat,</strong></span> <span class='ocrx_word' id='word_1_335' title='bbox 1356 3050 1515 3119; x_wconf 89' lang='lat' dir='ltr'><strong>quasi</strong></span> <span class='ocrx_word' id='word_1_336' title='bbox 1545 3067 1646 3120; x_wconf 91' lang='lat' dir='ltr'><strong>per</strong></span> <span class='ocrx_word' id='word_1_337' title='bbox 1671 3055 1883 3104; x_wconf 89' lang='lat' dir='ltr'><strong>tactum</strong></span> <span class='ocrx_word' id='word_1_338' title='bbox 1909 3056 2047 3107; x_wconf 87' lang='lat' dir='ltr'><strong>ster-</strong></span> 
     </span>
    </p>
   </div>
   <div class='ocr_carea' id='block_1_46' title="bbox 2131 1798 3678 1872">
    <p class='ocr_par' dir='ltr' id='par_1_46' title="bbox 2131 1798 3678 1872">
     <span class='ocr_line' id='line_1_46' title="bbox 2131 1798 3678 1872; baseline -0.003 -18"><span class='ocrx_word' id='word_1_339' title='bbox 2131 1799 2523 1872; x_wconf 87' lang='lat' dir='ltr'><strong>porrigebant;</strong></span> <span class='ocrx_word' id='word_1_340' title='bbox 2553 1803 2610 1852; x_wconf 91' lang='lat' dir='ltr'><strong>et</strong></span> <span class='ocrx_word' id='word_1_341' title='bbox 2636 1798 2742 1852; x_wconf 89' lang='lat' dir='ltr'><strong>hoc</strong></span> <span class='ocrx_word' id='word_1_342' title='bbox 2770 1802 2856 1851; x_wconf 90' lang='lat' dir='ltr'><strong>est</strong></span> <span class='ocrx_word' id='word_1_343' title='bbox 2882 1798 3030 1869; x_wconf 91' lang='lat' dir='ltr'><strong>quod</strong></span> <span class='ocrx_word' id='word_1_344' title='bbox 3052 1815 3306 1870; x_wconf 71' lang='lat' dir='ltr'><strong>praesens</strong></span> <span class='ocrx_word' id='word_1_345' title='bbox 3332 1814 3513 1853; x_wconf 90' lang='lat' dir='ltr'><strong>versus</strong></span> <span class='ocrx_word' id='word_1_346' title='bbox 3530 1802 3678 1864; x_wconf 81' lang='lat' dir='ltr'><strong>sonat,</strong></span> 
     </span>
    </p>
   </div>
   <div class='ocr_carea' id='block_1_47' title="bbox 2130 1887 3685 1961">
    <p class='ocr_par' dir='ltr' id='par_1_47' title="bbox 2130 1887 3685 1961">
     <span class='ocr_line' id='line_1_47' title="bbox 2130 1887 3685 1961; baseline -0.001 -19"><span class='ocrx_word' id='word_1_347' title='bbox 2130 1890 2266 1959; x_wconf 91' lang='lat' dir='ltr'><strong>quia</strong></span> <span class='ocrx_word' id='word_1_348' title='bbox 2294 1906 2407 1944; x_wconf 91' lang='lat' dir='ltr'><strong>non</strong></span> <span class='ocrx_word' id='word_1_349' title='bbox 2436 1893 2707 1961; x_wconf 92' lang='lat' dir='ltr'><strong>ceperunt</strong></span> <span class='ocrx_word' id='word_1_350' title='bbox 2732 1887 2791 1942; x_wconf 93' lang='lat' dir='ltr'><strong>in</strong></span> <span class='ocrx_word' id='word_1_351' title='bbox 2822 1903 2889 1941; x_wconf 89' lang='lat' dir='ltr'><strong>ea</strong></span> <span class='ocrx_word' id='word_1_352' title='bbox 2927 1904 3149 1943; x_wconf 89' lang='lat' dir='ltr'><strong>manus.</strong></span> <span class='ocrx_word' id='word_1_353' title='bbox 3189 1888 3334 1953; x_wconf 87' lang='lat' dir='ltr'><strong>Quid</strong></span> <span class='ocrx_word' id='word_1_354' title='bbox 3363 1887 3503 1943; x_wconf 91' lang='lat' dir='ltr'><strong>enim</strong></span> <span class='ocrx_word' id='word_1_355' title='bbox 3529 1893 3600 1942; x_wconf 87' lang='lat' dir='ltr'><strong>est</strong></span> <span class='ocrx_word' id='word_1_356' title='bbox 3623 1887 3685 1941; x_wconf 53' lang='lat' dir='ltr'><strong>di.</strong></span> 
     </span>
    </p>
   </div>
   <div class='ocr_carea' id='block_1_48' title="bbox 2129 1975 3687 2050">
    <p class='ocr_par' dir='ltr' id='par_1_48' title="bbox 2129 1975 3687 2050">
     <span class='ocr_line' id='line_1_48' title="bbox 2129 1975 3687 2050; baseline -0.001 -19"><span class='ocrx_word' id='word_1_357' title='bbox 2129 1994 2276 2046; x_wconf 91' lang='lat' dir='ltr'><strong>cere,</strong></span> <span class='ocrx_word' id='word_1_358' title='bbox 2309 1980 2445 2050; x_wconf 92' lang='lat' dir='ltr'><strong>[non</strong></span> <span class='ocrx_word' id='word_1_359' title='bbox 2469 1983 2738 2050; x_wconf 89' lang='lat' dir='ltr'><strong>ceperunt</strong></span> <span class='ocrx_word' id='word_1_360' title='bbox 2760 1976 2818 2031; x_wconf 92' lang='lat' dir='ltr'><strong>in</strong></span> <span class='ocrx_word' id='word_1_361' title='bbox 2839 1993 2906 2032; x_wconf 89' lang='lat' dir='ltr'><strong>ea</strong></span> <span class='ocrx_word' id='word_1_362' title='bbox 2925 1978 3177 2049; x_wconf 67' lang='lat' dir='ltr'><strong>manus]</strong></span> <span class='ocrx_word' id='word_1_363' title='bbox 3203 1977 3324 2032; x_wconf 88' lang='lat' dir='ltr'><strong>Nisi</strong></span> <span class='ocrx_word' id='word_1_364' title='bbox 3352 1982 3416 2032; x_wconf 92' lang='lat' dir='ltr'><strong>ut</strong></span> <span class='ocrx_word' id='word_1_365' title='bbox 3431 1975 3687 2032; x_wconf 83' lang='lat' dir='ltr'><strong>subaudias</strong></span> 
     </span>
    </p>
   </div>
   <div class='ocr_carea' id='block_1_49' title="bbox 2129 2065 3683 2139">
    <p class='ocr_par' dir='ltr' id='par_1_49' title="bbox 2129 2065 3683 2139">
     <span class='ocr_line' id='line_1_49' title="bbox 2129 2065 3683 2139; baseline -0.003 -18"><span class='ocrx_word' id='word_1_366' title='bbox 2129 2066 2258 2122; x_wconf 85' lang='lat' dir='ltr'><strong>boni</strong></span> <span class='ocrx_word' id='word_1_367' title='bbox 2284 2068 2492 2139; x_wconf 92' lang='lat' dir='ltr'><strong>aliquid</strong></span> <span class='ocrx_word' id='word_1_368' title='bbox 2505 2065 2862 2138; x_wconf 85' lang='lat' dir='ltr'><strong>agere?Quod</strong></span> <span class='ocrx_word' id='word_1_369' title='bbox 2883 2066 3247 2138; x_wconf 84' lang='lat' dir='ltr'><strong>Synagogam</strong></span> <span class='ocrx_word' id='word_1_370' title='bbox 3265 2067 3456 2122; x_wconf 88' lang='lat' dir='ltr'><strong>fecisse</strong></span> <span class='ocrx_word' id='word_1_371' title='bbox 3468 2065 3683 2138; x_wconf 86' lang='lat' dir='ltr'><strong>legimus.</strong></span> 
     </span>
    </p>
   </div>
   <div class='ocr_carea' id='block_1_50' title="bbox 2132 2154 3682 2228">
    <p class='ocr_par' dir='ltr' id='par_1_50' title="bbox 2132 2154 3682 2228">
     <span class='ocr_line' id='line_1_50' title="bbox 2132 2154 3682 2228; baseline -0.003 -16"><span class='ocrx_word' id='word_1_372' title='bbox 2132 2156 2241 2212; x_wconf 91' lang='lat' dir='ltr'><strong>Sed</strong></span> <span class='ocrx_word' id='word_1_373' title='bbox 2271 2161 2462 2212; x_wconf 90' lang='lat' dir='ltr'><strong>tamen</strong></span> <span class='ocrx_word' id='word_1_374' title='bbox 2490 2156 2620 2211; x_wconf 91' lang='lat' dir='ltr'><strong>licet</strong></span> <span class='ocrx_word' id='word_1_375' title='bbox 2648 2155 2948 2210; x_wconf 90' lang='lat' dir='ltr'><strong>innumera</strong></span> <span class='ocrx_word' id='word_1_376' title='bbox 2973 2154 3123 2210; x_wconf 89' lang='lat' dir='ltr'><strong>bona</strong></span> <span class='ocrx_word' id='word_1_377' title='bbox 3151 2154 3485 2228; x_wconf 89' lang='lat' dir='ltr'><strong>perceperit,</strong></span> <span class='ocrx_word' id='word_1_378' title='bbox 3504 2159 3555 2210; x_wconf 89' lang='lat' dir='ltr'><strong>et</strong></span> <span class='ocrx_word' id='word_1_379' title='bbox 3577 2169 3682 2226; x_wconf 86' lang='lat' dir='ltr'><strong>ope-</strong></span> 
     </span>
    </p>
   </div>
   <div class='ocr_carea' id='block_1_51' title="bbox 2131 2243 3685 2318">
    <p class='ocr_par' dir='ltr' id='par_1_51' title="bbox 2131 2243 3685 2318">
     <span class='ocr_line' id='line_1_51' title="bbox 2131 2243 3685 2318; baseline -0.001 -18"><span class='ocrx_word' id='word_1_380' title='bbox 2131 2245 2287 2300; x_wconf 90' lang='lat' dir='ltr'><strong>ribus</strong></span> <span class='ocrx_word' id='word_1_381' title='bbox 2315 2250 2665 2300; x_wconf 89' lang='lat' dir='ltr'><strong>sacramenta</strong></span> <span class='ocrx_word' id='word_1_382' title='bbox 2714 2244 2817 2300; x_wconf 92' lang='lat' dir='ltr'><strong>Dei</strong></span> <span class='ocrx_word' id='word_1_383' title='bbox 2861 2244 3121 2317; x_wconf 87' lang='lat' dir='ltr'><strong>plurimis</strong></span> <span class='ocrx_word' id='word_1_384' title='bbox 3172 2244 3541 2318; x_wconf 85' lang='lat' dir='ltr'><strong>compleverit,</strong></span> <span class='ocrx_word' id='word_1_385' title='bbox 3579 2243 3685 2314; x_wconf 79' lang='lat' dir='ltr'><strong>quia</strong></span> 
     </span>
    </p>
   </div>
   <div class='ocr_carea' id='block_1_52' title="bbox 2130 2333 3687 2406">
    <p class='ocr_par' dir='ltr' id='par_1_52' title="bbox 2130 2333 3687 2406">
     <span class='ocr_line' id='line_1_52' title="bbox 2130 2333 3687 2406; baseline -0.002 -17"><span class='ocrx_word' id='word_1_386' title='bbox 2130 2335 2451 2389; x_wconf 82' lang='lat' dir='ltr'><strong>scelestiora</strong></span> <span class='ocrx_word' id='word_1_387' title='bbox 2499 2333 2799 2401; x_wconf 91' lang='lat' dir='ltr'><strong>commisit,</strong></span> <span class='ocrx_word' id='word_1_388' title='bbox 2859 2340 3008 2389; x_wconf 90' lang='lat' dir='ltr'><strong>recte</strong></span> <span class='ocrx_word' id='word_1_389' title='bbox 3064 2336 3253 2406; x_wconf 83' lang='lat' dir='ltr'><strong>major</strong></span> <span class='ocrx_word' id='word_1_390' title='bbox 3298 2335 3555 2406; x_wconf 89' lang='lat' dir='ltr'><strong>iniquitas</strong></span> <span class='ocrx_word' id='word_1_391' title='bbox 3591 2333 3687 2403; x_wconf 83' lang='lat' dir='ltr'><strong>ejus</strong></span> 
     </span>
    </p>
   </div>
   <div class='ocr_carea' id='block_1_53' title="bbox 2128 2423 3683 2496">
    <p class='ocr_par' dir='ltr' id='par_1_53' title="bbox 2128 2423 3683 2496">
     <span class='ocr_line' id='line_1_53' title="bbox 2128 2423 3683 2496; baseline -0.004 -17"><span class='ocrx_word' id='word_1_392' title='bbox 2128 2424 2326 2479; x_wconf 72' lang='lat' dir='ltr'><strong>effecta</strong></span> <span class='ocrx_word' id='word_1_393' title='bbox 2376 2423 2681 2496; x_wconf 88' lang='lat' dir='ltr'><strong>plangitur.</strong></span> <span class='ocrx_word' id='word_1_394' title='bbox 2735 2423 2878 2478; x_wconf 85' lang='lat' dir='ltr'><strong>Hinc</strong></span> <span class='ocrx_word' id='word_1_395' title='bbox 2915 2440 3138 2496; x_wconf 89' lang='lat' dir='ltr'><strong>quoque</strong></span> <span class='ocrx_word' id='word_1_396' title='bbox 3182 2423 3434 2479; x_wconf 84' lang='lat' dir='ltr'><strong>Ezechiel</strong></span> <span class='ocrx_word' id='word_1_397' title='bbox 3461 2423 3525 2478; x_wconf 88' lang='lat' dir='ltr'><strong>ad</strong></span> <span class='ocrx_word' id='word_1_398' title='bbox 3552 2437 3683 2477; x_wconf 88' lang='lat' dir='ltr'><strong>eam:</strong></span> 
     </span>
    </p>
   </div>
   <div class='ocr_carea' id='block_1_54' title="bbox 2128 2509 3682 2582">
    <p class='ocr_par' dir='ltr' id='par_1_54' title="bbox 2128 2509 3682 2582">
     <span class='ocr_line' id='line_1_54' title="bbox 2128 2509 3682 2582; baseline -0.005 -15"><span class='ocrx_word' id='word_1_399' title='bbox 2128 2514 2439 2581; x_wconf 82' lang='lat' dir='ltr'><strong>Justiﬁcata</strong></span> <span class='ocrx_word' id='word_1_400' title='bbox 2453 2517 2546 2577; x_wconf 75' lang='lat' dir='ltr'><strong>est,</strong></span> <span class='ocrx_word' id='word_1_401' title='bbox 2568 2510 2773 2582; x_wconf 90' lang='lat' dir='ltr'><strong>inquit,</strong></span> <span class='ocrx_word' id='word_1_402' title='bbox 2803 2509 3036 2565; x_wconf 85' lang='lat' dir='ltr'><strong>Sodoma</strong></span> <span class='ocrx_word' id='word_1_403' title='bbox 3047 2527 3210 2565; x_wconf 81' lang='lat' dir='ltr'><strong>soror</strong></span> <span class='ocrx_word' id='word_1_404' title='bbox 3224 2516 3324 2565; x_wconf 84' lang='lat' dir='ltr'><strong>tua</strong></span> <span class='ocrx_word' id='word_1_405' title='bbox 3352 2528 3415 2565; x_wconf 75' lang='lat' dir='ltr'><strong>ea:</strong></span> <span class='ocrx_word' id='word_1_406' title='bbox 3440 2515 3486 2564; x_wconf 88' lang='lat' dir='ltr'><strong>te</strong></span> <span class='ocrx_word' id='word_1_407' title='bbox 3505 2509 3682 2581; x_wconf 64' lang='lat' dir='ltr'><strong>(Ibid).</strong></span> 
     </span>
    </p>
   </div>
   <div class='ocr_carea' id='block_1_55' title="bbox 2130 2598 3690 2673">
    <p class='ocr_par' dir='ltr' id='par_1_55' title="bbox 2130 2598 3690 2673">
     <span class='ocr_line' id='line_1_55' title="bbox 2130 2598 3690 2673; baseline -0.004 -17"><span class='ocrx_word' id='word_1_408' title='bbox 2130 2602 2260 2656; x_wconf 67' lang='lat' dir='ltr'><strong>Haec</strong></span> <span class='ocrx_word' id='word_1_409' title='bbox 2289 2600 2493 2673; x_wconf 92' lang='lat' dir='ltr'><strong>quippe</strong></span> <span class='ocrx_word' id='word_1_410' title='bbox 2521 2600 2766 2672; x_wconf 89' lang='lat' dir='ltr'><strong>primum</strong></span> <span class='ocrx_word' id='word_1_411' title='bbox 2787 2599 2957 2671; x_wconf 73' lang='lat' dir='ltr'><strong>erepit</strong></span> <span class='ocrx_word' id='word_1_412' title='bbox 2982 2616 3190 2656; x_wconf 90' lang='lat' dir='ltr'><strong>manus</strong></span> <span class='ocrx_word' id='word_1_413' title='bbox 3214 2600 3505 2656; x_wconf 80' lang='lat' dir='ltr'><strong>extendere</strong></span> <span class='ocrx_word' id='word_1_414' title='bbox 3520 2598 3581 2653; x_wconf 89' lang='lat' dir='ltr'><strong>ad</strong></span> <span class='ocrx_word' id='word_1_415' title='bbox 3598 2610 3690 2651; x_wconf 84' lang='lat' dir='ltr'><strong>om-</strong></span> 
     </span>
    </p>
   </div>
   <div class='ocr_carea' id='block_1_56' title="bbox 2128 2688 3687 2763">
    <p class='ocr_par' dir='ltr' id='par_1_56' title="bbox 2128 2688 3687 2763">
     <span class='ocr_line' id='line_1_56' title="bbox 2128 2688 3687 2763; baseline -0.004 -18"><span class='ocrx_word' id='word_1_416' title='bbox 2128 2691 2225 2745; x_wconf 89' lang='lat' dir='ltr'><strong>nia</strong></span> <span class='ocrx_word' id='word_1_417' title='bbox 2261 2694 2665 2762; x_wconf 72' lang='lat' dir='ltr'><strong>przeceptorum</strong></span> <span class='ocrx_word' id='word_1_418' title='bbox 2695 2688 2795 2743; x_wconf 92' lang='lat' dir='ltr'><strong>Dei</strong></span> <span class='ocrx_word' id='word_1_419' title='bbox 2820 2688 3115 2757; x_wconf 88' lang='lat' dir='ltr'><strong>mandata,</strong></span> <span class='ocrx_word' id='word_1_420' title='bbox 3147 2690 3288 2763; x_wconf 87' lang='lat' dir='ltr'><strong>quia</strong></span> <span class='ocrx_word' id='word_1_421' title='bbox 3317 2689 3522 2745; x_wconf 87' lang='lat' dir='ltr'><strong>credita</strong></span> <span class='ocrx_word' id='word_1_422' title='bbox 3555 2689 3687 2741; x_wconf 88' lang='lat' dir='ltr'><strong>erant</strong></span> 
     </span>
    </p>
   </div>
   <div class='ocr_carea' id='block_1_57' title="bbox 2131 2775 3686 2851">
    <p class='ocr_par' dir='ltr' id='par_1_57' title="bbox 2131 2775 3686 2851">
     <span class='ocr_line' id='line_1_57' title="bbox 2131 2775 3686 2851; baseline -0.003 -18"><span class='ocrx_word' id='word_1_423' title='bbox 2131 2780 2183 2833; x_wconf 91' lang='lat' dir='ltr'><strong>ei</strong></span> <span class='ocrx_word' id='word_1_424' title='bbox 2207 2779 2427 2851; x_wconf 90' lang='lat' dir='ltr'><strong>eloquia</strong></span> <span class='ocrx_word' id='word_1_425' title='bbox 2444 2778 2565 2834; x_wconf 91' lang='lat' dir='ltr'><strong>Dei.</strong></span> <span class='ocrx_word' id='word_1_426' title='bbox 2580 2779 2934 2832; x_wconf 90' lang='lat' dir='ltr'><strong>Postremum</strong></span> <span class='ocrx_word' id='word_1_427' title='bbox 2959 2794 3089 2833; x_wconf 88' lang='lat' dir='ltr'><strong>vero</strong></span> <span class='ocrx_word' id='word_1_428' title='bbox 3118 2795 3153 2833; x_wconf 89' lang='lat' dir='ltr'><strong>a</strong></span> <span class='ocrx_word' id='word_1_429' title='bbox 3184 2780 3301 2834; x_wconf 92' lang='lat' dir='ltr'><strong>Deo</strong></span> <span class='ocrx_word' id='word_1_430' title='bbox 3318 2796 3445 2835; x_wconf 89' lang='lat' dir='ltr'><strong>cum</strong></span> <span class='ocrx_word' id='word_1_431' title='bbox 3469 2775 3686 2848; x_wconf 73' lang='lat' dir='ltr'><strong>coepisset</strong></span> 
     </span>
    </p>
   </div>
   <div class='ocr_carea' id='block_1_58' title="bbox 2129 2865 3687 2939">
    <p class='ocr_par' dir='ltr' id='par_1_58' title="bbox 2129 2865 3687 2939">
     <span class='ocr_line' id='line_1_58' title="bbox 2129 2865 3687 2939; baseline -0.004 -18"><span class='ocrx_word' id='word_1_432' title='bbox 2129 2873 2468 2939; x_wconf 89' lang='lat' dir='ltr'><strong>apostatare,</strong></span> <span class='ocrx_word' id='word_1_433' title='bbox 2500 2868 2556 2921; x_wconf 89' lang='lat' dir='ltr'><strong>in</strong></span> <span class='ocrx_word' id='word_1_434' title='bbox 2584 2871 2807 2922; x_wconf 89' lang='lat' dir='ltr'><strong>tantum</strong></span> <span class='ocrx_word' id='word_1_435' title='bbox 2834 2884 3202 2939; x_wconf 81' lang='lat' dir='ltr'><strong>supergressa</strong></span> <span class='ocrx_word' id='word_1_436' title='bbox 3232 2873 3321 2923; x_wconf 90' lang='lat' dir='ltr'><strong>est</strong></span> <span class='ocrx_word' id='word_1_437' title='bbox 3347 2866 3550 2921; x_wconf 86' lang='lat' dir='ltr'><strong>malitia</strong></span> <span class='ocrx_word' id='word_1_438' title='bbox 3574 2865 3687 2933; x_wconf 84' lang='lat' dir='ltr'><strong>ejus,</strong></span> 
     </span>
    </p>
   </div>
   <div class='ocr_carea' id='block_1_59' title="bbox 2131 2952 3687 3028">
    <p class='ocr_par' dir='ltr' id='par_1_59' title="bbox 2131 2952 3687 3028">
     <span class='ocr_line' id='line_1_59' title="bbox 2131 2952 3687 3028; baseline -0.005 -17"><span class='ocrx_word' id='word_1_439' title='bbox 2131 2963 2196 3012; x_wconf 92' lang='lat' dir='ltr'><strong>ut</strong></span> <span class='ocrx_word' id='word_1_440' title='bbox 2223 2973 2327 3011; x_wconf 91' lang='lat' dir='ltr'><strong>nec</strong></span> <span class='ocrx_word' id='word_1_441' title='bbox 2346 2956 2637 3011; x_wconf 90' lang='lat' dir='ltr'><strong>dimidium</strong></span> <span class='ocrx_word' id='word_1_442' title='bbox 2669 2956 2945 3010; x_wconf 90' lang='lat' dir='ltr'><strong>scelerum</strong></span> <span class='ocrx_word' id='word_1_443' title='bbox 2966 2957 3090 3027; x_wconf 88' lang='lat' dir='ltr'><strong>ejus</strong></span> <span class='ocrx_word' id='word_1_444' title='bbox 3129 2957 3379 3012; x_wconf 88' lang='lat' dir='ltr'><strong>Sodoma</strong></span> <span class='ocrx_word' id='word_1_445' title='bbox 3402 2952 3687 3028; x_wconf 79' lang='lat' dir='ltr'><strong>peccaverit,</strong></span> 
     </span>
    </p>
   </div>
   <div class='ocr_carea' id='block_1_60' title="bbox 2134 3045 3688 3119">
    <p class='ocr_par' dir='ltr' id='par_1_60' title="bbox 2134 3045 3688 3119">
     <span class='ocr_line' id='line_1_60' title="bbox 2134 3045 3688 3119; baseline -0.005 -18"><span class='ocrx_word' id='word_1_446' title='bbox 2134 3062 2256 3118; x_wconf 70' lang='lat' dir='ltr'><strong>qua:</strong></span> <span class='ocrx_word' id='word_1_447' title='bbox 2285 3045 2517 3100; x_wconf 89' lang='lat' dir='ltr'><strong>vacabat</strong></span> <span class='ocrx_word' id='word_1_448' title='bbox 2546 3046 2682 3103; x_wconf 86' lang='lat' dir='ltr'><strong>otio.</strong></span> <span class='ocrx_word' id='word_1_449' title='bbox 2714 3050 2886 3117; x_wconf 89' lang='lat' dir='ltr'><strong>atque</strong></span> <span class='ocrx_word' id='word_1_450' title='bbox 2931 3062 3109 3116; x_wconf 91' lang='lat' dir='ltr'><strong>egeno</strong></span> <span class='ocrx_word' id='word_1_451' title='bbox 3137 3051 3197 3100; x_wconf 87' lang='lat' dir='ltr'><strong>et</strong></span> <span class='ocrx_word' id='word_1_452' title='bbox 3229 3046 3462 3119; x_wconf 86' lang='lat' dir='ltr'><strong>pauperi</strong></span> <span class='ocrx_word' id='word_1_453' title='bbox 3495 3057 3688 3098; x_wconf 87' lang='lat' dir='ltr'><strong>manum</strong></span> 
     </span>
    </p>
   </div>
   <div class='ocr_carea' id='block_1_61' title="bbox 453 3134 3681 3211">
    <p class='ocr_par' dir='ltr' id='par_1_61' title="bbox 453 3134 3681 3211">
     <span class='ocr_line' id='line_1_61' title="bbox 453 3134 3681 3211; baseline -0.001 -22"><span class='ocrx_word' id='word_1_454' title='bbox 453 3136 619 3201; x_wconf 89' lang='lat' dir='ltr'><strong>coris,</strong></span> <span class='ocrx_word' id='word_1_455' title='bbox 677 3136 907 3189; x_wconf 88' lang='lat' dir='ltr'><strong>tandem</strong></span> <span class='ocrx_word' id='word_1_456' title='bbox 961 3137 1107 3190; x_wconf 91' lang='lat' dir='ltr'><strong>redit</strong></span> <span class='ocrx_word' id='word_1_457' title='bbox 1159 3137 1230 3190; x_wconf 90' lang='lat' dir='ltr'><strong>ad</strong></span> <span class='ocrx_word' id='word_1_458' title='bbox 1273 3137 1673 3192; x_wconf 88' lang='lat' dir='ltr'><strong>fecunditatem</strong></span> <span class='ocrx_word' id='word_1_459' title='bbox 1718 3140 1922 3211; x_wconf 88' lang='lat' dir='ltr'><strong>operis.</strong></span> <span class='ocrx_word' id='word_1_460' title='bbox 1973 3142 2048 3196; x_wconf 88' lang='lat' dir='ltr'><strong>Ex</strong></span> <span class='ocrx_word' id='word_1_461' title='bbox 2131 3152 2242 3191; x_wconf 91' lang='lat' dir='ltr'><strong>non</strong></span> <span class='ocrx_word' id='word_1_462' title='bbox 2273 3134 2611 3206; x_wconf 85' lang='lat' dir='ltr'><strong>porrigebat,</strong></span> <span class='ocrx_word' id='word_1_463' title='bbox 2647 3150 2847 3207; x_wconf 87' lang='lat' dir='ltr'><strong>neque,</strong></span> <span class='ocrx_word' id='word_1_464' title='bbox 2874 3139 2938 3189; x_wconf 93' lang='lat' dir='ltr'><strong>ut</strong></span> <span class='ocrx_word' id='word_1_465' title='bbox 2965 3152 3217 3206; x_wconf 67' lang='lat' dir='ltr'><strong>praesens</strong></span> <span class='ocrx_word' id='word_1_466' title='bbox 3237 3152 3430 3191; x_wconf 84' lang='lat' dir='ltr'><strong>versus</strong></span> <span class='ocrx_word' id='word_1_467' title='bbox 3452 3134 3681 3195; x_wconf 85' lang='lat' dir='ltr'><strong>insinuat,</strong></span> 
     </span>
    </p>
   </div>
   <div class='ocr_carea' id='block_1_62' title="bbox 456 3222 3682 3301">
    <p class='ocr_par' dir='ltr' id='par_1_62' title="bbox 456 3222 3682 3301">
     <span class='ocr_line' id='line_1_62' title="bbox 456 3222 3682 3301; baseline 0.003 -23"><span class='ocrx_word' id='word_1_468' title='bbox 456 3224 632 3280; x_wconf 88' lang='lat' dir='ltr'><strong>fetore</strong></span> <span class='ocrx_word' id='word_1_469' title='bbox 681 3241 924 3296; x_wconf 88' lang='lat' dir='ltr'><strong>namque</strong></span> <span class='ocrx_word' id='word_1_470' title='bbox 962 3226 1033 3280; x_wconf 90' lang='lat' dir='ltr'><strong>ad</strong></span> <span class='ocrx_word' id='word_1_471' title='bbox 1082 3225 1326 3281; x_wconf 87' lang='lat' dir='ltr'><strong>fructum</strong></span> <span class='ocrx_word' id='word_1_472' title='bbox 1378 3227 1673 3295; x_wconf 86' lang='lat' dir='ltr'><strong>reviviscit,</strong></span> <span class='ocrx_word' id='word_1_473' title='bbox 1710 3231 1933 3301; x_wconf 90' lang='lat' dir='ltr'><strong>quando</strong></span> <span class='ocrx_word' id='word_1_474' title='bbox 1982 3248 2049 3286; x_wconf 82' lang='lat' dir='ltr'><strong>ex</strong></span> <span class='ocrx_word' id='word_1_475' title='bbox 2131 3229 2420 3297; x_wconf 67' lang='lat' dir='ltr'><strong>coeperant</strong></span> <span class='ocrx_word' id='word_1_476' title='bbox 2466 3241 2664 3278; x_wconf 87' lang='lat' dir='ltr'><strong>manus</strong></span> <span class='ocrx_word' id='word_1_477' title='bbox 2715 3225 2836 3294; x_wconf 90' lang='lat' dir='ltr'><strong>ejus</strong></span> <span class='ocrx_word' id='word_1_478' title='bbox 2877 3224 2934 3278; x_wconf 88' lang='lat' dir='ltr'><strong>in</strong></span> <span class='ocrx_word' id='word_1_479' title='bbox 2965 3240 3051 3287; x_wconf 69' lang='lat' dir='ltr'><strong>ea.</strong></span> <span class='ocrx_word' id='word_1_480' title='bbox 3084 3231 3395 3297; x_wconf 77' lang='lat' dir='ltr'><strong>antequam</strong></span> <span class='ocrx_word' id='word_1_481' title='bbox 3439 3222 3682 3278; x_wconf 69' lang='grc' dir='ltr'><strong>εαδνθηθο</strong></span> 
     </span>
    </p>
   </div>
   <div class='ocr_carea' id='block_1_63' title="bbox 455 3312 3690 3389">
    <p class='ocr_par' dir='ltr' id='par_1_63' title="bbox 455 3312 3690 3389">
     <span class='ocr_line' id='line_1_63' title="bbox 455 3312 3690 3389; baseline -0.002 -20"><span class='ocrx_word' id='word_1_482' title='bbox 455 3313 901 3369; x_wconf 87' lang='lat' dir='ltr'><strong>consideratione</strong></span> <span class='ocrx_word' id='word_1_483' title='bbox 952 3315 1164 3386; x_wconf 89' lang='lat' dir='ltr'><strong>peccati</strong></span> <span class='ocrx_word' id='word_1_484' title='bbox 1210 3316 1281 3369; x_wconf 92' lang='lat' dir='ltr'><strong>ad</strong></span> <span class='ocrx_word' id='word_1_485' title='bbox 1323 3315 1463 3370; x_wconf 89' lang='lat' dir='ltr'><strong>bona</strong></span> <span class='ocrx_word' id='word_1_486' title='bbox 1503 3334 1563 3371; x_wconf 91' lang='lat' dir='ltr'><strong>se</strong></span> <span class='ocrx_word' id='word_1_487' title='bbox 1609 3335 1781 3389; x_wconf 90' lang='lat' dir='ltr'><strong>opera</strong></span> <span class='ocrx_word' id='word_1_488' title='bbox 1827 3319 2048 3374; x_wconf 86' lang='lat' dir='ltr'><strong>animus</strong></span> <span class='ocrx_word' id='word_1_489' title='bbox 2130 3319 2310 3378; x_wconf 88' lang='lat' dir='ltr'><strong>retur,</strong></span> <span class='ocrx_word' id='word_1_490' title='bbox 2339 3312 2472 3367; x_wconf 90' lang='lat' dir='ltr'><strong>boni</strong></span> <span class='ocrx_word' id='word_1_491' title='bbox 2498 3312 2711 3384; x_wconf 91' lang='lat' dir='ltr'><strong>aliquid</strong></span> <span class='ocrx_word' id='word_1_492' title='bbox 2739 3329 2924 3384; x_wconf 88' lang='lat' dir='ltr'><strong>agere.</strong></span> <span class='ocrx_word' id='word_1_493' title='bbox 2976 3313 3299 3368; x_wconf 87' lang='lat' dir='ltr'><strong>Jerusalem</strong></span> <span class='ocrx_word' id='word_1_494' title='bbox 3341 3328 3464 3367; x_wconf 89' lang='lat' dir='ltr'><strong>vero</strong></span> <span class='ocrx_word' id='word_1_495' title='bbox 3510 3327 3620 3365; x_wconf 90' lang='lat' dir='ltr'><strong>cum</strong></span> <span class='ocrx_word' id='word_1_496' title='bbox 3644 3312 3690 3361; x_wconf 88' lang='lat' dir='ltr'><strong>et</strong></span> 
     </span>
    </p>
   </div>
   <div class='ocr_carea' id='block_1_64' title="bbox 450 3399 3688 3480">
    <p class='ocr_par' dir='ltr' id='par_1_64' title="bbox 450 3399 3688 3480">
     <span class='ocr_line' id='line_1_64' title="bbox 450 3399 3688 3480; baseline 0.001 -23"><span class='ocrx_word' id='word_1_497' title='bbox 450 3403 767 3459; x_wconf 89' lang='lat' dir='ltr'><strong>resuscitat.</strong></span> <span class='ocrx_word' id='word_1_498' title='bbox 829 3404 937 3457; x_wconf 75' lang='lat' dir='ltr'><strong>Sed</strong></span> <span class='ocrx_word' id='word_1_499' title='bbox 990 3404 1124 3475; x_wconf 88' lang='lat' dir='ltr'><strong>quia</strong></span> <span class='ocrx_word' id='word_1_500' title='bbox 1172 3410 1305 3459; x_wconf 92' lang='lat' dir='ltr'><strong>sunt</strong></span> <span class='ocrx_word' id='word_1_501' title='bbox 1342 3406 1594 3478; x_wconf 91' lang='lat' dir='ltr'><strong>plerique</strong></span> <span class='ocrx_word' id='word_1_502' title='bbox 1633 3406 1727 3478; x_wconf 91' lang='lat' dir='ltr'><strong>qui</strong></span> <span class='ocrx_word' id='word_1_503' title='bbox 1766 3408 1836 3461; x_wconf 89' lang='lat' dir='ltr'><strong>ad</strong></span> <span class='ocrx_word' id='word_1_504' title='bbox 1875 3410 2048 3480; x_wconf 78' lang='lat' dir='ltr'><strong>poeni-</strong></span> <span class='ocrx_word' id='word_1_505' title='bbox 2129 3399 2389 3454; x_wconf 88' lang='lat' dir='ltr'><strong>notitiam</strong></span> <span class='ocrx_word' id='word_1_506' title='bbox 2422 3399 2526 3455; x_wconf 91' lang='lat' dir='ltr'><strong>Dei</strong></span> <span class='ocrx_word' id='word_1_507' title='bbox 2557 3400 2809 3466; x_wconf 88' lang='lat' dir='ltr'><strong>haberet,</strong></span> <span class='ocrx_word' id='word_1_508' title='bbox 2835 3406 2893 3455; x_wconf 91' lang='lat' dir='ltr'><strong>et</strong></span> <span class='ocrx_word' id='word_1_509' title='bbox 2923 3402 3197 3457; x_wconf 89' lang='lat' dir='ltr'><strong>mandata</strong></span> <span class='ocrx_word' id='word_1_510' title='bbox 3226 3404 3352 3458; x_wconf 70' lang='lat' dir='ltr'><strong>vitae</strong></span> <span class='ocrx_word' id='word_1_511' title='bbox 3376 3400 3688 3475; x_wconf 64' lang='lat' dir='ltr'><strong>percepisset.</strong></span> 
     </span>
    </p>
   </div>
   <div class='ocr_carea' id='block_1_65' title="bbox 450 3489 3688 3570">
    <p class='ocr_par' dir='ltr' id='par_1_65' title="bbox 450 3489 3688 3570">
     <span class='ocr_line' id='line_1_65' title="bbox 450 3489 3688 3570; baseline -0.002 -24"><span class='ocrx_word' id='word_1_512' title='bbox 450 3492 690 3547; x_wconf 87' lang='lat' dir='ltr'><strong>tentiam</strong></span> <span class='ocrx_word' id='word_1_513' title='bbox 745 3493 929 3547; x_wconf 90' lang='lat' dir='ltr'><strong>redire</strong></span> <span class='ocrx_word' id='word_1_514' title='bbox 972 3494 1190 3561; x_wconf 91' lang='lat' dir='ltr'><strong>nolunt,</strong></span> <span class='ocrx_word' id='word_1_515' title='bbox 1239 3495 1459 3566; x_wconf 85' lang='lat' dir='ltr'><strong>plangit</strong></span> <span class='ocrx_word' id='word_1_516' title='bbox 1504 3512 1599 3561; x_wconf 89' lang='lat' dir='ltr'><strong>eos</strong></span> <span class='ocrx_word' id='word_1_517' title='bbox 1637 3497 1899 3563; x_wconf 89' lang='lat' dir='ltr'><strong>Ecclesia,</strong></span> <span class='ocrx_word' id='word_1_518' title='bbox 1950 3499 2045 3570; x_wconf 91' lang='lat' dir='ltr'><strong>qui</strong></span> <span class='ocrx_word' id='word_1_519' title='bbox 2129 3506 2329 3545; x_wconf 80' lang='lat' dir='ltr'><strong>manus</strong></span> <span class='ocrx_word' id='word_1_520' title='bbox 2360 3491 2511 3545; x_wconf 87' lang='lat' dir='ltr'><strong>misit</strong></span> <span class='ocrx_word' id='word_1_521' title='bbox 2558 3490 2629 3545; x_wconf 85' lang='lat' dir='ltr'><strong>ad</strong></span> <span class='ocrx_word' id='word_1_522' title='bbox 2671 3489 2883 3557; x_wconf 83' lang='lat' dir='ltr'><strong>omnia,</strong></span> <span class='ocrx_word' id='word_1_523' title='bbox 2917 3491 3171 3563; x_wconf 88' lang='lat' dir='ltr'><strong>quamvis</strong></span> <span class='ocrx_word' id='word_1_524' title='bbox 3203 3492 3274 3547; x_wconf 89' lang='lat' dir='ltr'><strong>ad</strong></span> <span class='ocrx_word' id='word_1_525' title='bbox 3322 3492 3568 3547; x_wconf 88' lang='lat' dir='ltr'><strong>ultimum</strong></span> <span class='ocrx_word' id='word_1_526' title='bbox 3612 3501 3688 3541; x_wconf 84' lang='lat' dir='ltr'><strong>au-</strong></span> 
     </span>
    </p>
   </div>
   <div class='ocr_carea' id='block_1_66' title="bbox 451 3577 3691 3656">
    <p class='ocr_par' dir='ltr' id='par_1_66' title="bbox 451 3577 3691 3656">
     <span class='ocr_line' id='line_1_66' title="bbox 451 3577 3691 3656; baseline -0.001 -19"><span class='ocrx_word' id='word_1_527' title='bbox 451 3582 711 3637; x_wconf 90' lang='lat' dir='ltr'><strong>nesciunt</strong></span> <span class='ocrx_word' id='word_1_528' title='bbox 730 3599 831 3637; x_wconf 90' lang='lat' dir='ltr'><strong>cur</strong></span> <span class='ocrx_word' id='word_1_529' title='bbox 849 3583 1212 3654; x_wconf 87' lang='lat' dir='ltr'><strong>planguntur,</strong></span> <span class='ocrx_word' id='word_1_530' title='bbox 1237 3601 1303 3639; x_wconf 93' lang='lat' dir='ltr'><strong>eo</strong></span> <span class='ocrx_word' id='word_1_531' title='bbox 1323 3585 1470 3655; x_wconf 91' lang='lat' dir='ltr'><strong>quod</strong></span> <span class='ocrx_word' id='word_1_532' title='bbox 1485 3584 1843 3656; x_wconf 91' lang='lat' dir='ltr'><strong>delinquendi</strong></span> <span class='ocrx_word' id='word_1_533' title='bbox 1861 3588 2044 3642; x_wconf 89' lang='lat' dir='ltr'><strong>studio</strong></span> <span class='ocrx_word' id='word_1_534' title='bbox 2128 3585 2338 3635; x_wconf 85' lang='lat' dir='ltr'><strong>ctorem</strong></span> <span class='ocrx_word' id='word_1_535' title='bbox 2382 3580 2507 3635; x_wconf 72' lang='lat' dir='ltr'><strong>Vita:</strong></span> <span class='ocrx_word' id='word_1_536' title='bbox 2538 3580 2859 3652; x_wconf 81' lang='lat' dir='ltr'><strong>peremerit.</strong></span> <span class='ocrx_word' id='word_1_537' title='bbox 2894 3585 2951 3634; x_wconf 87' lang='lat' dir='ltr'><strong>et</strong></span> <span class='ocrx_word' id='word_1_538' title='bbox 2993 3597 3088 3636; x_wconf 89' lang='lat' dir='ltr'><strong>eas</strong></span> <span class='ocrx_word' id='word_1_539' title='bbox 3128 3581 3254 3652; x_wconf 89' lang='lat' dir='ltr'><strong>jam</strong></span> <span class='ocrx_word' id='word_1_540' title='bbox 3304 3580 3488 3635; x_wconf 88' lang='lat' dir='ltr'><strong>multis</strong></span> <span class='ocrx_word' id='word_1_541' title='bbox 3514 3577 3691 3650; x_wconf 76' lang='lat' dir='ltr'><strong>polluta</strong></span> 
     </span>
    </p>
   </div>
   <div class='ocr_carea' id='block_1_67' title="bbox 450 3664 3688 3746">
    <p class='ocr_par' dir='ltr' id='par_1_67' title="bbox 450 3664 3688 3746">
     <span class='ocr_line' id='line_1_67' title="bbox 450 3664 3688 3746; baseline 0.001 -20"><span class='ocrx_word' id='word_1_542' title='bbox 450 3672 843 3743; x_wconf 83' lang='lat' dir='ltr'><strong>amplexantur</strong></span> <span class='ocrx_word' id='word_1_543' title='bbox 877 3677 1125 3727; x_wconf 88' lang='lat' dir='ltr'><strong>stercora</strong></span> <span class='ocrx_word' id='word_1_544' title='bbox 1167 3673 1450 3727; x_wconf 87' lang='lat' dir='ltr'><strong>vitiorum.</strong></span> <span class='ocrx_word' id='word_1_545' title='bbox 1486 3674 1666 3729; x_wconf 91' lang='lat' dir='ltr'><strong>Omne</strong></span> <span class='ocrx_word' id='word_1_546' title='bbox 1707 3675 1856 3729; x_wconf 92' lang='lat' dir='ltr'><strong>enim</strong></span> <span class='ocrx_word' id='word_1_547' title='bbox 1896 3678 2044 3746; x_wconf 91' lang='lat' dir='ltr'><strong>quod</strong></span> <span class='ocrx_word' id='word_1_548' title='bbox 2126 3669 2432 3723; x_wconf 77' lang='lat' dir='ltr'><strong>menstruis</strong></span> <span class='ocrx_word' id='word_1_549' title='bbox 2483 3668 2556 3723; x_wconf 73' lang='lat' dir='ltr'><strong>ad</strong></span> <span class='ocrx_word' id='word_1_550' title='bbox 2604 3669 2753 3723; x_wconf 85' lang='lat' dir='ltr'><strong>idola</strong></span> <span class='ocrx_word' id='word_1_551' title='bbox 2786 3669 3070 3724; x_wconf 75' lang='lat' dir='ltr'><strong>levaverit.</strong></span> <span class='ocrx_word' id='word_1_552' title='bbox 3104 3670 3217 3725; x_wconf 79' lang='lat' dir='ltr'><strong>Pro</strong></span> <span class='ocrx_word' id='word_1_553' title='bbox 3248 3670 3446 3742; x_wconf 81' lang='lat' dir='ltr'><strong>quibus</strong></span> <span class='ocrx_word' id='word_1_554' title='bbox 3469 3664 3688 3723; x_wconf 71' lang='lat' dir='ltr'><strong>omnibus</strong></span> 
     </span>
    </p>
   </div>
   <div class='ocr_carea' id='block_1_68' title="bbox 450 3753 3688 3832">
    <p class='ocr_par' dir='ltr' id='par_1_68' title="bbox 450 3753 3688 3832">
     <span class='ocr_line' id='line_1_68' title="bbox 450 3753 3688 3832; baseline 0.002 -16"><span class='ocrx_word' id='word_1_555' title='bbox 450 3761 860 3832; x_wconf 89' lang='lat' dir='ltr'><strong>amplectimur,</strong></span> <span class='ocrx_word' id='word_1_556' title='bbox 891 3778 1017 3815; x_wconf 92' lang='lat' dir='ltr'><strong>cum</strong></span> <span class='ocrx_word' id='word_1_557' title='bbox 1032 3761 1309 3816; x_wconf 91' lang='lat' dir='ltr'><strong>desiderio</strong></span> <span class='ocrx_word' id='word_1_558' title='bbox 1331 3766 1522 3817; x_wconf 91' lang='lat' dir='ltr'><strong>tenere</strong></span> <span class='ocrx_word' id='word_1_559' title='bbox 1544 3762 1813 3817; x_wconf 89' lang='lat' dir='ltr'><strong>videmur.</strong></span> <span class='ocrx_word' id='word_1_560' title='bbox 1834 3764 2043 3820; x_wconf 91' lang='lat' dir='ltr'><strong>Idcirco</strong></span> <span class='ocrx_word' id='word_1_561' title='bbox 2131 3758 2309 3825; x_wconf 77' lang='lat' dir='ltr'><strong>malis,</strong></span> <span class='ocrx_word' id='word_1_562' title='bbox 2338 3757 2640 3829; x_wconf 81' lang='lat' dir='ltr'><strong>quiatanta</strong></span> <span class='ocrx_word' id='word_1_563' title='bbox 2653 3758 3168 3829; x_wconf 74' lang='lat' dir='ltr'><strong>Deiomnipotentis</strong></span> <span class='ocrx_word' id='word_1_564' title='bbox 3183 3758 3453 3813; x_wconf 72' lang='lat' dir='ltr'><strong>beneﬁCia</strong></span> <span class='ocrx_word' id='word_1_565' title='bbox 3472 3753 3688 3821; x_wconf 54' lang='lat' dir='ltr'><strong>caltam:</strong></span> 
     </span>
    </p>
   </div>
   <div class='ocr_carea' id='block_1_69' title="bbox 451 3842 3688 3923">
    <p class='ocr_par' dir='ltr' id='par_1_69' title="bbox 451 3842 3688 3923">
     <span class='ocr_line' id='line_1_69' title="bbox 451 3842 3688 3923; baseline -0.003 -17"><span class='ocrx_word' id='word_1_566' title='bbox 451 3850 532 3906; x_wconf 90' lang='lat' dir='ltr'><strong>illi</strong></span> <span class='ocrx_word' id='word_1_567' title='bbox 570 3851 698 3921; x_wconf 89' lang='lat' dir='ltr'><strong>jure</strong></span> <span class='ocrx_word' id='word_1_568' title='bbox 732 3851 1101 3923; x_wconf 89' lang='lat' dir='ltr'><strong>planguntur,</strong></span> <span class='ocrx_word' id='word_1_569' title='bbox 1136 3852 1231 3922; x_wconf 90' lang='lat' dir='ltr'><strong>qui</strong></span> <span class='ocrx_word' id='word_1_570' title='bbox 1271 3868 1334 3905; x_wconf 86' lang='lat' dir='ltr'><strong>ex</strong></span> <span class='ocrx_word' id='word_1_571' title='bbox 1366 3868 1558 3906; x_wconf 89' lang='lat' dir='ltr'><strong>amore</strong></span> <span class='ocrx_word' id='word_1_572' title='bbox 1589 3853 1874 3923; x_wconf 87' lang='lat' dir='ltr'><strong>peccandi,</strong></span> <span class='ocrx_word' id='word_1_573' title='bbox 1906 3858 2045 3908; x_wconf 85' lang='lat' dir='ltr'><strong>ster-</strong></span> <span class='ocrx_word' id='word_1_574' title='bbox 2126 3852 2183 3901; x_wconf 91' lang='lat' dir='ltr'><strong>et</strong></span> <span class='ocrx_word' id='word_1_575' title='bbox 2210 3847 2357 3901; x_wconf 88' lang='lat' dir='ltr'><strong>mala</strong></span> <span class='ocrx_word' id='word_1_576' title='bbox 2383 3864 2484 3918; x_wconf 90' lang='lat' dir='ltr'><strong>pro</strong></span> <span class='ocrx_word' id='word_1_577' title='bbox 2508 3846 2668 3901; x_wconf 90' lang='lat' dir='ltr'><strong>nobis</strong></span> <span class='ocrx_word' id='word_1_578' title='bbox 2713 3846 2976 3914; x_wconf 89' lang='lat' dir='ltr'><strong>reddidit,</strong></span> <span class='ocrx_word' id='word_1_579' title='bbox 3008 3846 3418 3902; x_wconf 88' lang='lat' dir='ltr'><strong>consideranda</strong></span> <span class='ocrx_word' id='word_1_580' title='bbox 3465 3850 3544 3900; x_wconf 87' lang='lat' dir='ltr'><strong>est</strong></span> <span class='ocrx_word' id='word_1_581' title='bbox 3591 3842 3688 3913; x_wconf 84' lang='lat' dir='ltr'><strong>ejus</strong></span> 
     </span>
    </p>
   </div>
   <div class='ocr_carea' id='block_1_70' title="bbox 451 3934 3681 4012">
    <p class='ocr_par' dir='ltr' id='par_1_70' title="bbox 451 3934 3681 4012">
     <span class='ocr_line' id='line_1_70' title="bbox 451 3934 3681 4012; baseline -0.004 -16"><span class='ocrx_word' id='word_1_582' title='bbox 451 3957 600 4008; x_wconf 91' lang='lat' dir='ltr'><strong>cora,</strong></span> <span class='ocrx_word' id='word_1_583' title='bbox 645 3942 859 3995; x_wconf 89' lang='lat' dir='ltr'><strong>scelera</strong></span> <span class='ocrx_word' id='word_1_584' title='bbox 886 3941 1145 3995; x_wconf 89' lang='lat' dir='ltr'><strong>videlicet</strong></span> <span class='ocrx_word' id='word_1_585' title='bbox 1175 3945 1233 3995; x_wconf 91' lang='lat' dir='ltr'><strong>et</strong></span> <span class='ocrx_word' id='word_1_586' title='bbox 1260 3940 1492 4012; x_wconf 87' lang='lat' dir='ltr'><strong>ﬂagitia,</strong></span> <span class='ocrx_word' id='word_1_587' title='bbox 1524 3941 2045 3997; x_wconf 88' lang='lat' dir='ltr'><strong>irremedicabiliter</strong></span> <span class='ocrx_word' id='word_1_588' title='bbox 2124 3935 2378 3992; x_wconf 75' lang='lat' dir='ltr'><strong>Vindictae</strong></span> <span class='ocrx_word' id='word_1_589' title='bbox 2398 3953 2582 4007; x_wconf 83' lang='lat' dir='ltr'><strong>poena.</strong></span> <span class='ocrx_word' id='word_1_590' title='bbox 2617 3937 2759 3991; x_wconf 90' lang='lat' dir='ltr'><strong>Cum</strong></span> <span class='ocrx_word' id='word_1_591' title='bbox 2785 3935 2865 3989; x_wconf 93' lang='lat' dir='ltr'><strong>sic</strong></span> <span class='ocrx_word' id='word_1_592' title='bbox 2893 3935 3077 3990; x_wconf 92' lang='lat' dir='ltr'><strong>subito</strong></span> <span class='ocrx_word' id='word_1_593' title='bbox 3108 3934 3381 3991; x_wconf 84' lang='lat' dir='ltr'><strong>subversa</strong></span> <span class='ocrx_word' id='word_1_594' title='bbox 3407 3940 3488 3989; x_wconf 89' lang='lat' dir='ltr'><strong>est</strong></span> <span class='ocrx_word' id='word_1_595' title='bbox 3512 3934 3565 3987; x_wconf 90' lang='lat' dir='ltr'><strong>in</strong></span> <span class='ocrx_word' id='word_1_596' title='bbox 3589 3946 3681 3984; x_wconf 91' lang='lat' dir='ltr'><strong>mo-</strong></span> 
     </span>
    </p>
   </div>
   <div class='ocr_carea' id='block_1_71' title="bbox 451 4017 3680 4103">
    <p class='ocr_par' dir='ltr' id='par_1_71' title="bbox 451 4017 3680 4103">
     <span class='ocr_line' id='line_1_71' title="bbox 451 4017 3680 4103; baseline -0.001 -18"><span class='ocrx_word' id='word_1_597' title='bbox 451 4030 758 4101; x_wconf 86' lang='lat' dir='ltr'><strong>amplexari</strong></span> <span class='ocrx_word' id='word_1_598' title='bbox 788 4030 1067 4085; x_wconf 89' lang='lat' dir='ltr'><strong>videntur.</strong></span> <span class='ocrx_word' id='word_1_599' title='bbox 1087 4032 1253 4085; x_wconf 83' lang='lat' dir='ltr'><strong>Juxta</strong></span> <span class='ocrx_word' id='word_1_600' title='bbox 1266 4031 1638 4103; x_wconf 88' lang='lat' dir='ltr'><strong>tropologiam</strong></span> <span class='ocrx_word' id='word_1_601' title='bbox 1658 4048 1785 4085; x_wconf 88' lang='lat' dir='ltr'><strong>vero</strong></span> <span class='ocrx_word' id='word_1_602' title='bbox 1812 4032 2045 4087; x_wconf 86' lang='lat' dir='ltr'><strong>virtutes</strong></span> <span class='ocrx_word' id='word_1_603' title='bbox 2128 4031 2317 4081; x_wconf 86' lang='lat' dir='ltr'><strong>mento</strong></span> <span class='ocrx_word' id='word_1_604' title='bbox 2374 4025 2619 4079; x_wconf 90' lang='lat' dir='ltr'><strong>Sodoma</strong></span> <span class='ocrx_word' id='word_1_605' title='bbox 2648 4041 2749 4097; x_wconf 92' lang='lat' dir='ltr'><strong>pro</strong></span> <span class='ocrx_word' id='word_1_606' title='bbox 2804 4024 2981 4096; x_wconf 90' lang='lat' dir='ltr'><strong>culpis</strong></span> <span class='ocrx_word' id='word_1_607' title='bbox 3038 4025 3302 4097; x_wconf 86' lang='lat' dir='ltr'><strong>superius</strong></span> <span class='ocrx_word' id='word_1_608' title='bbox 3354 4017 3680 4081; x_wconf 50' lang='lat' dir='ltr'><strong>enumeratis,</strong></span> 
     </span>
    </p>
   </div>
   <div class='ocr_carea' id='block_1_72' title="bbox 450 4111 3681 4188">
    <p class='ocr_par' dir='ltr' id='par_1_72' title="bbox 450 4111 3681 4188">
     <span class='ocr_line' id='line_1_72' title="bbox 450 4111 3681 4188; baseline -0.003 -15"><span class='ocrx_word' id='word_1_609' title='bbox 450 4119 653 4173; x_wconf 83' lang='lat' dir='ltr'><strong>animae</strong></span> <span class='ocrx_word' id='word_1_610' title='bbox 685 4120 895 4173; x_wconf 91' lang='lat' dir='ltr'><strong>croceis</strong></span> <span class='ocrx_word' id='word_1_611' title='bbox 924 4119 1113 4173; x_wconf 87' lang='lat' dir='ltr'><strong>vestiri</strong></span> <span class='ocrx_word' id='word_1_612' title='bbox 1147 4120 1422 4186; x_wconf 87' lang='lat' dir='ltr'><strong>videntur,</strong></span> <span class='ocrx_word' id='word_1_613' title='bbox 1454 4136 1579 4174; x_wconf 90' lang='lat' dir='ltr'><strong>cum</strong></span> <span class='ocrx_word' id='word_1_614' title='bbox 1602 4120 1915 4175; x_wconf 90' lang='lat' dir='ltr'><strong>dilectionis</strong></span> <span class='ocrx_word' id='word_1_615' title='bbox 1945 4122 2042 4175; x_wconf 90' lang='lat' dir='ltr'><strong>Dei</strong></span> <span class='ocrx_word' id='word_1_616' title='bbox 2127 4120 2339 4188; x_wconf 88' lang='lat' dir='ltr'><strong>quanto</strong></span> <span class='ocrx_word' id='word_1_617' title='bbox 2369 4114 2650 4170; x_wconf 90' lang='lat' dir='ltr'><strong>atrociora</strong></span> <span class='ocrx_word' id='word_1_618' title='bbox 2676 4114 2853 4170; x_wconf 65' lang='lat' dir='ltr'><strong>Judaei</strong></span> <span class='ocrx_word' id='word_1_619' title='bbox 2874 4121 3334 4187; x_wconf 88' lang='lat' dir='ltr'><strong>promeruerunt,</strong></span> <span class='ocrx_word' id='word_1_620' title='bbox 3360 4114 3451 4187; x_wconf 90' lang='lat' dir='ltr'><strong>qui</strong></span> <span class='ocrx_word' id='word_1_621' title='bbox 3472 4119 3523 4169; x_wconf 89' lang='lat' dir='ltr'><strong>et</strong></span> <span class='ocrx_word' id='word_1_622' title='bbox 3545 4111 3681 4166; x_wconf 87' lang='lat' dir='ltr'><strong>bene-</strong></span> 
     </span>
    </p>
   </div>
   <div class='ocr_carea' id='block_1_73' title="bbox 452 4199 3681 4279">
    <p class='ocr_par' dir='ltr' id='par_1_73' title="bbox 452 4199 3681 4279">
     <span class='ocr_line' id='line_1_73' title="bbox 452 4199 3681 4279; baseline -0.004 -16"><span class='ocrx_word' id='word_1_623' title='bbox 452 4213 509 4263; x_wconf 91' lang='lat' dir='ltr'><strong>et</strong></span> <span class='ocrx_word' id='word_1_624' title='bbox 532 4208 769 4279; x_wconf 85' lang='lat' dir='ltr'><strong>proximi</strong></span> <span class='ocrx_word' id='word_1_625' title='bbox 788 4208 961 4262; x_wconf 89' lang='lat' dir='ltr'><strong>radiis</strong></span> <span class='ocrx_word' id='word_1_626' title='bbox 986 4208 1308 4263; x_wconf 81' lang='lat' dir='ltr'><strong>efficiuntur</strong></span> <span class='ocrx_word' id='word_1_627' title='bbox 1341 4227 1351 4261; x_wconf 89' lang='lat'>:</span> <span class='ocrx_word' id='word_1_628' title='bbox 1387 4209 1655 4279; x_wconf 88' lang='lat' dir='ltr'><strong>quoniam</strong></span> <span class='ocrx_word' id='word_1_629' title='bbox 1686 4226 1913 4264; x_wconf 90' lang='lat' dir='ltr'><strong>croceus</strong></span> <span class='ocrx_word' id='word_1_630' title='bbox 1959 4227 2047 4264; x_wconf 86' lang='lat' dir='ltr'><strong>co-</strong></span> <span class='ocrx_word' id='word_1_631' title='bbox 2128 4206 2254 4260; x_wconf 83' lang='lat' dir='ltr'><strong>ticia</strong></span> <span class='ocrx_word' id='word_1_632' title='bbox 2269 4210 2617 4277; x_wconf 89' lang='lat' dir='ltr'><strong>spernentes,</strong></span> <span class='ocrx_word' id='word_1_633' title='bbox 2647 4209 2933 4259; x_wconf 87' lang='lat' dir='ltr'><strong>auctorem</strong></span> <span class='ocrx_word' id='word_1_634' title='bbox 2958 4204 3080 4260; x_wconf 66' lang='lat' dir='ltr'><strong>vitae</strong></span> <span class='ocrx_word' id='word_1_635' title='bbox 3098 4221 3409 4276; x_wconf 88' lang='lat' dir='ltr'><strong>peremere,</strong></span> <span class='ocrx_word' id='word_1_636' title='bbox 3428 4208 3483 4259; x_wconf 89' lang='lat' dir='ltr'><strong>et</strong></span> <span class='ocrx_word' id='word_1_637' title='bbox 3500 4199 3681 4270; x_wconf 84' lang='lat' dir='ltr'><strong>majora</strong></span> 
     </span>
    </p>
   </div>
   <div class='ocr_carea' id='block_1_74' title="bbox 450 4293 3678 4398">
    <p class='ocr_par' dir='ltr' id='par_1_74' title="bbox 450 4293 3678 4398">
     <span class='ocr_line' id='line_1_74' title="bbox 450 4293 3678 4398; baseline -0.003 -47"><span class='ocrx_word' id='word_1_638' title='bbox 450 4297 537 4352; x_wconf 94' lang='lat' dir='ltr'><strong>lor</strong></span> <span class='ocrx_word' id='word_1_639' title='bbox 576 4313 721 4368; x_wconf 71' lang='lat' dir='ltr'><strong>saepe</strong></span> <span class='ocrx_word' id='word_1_640' title='bbox 770 4296 829 4351; x_wconf 92' lang='lat' dir='ltr'><strong>in</strong></span> <span class='ocrx_word' id='word_1_641' title='bbox 880 4296 1185 4367; x_wconf 89' lang='lat' dir='ltr'><strong>Scripturis</strong></span> <span class='ocrx_word' id='word_1_642' title='bbox 1216 4296 1389 4350; x_wconf 89' lang='lat' dir='ltr'><strong>sacris</strong></span> <span class='ocrx_word' id='word_1_643' title='bbox 1432 4296 1741 4352; x_wconf 89' lang='lat' dir='ltr'><strong>claritatem</strong></span> <span class='ocrx_word' id='word_1_644' title='bbox 1787 4298 2297 4398; x_wconf 81' lang='lat' dir='ltr'><strong>designatDatque</strong></span> <span class='ocrx_word' id='word_1_645' title='bbox 2326 4294 2716 4349; x_wconf 87' lang='lat' dir='ltr'><strong>numerosiora</strong></span> <span class='ocrx_word' id='word_1_646' title='bbox 2763 4293 3095 4349; x_wconf 89' lang='lat' dir='ltr'><strong>commisere</strong></span> <span class='ocrx_word' id='word_1_647' title='bbox 3144 4294 3392 4350; x_wconf 88' lang='lat' dir='ltr'><strong>delicta?</strong></span> <span class='ocrx_word' id='word_1_648' title='bbox 3443 4293 3678 4398; x_wconf 59' lang='lat' dir='ltr'><strong>Caeterum</strong></span> 
     </span>
    </p>
   </div>
   <div class='ocr_carea' id='block_1_75' title="bbox 449 4373 3680 4456">
    <p class='ocr_par' dir='ltr' id='par_1_75' title="bbox 449 4373 3680 4456">
     <span class='ocr_line' id='line_1_75' title="bbox 449 4373 3680 4456; baseline -0.002 -13"><span class='ocrx_word' id='word_1_649' title='bbox 449 4391 654 4443; x_wconf 68' lang='lat' dir='ltr'><strong>sanctae</strong></span> <span class='ocrx_word' id='word_1_650' title='bbox 690 4385 1005 4441; x_wconf 90' lang='lat' dir='ltr'><strong>dilectionis</strong></span> <span class='ocrx_word' id='word_1_651' title='bbox 1030 4404 1043 4453; x_wconf 91' lang='lat'><strong>;</strong></span> <span class='ocrx_word' id='word_1_652' title='bbox 1075 4390 1134 4439; x_wconf 88' lang='lat' dir='ltr'><strong>et</strong></span> <span class='ocrx_word' id='word_1_653' title='bbox 1160 4384 1285 4439; x_wconf 92' lang='lat' dir='ltr'><strong>ideo</strong></span> <span class='ocrx_word' id='word_1_654' title='bbox 1313 4401 1438 4439; x_wconf 89' lang='lat' dir='ltr'><strong>cum</strong></span> <span class='ocrx_word' id='word_1_655' title='bbox 1469 4384 1714 4439; x_wconf 78' lang='lat' dir='ltr'><strong>Charitas</strong></span> <span class='ocrx_word' id='word_1_656' title='bbox 1742 4387 2041 4455; x_wconf 84' lang='lat' dir='ltr'><strong>amittitur,</strong></span> <span class='ocrx_word' id='word_1_657' title='bbox 2066 4373 2110 4398; x_wconf 75' lang='grc' dir='ltr'><strong>υ</strong></span> <span class='ocrx_word' id='word_1_658' title='bbox 2130 4385 2335 4440; x_wconf 90' lang='lat' dir='ltr'><strong>Christi</strong></span> <span class='ocrx_word' id='word_1_659' title='bbox 2366 4383 2611 4439; x_wconf 90' lang='lat' dir='ltr'><strong>Ecclesia</strong></span> <span class='ocrx_word' id='word_1_660' title='bbox 2633 4385 2761 4454; x_wconf 91' lang='lat' dir='ltr'><strong>jure</strong></span> <span class='ocrx_word' id='word_1_661' title='bbox 2791 4382 3048 4456; x_wconf 90' lang='lat' dir='ltr'><strong>deplorat</strong></span> <span class='ocrx_word' id='word_1_662' title='bbox 3083 4390 3316 4456; x_wconf 85' lang='lat' dir='ltr'><strong>peccata</strong></span> <span class='ocrx_word' id='word_1_663' title='bbox 3340 4381 3538 4456; x_wconf 89' lang='lat' dir='ltr'><strong>p0puli,</strong></span> <span class='ocrx_word' id='word_1_664' title='bbox 3561 4373 3680 4450; x_wconf 82' lang='lat' dir='ltr'><strong>quod</strong></span> 
     </span>
    </p>
   </div>
   <div class='ocr_carea' id='block_1_76' title="bbox 444 4472 3675 4549">
    <p class='ocr_par' dir='ltr' id='par_1_76' title="bbox 444 4472 3675 4549">
     <span class='ocr_line' id='line_1_76' title="bbox 444 4472 3675 4549; baseline -0.001 -16"><span class='ocrx_word' id='word_1_665' title='bbox 444 4478 675 4549; x_wconf 63' lang='lat' dir='ltr'><strong>relique</strong></span> <span class='ocrx_word' id='word_1_666' title='bbox 704 4477 937 4532; x_wconf 89' lang='lat' dir='ltr'><strong>virtutes</strong></span> <span class='ocrx_word' id='word_1_667' title='bbox 962 4481 1209 4531; x_wconf 90' lang='lat' dir='ltr'><strong>stercora</strong></span> <span class='ocrx_word' id='word_1_668' title='bbox 1240 4474 1661 4546; x_wconf 85' lang='lat' dir='ltr'><strong>amplexantur;</strong></span> <span class='ocrx_word' id='word_1_669' title='bbox 1693 4475 1789 4546; x_wconf 91' lang='lat' dir='ltr'><strong>qui</strong></span> <span class='ocrx_word' id='word_1_670' title='bbox 1814 4476 1882 4531; x_wconf 91' lang='lat' dir='ltr'><strong>de</strong></span> <span class='ocrx_word' id='word_1_671' title='bbox 1902 4476 2046 4532; x_wconf 93' lang='lat' dir='ltr'><strong>bono</strong></span> <span class='ocrx_word' id='word_1_672' title='bbox 2130 4475 2311 4545; x_wconf 89' lang='lat' dir='ltr'><strong>major</strong></span> <span class='ocrx_word' id='word_1_673' title='bbox 2331 4474 2526 4528; x_wconf 80' lang='lat' dir='ltr'><strong>eti‘ecta</strong></span> <span class='ocrx_word' id='word_1_674' title='bbox 2547 4472 2623 4527; x_wconf 89' lang='lat' dir='ltr'><strong>sit</strong></span> <span class='ocrx_word' id='word_1_675' title='bbox 2641 4472 2910 4544; x_wconf 86' lang='lat' dir='ltr'><strong>iniquitas</strong></span> <span class='ocrx_word' id='word_1_676' title='bbox 2931 4474 3052 4545; x_wconf 91' lang='lat' dir='ltr'><strong>ejus</strong></span> <span class='ocrx_word' id='word_1_677' title='bbox 3072 4478 3302 4546; x_wconf 91' lang='lat' dir='ltr'><strong>peccato</strong></span> <span class='ocrx_word' id='word_1_678' title='bbox 3323 4472 3675 4529; x_wconf 59' lang='lat' dir='ltr'><strong>Sodomorum.</strong></span> 
     </span>
    </p>
   </div>
   <div class='ocr_carea' id='block_1_77' title="bbox 448 4554 3679 4639">
    <p class='ocr_par' dir='ltr' id='par_1_77' title="bbox 448 4554 3679 4639">
     <span class='ocr_line' id='line_1_77' title="bbox 448 4554 3679 4639; baseline -0.003 -18"><span class='ocrx_word' id='word_1_679' title='bbox 448 4567 551 4621; x_wconf 91' lang='lat' dir='ltr'><strong>Dei</strong></span> <span class='ocrx_word' id='word_1_680' title='bbox 600 4572 656 4620; x_wconf 90' lang='lat' dir='ltr'><strong>et</strong></span> <span class='ocrx_word' id='word_1_681' title='bbox 682 4566 919 4639; x_wconf 85' lang='lat' dir='ltr'><strong>proximi</strong></span> <span class='ocrx_word' id='word_1_682' title='bbox 949 4566 1119 4621; x_wconf 91' lang='lat' dir='ltr'><strong>odore</strong></span> <span class='ocrx_word' id='word_1_683' title='bbox 1148 4564 1468 4620; x_wconf 90' lang='lat' dir='ltr'><strong>dilectionis</strong></span> <span class='ocrx_word' id='word_1_684' title='bbox 1498 4580 1625 4618; x_wconf 90' lang='lat' dir='ltr'><strong>mox</strong></span> <span class='ocrx_word' id='word_1_685' title='bbox 1652 4569 1950 4620; x_wconf 88' lang='lat' dir='ltr'><strong>transeunt</strong></span> <span class='ocrx_word' id='word_1_686' title='bbox 1987 4566 2046 4620; x_wconf 90' lang='lat' dir='ltr'><strong>in</strong></span> <span class='ocrx_word' id='word_1_687' title='bbox 2128 4563 2369 4618; x_wconf 88' lang='lat' dir='ltr'><strong>maxime</strong></span> <span class='ocrx_word' id='word_1_688' title='bbox 2412 4579 2561 4617; x_wconf 91' lang='lat' dir='ltr'><strong>nunc</strong></span> <span class='ocrx_word' id='word_1_689' title='bbox 2588 4562 2644 4616; x_wconf 95' lang='lat' dir='ltr'><strong>in</strong></span> <span class='ocrx_word' id='word_1_690' title='bbox 2674 4566 2950 4634; x_wconf 85' lang='lat' dir='ltr'><strong>tempore,</strong></span> <span class='ocrx_word' id='word_1_691' title='bbox 2982 4562 3205 4634; x_wconf 86' lang='lat' dir='ltr'><strong>quando</strong></span> <span class='ocrx_word' id='word_1_692' title='bbox 3236 4562 3374 4617; x_wconf 84' lang='lat' dir='ltr'><strong>ﬁdes</strong></span> <span class='ocrx_word' id='word_1_693' title='bbox 3417 4565 3471 4615; x_wconf 91' lang='lat' dir='ltr'><strong>et</strong></span> <span class='ocrx_word' id='word_1_694' title='bbox 3507 4554 3679 4612; x_wconf 77' lang='lat' dir='ltr'><strong>veritas</strong></span> 
     </span>
    </p>
   </div>
   <div class='ocr_carea' id='block_1_78' title="bbox 451 4651 3680 4727">
    <p class='ocr_par' dir='ltr' id='par_1_78' title="bbox 451 4651 3680 4727">
     <span class='ocr_line' id='line_1_78' title="bbox 451 4651 3680 4727; baseline -0.002 -18"><span class='ocrx_word' id='word_1_695' title='bbox 451 4655 683 4710; x_wconf 82' lang='lat' dir='ltr'><strong>fetorem</strong></span> <span class='ocrx_word' id='word_1_696' title='bbox 699 4657 1174 4726; x_wconf 89' lang='lat' dir='ltr'><strong>pravitatis.Unde</strong></span> <span class='ocrx_word' id='word_1_697' title='bbox 1190 4654 1428 4727; x_wconf 89' lang='lat' dir='ltr'><strong>angelus</strong></span> <span class='ocrx_word' id='word_1_698' title='bbox 1444 4654 1736 4726; x_wconf 66' lang='lat' dir='ltr'><strong>Ephesinaa</strong></span> <span class='ocrx_word' id='word_1_699' title='bbox 1753 4655 2040 4710; x_wconf 86' lang='lat' dir='ltr'><strong>Ecclesiae:</strong></span> <span class='ocrx_word' id='word_1_700' title='bbox 2129 4651 2372 4717; x_wconf 92' lang='lat' dir='ltr'><strong>recessit,</strong></span> <span class='ocrx_word' id='word_1_701' title='bbox 2382 4651 2604 4723; x_wconf 82' lang='lat' dir='ltr'><strong>quando</strong></span> <span class='ocrx_word' id='word_1_702' title='bbox 2629 4651 2919 4706; x_wconf 89' lang='lat' dir='ltr'><strong>humilitas</strong></span> <span class='ocrx_word' id='word_1_703' title='bbox 2949 4656 3005 4706; x_wconf 92' lang='lat' dir='ltr'><strong>et</strong></span> <span class='ocrx_word' id='word_1_704' title='bbox 3027 4651 3362 4723; x_wconf 85' lang='lat' dir='ltr'><strong>benignitas,</strong></span> <span class='ocrx_word' id='word_1_705' title='bbox 3379 4656 3534 4720; x_wconf 84' lang='lat' dir='ltr'><strong>atque</strong></span> <span class='ocrx_word' id='word_1_706' title='bbox 3564 4656 3680 4717; x_wconf 77' lang='lat' dir='ltr'><strong>pene</strong></span> 
     </span>
    </p>
   </div>
   <div class='ocr_carea' id='block_1_79' title="bbox 450 4739 3679 4814">
    <p class='ocr_par' dir='ltr' id='par_1_79' title="bbox 450 4739 3679 4814">
     <span class='ocr_line' id='line_1_79' title="bbox 450 4739 3679 4814; baseline -0.003 -16"><span class='ocrx_word' id='word_1_707' title='bbox 450 4744 646 4807; x_wconf 85' lang='lat' dir='ltr'><strong>Habeo,</strong></span> <span class='ocrx_word' id='word_1_708' title='bbox 676 4743 881 4814; x_wconf 92' lang='lat' dir='ltr'><strong>inquit,</strong></span> <span class='ocrx_word' id='word_1_709' title='bbox 912 4747 1204 4800; x_wconf 80' lang='lat' dir='ltr'><strong>adversum</strong></span> <span class='ocrx_word' id='word_1_710' title='bbox 1252 4750 1316 4809; x_wconf 89' lang='lat' dir='ltr'><strong>te,</strong></span> <span class='ocrx_word' id='word_1_711' title='bbox 1350 4745 1493 4814; x_wconf 88' lang='lat' dir='ltr'><strong>quod</strong></span> <span class='ocrx_word' id='word_1_712' title='bbox 1521 4744 1847 4798; x_wconf 83' lang='lat' dir='ltr'><strong>charitatem</strong></span> <span class='ocrx_word' id='word_1_713' title='bbox 1889 4748 2046 4796; x_wconf 87' lang='lat' dir='ltr'><strong>tuam</strong></span> <span class='ocrx_word' id='word_1_714' title='bbox 2128 4741 2312 4797; x_wconf 91' lang='lat' dir='ltr'><strong>omnis</strong></span> <span class='ocrx_word' id='word_1_715' title='bbox 2340 4740 2559 4794; x_wconf 88' lang='lat' dir='ltr'><strong>bonitas</strong></span> <span class='ocrx_word' id='word_1_716' title='bbox 2589 4739 2833 4808; x_wconf 86' lang='lat' dir='ltr'><strong>interiit;</strong></span> <span class='ocrx_word' id='word_1_717' title='bbox 2870 4740 3093 4811; x_wconf 90' lang='lat' dir='ltr'><strong>quando</strong></span> <span class='ocrx_word' id='word_1_718' title='bbox 3121 4741 3514 4796; x_wconf 90' lang='lat' dir='ltr'><strong>discordiarum</strong></span> <span class='ocrx_word' id='word_1_719' title='bbox 3540 4740 3679 4803; x_wconf 81' lang='lat' dir='ltr'><strong>atque</strong></span> 
     </span>
    </p>
   </div>
   <div class='ocr_carea' id='block_1_80' title="bbox 446 4822 3673 4902">
    <p class='ocr_par' dir='ltr' id='par_1_80' title="bbox 446 4822 3673 4902">
     <span class='ocr_line' id='line_1_80' title="bbox 446 4822 3673 4902; baseline -0.003 -17"><span class='ocrx_word' id='word_1_720' title='bbox 446 4832 700 4901; x_wconf 84' lang='lat' dir='ltr'><strong>primam</strong></span> <span class='ocrx_word' id='word_1_721' title='bbox 722 4835 1018 4900; x_wconf 80' lang='lat' dir='ltr'><strong>reliquisti.</strong></span> <span class='ocrx_word' id='word_1_722' title='bbox 1043 4835 1310 4888; x_wconf 79' lang='lat' dir='ltr'><strong>Memento</strong></span> <span class='ocrx_word' id='word_1_723' title='bbox 1332 4837 1512 4902; x_wconf 84' lang='lat' dir='ltr'><strong>igitur</strong></span> <span class='ocrx_word' id='word_1_724' title='bbox 1541 4834 1687 4887; x_wconf 84' lang='lat' dir='ltr'><strong>unde</strong></span> <span class='ocrx_word' id='word_1_725' title='bbox 1715 4833 2045 4900; x_wconf 79' lang='lat' dir='ltr'><strong>eecideris,et</strong></span> <span class='ocrx_word' id='word_1_726' title='bbox 2128 4828 2706 4901; x_wconf 88' lang='lat' dir='ltr'><strong>concupiscentiarum</strong></span> <span class='ocrx_word' id='word_1_727' title='bbox 2727 4828 2986 4885; x_wconf 90' lang='lat' dir='ltr'><strong>incendia</strong></span> <span class='ocrx_word' id='word_1_728' title='bbox 3006 4846 3232 4885; x_wconf 90' lang='lat' dir='ltr'><strong>omnem</strong></span> <span class='ocrx_word' id='word_1_729' title='bbox 3249 4831 3482 4901; x_wconf 86' lang='lat' dir='ltr'><strong>ﬂagrant</strong></span> <span class='ocrx_word' id='word_1_730' title='bbox 3497 4822 3673 4885; x_wconf 86' lang='lat' dir='ltr'><strong>orbem,</strong></span> 
     </span>
    </p>
   </div>
   <div class='ocr_carea' id='block_1_81' title="bbox 451 4907 3678 4991">
    <p class='ocr_par' dir='ltr' id='par_1_81' title="bbox 451 4907 3678 4991">
     <span class='ocr_line' id='line_1_81' title="bbox 451 4907 3678 4991; baseline -0.002 -20"><span class='ocrx_word' id='word_1_731' title='bbox 451 4935 551 4989; x_wconf 85' lang='lat' dir='ltr'><strong>age</strong></span> <span class='ocrx_word' id='word_1_732' title='bbox 574 4920 973 4988; x_wconf 71' lang='lat' dir='ltr'><strong>panitentiam.</strong></span> <span class='ocrx_word' id='word_1_733' title='bbox 1008 4922 1074 4974; x_wconf 86' lang='lat' dir='ltr'><strong>Et</strong></span> <span class='ocrx_word' id='word_1_734' title='bbox 1103 4925 1299 4990; x_wconf 86' lang='lat' dir='ltr'><strong>priora</strong></span> <span class='ocrx_word' id='word_1_735' title='bbox 1326 4939 1487 4991; x_wconf 81' lang='lat' dir='ltr'><strong>opera</strong></span> <span class='ocrx_word' id='word_1_736' title='bbox 1534 4927 1630 4977; x_wconf 88' lang='lat' dir='ltr'><strong>tua</strong></span> <span class='ocrx_word' id='word_1_737' title='bbox 1658 4923 1765 4989; x_wconf 83' lang='lat' dir='ltr'><strong>fac,</strong></span> <span class='ocrx_word' id='word_1_738' title='bbox 1800 4923 2047 4975; x_wconf 77' lang='lat' dir='ltr'><strong>videlicet</strong></span> <span class='ocrx_word' id='word_1_739' title='bbox 2129 4935 2408 4990; x_wconf 89' lang='lat' dir='ltr'><strong>voraxque</strong></span> <span class='ocrx_word' id='word_1_740' title='bbox 2428 4920 2655 4972; x_wconf 87' lang='lat' dir='ltr'><strong>ﬂamma</strong></span> <span class='ocrx_word' id='word_1_741' title='bbox 2670 4917 2889 4973; x_wconf 65' lang='lat' dir='ltr'><strong>invidiae</strong></span> <span class='ocrx_word' id='word_1_742' title='bbox 2909 4907 3678 4991; x_wconf 79' lang='lat' dir='ltr'><strong>atqueinsidiarum,consumit</strong></span> 
     </span>
    </p>
   </div>
   <div class='ocr_carea' id='block_1_82' title="bbox 453 5008 2046 5078">
    <p class='ocr_par' dir='ltr' id='par_1_82' title="bbox 453 5008 2046 5078">
     <span class='ocr_line' id='line_1_82' title="bbox 453 5008 2046 5078; baseline 0.001 -15"><span class='ocrx_word' id='word_1_743' title='bbox 453 5023 616 5078; x_wconf 84' lang='lat' dir='ltr'><strong>opera</strong></span> <span class='ocrx_word' id='word_1_744' title='bbox 630 5011 786 5061; x_wconf 74' lang='lat' dir='ltr'><strong>easta:</strong></span> <span class='ocrx_word' id='word_1_745' title='bbox 794 5008 1246 5075; x_wconf 78' lang='lat' dir='ltr'><strong>dilectionis,sine</strong></span> <span class='ocrx_word' id='word_1_746' title='bbox 1259 5025 1369 5078; x_wconf 85' lang='lat' dir='ltr'><strong>qua</strong></span> <span class='ocrx_word' id='word_1_747' title='bbox 1383 5013 1545 5064; x_wconf 80' lang='lat' dir='ltr'><strong>nulla</strong></span> <span class='ocrx_word' id='word_1_748' title='bbox 1564 5013 1851 5065; x_wconf 86' lang='lat' dir='ltr'><strong>invenitur</strong></span> <span class='ocrx_word' id='word_1_749' title='bbox 1864 5013 2046 5064; x_wconf 83' lang='lat' dir='ltr'><strong>virtus</strong></span> 
     </span>
    </p>
   </div>
   <div class='ocr_carea' id='block_1_83' title="bbox 454 5096 2040 5165">
    <p class='ocr_par' dir='ltr' id='par_1_83' title="bbox 454 5096 2040 5165">
     <span class='ocr_line' id='line_1_83' title="bbox 454 5096 2040 5165; baseline 0.001 -13"><span class='ocrx_word' id='word_1_750' title='bbox 454 5099 583 5153; x_wconf 86' lang='lat' dir='ltr'><strong>boni</strong></span> <span class='ocrx_word' id='word_1_751' title='bbox 608 5098 789 5151; x_wconf 79' lang='lat' dir='ltr'><strong>odoris</strong></span> <span class='ocrx_word' id='word_1_752' title='bbox 814 5097 990 5165; x_wconf 83' lang='lat' dir='ltr'><strong>(Apoc.</strong></span> <span class='ocrx_word' id='word_1_753' title='bbox 1026 5097 1273 5165; x_wconf 87' lang='lat' dir='ltr'><strong>II).Quod</strong></span> <span class='ocrx_word' id='word_1_754' title='bbox 1305 5096 1446 5152; x_wconf 91' lang='lat' dir='ltr'><strong>bene</strong></span> <span class='ocrx_word' id='word_1_755' title='bbox 1479 5099 1686 5154; x_wconf 89' lang='lat' dir='ltr'><strong>Paulus</strong></span> <span class='ocrx_word' id='word_1_756' title='bbox 1708 5104 2040 5154; x_wconf 89' lang='lat' dir='ltr'><strong>enumerat:</strong></span> 
     </span>
    </p>
   </div>
   <div class='ocr_carea' id='block_1_84' title="bbox 454 5184 2046 5259">
    <p class='ocr_par' dir='ltr' id='par_1_84' title="bbox 454 5184 2046 5259">
     <span class='ocr_line' id='line_1_84' title="bbox 454 5184 2046 5259; baseline 0.001 -16"><span class='ocrx_word' id='word_1_757' title='bbox 454 5186 536 5243; x_wconf 93' lang='lat' dir='ltr'><strong>ita</strong></span> <span class='ocrx_word' id='word_1_758' title='bbox 564 5191 629 5241; x_wconf 91' lang='lat' dir='ltr'><strong>ut</strong></span> <span class='ocrx_word' id='word_1_759' title='bbox 657 5185 928 5259; x_wconf 92' lang='lat' dir='ltr'><strong>quidquid</strong></span> <span class='ocrx_word' id='word_1_760' title='bbox 946 5184 1166 5240; x_wconf 85' lang='lat' dir='ltr'><strong>virtutis</strong></span> <span class='ocrx_word' id='word_1_761' title='bbox 1185 5203 1467 5241; x_wconf 84' lang='lat' dir='ltr'><strong>summum</strong></span> <span class='ocrx_word' id='word_1_762' title='bbox 1487 5188 1885 5256; x_wconf 90' lang='lat' dir='ltr'><strong>videatur,sine</strong></span> <span class='ocrx_word' id='word_1_763' title='bbox 1912 5189 2046 5244; x_wconf 86' lang='lat' dir='ltr'><strong>cha-</strong></span> 
     </span>
    </p>
   </div>
   <div class='ocr_carea' id='block_1_85' title="bbox 454 5266 2046 5348">
    <p class='ocr_par' dir='ltr' id='par_1_85' title="bbox 454 5266 2046 5348">
     <span class='ocr_line' id='line_1_85' title="bbox 454 5266 2046 5348; baseline 0.001 -17"><span class='ocrx_word' id='word_1_764' title='bbox 454 5276 624 5332; x_wconf 89' lang='lat' dir='ltr'><strong>ritate</strong></span> <span class='ocrx_word' id='word_1_765' title='bbox 656 5275 882 5347; x_wconf 92' lang='lat' dir='ltr'><strong>quidem</strong></span> <span class='ocrx_word' id='word_1_766' title='bbox 907 5273 1047 5328; x_wconf 86' lang='lat' dir='ltr'><strong>nihil</strong></span> <span class='ocrx_word' id='word_1_767' title='bbox 1075 5266 1341 5346; x_wconf 80' lang='lat' dir='ltr'><strong>prodesse</strong></span> <span class='ocrx_word' id='word_1_768' title='bbox 1356 5276 1864 5348; x_wconf 89' lang='lat' dir='ltr'><strong>possit.Propterea</strong></span> <span class='ocrx_word' id='word_1_769' title='bbox 1878 5278 2046 5333; x_wconf 90' lang='lat' dir='ltr'><strong>etiam</strong></span> 
     </span>
    </p>
   </div>
   <div class='ocr_carea' id='block_1_86' title="bbox 455 5364 2045 5438">
    <p class='ocr_par' dir='ltr' id='par_1_86' title="bbox 455 5364 2045 5438">
     <span class='ocr_line' id='line_1_86' title="bbox 455 5364 2045 5438; baseline 0 -17"><span class='ocrx_word' id='word_1_770' title='bbox 455 5366 591 5438; x_wconf 64' lang='lat' dir='ltr'><strong>ipsa;</strong></span> <span class='ocrx_word' id='word_1_771' title='bbox 646 5364 882 5420; x_wconf 85' lang='lat' dir='ltr'><strong>virtutes</strong></span> <span class='ocrx_word' id='word_1_772' title='bbox 938 5381 1192 5436; x_wconf 90' lang='lat' dir='ltr'><strong>operum,</strong></span> <span class='ocrx_word' id='word_1_773' title='bbox 1226 5380 1351 5435; x_wconf 76' lang='lat' dir='ltr'><strong>quae</strong></span> <span class='ocrx_word' id='word_1_774' title='bbox 1400 5365 1520 5419; x_wconf 89' lang='lat' dir='ltr'><strong>sine</strong></span> <span class='ocrx_word' id='word_1_775' title='bbox 1563 5366 1860 5421; x_wconf 89' lang='lat' dir='ltr'><strong>dilectione</strong></span> <span class='ocrx_word' id='word_1_776' title='bbox 1884 5369 2045 5433; x_wconf 86' lang='lat' dir='ltr'><strong>ﬁunt,</strong></span> 
     </span>
    </p>
   </div>
   <div class='ocr_carea' id='block_1_87' title="bbox 455 5452 2050 5527">
    <p class='ocr_par' dir='ltr' id='par_1_87' title="bbox 455 5452 2050 5527">
     <span class='ocr_line' id='line_1_87' title="bbox 455 5452 2050 5527; baseline 0 -15"><span class='ocrx_word' id='word_1_777' title='bbox 455 5461 607 5512; x_wconf 88' lang='lat' dir='ltr'><strong>recte</strong></span> <span class='ocrx_word' id='word_1_778' title='bbox 639 5455 1001 5527; x_wconf 89' lang='lat' dir='ltr'><strong>planguntur,</strong></span> <span class='ocrx_word' id='word_1_779' title='bbox 1036 5454 1183 5527; x_wconf 91' lang='lat' dir='ltr'><strong>quod</strong></span> <span class='ocrx_word' id='word_1_780' title='bbox 1215 5452 1454 5526; x_wconf 89' lang='lat' dir='ltr'><strong>amplexi</strong></span> <span class='ocrx_word' id='word_1_781' title='bbox 1483 5454 1598 5509; x_wconf 89' lang='lat' dir='ltr'><strong>sint</strong></span> <span class='ocrx_word' id='word_1_782' title='bbox 1625 5461 1891 5523; x_wconf 89' lang='lat' dir='ltr'><strong>stercora,</strong></span> <span class='ocrx_word' id='word_1_783' title='bbox 1915 5457 2050 5512; x_wconf 89' lang='lat' dir='ltr'><strong>dum</strong></span> 
     </span>
    </p>
   </div>
   <div class='ocr_carea' id='block_1_88' title="bbox 458 5542 2050 5619">
    <p class='ocr_par' dir='ltr' id='par_1_88' title="bbox 458 5542 2050 5619">
     <span class='ocr_line' id='line_1_88' title="bbox 458 5542 2050 5619; baseline -0.001 -16"><span class='ocrx_word' id='word_1_784' title='bbox 458 5545 579 5603; x_wconf 88' lang='lat' dir='ltr'><strong>sine</strong></span> <span class='ocrx_word' id='word_1_785' title='bbox 608 5544 734 5619; x_wconf 87' lang='lat' dir='ltr'><strong>ipsa</strong></span> <span class='ocrx_word' id='word_1_786' title='bbox 760 5544 1029 5602; x_wconf 89' lang='lat' dir='ltr'><strong>amittunt</strong></span> <span class='ocrx_word' id='word_1_787' title='bbox 1065 5542 1433 5618; x_wconf 83' lang='lat' dir='ltr'><strong>tragrantiam</strong></span> <span class='ocrx_word' id='word_1_788' title='bbox 1462 5542 1594 5600; x_wconf 90' lang='lat' dir='ltr'><strong>boni</strong></span> <span class='ocrx_word' id='word_1_789' title='bbox 1634 5544 1838 5613; x_wconf 87' lang='lat' dir='ltr'><strong>odoris,</strong></span> <span class='ocrx_word' id='word_1_790' title='bbox 1876 5550 1932 5600; x_wconf 89' lang='lat' dir='ltr'><strong>et</strong></span> <span class='ocrx_word' id='word_1_791' title='bbox 1960 5564 2050 5602; x_wconf 88' lang='lat' dir='ltr'><strong>ve-</strong></span> 
     </span>
    </p>
   </div>
   <div class='ocr_carea' id='block_1_89' title="bbox 2129 4996 3741 5078">
    <p class='ocr_par' dir='ltr' id='par_1_89' title="bbox 2129 4996 3741 5078">
     <span class='ocr_line' id='line_1_89' title="bbox 2129 4996 3741 5078; baseline -0.01 -14"><span class='ocrx_word' id='word_1_792' title='bbox 2129 5009 2437 5071; x_wconf 89' lang='lat' dir='ltr'><strong>universos,</strong></span> <span class='ocrx_word' id='word_1_793' title='bbox 2471 5005 2697 5078; x_wconf 89' lang='lat' dir='ltr'><strong>quando</strong></span> <span class='ocrx_word' id='word_1_794' title='bbox 2722 5006 2938 5078; x_wconf 87' lang='lat' dir='ltr'><strong>rapinis</strong></span> <span class='ocrx_word' id='word_1_795' title='bbox 2964 5012 3021 5061; x_wconf 91' lang='lat' dir='ltr'><strong>et</strong></span> <span class='ocrx_word' id='word_1_796' title='bbox 3053 5007 3360 5074; x_wconf 88' lang='lat' dir='ltr'><strong>fraudibus,</strong></span> <span class='ocrx_word' id='word_1_797' title='bbox 3389 4999 3577 5060; x_wconf 87' lang='lat' dir='ltr'><strong>Christi</strong></span> <span class='ocrx_word' id='word_1_798' title='bbox 3603 4996 3678 5051; x_wconf 61' lang='lat' dir='ltr'><strong>de</strong></span> <span class='ocrx_word' id='word_1_799' title='bbox 3734 5008 3741 5013; x_wconf 82' lang='lat'>‘</span> 
     </span>
    </p>
   </div>
   <div class='ocr_carea' id='block_1_90' title="bbox 2127 5095 3672 5172">
    <p class='ocr_par' dir='ltr' id='par_1_90' title="bbox 2127 5095 3672 5172">
     <span class='ocr_line' id='line_1_90' title="bbox 2127 5095 3672 5172; baseline -0.005 -20"><span class='ocrx_word' id='word_1_800' title='bbox 2127 5099 2382 5172; x_wconf 90' lang='lat' dir='ltr'><strong>ploratur</strong></span> <span class='ocrx_word' id='word_1_801' title='bbox 2425 5095 2687 5162; x_wconf 91' lang='lat' dir='ltr'><strong>Ecclesia,</strong></span> <span class='ocrx_word' id='word_1_802' title='bbox 2742 5101 3076 5151; x_wconf 81' lang='lat' dir='ltr'><strong>exossantur</strong></span> <span class='ocrx_word' id='word_1_803' title='bbox 3126 5112 3431 5169; x_wconf 85' lang='lat' dir='ltr'><strong>pauperes;</strong></span> <span class='ocrx_word' id='word_1_804' title='bbox 3477 5096 3529 5146; x_wconf 91' lang='lat' dir='ltr'><strong>et</strong></span> <span class='ocrx_word' id='word_1_805' title='bbox 3555 5097 3672 5161; x_wconf 80' lang='lat' dir='ltr'><strong>pene</strong></span> 
     </span>
    </p>
   </div>
   <div class='ocr_carea' id='block_1_91' title="bbox 2123 5176 3673 5262">
    <p class='ocr_par' dir='ltr' id='par_1_91' title="bbox 2123 5176 3673 5262">
     <span class='ocr_line' id='line_1_91' title="bbox 2123 5176 3673 5262; baseline -0.008 -19"><span class='ocrx_word' id='word_1_806' title='bbox 2123 5191 2245 5262; x_wconf 89' lang='lat' dir='ltr'><strong>jam</strong></span> <span class='ocrx_word' id='word_1_807' title='bbox 2274 5191 2469 5242; x_wconf 88' lang='lat' dir='ltr'><strong>noster</strong></span> <span class='ocrx_word' id='word_1_808' title='bbox 2496 5185 2648 5240; x_wconf 89' lang='lat' dir='ltr'><strong>orbis</strong></span> <span class='ocrx_word' id='word_1_809' title='bbox 2676 5185 2921 5240; x_wconf 91' lang='lat' dir='ltr'><strong>incultus</strong></span> <span class='ocrx_word' id='word_1_810' title='bbox 2959 5187 3112 5258; x_wconf 90' lang='lat' dir='ltr'><strong>jacet</strong></span> <span class='ocrx_word' id='word_1_811' title='bbox 3139 5205 3152 5254; x_wconf 90' lang='lat'><strong>;</strong></span> <span class='ocrx_word' id='word_1_812' title='bbox 3204 5184 3421 5259; x_wconf 88' lang='lat' dir='ltr'><strong>quando</strong></span> <span class='ocrx_word' id='word_1_813' title='bbox 3463 5176 3673 5235; x_wconf 86' lang='lat' dir='ltr'><strong>omnium</strong></span> 
     </span>
    </p>
   </div>
   <div class='ocr_carea' id='block_1_92' title="bbox 2129 5262 3673 5349">
    <p class='ocr_par' dir='ltr' id='par_1_92' title="bbox 2129 5262 3673 5349">
     <span class='ocr_line' id='line_1_92' title="bbox 2129 5262 3673 5349; baseline -0.011 -17"><span class='ocrx_word' id='word_1_814' title='bbox 2129 5278 2319 5349; x_wconf 90' lang='lat' dir='ltr'><strong>legum</strong></span> <span class='ocrx_word' id='word_1_815' title='bbox 2350 5274 2631 5329; x_wconf 90' lang='lat' dir='ltr'><strong>violantur</strong></span> <span class='ocrx_word' id='word_1_816' title='bbox 2639 5275 2788 5345; x_wconf 87' lang='lat' dir='ltr'><strong>jura,</strong></span> <span class='ocrx_word' id='word_1_817' title='bbox 2805 5279 2864 5329; x_wconf 90' lang='lat' dir='ltr'><strong>et</strong></span> <span class='ocrx_word' id='word_1_818' title='bbox 2879 5274 3049 5330; x_wconf 92' lang='lat' dir='ltr'><strong>simul</strong></span> <span class='ocrx_word' id='word_1_819' title='bbox 3077 5275 3325 5331; x_wconf 87' lang='lat' dir='ltr'><strong>humana</strong></span> <span class='ocrx_word' id='word_1_820' title='bbox 3346 5278 3502 5343; x_wconf 88' lang='lat' dir='ltr'><strong>atque</strong></span> <span class='ocrx_word' id='word_1_821' title='bbox 3517 5262 3673 5320; x_wconf 78' lang='lat' dir='ltr'><strong>divina</strong></span> 
     </span>
    </p>
   </div>
   <div class='ocr_carea' id='block_1_93' title="bbox 2131 5352 3669 5437">
    <p class='ocr_par' dir='ltr' id='par_1_93' title="bbox 2131 5352 3669 5437">
     <span class='ocr_line' id='line_1_93' title="bbox 2131 5352 3669 5437; baseline -0.007 -13"><span class='ocrx_word' id='word_1_822' title='bbox 2131 5370 2510 5431; x_wconf 87' lang='lat' dir='ltr'><strong>temerantur;</strong></span> <span class='ocrx_word' id='word_1_823' title='bbox 2537 5363 2759 5435; x_wconf 86' lang='lat' dir='ltr'><strong>quando</strong></span> <span class='ocrx_word' id='word_1_824' title='bbox 2781 5363 2863 5419; x_wconf 84' lang='lat' dir='ltr'><strong>fas</strong></span> <span class='ocrx_word' id='word_1_825' title='bbox 2874 5364 3143 5437; x_wconf 90' lang='lat' dir='ltr'><strong>nefasque</strong></span> <span class='ocrx_word' id='word_1_826' title='bbox 3159 5364 3325 5420; x_wconf 90' lang='lat' dir='ltr'><strong>simul</strong></span> <span class='ocrx_word' id='word_1_827' title='bbox 3339 5352 3669 5418; x_wconf 71' lang='lat' dir='ltr'><strong>confunditur;</strong></span> 
     </span>
    </p>
   </div>
   <div class='ocr_carea' id='block_1_94' title="bbox 2133 5441 3673 5536">
    <p class='ocr_par' dir='ltr' id='par_1_94' title="bbox 2133 5441 3673 5536">
     <span class='ocr_line' id='line_1_94' title="bbox 2133 5441 3673 5536; baseline -0.003 -28"><span class='ocrx_word' id='word_1_828' title='bbox 2133 5453 2356 5527; x_wconf 88' lang='lat' dir='ltr'><strong>quando</strong></span> <span class='ocrx_word' id='word_1_829' title='bbox 2384 5451 2478 5508; x_wconf 91' lang='lat' dir='ltr'><strong>ubi</strong></span> <span class='ocrx_word' id='word_1_830' title='bbox 2507 5451 2595 5506; x_wconf 88' lang='lat' dir='ltr'><strong>vel</strong></span> <span class='ocrx_word' id='word_1_831' title='bbox 2623 5451 2718 5506; x_wconf 90' lang='lat' dir='ltr'><strong>ubi</strong></span> <span class='ocrx_word' id='word_1_832' title='bbox 2748 5468 2855 5525; x_wconf 87' lang='lat' dir='ltr'><strong>pax</strong></span> <span class='ocrx_word' id='word_1_833' title='bbox 2881 5453 3036 5508; x_wconf 89' lang='lat' dir='ltr'><strong>nulla</strong></span> <span class='ocrx_word' id='word_1_834' title='bbox 3065 5470 3246 5528; x_wconf 91' lang='lat' dir='ltr'><strong>neque</strong></span> <span class='ocrx_word' id='word_1_835' title='bbox 3272 5449 3419 5522; x_wconf 87' lang='lat' dir='ltr'><strong>regio</strong></span> <span class='ocrx_word' id='word_1_836' title='bbox 3443 5441 3673 5536; x_wconf 80' lang='lat' dir='ltr'><strong>ulla</strong></span> 
     </span>
    </p>
   </div>
   <div class='ocr_carea' id='block_1_95' title="bbox 2132 5528 3670 5619">
    <p class='ocr_par' dir='ltr' id='par_1_95' title="bbox 2132 5528 3670 5619">
     <span class='ocr_line' id='line_1_95' title="bbox 2132 5528 3670 5619; baseline -0.021 1"><span class='ocrx_word' id='word_1_837' title='bbox 2132 5562 2237 5619; x_wconf 65' lang='grc' dir='ltr'><strong>ενδ</strong></span> <span class='ocrx_word' id='word_1_838' title='bbox 2272 5547 2517 5616; x_wconf 64' lang='grc'><strong>1491</strong></span> <span class='ocrx_word' id='word_1_839' title='bbox 2547 5546 2840 5614; x_wconf 76' lang='lat' dir='ltr'><strong>servatur;</strong></span> <span class='ocrx_word' id='word_1_840' title='bbox 2874 5543 3097 5617; x_wconf 88' lang='lat' dir='ltr'><strong>quando</strong></span> <span class='ocrx_word' id='word_1_841' title='bbox 3125 5543 3445 5617; x_wconf 87' lang='lat' dir='ltr'><strong>abjurantur</strong></span> <span class='ocrx_word' id='word_1_842' title='bbox 3469 5528 3670 5591; x_wconf 74' lang='lat' dir='ltr'><strong>nominis</strong></span> 
     </span>
    </p>
   </div>
  </div>
