3960 6168
292 309 432 368 1213

959 313 1340 370 EXPOSITIO
1382 317 1456 371 IN
1497 319 2101 376 LAMENTATIONES
2140 319 2484 375 JEREMIIE.
2529 349 2591 359 —
2634 319 2770 374 LIB.
2811 319 2904 373 IV.

3427 317 3559 380 1214

290 436 908 508 consanguinitatisque
929 442 986 492 et
1015 438 1144 493 fidei
1171 441 1380 495 foedera
1404 461 1416 509 ;
1442 445 1665 513 quando
1693 445 1887 500 levitas
1904 448 1954 506 A
1971 445 2286 511 virtutibus,
2328 461 2498 517 quam
2524 445 2694 500 etiam
2738 445 2974 501 interius
3012 447 3226 501 occulte
3275 446 3423 501 vitiis
3468 464 3558 503 re-

292 526 486 580 omnia
531 531 733 590 tentet,
784 532 841 580 et
891 527 1232 584 conscientia
1279 529 1408 584 boni
1453 533 1608 587 nulla
1651 543 1888 602 manet;

293 615 520 685 quando
549 615 734 668 cuncti
763 614 1143 685 obloquuntur
1169 635 1291 688 quae
1320 621 1558 693 agimus,
1580 624 1668 678 vix
1691 625 1892 695 aliquis

290 709 445 757 recte
475 703 626 756 vivit.
674 704 946 758 Intestino
979 705 1352 777 depopulatur
1378 711 1563 779 patria
1588 711 1764 780 bello;
1799 715 1894 768 ho-

292 792 409 846 stili
438 793 567 846 hinc
594 792 724 846 inde
753 793 996 847 exterius
1039 794 1274 852 ferimur
1301 798 1489 868 gladio
1515 819 1526 867 ;
1562 817 1664 855 nec
1697 803 1777 856 sic
1807 808 1892 857 ta—

291 897 428 935 men
448 880 690 935 habendi
721 887 889 952 atque
917 883 1242 954 acquirendi
1273 904 1398 941 cum
1422 890 1574 943 omni
1606 891 1892 949 molimine

292 971 410 1026 doli
459 970 698 1024 habetur
741 971 902 1039 ﬁnis;
957 974 1220 1042 quoniam
1254 977 1422 1031 veluti
1454 980 1757 1035 vulcanalis
1786 984 1894 1038 olla

293 1058 415 1114 suis
444 1075 713 1113 succensa
741 1059 1033 1127 incendiis,
1057 1079 1214 1135 aeque
1241 1065 1484 1120 virorum
1509 1074 1566 1122 et
1594 1070 1894 1126 mulierum

290 1148 465 1203 corda
508 1149 892 1216 ﬂammantur,
940 1157 998 1205 et
1037 1169 1176 1222 pene
1217 1159 1352 1209 tetas
1397 1157 1552 1211 nulla
1597 1157 1895 1230 nullusque

290 1237 431 1291 ordo
464 1237 756 1308 excipitur.
781 1239 888 1292 Pro
917 1239 1118 1309 quibus
1147 1248 1204 1296 et
1234 1243 1553 1314 hujusmodi
1583 1249 1745 1303 malis
1763 1251 1892 1320 jure

288 1325 512 1396 plangit
543 1327 808 1390 Ecclesia,
845 1328 956 1382 imo
986 1346 1172 1384 sermo
1201 1334 1558 1404 prOpheticus
1586 1355 1596 1390 :
1624 1340 1889 1408 quoniam

289 1419 350 1468 et
370 1414 467 1468 illa
486 1414 689 1486 quibus
715 1417 1020 1472 damnatur
1042 1420 1300 1487 Sodoma,
1327 1423 1684 1482 crebrescunt
1709 1430 1888 1495 mala;

291 1508 350 1558 et
381 1503 493 1556 alia
519 1520 689 1574 quam
717 1506 882 1575 plura
911 1508 1160 1577 quotidie
1186 1517 1311 1581 post
1337 1511 1634 1568 innumera
1665 1517 1765 1572 Dei
1795 1517 1892 1572 be-

289 1592 494 1646 neﬁcia
521 1599 718 1648 contra
745 1595 922 1649 Deum
949 1598 1372 1655 committimus.
1391 1581 1691 1674 PrOpterea
1719 1607 1894 1677 igitur

292 1687 352 1735 et
388 1682 572 1751 major
617 1683 885 1754 iniquitas
941 1692 1134 1740 nostra
1182 1695 1330 1743 recte
1376 1691 1678 1762 plangitur,
1723 1714 1890 1768 quam

1976 535 2125 606 pleta
2152 535 2222 588 ad
2255 535 2366 588 ima
2393 540 2801 588 tormentorum
2828 535 3078 605 quotidie
3107 535 3266 605 quasi
3295 536 3566 590 mundata

1976 630 2033 677 et
2057 630 2273 689 ornata,
2297 624 2659 693 demergitur.
2685 625 2986 694 Propterea
3011 630 3068 678 et
3094 625 3274 694 major
3299 623 3566 694 iniquitas

1975 713 2166 783 populi
2205 714 2346 782 ejus,
2388 718 2613 767 actuum
2660 713 2914 767 videlicet
2962 718 3019 767 et
3055 730 3307 784 operum,
3340 717 3568 784 peccato

1977 802 2345 856 Sodomorum
2369 803 2720 873 praedicatur,
2747 819 2869 873 quae
2891 819 3089 856 manus
3111 819 3222 856 non
3247 803 3477 857 miserat
3497 801 3567 855 ad

1974 890 2218 944 fructum
2248 890 2378 944 boni
2409 891 2617 962 operis;
2650 896 2713 944 ut
2745 891 3159 961 hypocritarum
3183 891 3419 944 societas
3445 905 3569 961 qua

1979 979 2170 1033 multis
2198 981 2462 1034 decorata
2501 981 2720 1034 videtur
2749 979 3027 1050 operibus,
3061 980 3158 1033 sed
3198 978 3568 1050 iniquioribus

1976 1067 2162 1122 illecta
2189 1069 2354 1134 vitiis,
2403 1086 2570 1140 quam
2601 1069 2696 1139 qui
2744 1069 2801 1122 in
2847 1074 3040 1140 aperto
3087 1068 3266 1122 teneri
3311 1068 3572 1122 videntur

1976 1163 2332 1228 peccatorum
2356 1158 2705 1212 criminibus.
2728 1159 3033 1228 Propterea
3061 1158 3314 1228 sequitur
3337 1172 3350 1211 :

2699 1315 2844 1354 ZAIN.

2048 1436 2405 1490 Candidiores
2450 1436 2709 1489 Nazara'i
2737 1438 2853 1502 ejus
2894 1437 3035 1498 nire,
3081 1435 3371 1487 nitidiores
3411 1435 3564 1498 tacte,

1977 1525 2398 1578 rubicundiores
2437 1525 2588 1577 ebore
2629 1526 2880 1591 antiquo,
2915 1524 3170 1591 sapphiro
3207 1522 3566 1589 pulchriores.

1977 1613 2340 1667 Pulchritudo
2364 1614 2783 1666 Nazarenorum
2815 1611 3120 1665 secundum
3150 1611 3397 1664 litteram
3424 1619 3573 1662 recte

1974 1702 2329 1768 describitur,
2359 1703 2582 1773 quando
2607 1702 2816 1756 candor
2843 1699 3196 1754 abstinentiae
3227 1706 3282 1754 et
3311 1703 3574 1754 venustas

293 1786 493 1824 eorum
515 1771 610 1861 qui
631 1788 743 1826 non
763 1781 1053 1844 cmperunt
1075 1776 1132 1830 in
1154 1778 1263 1832 ﬁde
1285 1779 1495 1835 Christi
1518 1784 1728 1854 aliquid
1759 1786 1884 1842 boni
1908 1803 1954 1861 Β
1975 1791 2160 1844 vultus
2181 1771 2394 1856 eorum,
2419 1790 2652 1844 nitidius
2673 1790 2814 1843 lacte
2835 1790 3109 1843 candebat
3130 1789 3260 1842 olim
3285 1789 3342 1842 in
3364 1788 3571 1859 populo

291 1875 482 1930 agere.
527 1860 669 1914 Hinc
697 1866 754 1915 et
798 1865 1070 1935 supplicia
1094 1867 1555 1936 pertimescamus
1592 1877 1888 1947 atrociora,

293 1965 468 2019 quam
502 1951 622 2020 ejus
663 1950 839 2018 fuere,
890 1970 1010 2024 quae
1055 1955 1320 2011 subversa
1367 1966 1451 2016 est
1487 1962 1543 2015 in
1586 1972 1888 2022 momento.

296 2037 754 2094 Momentaneum
785 2058 1027 2114 namque
1057 2050 1140 2098 est
1171 2063 1336 2102 omne
1366 2051 1510 2120 quod
1545 2053 1803 2120 vivimus;
1837 2063 1894 2111 et

293 2126 423 2181 ideo
467 2130 744 2198 peccando
774 2132 1042 2200 quotidie,
1080 2137 1238 2205 quasi
1277 2137 1335 2191 in
1365 2149 1649 2197 momento
1679 2145 1753 2197 ad
1783 2163 1894 2216 poe-

293 2233 431 2272 nam
453 2217 848 2275 subvertimur.
872 2221 1147 2278 Fortassis
1167 2242 1299 2295 ergo
1321 2228 1415 2282 illa
1431 2247 1532 2300 pro
1561 2233 1678 2286 suis
1705 2234 1776 2287 ad
1805 2236 1892 2290 in-

295 2305 444 2360 feros
471 2307 678 2362 leviora
708 2310 886 2380 culpis
915 2313 1184 2383 supplicia
1209 2317 1342 2370 tulit
1367 2337 1377 2381 ;
1422 2336 1522 2374 nos
1551 2339 1581 2376 e
1613 2327 1893 2381 contrario

296 2396 396 2466 qui
425 2412 658 2485 manum
685 2399 755 2452 ad
799 2400 988 2466 ﬁdem,
1016 2408 1072 2456 et
1116 2411 1242 2459 vota
1272 2405 1503 2463 fecimus
1543 2413 1737 2478 multa,
1773 2432 1895 2485 pec-

293 2483 478 2575 cando
500 2486 768 2575 quotidie,
785 2489 1064 2570 deteriora
1083 2510 1388 2557 meremur,
1401 2499 1565 2568 juxta
1583 2483 1895 2575 quodApo-

294 2573 475 2628 stolus
502 2574 585 2628 ait
615 2593 626 2626 :
655 2578 741 2630 An
775 2582 945 2633 nescis
969 2581 1128 2635 homo
1156 2587 1290 2651 quia
1331 2590 1662 2654 patientiam
1699 2573 1894 2648 Dei—ad

292 2667 677 2732 paenitentiam
701 2670 747 2718 te
766 2668 989 2722 adducit
1009 2675 1032 2722 ?
1067 2672 1424 2729 Thesaurizas
1444 2681 1590 2731 enim
1622 2683 1724 2734 tibi
1745 2685 1891 2737 iram

294 2753 360 2805 in
389 2753 476 2804 die
506 2755 620 2816 irae,
659 2759 707 2807 et
737 2759 1084 2812 reuelationis
1101 2765 1249 2827 justi
1265 2766 1477 2830 j-udieii
1494 2769 1593 2821 Dei
1610 2767 1782 2837 (Rom.
1812 2773 1890 2839 η).

295 2840 407 2894 Sed
438 2846 495 2894 et
524 2843 814 2898 moraliter
833 2861 1025 2901 eorum
1053 2849 1398 2920 planguntur
1419 2871 1638 2910 morum
1658 2860 1888 2924 scelera,

293 2929 394 3000 qui
411 2929 482 2982 ad
505 2930 844 3001 hypocrisim
866 2934 1148 3004 labuntur,
1174 2941 1437 3009 quoniam
1455 2946 1638 3014 major
1655 2946 1894 3003 efficitur

291 3017 568 3088 iniquitas
629 3037 822 3077 eorum
879 3032 1102 3094 peccato
1150 3029 1542 3099 Sodomorum,
1586 3038 1892 3106 praesertim

1976 1886 2033 1934 et
2057 1879 2382 1948 jucunditas
2414 1879 2634 1932 ruboris
2667 1878 3058 1949 resplendebat
3086 1878 3142 1930 in
3173 1877 3313 1931 facie
3376 1877 3482 1930 Sed
3514 1876 3573 1930 in

1975 1969 2230 2023 deflendo
2251 1969 2491 2038 amplius
2518 1968 2799 2032 laudatur,
2827 1974 2890 2020 ut
2917 1968 3136 2021 foeditas
3167 1983 3360 2023 eorum
3392 1967 3574 2035 major

1977 2063 2261 2130 appareat,
2301 2063 2530 2128 propter
2568 2057 2858 2128 penuriam
2888 2056 3050 2110 famis
3081 2075 3091 2123 ;
3135 2072 3373 2126 quorum
3405 2053 3572 2108 facies

1977 2164 2146 2218 super
2183 2147 2452 2202 carbones
2480 2147 2775 2217 denigrata
2804 2146 3105 2217 plangitur,
3149 2145 3228 2198 ita
3255 2150 3320 2198 ut
3346 2143 3572 2214 agnosci

1976 2254 2088 2291 non
2122 2237 2333 2307 possint
2361 2236 2419 2290 in
2452 2237 2652 2306 plateis
2681 2253 2781 2306 pro
2828 2235 3129 2289 afﬂictione
3167 2233 3349 2288 famis.
3393 2234 3570 2288 Cate-

1977 2343 2103 2380 rum
2133 2331 2325 2379 sancta
2361 2325 2462 2378 Dei
2494 2325 2739 2379 Ecclesia
2766 2324 2938 2378 habet
2965 2325 3256 2377 Nazaraeos
3286 2339 3416 2376 suos
3446 2338 3573 2375 can-

1977 2415 2221 2469 didiores
2250 2414 2374 2468 nive
2426 2420 2482 2468 et
2525 2415 2668 2467 lacte
2700 2413 3031 2479 nitidiores;
3085 2429 3185 2483 per
3233 2429 3372 2482 quos
3401 2410 3572 2464 nimi-

1975 2521 2100 2557 rum
2129 2503 2532 2558 abstinentium
2573 2509 2628 2556 et
2673 2501 3078 2556 continentium
3123 2502 3237 2554 vita
3264 2501 3522 2571 signatur
3555 2519 3565 2553 :

1976 2609 2097 2663 qua:
2128 2591 2251 2645 nive
2280 2592 2364 2645 vel
2395 2592 2536 2645 lacte
2557 2591 2804 2656 nitidior,
2834 2590 3032 2643 merito
3056 2589 3113 2643 in
3143 2588 3334 2643 electis
3361 2587 3570 2642 Christi

1975 2680 2324 2751 praedicatur.
2358 2679 2461 2734 Nix
2493 2680 2642 2734 enim
2670 2697 2736 2733 ex
2759 2695 2925 2750 aqua,
2951 2696 3073 2748 quae
3102 2678 3171 2732 de
3198 2678 3454 2748 supernis
3484 2693 3572 2730 ve-

1976 2769 2095 2823 nire
2125 2770 2392 2834 cernitur,
2443 2770 2806 2840 congelatur;
2848 2769 2932 2821 lac
2975 2784 3104 2820 vero
3134 2767 3202 2820 de
3230 2782 3397 2820 carne
3424 2765 3568 2818 mul-

1973 2864 2157 2929 getur,
2189 2877 2311 2930 quae
2341 2859 2399 2912 in
2437 2858 2789 2912 inferioribus
2834 2857 3100 2910 nutritur.
3135 2856 3279 2920 Quid
3310 2872 3440 2924 ergo
3470 2870 3572 2924 per

1975 2948 2156 3001 nivem
2205 2949 2313 3001 nisi
2359 2949 2568 3002 candor
2594 2948 2722 3001 vitae
2765 2947 3021 3011 caelestis,
3057 2945 3191 3016 quid
3220 2962 3320 3015 per
3347 2945 3432 2997 lac
3461 2943 3571 2997 nisi

1975 3037 2300 3108 temporalis
2328 3036 2762 3107 dispensationis
2791 3035 3201 3088 administratio
3228 3034 3574 3087 demonstra-

292 3123 424 3161 cum
457 3109 643 3198 omnia
662 3111 756 3181 qui
779 3119 957 3182 agunt
988 3115 1156 3170 etiam
1187 3117 1349 3184 bona,
1385 3122 1552 3192 plena
1576 3125 1690 3179 sint
1715 3122 1950 3198 culpisC
1975 3127 2101 3180 tur?
2131 3127 2216 3180 Ita
2243 3132 2308 3179 ut
2338 3125 2546 3179 Christi
2588 3125 2829 3179 Ecclesia
2858 3143 2987 3179 suos
3025 3124 3230 3177 habeat
3260 3124 3572 3188 Nazaraeos,

292 3197 737 3268 septempliciter
757 3201 1045 3258 daemoniis
1068 3205 1349 3274 dedicata;
1384 3216 1440 3264 et
1460 3211 1585 3266 ideo
1609 3216 1788 3285 major
1810 3197 1893 3270 est

290 3285 564 3356 iniquitas
592 3304 821 3359 Operum
854 3308 1046 3347 eorum
1078 3300 1247 3366 atque
1277 3315 1495 3354 morum
1531 3310 1758 3372 peccato
1790 3306 1895 3359 So-

291 3375 843 3465 domorum.Idcirco
869 3384 1129 3452 quaelibet
1160 3387 1352 3443 anima
1377 3391 1481 3445 sub
1510 3394 1790 3465 hypocrisi
1821 3397 1895 3449 vi-

289 3464 390 3520 tiis
410 3466 644 3537 repleta,
660 3469 788 3538 jure
804 3471 1022 3543 plangit
1042 3475 1238 3546 lugens
1264 3484 1322 3532 et
1341 3479 1505 3534 dicit:
1536 3464 1716 3551 Major
1743 3488 1890 3539 enim

295 3556 571 3622 iniquitas
587 3560 784 3625 populi
814 3564 922 3613 mei
946 3570 1157 3630 peccato
1177 3567 1558 3622 Sodomorum.
1585 3572 1725 3635 Quia
1750 3574 1894 3628 sicut

289 3643 536 3713 populus
565 3652 761 3701 contra
789 3651 1058 3720 populum
1087 3654 1339 3724 erigitur,
1365 3658 1446 3711 ita
1474 3659 1891 3730 hypocritarum

291 3747 483 3820 mores
512 3739 570 3787 et
597 3741 754 3790 actus
783 3740 1109 3810 conﬂigunt,
1141 3750 1204 3797 ut
1233 3746 1466 3801 virtutes
1489 3749 1583 3819 qui
1615 3766 1780 3820 agere
1808 3752 1892 3805 vi-

291 3818 502 3875 dentur
530 3825 794 3891 exterius,
839 3830 1137 3900 nequiores
1170 3834 1316 3889 vitiis
1347 3818 1717 3893 Sodomorum
1749 3857 1895 3895 com-

291 3909 606 3979 probentur
649 3913 927 3984 interius;
969 3919 1101 3990 quia
1137 3938 1263 3975 cum
1302 3927 1536 3991 spiritus
1568 3929 1894 3983 immundus

292 4003 490 4053 exierit
508 4003 575 4054 ab
593 4002 828 4070 homine,
853 4010 1104 4063 ambulat
1121 4027 1220 4078 per
1241 4015 1356 4067 loca
1369 4017 1536 4069 arida
1555 4021 1602 4069 et
1625 4020 1893 4086 inaquosa

293 4104 544 4156 quarens
573 4096 817 4160 requiem
857 4101 905 4148 et
954 4112 1065 4151 non
1107 4101 1426 4168 inveniens;
1470 4109 1619 4166 tunc,
1663 4106 1886 4177 inquit:

291 4177 555 4232 Revertar
600 4183 664 4234 in
711 4184 934 4238 domum
985 4203 1164 4241 meam
1212 4193 1358 4245 unde
1396 4197 1565 4252 ear-ivi.
1603 4197 1743 4250 Cum
1789 4213 1891 4251 au-

291 4271 411 4320 tem
452 4268 671 4323 venerit
711 4275 769 4324 et
814 4272 1091 4331 invenerit
1132 4294 1251 4332 eam
1301 4288 1604 4350 vacantem,
1639 4291 1690 4338 et
1725 4290 1892 4354 scopis

296 4359 631 4413 mandatam
650 4366 701 4414 et
719 4369 998 4429 ornatam,
1024 4369 1175 4422 radit
1199 4375 1247 4422 et
1267 4376 1501 4425 assumit
1529 4380 1725 4442 septem
1754 4380 1894 4431 alios

1976 3215 2071 3286 qui
2097 3214 2267 3268 etiam
2292 3231 2391 3285 per
2409 3214 2940 3284 contemplationem
2975 3213 3143 3266 vitam
3175 3213 3455 3267 caelestem
3476 3212 3575 3265 du-

1975 3310 2130 3370 cant;
2180 3309 2237 3357 et
2283 3321 2383 3374 per
2430 3303 2664 3358 actualis
2711 3303 2834 3357 vita:
2883 3303 3376 3373 dispensationem,
3433 3302 3575 3355 lacte

1975 3392 2267 3446 candidius
2289 3393 2357 3444 ad
2382 3393 2606 3445 laudem
2629 3392 2716 3445 sui
2741 3391 3023 3446 Creatoris
3047 3392 3346 3455 reniteant,
3369 3390 3428 3444 in
3453 3396 3575 3444 tan-

1975 3486 2094 3535 tum
2144 3481 2492 3550 plerumque,
2549 3486 2792 3545 I499
2828 3485 2892 3534 ut
2929 3479 3279 3533 continentes
3315 3478 3419 3532 viri
3458 3484 3574 3532 tam

1977 3571 2118 3624 mira
2148 3569 2420 3623 virtutum
2451 3586 2621 3640 opera
2665 3569 2893 3634 faciant,
2927 3574 3204 3639 quatenus
3247 3568 3316 3620 ab
3363 3568 3445 3622 eis
3478 3569 3574 3638 qui

1975 3659 2260 3713 caelestem
2299 3658 2469 3710 vitam
2511 3663 2812 3716 tenuerant
2840 3656 3023 3720 multi,
3055 3656 3148 3726 qui
3178 3661 3401 3709 terrena
3432 3655 3573 3709 bene

1975 3748 2450 3818 dispensaverant,
2473 3747 2727 3816 superari
2750 3746 3058 3798 videantur.
3087 3744 3218 3798 Ideo
3239 3745 3367 3812 jure
3387 3743 3574 3797 candi-

1976 3837 2161 3890 diores
2181 3836 2326 3900 nive,
2349 3842 2407 3889 et
2431 3835 2721 3889 nitidiores
2756 3835 2898 3888 lacte
2924 3833 3168 3904 utrique.
3195 3832 3299 3896 Qui
3327 3832 3573 3901 profecto

1977 3927 2147 3980 etiam
2176 3925 2308 3996 quia
2337 3941 2436 3996 per
2456 3923 2728 3978 fervorem
2751 3923 2981 3994 spiritus
2997 3922 3357 3992 antiquorum
3379 3938 3443 3974 ac
3466 3921 3575 3974 for-

1976 4016 2116 4069 tium
2148 4020 2391 4084 patrum,
2420 4029 2824 4084 nonnunquam
2847 4012 3063 4066 vincere
3094 4011 3264 4064 vitam
3290 4011 3568 4074 videntur,

1977 4109 2127 4158 recte
2153 4103 2508 4173 adjungitur:
2540 4104 2968 4158 Rubicundiores
2993 4103 3143 4154 ebore
3157 4102 3408 4168 antiquo.
3430 4099 3575 4153 Dum

1977 4193 2126 4248 enim
2162 4193 2384 4248 ruboris
2429 4191 2782 4263 pulchritudo
2827 4191 3107 4256 laudatur,
3140 4191 3369 4243 ﬂamma
3398 4188 3576 4242 sancti

1977 4283 2240 4339 desiderii
2261 4282 2610 4354 exprimitur.
2630 4281 2779 4336 Ebur
2799 4297 3060 4351 namque,
3086 4297 3147 4334 os
3168 4296 3288 4333 esse
3309 4278 3576 4349 elephan-

1977 4374 2050 4427 tis
2079 4390 2190 4427 non
2215 4373 2528 4443 ignoratur.
2558 4371 2667 4426 Sed
2699 4370 2828 4441 quia
2861 4369 3028 4424 ebore
3058 4369 3288 4440 antiquo
3317 4367 3577 4421 rubicun-

293 4449 532 4514 spiritus
557 4453 843 4518 nequiores
863 4470 942 4518 se;
978 4460 1027 4508 et
1046 4458 1284 4524 ingrcssi
1305 4461 1559 4516 habitant
1580 4465 1661 4516 ibi
1682 4466 1889 4530 (Matth.
1910 4452 1959 4510 D
1979 4463 2164 4516 diores
2194 4462 2484 4532 signanter
2520 4461 2840 4526 laudantur,
2886 4464 3039 4530 patet
3080 4459 3325 4529 profecto
3345 4465 3570 4522 sensus,

295 4539 435 4604 xxv).
467 4536 768 4606 Egreditur
789 4558 923 4614 ergo
943 4543 1172 4614 spiritus
1201 4547 1525 4605 immundus
1547 4551 1615 4605 ab
1646 4553 1895 4622 homine,

1981 4552 2113 4623 quia
2142 4551 2395 4606 nonnulli
2421 4556 2741 4604 sanctorum
2764 4565 2908 4620 saepe
2929 4554 3060 4601 ante
3090 4548 3364 4600 humanos
3385 4545 3574 4600 oculos

297 4625 528 4692 quando
565 4632 810 4695 I498
843 4634 1155 4689 renascitur
1201 4637 1260 4690 in
1297 4638 1537 4694 Christo.
1583 4641 1900 4699 Revertitur
1982 4641 2316 4713 quibusdam
2362 4639 2804 4710 praecedentibus
2843 4636 3092 4708 patribus
3123 4636 3310 4690 studio
3355 4635 3575 4690 ferven-

299 4730 426 4768 vere
455 4715 517 4768 in
554 4716 784 4772 domum
827 4738 1008 4789 suam,
1051 4726 1274 4794 quando
1319 4743 1514 4783 rursus
1551 4731 1796 4785 animam
1827 4733 1897 4786 ab

296 4802 502 4858 aﬂectu
524 4804 654 4861 boni
675 4809 860 4879 operis
879 4820 1167 4868 vacantem
1192 4815 1418 4880 invenit,
1436 4835 1536 4888 per
1555 4819 1896 4892 hypocrisim

298 4893 460 4982 quasi
476 4897 664 4966 scopis
685 4900 1011 4956 mundatam
1034 4919 1068 4957 a
1086 4905 1342 4960 sordibus
1360 4912 1417 4961 et
1435 4915 1690 4964 ornatam
1715 4913 1897 4982 pravis

296 4981 466 5037 simul
494 4985 839 5056 actionibus;
871 4991 954 5045 ita
987 4997 1052 5046 ut
1074 4993 1356 5065 duplicato
1385 5013 1618 5053 numero
1648 4981 1894 5055 immun-

295 5071 499 5127 dorum
530 5075 830 5146 spirituum
859 5085 1122 5136 teneatur
1146 5083 1335 5138 anima
1363 5088 1647 5158 amplexa;
1682 5095 1739 5144 et
1757 5091 1896 5146 fiant

294 5165 604 5221 novissima
633 5168 878 5224 hominis
927 5171 1076 5226 illius
1124 5175 1316 5244 pejora
1346 5175 1643 5246 prioribus.
1676 5179 1754 5233 Ex
1784 5197 1893 5251 quo

293 5255 506 5310 talibus
534 5257 750 5328 repleta
777 5260 966 5314 anima
1004 5262 1420 5318 immundorum
1453 5266 1754 5335 spirituum
1793 5285 1894 5339 po-

295 5345 446 5415 pulis
476 5351 534 5399 et
571 5347 833 5402 vitiorum
863 5351 1118 5417 catervis,
1143 5369 1255 5406 non
1283 5353 1588 5424 incongrue
1617 5356 1888 5426 deplorat,

297 5437 448 5507 quod
479 5438 665 5508 major
692 5438 767 5492 sit
790 5439 1058 5511 iniquitas
1096 5442 1217 5510 ejus
1243 5447 1468 5512 peccato
1495 5443 1891 5515 Sodomorum;

299 5524 569 5598 quoniam
599 5527 657 5580 hi
682 5543 782 5598 per
810 5535 1068 5599 apertum
1094 5531 1306 5585 malum
1333 5531 1393 5585 in
1419 5537 1702 5588 momento
1725 5535 1796 5589 ad
1815 5536 1896 5591 in-

297 5617 446 5671 feros
495 5615 858 5682 devenerunt,
901 5617 1009 5673 ista
1056 5635 1182 5675 vero
1229 5636 1340 5675 non
1391 5620 1578 5676 minus
1621 5621 1896 5680 simulatis

1978 4731 2149 4784 tiores
2179 4731 2443 4784 existunt.
2466 4729 2544 4782 De
2567 4728 2769 4798 quibus
2788 4733 2853 4780 ut
2880 4732 3060 4780 totum
3082 4725 3248 4780 simul
3272 4725 3571 4797 pandatur,

1977 4818 2331 4889 adjungitur:
2360 4817 2635 4888 Sapphiro
2664 4815 3038 4888 pulchriores;
3070 4815 3367 4887 sapphirus
3386 4815 3578 4887 itaque

1978 4908 2205 4963 mtherei
2235 4907 2434 4961 coloris
2455 4911 2557 4960 est.
2585 4907 2649 4960 Et
2683 4905 2816 4976 quia
2836 4906 3196 4976 precedentes
3228 4905 3435 4959 multos
3461 4921 3574 4958 non

1979 4997 2165 5051 minus
2194 5013 2294 5066 per
2335 4995 2612 5048 actualem
2661 4994 2832 5047 vitam
2876 4993 2947 5047 ad
2984 5010 3229 5064 superna
3257 4993 3570 5057 tendentes,

1979 5103 2146 5158 quam
2176 5086 2344 5139 etiam
2387 5101 2486 5155 per
2515 5083 2877 5155 inspectivam
2909 5083 3147 5138 celestis
3187 5084 3312 5137 vitae
3349 5098 3574 5135 conver-

1977 5175 2250 5229 sationem
2304 5174 2683 5245 praacellentes
2736 5172 2996 5227 videntur
3052 5173 3269 5228 vincere
3323 5171 3572 5226 Nazarzei

1978 5263 2204 5326 Christi,
2232 5263 2587 5318 ecclesiarum
2619 5262 2953 5317 meritorum
2978 5267 3280 5317 narrantur
3309 5261 3573 5332 sapphiro

1980 5352 2345 5424 pulchriores.
2373 5353 2479 5406 Sed
2503 5352 2720 5406 utinam
2743 5352 2892 5423 quod
2909 5352 2980 5406 ad
3007 5352 3262 5405 decorem
3285 5350 3493 5404 Christi
3519 5356 3574 5406 et

1979 5442 2200 5499 laudem
2245 5459 2461 5513 sponsae
2506 5441 2859 5514 praedicatur,
2897 5442 3052 5494 favor
3080 5455 3232 5493 vana:
3276 5440 3476 5503 laudis,
3519 5446 3574 5495 et

1979 5533 2230 5604 deceptio
2257 5550 2439 5605 pravae
2460 5531 2834 5587 simulationis
2853 5546 2953 5601 pro
2981 5529 3172 5584 dolore
3193 5545 3306 5584 non
3330 5529 3578 5584 obfusca-

1980 5628 2067 5678 ret
2098 5641 2110 5691 ;
2153 5623 2285 5694 quia
2323 5623 2653 5694 plerumque
2700 5620 2832 5676 dum
2881 5619 3152 5675 virtutum
3198 5619 3358 5691 copia
3399 5617 3571 5674 etiam
