3960 6168
478 292 613 352 1215
1227 295 1283 351 3.
1328 295 1705 352 PASCHASII
1745 295 2066 350 RADBER'I

2146 294 2451 350 ABBATIS
2491 293 2989 353 CORBEIENSIS.
3589 308 3704 368 1216

473 423 771 495 plusquam
799 422 1023 495 expedit
1047 428 1429 496 prosper-stur,
1457 420 1516 476 in
1544 421 1789 493 quadam
1815 421 1904 477 sui
1932 420 2134 485 ﬁdu-A
2153 425 2349 494 pterea
2375 436 2441 476 ex
2484 436 2588 476 sua
2634 421 2887 495 nequitia
2923 438 2986 479 se
3030 425 3335 482 emendare
3365 434 3701 490 contemnunt.

474 512 562 566 cia
590 528 750 567 mens
778 512 1106 578 adducitur;
1140 517 1197 566 et
1228 512 1372 566 male
1418 511 1650 581 decepta
1680 510 1908 583 propria
1941 528 2078 582 prte-
2159 511 2303 567 Hinc
2338 526 2563 583 quoque
2600 510 2933 583 adjungitur
2964 530 2977 568 :
3007 512 3183 571 Arni!
3210 523 3262 570 et
3300 518 3443 584 facta
3475 526 3540 573 est
3571 528 3706 589 quasi

476 603 795 673 sumptione
832 608 995 656 certa:
1024 608 1124 655 aut
1164 617 1314 655 vanae
1357 600 1557 661 laudis,
1591 608 1821 670 repente
1851 608 2076 670 peccato
2158 604 2398 669 lignum.
2419 601 2599 671 Culpa
2618 601 2825 673 quippe
2843 617 3036 656 eorum
3059 609 3220 658 tanto
3241 605 3592 662 insensibilior
3605 611 3707 666 red-

473 691 820 763 subripiente
849 692 1136 756 fuscatur;
1173 698 1229 745 et
1254 691 1402 762 quod
1425 690 1520 743 diu
1544 690 1836 744 videbatur
1858 690 2074 744 virtuti-
2155 690 2329 754 ditur,
2360 695 2570 761 quanto
2600 691 2747 761 apud
2778 706 2874 745 eos
2897 691 3065 747 etiam
3094 709 3161 747 ac
3191 693 3239 747 si
3274 710 3402 749 vera
3426 696 3579 752 virtus
3608 699 3707 755 lau-

476 779 580 834 bus
606 781 837 835 nitidius
860 780 1233 850 resplendere.
1257 780 1462 834 diaboli
1492 779 1783 833 fraudibus
1809 778 2073 851 deprava-
2153 780 2355 834 debilis
2403 780 2660 835 habetur.
2693 780 2874 845 Quam
2923 787 3073 836 recte
3101 799 3236 838 mox
3280 785 3486 840 aridam
3525 789 3704 855 essent,

474 875 586 924 tur.
636 870 794 923 Unde
825 877 972 923 recte
1000 868 1364 939 subjungitur
1389 869 1494 923 sub
1523 869 1670 924 Heth
1699 868 1923 923 littera:
2154 869 2287 940 quia
2331 869 2485 923 nulla
2534 885 2678 924 verae
2722 870 2944 925 virtutis
2981 872 3169 942 gratia
3223 872 3377 927 intus
3433 874 3703 932 viridescit:

1193 975 1355 1013 aera.
2153 957 2252 1012 sed
2301 958 2448 1012 facta
2493 958 2778 1029 plangitur
2820 960 2977 1030 quasi
3026 960 3264 1030 lignum.
3307 962 3446 1016 Hinc
3487 979 3606 1018 sane
3641 970 3710 1020 est

546 1049 850 1115 Denigrata
874 1053 949 1101 est
968 1063 1132 1115 super
1158 1050 1416 1102 carbones
1441 1049 1608 1115 facies
1627 1062 1854 1111 eorum;
1887 1052 1936 1101 et
1960 1060 2071 1101 non
2154 1047 2300 1118 quod
2324 1046 2578 1101 nonnulli
2598 1062 2633 1101 a
2653 1047 2920 1119 proximis
2939 1048 3074 1104 dum
3095 1050 3477 1121 corriguntur,
3508 1058 3540 1117 Ι
3555 1058 3701 1119 θοι

472 1140 603 1189 sunt
633 1139 840 1203 cogniti
865 1138 927 1190 in
943 1140 1159 1204 plateis.
1184 1136 1421 1193 Adhasit
1444 1139 1583 1191 cutis
1613 1151 1805 1190 eorum
1834 1137 2067 1203 ossibus;
2155 1136 2313 1207 quasi
2377 1136 2594 1206 lignum
2666 1135 3016 1191 insensibiles
3080 1145 3400 1199 remanent.
3456 1145 3607 1211 atque
3656 1142 3711 1197 ab

474 1227 631 1279 aruit
659 1230 707 1278 et
736 1227 885 1292 factu
904 1232 979 1279 cst
1011 1229 1172 1296 quasi
1199 1229 1440 1294 lignum.
1459 1224 1616 1295 Nigri
1646 1242 1779 1296 ergo
1805 1231 1930 1297 post
1949 1242 2076 1279 can-
2157 1224 2308 1279 omni
2337 1225 2518 1279 virore
2551 1224 2749 1295 gratias
2778 1224 2968 1286 alieni,
3000 1226 3154 1282 intus
3182 1233 3469 1284 arescunt.
3501 1228 3638 1294 Quod
3667 1235 3713 1285 et

474 1304 666 1367 dorem
692 1315 867 1369 ﬁunt:
902 1314 1034 1386 quia
1055 1315 1260 1369 emissa
1281 1314 1379 1368 Dei
1405 1314 1648 1385 justitia,
1672 1330 1798 1368 cum
1821 1330 1936 1369 suae
1957 1314 2073 1369 lau-
2155 1330 2303 1385 saepe
2331 1313 2413 1369 eis
2455 1314 2704 1385 contigit,
2755 1314 2853 1385 qui
2896 1315 3101 1370 altiora
3129 1332 3194 1371 se
3223 1322 3496 1389 appetunt
3518 1322 3569 1373 et
3591 1318 3712 1373 intus

472 1403 559 1457 dis
597 1404 841 1458 favorem
884 1411 1161 1475 quarunt,
1205 1409 1305 1459 aut
1340 1420 1465 1459 cum
1498 1405 1567 1458 de
1595 1421 1654 1459 se
1680 1404 1825 1459 male
1853 1420 2074 1476 prtesu-
2156 1402 2429 1458 bonorum
2457 1403 2755 1466 consontia,
2790 1404 2947 1475 quasi
2975 1404 3125 1459 bona
3153 1404 3403 1461 habeant
3442 1422 3611 1478 opera,
3645 1423 3712 1461 oo-

474 1498 656 1548 munt.
682 1494 751 1545 ad
782 1511 849 1547 ea
877 1495 1045 1548 etiam
1076 1511 1199 1564 qua:
1222 1510 1331 1547 non
1364 1492 1703 1563 intelligunt,
1727 1510 1910 1564 neque
1941 1510 2076 1565 prie-
2155 1492 2304 1546 culte
2324 1492 2472 1547 vitiis
2486 1493 2827 1547 deserviunt.
2843 1493 3103 1548 Candent
3121 1494 3353 1566 quidem
3375 1496 3598 1550 exterius
3613 1495 3711 1549 nive

475 1580 659 1634 videre
709 1589 940 1653 queunt,
992 1588 1218 1655 peccata
1268 1582 1622 1637 delabuntur.
1658 1583 1728 1637 Et
1772 1582 1905 1653 quia
1948 1588 2076 1654 post
2156 1582 2462 1652 pulchrius,
2485 1596 2542 1635 et
2570 1583 2710 1636 lacte
2748 1582 3069 1646 candidius;
3110 1584 3212 1638 sed
3245 1583 3570 1638 conscientia
3592 1583 3712 1637 vitiis

474 1683 729 1723 amarum
762 1671 947 1742 ignem
997 1671 1064 1725 ad
1097 1670 1275 1741 frigus
1303 1670 1570 1742 corporis,
1600 1670 1684 1724 vel
1732 1672 1900 1725 etiam
1949 1676 2075 1741 post

472 1758 771 1813 candorem
814 1761 935 1815 vita:
981 1760 1051 1814 ad
1095 1759 1373 1831 ignaviam
1405 1776 1560 1814 vanas
1606 1759 1788 1814 laudis
1816 1760 2068 1826 veniunt,

474 1862 586 1902 non
612 1848 893 1904 immerito
916 1850 1084 1905 facies
1104 1865 1298 1904 eorum
1322 1849 1611 1904 exstinctis
1630 1848 1964 1904 carbonibus
1983 1850 2072 1903 ni-

471 1937 627 2007 grior
668 1948 1046 2011 comparatur.
1086 1940 1387 2011 Propterea
1423 1939 1598 2009 igitur
1626 1938 1716 1992 via
1751 1938 1906 2010 regia
1940 1955 2072 2010 gra-

471 2025 738 2082 diendum
770 2035 884 2096 est;
916 2036 973 2084 et
999 2028 1322 2098 Scriptura:
1361 2029 1438 2083 Ne
1465 2031 1559 2090 sis,
1592 2027 1795 2099 inquit.
1827 2031 2072 2083 nimium

463 2118 671 2185 justus.
725 2117 869 2182 Quia
909 2119 1173 2190 profecto,
1220 2118 1352 2172 dum
1398 2117 1626 2189 quidam
1666 2132 2073 2188 nonnunquam

484 2212 522 2271 Ι
540 2213 732 2271 500
751 2208 849 2262 Dei
871 2209 1129 2262 timorem
1147 2223 1211 2262 ex
1233 2208 1320 2262 sui
1344 2207 1546 2262 ﬁducia
1560 2211 1963 2278 praesumentes
1980 2207 2075 2260 de-

472 2301 686 2359 serunt,
711 2297 880 2351 etiam
906 2297 1126 2367 frigidis
1159 2295 1440 2351 mentibus
1466 2295 1783 2365 frigidiores
1806 2297 1967 2353 ﬁunt.
1991 2296 2073 2351 De

474 2383 678 2453 quibus
697 2392 846 2440 recte
865 2384 1155 2439 subditur:
1182 2386 1248 2440 Et
1269 2400 1379 2438 non
1399 2391 1528 2439 sunt
1547 2386 1756 2452 cogniti
1776 2387 1836 2438 in
1855 2388 2069 2453 plateis.

475 2472 671 2527 Platea
694 2474 899 2545 quippe
920 2489 953 2527 a
975 2474 1167 2529 Greco
1193 2490 1453 2529 sermone
1482 2474 1730 2538 veniens,
1755 2489 1855 2544 pro
1886 2473 2076 2528 latitu-

2154 1670 2447 1741 denigrata
2475 1677 2579 1735 est,
2622 1686 2688 1726 eo
2718 1671 2866 1741 quod
2898 1687 3121 1727 omnem
3156 1673 3402 1727 calorem
3447 1672 3539 1728 Dei
3575 1672 3708 1726 ardo-
3751 1670 3757 1677 ’

2089 1743 2133 1803 Β
2154 1776 2386 1831 remque
2405 1760 2558 1815 intus
2573 1760 2859 1815 amittunt.
2878 1760 2986 1824 Qui
3007 1759 3149 1816 bene
3170 1777 3208 1816 a
3228 1759 3709 1834 prudentioribusin

2154 1848 2354 1921 plateis
2378 1865 2490 1903 non
2515 1855 2650 1904 sunt
2678 1849 2879 1920 agniti,
2904 1850 3040 1921 quia
3054 1850 3195 1906 dum
3217 1866 3322 1923 per
3339 1850 3504 1905 latam
3524 1848 3709 1904 intnsst

2156 1938 2542 2009 voluptuosam
2568 1938 2695 1994 vitae
2714 1939 2861 1993 viam
2879 1939 3198 2005 ambulant,
3217 1954 3333 1994 non
3352 1942 3711 2011 cognoscuntur

2154 2043 2276 2081 esse
2306 2027 2455 2098 quod
2484 2043 2544 2081 se
2575 2028 2815 2099 ﬁngunt.
2848 2027 2957 2082 Sed
2983 2027 3128 2082 aridi
3153 2028 3403 2100 Spiritus
3430 2026 3590 2081 sancti
3612 2038 3708 2096 gm-

2153 2115 2235 2170 tia
2259 2115 2642 2178 inveniuntur,
2687 2116 2784 2187 qui
2815 2132 2942 2171 cum
2981 2116 3232 2189 correpti
3262 2133 3299 2171 a
3322 2116 3437 2171 suis
3462 2115 3543 2170 vel
3566 2115 3709 2170 iners-

2154 2205 2270 2276 pati
2311 2204 2539 2267 fuerint.
2574 2209 2734 2260 tanto
2775 2203 3221 2262 insensibiliores
3258 2210 3325 2262 ut
3366 2205 3564 2277 lignum
3587 2204 3707 2257 inve-

2154 2294 2409 2359 niuntur,
2429 2300 2640 2367 quanto
2663 2294 2935 2349 aridiores
2964 2294 3117 2351 intus
3140 2294 3379 2359 fuerint,
3406 2303 3462 2349 et
3486 2291 3708 2347 occultius

2157 2400 2385 2456 peccare
2416 2384 2723 2455 probantur
2772 2384 3164 2455 Dedignantur
3195 2384 3374 2457 igitur
3401 2382 3542 2437 aliud
3569 2380 3703 2434 viden

2157 2491 2325 2546 quam
2369 2475 2517 2546 quod
2560 2490 2621 2527 se
2663 2475 2926 2545 ﬁngunt:
2964 2475 3115 2530 unde
3149 2480 3213 2532 et
3251 2472 3707 2531 rubicundioresse

472 2560 603 2615 dine
634 2563 923 2633 praesentis
952 2563 1077 2618 vitae
1107 2564 1331 2618 dicitur.
1360 2563 1505 2628 Quid
1538 2579 1668 2617 vero
1698 2570 1784 2617 est
1812 2564 2074 2619 humanis
2149 2565 2368 2635 jactant
2396 2565 2563 2619 ebore
2582 2566 2835 2635 antiquo,
2857 2563 3069 2619 scilicet
3088 2566 3303 2620 sanctis
3325 2557 3706 2636 praecedentibus

472 2652 678 2706 mentis
720 2652 1015 2723 angustius
1062 2669 1230 2725 quam
1260 2654 1576 2707 voluntates
1622 2653 1878 2724 proprias
1909 2652 2077 2707 abne-
2156 2654 2346 2708 electis
2376 2654 2665 2708 meliores:
2719 2659 2888 2724 atque
2932 2654 3144 2709 eisdem
3198 2655 3348 2709 inter
3373 2669 3464 2707 eos
3503 2650 3584 2721 qui
3615 2648 3706 2717 jam

468 2756 623 2810 gare.
644 2742 921 2797 desuderia
942 2744 1126 2797 carnis
1157 2744 1433 2809 frangere,
1457 2742 1668 2796 nullius
1694 2742 1874 2796 laudis
1890 2742 2077 2811 gratia
2155 2743 2435 2798 cmlestem
2463 2742 2677 2796 ducunt
2703 2741 2872 2796 vitam
2902 2743 3256 2814 pulchriores
3279 2763 3292 2811 ;
3334 2758 3443 2814 quo
3467 2741 3612 2808 longe
3634 2734 3706 2788 diu

473 2832 558 2885 vel
586 2832 931 2903 deceptionis
952 2850 985 2886 a
1008 2833 1162 2903 justo
1182 2839 1240 2885 et
1270 2837 1419 2885 recto
1444 2831 1775 2884 deﬂectere?
1806 2831 1883 2884 De
1915 2831 2074 2899 cujus
2156 2831 2402 2887 indurati
2432 2831 2792 2902 impudentiae
2829 2832 3128 2903 supercilio
3184 2831 3349 2905 quasi
3389 2830 3585 2900 lignum
3607 2836 3705 2877 are-

472 2921 736 2977 nimirum
770 2923 894 2977 vita:
934 2923 1189 2992 ingressu
1232 2920 1453 2973 Veritas
1491 2920 1625 2973 dicit
1663 2938 1675 2972 :
1722 2921 1931 2973 Intrate
1974 2935 2075 2987 per
2154 2921 2304 2984 facti,
2352 2920 2707 2975 insensibiles
2752 2919 2906 2974 intus
2943 2921 3105 2975 ﬁunt.
3148 2921 3314 2977 Unde
3358 2925 3706 2985 nonnunquam

469 3018 767 3077 angustam
789 3016 1008 3079 portam
1035 3011 1217 3079 ;Eccli.
1241 3008 1379 3076 xux).
1408 3008 1515 3061 Sed
1542 3006 1675 3077 quid
1703 3006 1873 3061 latius
1902 3023 2070 3078 quam
2156 3010 2327 3065 nullis
2366 3009 2708 3074 verberibus,
2749 3009 2918 3063 nullis
2958 3009 3428 3082 correptionibus,
3472 3002 3704 3071 nullisque

468 3100 638 3153 nullis
679 3100 868 3153 subire
917 3099 1149 3168 legibus.
1181 3096 1534 3168 propriisque
1562 3095 1842 3149 deservire
1874 3097 2070 3151 volun-
2092 3098 2477 3161 Cterroribus.
2512 3106 2567 3153 et
2615 3098 2782 3152 nullis
2812 3100 3244 3169 persuasionum
3272 3115 3372 3154 seu
3406 3093 3704 3150 blandimen-

468 3187 696 3249 tatibus,
720 3194 775 3241 et
806 3186 975 3241 nullis
1005 3186 1231 3240 obviare
1261 3184 1638 3256 impulsibus?
1665 3184 1930 3256 Alioquin
1960 3185 2069 3239 nisi
2151 3200 2337 3243 torum
2365 3186 2622 3256 alloquiis
2651 3186 3043 3252 emendantur,
3075 3188 3172 3241 sed
3207 3201 3425 3260 semper
3448 3179 3703 3237 deteriores

468 3276 610 3329 tales
638 3291 739 3329 sua
768 3284 1103 3345 quaererent,
1137 3289 1424 3345 nunquam
1469 3273 1642 3327 tantis
1684 3273 1930 3327 decorati
1956 3274 2070 3328 vir-
2153 3279 2314 3333 ﬁunt.
2345 3276 2490 3342 Quid
2521 3282 2579 3331 et
2605 3274 2855 3330 moribus
2873 3292 3068 3331 eorum
3091 3277 3188 3348 qui
3219 3279 3324 3333 sub
3347 3268 3597 3346 hypocrisi
3621 3267 3701 3320 bo—

469 3362 684 3420 tutibus
725 3365 779 3419 in
820 3366 1034 3436 plateas
1071 3364 1442 3420 devenissent.
1475 3364 1796 3417 Platearum
1826 3378 2071 3435 namque
2152 3368 2401 3422 nestiora
2427 3366 2700 3421 virtutum
2724 3371 2893 3437 atque
2922 3366 3206 3438 praecipua
3234 3365 3540 3421 meritorum
3563 3367 3699 3427 oper!

467 3454 703 3508 latitudo
736 3470 930 3509 eorum
961 3461 1063 3517 est,
1096 3454 1192 3526 qui
1236 3469 1337 3508 sua
1381 3459 1659 3525 quaerunt,
1692 3458 1749 3506 et
1781 3453 1851 3507 ad
1881 3453 2073 3508 omnia

467 3560 528 3599 se
556 3543 881 3599 defendunt.
918 3544 1127 3599 Idcirco
1156 3544 1213 3598 hi
1241 3559 1352 3598 non
1378 3549 1513 3597 sunt
1532 3541 1743 3612 cogniti
1773 3542 1832 3597 in
1858 3542 2068 3597 eisdem

465 3634 705 3706 plateis;
757 3634 891 3705 quia
928 3648 1040 3688 non
1079 3638 1211 3688 sunt
1252 3632 1346 3703 qui
1376 3631 1733 3686 videbantur.
1774 3648 1921 3696 cum,
1964 3633 2066 3686 Dei

460 3725 615 3794 justo
658 3724 869 3795 judicio
900 3723 1250 3794 inspiciente.
1284 3721 1505 3793 reprobi
1537 3720 1903 3774 inveniuntur
1957 3721 2065 3784 Qui

465 3826 599 3883 ergo
636 3830 736 3885 per
766 3813 1027 3868 ﬁduciam
1067 3811 1380 3867 sanctitatis
1418 3810 1729 3882 postposito
1766 3810 2061 3864 meliorum

458 3902 670 3973 judicio
687 3904 1001 3957 voluntates
1022 3901 1276 3974 proprias
1294 3907 1625 3970 sequuntur.
1648 3898 1806 3969 quasi
1829 3916 1929 3969 per
1948 3900 2065 3969 pla-

461 3997 583 4047 teas
609 3998 864 4063 pergunt,
892 3992 989 4047 sed
1018 4007 1126 4045 non
1157 3996 1293 4046 sunt
1323 3988 1529 4060 cogniti
1565 3988 1624 4042 in
1652 3987 1853 4059 plateis
1882 4005 1894 4041 :
1931 3988 2063 4058 quia

465 4081 534 4134 de
560 4081 675 4135 vita
698 4097 800 4135 sua
823 4087 886 4135 ut
910 4081 1061 4135 aliud
1084 4080 1466 4142 ostenderent,
1496 4076 1721 4148 quando
1750 4076 2062 4146 frangendo

465 4170 725 4223 voluntas
752 4170 1024 4240 proprias,
1058 4170 1115 4222 in
1158 4175 1395 4240 angusto
1435 4167 1574 4222 calle
1616 4182 1677 4220 se
1720 4166 2059 4229 retinebant,

463 4257 616 4311 aliud
647 4273 777 4311 vero
804 4273 929 4311 cum
961 4258 1031 4311 de
1060 4273 1119 4311 se
1147 4263 1567 4328 praesumentes.
1597 4261 1726 4326 post
1761 4254 1849 4309 sui
1878 4255 2062 4309 cordis

462 4345 833 4401 intentionem
865 4345 1176 4401 ﬁducialius
1200 4347 1430 4399 vadunt.
1450 4345 1608 4399 Unde
1634 4343 1923 4414 sequitur:
1955 4346 2063 4398 Ad-

2148 3458 2368 3528 jactant
2394 3472 2455 3511 se
2486 3455 2712 3519 habere,
2744 3454 2887 3509 bene
2922 3462 3247 3527 congruunt
3272 3453 3486 3524 utrique
3510 3457 3696 3506 versus;

2154 3547 2286 3617 quia
2307 3546 2440 3600 dum
2462 3544 2726 3616 sapphiro
2742 3544 3061 3616 pulchriora
3087 3546 3336 3602 exterius
3358 3550 3565 3597 suorum
3584 3534 3697 3588 facta

2149 3651 2382 3707 Operum
2418 3639 2724 3698 ostentant,
2750 3633 2903 3688 intus
2927 3633 3119 3689 omnia
3149 3649 3369 3690 morum
3396 3625 3694 3684 ornamenti.

2149 3730 2206 3779 et
2245 3724 2507 3794 nigriora
2544 3722 2901 3789 carbonibus,
2955 3729 3014 3777 et
3067 3734 3295 3780 mortua
3339 3724 3531 3792 jaceat.
3581 3711 3695 3773 ρηο-

2149 3829 2275 3867 rum
2330 3811 2575 3866 arefacta
2629 3815 2716 3865 est
2769 3812 2963 3876 virtus,
3022 3817 3079 3866 et
3134 3817 3200 3867 ut
3254 3813 3487 3882 lignum,
3531 3798 3691 3855 οιιιιοῖι

2144 3901 2224 3955 eis
2262 3902 2383 3955 sine
2413 3901 2595 3955 fructu
2624 3900 2914 3971 putribilia
2948 3900 3159 3971 jaceat,
3192 3915 3375 3973 neque
3400 3894 3565 3968 potest
3588 3894 3688 3940 sene

2143 3990 2249 4045 tire
2287 3990 2477 4045 anima
2503 3989 2652 4054 talis,
2684 3988 2839 4044 falsis
2880 3988 3113 4061 decepta
3139 3988 3430 4049 coloribus,
3460 3979 3687 4052 quantum

2142 4080 2296 4134 intus
2342 4097 2379 4133 a
2423 4079 2538 4133 Deo
2577 4077 2808 4149 praecisa
2844 4077 3186 4133 insensibilis
3217 4080 3417 4151 jaceat.
3454 4065 3592 4126 Unde
3620 4073 3684 4114 οϐ’

2144 4168 2339 4240 quitur
2367 4184 2382 4223 :

2769 4264 2775 4271 ’
2848 4272 3038 4311 TEBTH.

2213 4347 2408 4400 Melius
2434 4345 2546 4412 fuit
2576 4346 2761 4398 occisis
2786 4346 2991 4412 gladio,
3023 4360 3194 4415 quam
3226 4337 3509 4408 inter/acti:
3533 4330 3679 4398 fam“

465 4437 616 4492 havsit
646 4440 787 4492 cutis
812 4451 1001 4490 eorum
1023 4437 1246 4489 ossibus.
1265 4435 1410 4499 Quid
1442 4449 1540 4504 per
1564 4449 1691 4487 ossa
1712 4431 1819 4486 nisi
1849 4434 2060 4488 duritia
2077 4424 2127 4483 Β
2142 4438 2409 4505 quoniam
2429 4436 2528 4488 siti
2545 4434 2930 4499 extabuerunt,
2949 4438 3309 4504 consumptia
3325 4419 3683 4505 sterilitatem“

462 4526 806 4581 fortitudinis
835 4525 1202 4595 designatur?
1233 4524 1364 4595 quid
1396 4538 1496 4595 per
1521 4530 1705 4576 cutem
1740 4522 1846 4575 nisi
1886 4524 2065 4578 molli-

464 4615 571 4669 ties
618 4627 822 4671 nostra:
884 4614 1229 4672 inﬁrmitatis
1278 4613 1653 4685 exprimitur?
1716 4614 1874 4668 Cutis
1928 4630 2062 4684 ergo

466 4703 751 4759 adhaerere
776 4705 992 4761 ossibus
1009 4706 1235 4769 dicitur,
1259 4704 1392 4775 quia
1418 4702 1488 4757 ab
1519 4702 1599 4756 eis
1630 4719 1797 4773 prave
1817 4702 2063 4757 sentien-

466 4791 634 4846 tibus.
667 4792 964 4848 inﬁrmit‘as
1001 4795 1262 4849 vitiorum
1305 4792 1514 4848 duritia
1540 4792 1763 4846 virtutis
1791 4796 2059 4862 putatur;

468 4881 553 4936 vel
583 4880 753 4935 etiam
800 4881 931 4951 quia
975 4884 1117 4938 cutis
1146 4884 1337 4937 omnia
1385 4881 1657 4937 interiora
1685 4872 2059 4951 circumtegit,

466 4974 618 5026 recte
663 4969 881 5024 ossibus
923 4971 1207 5026 adhaerere
1252 4972 1474 5034 dicitur,
1520 4972 1653 5025 dum
1703 4970 1896 5025 omnia
1940 4986 2064 5041 qua:

468 5060 711 5116 exterius
733 5063 1008 5130 geruntur
1033 5059 1186 5114 intus
1212 5060 1493 5114 favoribus
1514 5074 1667 5115 vana:
1696 5058 1877 5114 laudis
1903 5057 2063 5130 quasi

467 5149 686 5205 ossibus
695 5148 1030 5219 junguntur.
1050 5149 1236 5202 Haeret
1249 5164 1493 5220 namque
1512 5149 1656 5203 cutis
1668 5148 1905 5210 ossibus,
1926 5148 2062 5202 dum

468 5239 715 5293 adulatio
737 5254 837 5309 pro
856 5236 1024 5291 rebus
1046 5237 1291 5291 exterius
1308 5236 1449 5292 bene
1466 5238 1642 5309 gestis
1667 5238 1817 5293 intus
1840 5238 2062 5293 virtuti-

466 5325 574 5381 bus
606 5328 869 5382 sociatur.
891 5325 1104 5392 Quibus
1126 5327 1207 5381 ita
1232 5328 1563 5397 conjunctis,
1590 5344 1803 5382 merces
1828 5344 2063 5383 evacua-

466 5421 591 5483 tur;
623 5415 757 5470 dum
783 5422 841 5470 et
865 5416 1090 5471 inﬁrma
1117 5422 1252 5470 sunt
1275 5432 1399 5487 quas
1427 5416 1660 5478 faciunt,
1686 5423 1856 5488 atque
1875 5416 2067 5470 elatio-

465 5506 554 5563 nis
594 5502 802 5561 ﬁducia
829 5506 1065 5579 decepti,
1100 5504 1423 5561 fortioribus
1452 5505 1524 5561 de
1550 5522 1611 5560 se
1656 5505 2066 5579 suspicionibus

468 5594 853 5654 blandiuntur.
877 5594 1037 5654 Unde
1064 5595 1196 5671 quia
1225 5610 1431 5669 magna
1457 5595 1529 5653 de
1557 5610 1618 5651 se
1640 5595 1908 5662 sentiunt,
1943 5612 2068 5670 pro-

2144 4503 2238 4580 ra.
2255 4524 2361 4589 Qui
2390 4523 2637 4595 profecto
2665 4539 2876 4586 versus,
2902 4523 3041 4577 satis
3069 4503 3385 4578 maximain
3409 4514 3495 4570 illa
3521 4503 3680 4601 ultimi

2144 4614 2452 4679 obsidione,
2465 4611 2673 4667 Iudaeis
2692 4611 2951 4682 congruit
2968 4628 3139 4683 quam
3163 4613 3339 4667 levius
3354 4605 3511 4662 ﬁliae

2142 4704 2330 4775 gladio
2353 4702 2649 4774 probatur;
2682 4680 2821 4756 dum
2848 4701 2973 4756 vita:
2985 4680 3345 4773 dispendium
3366 4698 3420 4751 in
3446 4680 3677 4771 momen“!

2144 4774 2400 4847 tulerunt
2428 4789 2532 4845 sub
2574 4790 2686 4845 ictu
2715 4790 2889 4861 gladii
2915 4807 3085 4862 quam
3115 4787 3414 4846 interfectis
3434 4780 3576 4836 fama:
3604 4774 3679 4864 92‘

2146 4883 2177 4936 d
2186 4882 2333 4936 iutur
2342 4881 2448 4944 nis,
2467 4884 2635 4951 atque
2652 4856 2960 4935 acrioribus
2972 4880 3313 4936 cruciatibus
3324 4876 3532 4932 mortem
3546 4856 3678 4951 εαείξ·

2147 4977 2411 5031 nuerunt;
2426 4943 2707 5041 variisque
2726 4968 2908 5025 aﬁ‘ecti
2929 4969 3218 5041 suppliciis
3238 4968 3327 5025 siti
3347 4943 3673 5041 inhibuerunt!

2146 5066 2200 5115 et
2211 5077 2245 5114 a
2256 5058 2507 5131 quolibet
2519 5030 2810 5130 poenarum
2827 5068 2859 5123 Ι
2877 5030 3275 5131 Eoi-genere
3287 5057 3411 5113 sunt
3418 5030 3674 5131 t3011‘“!"’_‘"_i

2146 5123 2320 5205 Porro
2349 5123 2558 5204 Christi
2599 5148 2840 5204 Ecclesia
2875 5123 3150 5203 feliciores
3175 5148 3381 5219 iudicat
3411 5123 3673 5229 ίυιετίθξιῖξ

2140 5239 2334 5311 gladio
2359 5237 2510 5293 verbi
2535 5237 2654 5301 Dei,
2676 5254 2844 5308 quam
2866 5204 3194 5293 interfectos
3206 5238 3369 5292 fame.
3392 5204 3672 5312 (ιῠοηίξπξξίί

2146 5305 2215 5382 ad
2244 5328 2349 5381 hoc
2374 5305 2731 5399 perimuntur
2753 5332 2816 5381 ut
2844 5326 3050 5392 vivant,
3070 5326 3151 5381 illi
3176 5342 3301 5382 vero
3320 5314 3476 5389 culpis

2146 5416 2298 5472 tibus
2326 5391 2745 5477 consumentur,
2778 5421 2844 5470 ut
2878 5415 3178 5472 intereant.
3213 5415 3363 5474 Unde
3386 5391 3669 5491 1⁸08⁸⁸

2146 5506 2325 5561 stolus
2344 5521 2631 5561 assumere
2650 5475 2996 5563 armaturam
3019 5504 3140 5572 Dei,
3164 5510 3226 5560 et
3240 5499 3465 5576 gladium
3484 5475 3665 5576 “Piri?

2146 5594 2349 5669 inquit,
2379 5593 2528 5668 quod
2564 5598 2651 5651 est
2687 5592 2919 5651 verbum
2956 5592 3059 5651 Dei
3096 5567 3302 5666 mpm}.
3330 5588 3415 5653 Vl).
3450 5576 3552 5642 ouo
3571 5567 3665 5636 μιν
