3960 6168
327 214 464 274 1217
827 234 833 241 ·
987 214 1366 269 EXPOSITIO
1407 216 1484 269 IN
1524 213 2130 270 LAMENTATIONES
2170 216 2526 272 JEREML‘E.
2569 248 2632 260 —
2672 219 2806 272 LIB.
2852 219 2943 272 IV.
3462 222 3601 280 1'218

315 341 465 401 tecto
489 339 682 413 gladio
712 338 854 396 bene
874 338 1231 412 perimuntur
1252 338 1431 397 sancti
1455 345 1515 396 et
1541 340 1701 398 electi
1720 340 1984 407 Dei,utA
2001 338 2240 412 singulis
2263 341 2379 397 suis
2407 341 2467 397 in
2495 340 2755 398 domibus
2781 345 2985 411 parant
3011 341 3278 409 convivia,
3304 348 3369 401 ut
3396 360 3463 400 ex
3479 361 3600 401 om-

315 429 640 487 moriantur
677 429 898 492 seculo,
927 433 985 484 et
1016 428 1205 484 vivant
1232 428 1367 484 Deo.
1401 429 1509 484 Sed
1540 430 1670 501 quia
1698 430 1920 501 gladius
2001 428 2167 484 nibus
2190 446 2302 484 una
2346 432 2421 485 sit
2447 431 2668 487 domus.
2701 431 2878 494 Quam
2911 446 3047 484 sane
3073 430 3304 486 domum
3343 433 3599 489 Christus

314 518 423 574 Dei
447 519 642 574 multis
668 519 727 573 in
754 517 891 573 locis
919 516 1151 573 diversis
1177 517 1547 572 adumbratur
1564 519 1921 589 signiﬁcatio-
2001 518 2277 588 sapientia
2304 520 2560 584 aediﬁcat,
2581 537 2703 590 quae
2732 524 2947 589 septem
2978 519 3209 573 fulcitur
3236 522 3511 576 columnis
3530 539 3600 577 ne

314 607 508 675 nibus,
541 607 832 680 eligendus
862 613 948 663 est
976 606 1088 673 ille,
1112 622 1220 677 quo
1244 607 1540 678 perimitur
1565 625 1735 675 mors,
1762 616 1825 664 ut
1838 626 1921 663 se-
2003 613 2148 671 ruat,
2183 618 2241 660 et
2268 614 2479 680 septem
2512 608 2758 678 pascitur
2776 607 2937 661 donis
2959 624 3029 662 ne
3054 608 3315 664 intereat.
3341 611 3605 682 Alioquin

316 703 530 768 quatur
544 697 690 764 vita;
725 701 782 753 et
810 713 923 752 non
954 695 1068 762 ille,
1093 696 1189 766 qui
1208 695 1459 768 praecidit
1486 697 1655 753 vitam
1676 698 1734 752 in
1756 706 1920 753 aeter-

295 801 479 849 num,
498 793 564 843 ut
582 786 858 841 moriatur
875 785 1083 840 anima.
1106 785 1264 865 Unde
1286 786 1557 847 Dominus
1574 786 1632 839 in
1651 787 1881 842 Cantico
1903 804 1914 840 :

315 876 389 932 Et
438 878 665 946 gladius
723 892 895 937 meus,
945 874 1145 945 inquit,
1191 876 1501 929 inebriatus
1558 880 1632 928 est
1679 879 1742 930 in
1798 880 1921 931 calo

318 964 473 1036 (Gen.
500 967 607 1033 ιιι).
655 964 764 1020 Sed
794 968 853 1019 et
894 964 1179 1034 romphaea
1218 963 1494 1017 versatilis
1537 969 1706 1035 atque
1757 965 1919 1019 ﬂam-

316 1068 471 1120 mea,
501 1059 632 1109 ante
653 1053 977 1124 paradisum
1005 1052 1204 1123 posita,
1231 1051 1301 1105 ad
1324 1052 1751 1107 custodiendam
1775 1054 1919 1109 viam

312 1141 457 1214 ligni
478 1142 624 1207 vitae,
657 1158 759 1199 nec
788 1158 901 1197 non
923 1146 981 1195 et
1000 1158 1104 1212 per
1132 1140 1460 1212 prophetam
1482 1158 1674 1196 mucro
1694 1144 1921 1198 Domini

311 1226 462 1285 bene
491 1230 721 1285 limatus
764 1235 821 1285 et
847 1236 1114 1285 executus
1144 1229 1369 1296 dicitur,
1412 1236 1470 1285 et
1506 1238 1736 1302 propter
1762 1234 1920 1287 saevi-

311 1318 460 1374 tiam
500 1319 926 1375 intertectionis.
956 1319 1278 1390 Quousque,
1321 1319 1524 1390 inquit,
1572 1338 1683 1376 non
1733 1338 1921 1377 rever-

312 1408 458 1463 teris
482 1409 541 1464 in
567 1408 827 1480 vaginam
859 1407 1057 1464 tuam?
1075 1408 1220 1463 Nam
1243 1413 1301 1463 et
1328 1408 1518 1463 Mariae
1539 1409 1787 1465 animam
1806 1412 1924 1482 gla-

313 1497 446 1554 dius
456 1499 849 1570 pertransisse,
867 1497 1090 1554 dicente
1100 1497 1361 1561 Domino,
1374 1498 1646 1553 creditur:
1663 1500 1726 1554 Et
1741 1506 1916 1566 tuam,

312 1586 523 1659 inquit,
542 1590 716 1657 ipsius
738 1590 995 1642 animam
1022 1589 1388 1656 pertransibit
1411 1589 1634 1655 gladius
1657 1589 1803 1652 (Luc.
1836 1597 1918 1655 Ii),

316 1677 589 1747 quoniam
618 1675 884 1730 nimirum
911 1670 1101 1747 gladio
1123 1676 1400 1746 passionis
1428 1676 1588 1730 dolor
1607 1677 1811 1732 Christi
1830 1696 1919 1733 ex-
1940 1692 1987 1754 Β

311 1764 601 1836 primitur,
633 1781 743 1835 quo
773 1765 1124 1819 vulneratam
1164 1764 1355 1819 Mariae
1401 1764 1649 1820 animam
1697 1767 1755 1822 in
1798 1785 1923 1838 pas-

312 1853 474 1908 sione
502 1870 668 1908 nemo
695 1854 945 1908 ﬁdelium
974 1852 1213 1908 dubitat.
1262 1853 1460 1908 Suavis
1490 1854 1665 1924 igitur
1697 1856 1921 1926 gladius

313 1947 376 1998 et
403 1941 562 1996 valde
587 1941 866 2014 optabilis,
897 1941 1129 1996 verbum
1166 1940 1281 2006 Dei,
1319 1958 1428 2013 quo
1456 1942 1655 1997 melius
1683 1945 1920 2016 quisque

312 2030 590 2086 occiditur
613 2036 678 2085 ut
703 2030 871 2093 vivat,
904 2046 1074 2102 quam
1112 2030 1160 2084 si
1193 2029 1303 2084 vita
1332 2030 1532 2085 vixerit
1561 2032 1673 2101 qua
1702 2040 1916 2103 pereat.

311 2119 624 2191 Propterea
647 2119 858 2175 Christi
890 2118 1136 2174 Ecclesia
1174 2118 1376 2173 melius
1424 2120 1495 2181 de
1528 2119 1919 2190 hujuscemodi

310 2208 626 2264 interfectis
653 2208 880 2280 gaudet,
910 2225 1081 2279 quam
1102 2208 1150 2262 si
1181 2208 1330 2262 fame
1359 2208 1630 2279 perierint
1654 2211 1919 2267 audiendi

310 2296 547 2352 verbum
575 2298 696 2352 Dei.
750 2297 895 2353 Hinc
926 2312 1148 2368 quoque
1175 2312 1271 2351 eos
1301 2296 1456 2366 luget
1487 2314 1628 2369 quos
1656 2315 1919 2355 consum-

310 2391 444 2458 ptos
472 2387 619 2441 fame
650 2387 734 2442 vel
760 2386 877 2451 siti,
912 2402 1026 2457 prie
1070 2385 1366 2440 sterilitate
1398 2388 1567 2450 novit,
1603 2387 1734 2458 quia
1763 2390 1919 2445 nulla

308 2474 475 2544 pejor
502 2490 625 2530 esse
655 2479 840 2545 potest
866 2490 1015 2529 mors
1046 2489 1215 2545 quam
1246 2490 1357 2545 qua
1386 2474 1578 2529 anima
1600 2476 1913 2545 perimitur.

310 2561 477 2618 Unde
506 2563 778 2618 Dominus
806 2579 908 2635 per
934 2563 1277 2634 Prophetam
1319 2580 1330 2616 :
1366 2565 1584 2618 Mittam
1614 2567 1678 2618 in
1699 2582 1802 2629 eos,
1837 2566 1920 2621 in-

314 2650 460 2723 quit,
496 2668 609 2706 non
636 2655 843 2719 {amem
866 2656 1035 2720 pan-is
1079 2667 1250 2719 neque
1295 2654 1450 2704 sitim
1490 2668 1661 2720 aqua},
1693 2656 1785 2707 srd
1809 2672 1916 2710 au-

314 2740 514 2814 diendi
541 2742 768 2795 uerbum
800 2741 900 2801 Dei
929 2742 1132 2807 (Amos,
1166 2753 1312 2793 vni».
1343 2739 1465 2802 Qua
1481 2739 1725 2811 denique
1769 2742 1918 2798 fame

313 2828 556 2900 quisque
581 2834 910 2901 peremptus
940 2828 1127 2893 fuerit,
1163 2834 1341 2882 morte
1380 2838 1592 2883 aeterna
1625 2830 1917 2896 morietur,

314 2916 453 2989 quia
478 2918 624 2973 sicut
651 2919 773 2989 ipsa
799 2918 1022 2972 Veritas
1053 2916 1223 2971 dicit:
1251 2918 1373 2972 Non
1396 2921 1459 2971 in
1480 2922 1590 2972 soto
1611 2935 1759 2987 pane
1786 2924 1922 2974 vivit

312 3007 494 3062 homo.
545 3006 833 3078 Siquidem
880 3006 1101 3078 integer
1144 3007 1311 3061 homo
1349 3023 1413 3060 ex
1458 3006 1677 3062 duabus
1704 3010 1982 3070 consth

310 3095 667 3161 substantiis,
713 3095 905 3150 anima
950 3095 1207 3150 videlicet
1248 3100 1417 3166 atque
1465 3112 1652 3163 carne,
1696 3103 1754 3152 et
1779 3098 1924 3154 sicut

312 3199 451 3238 caro
495 3183 615 3239 sine
661 3184 784 3237 cibo
826 3188 1073 3254 potuque
1122 3182 1306 3238 vivere
1346 3200 1459 3237 non
1503 3190 1706 3254 potest,
1758 3187 1840 3241 ita
1866 3194 1923 3242 et

313 3272 512 3326 anima
538 3272 659 3328 sine
680 3288 828 3344 pane
856 3271 1009 3326 verbi
1036 3271 1137 3326 Dei
1165 3279 1414 3343 potuque
1443 3273 1747 3343 spirituali.
1780 3276 1922 3331 Pro-

312 3365 516 3433 pterea
542 3367 599 3417 et
623 3360 872 3432 quotidie
911 3376 1178 3431 rogamus
1207 3360 1268 3414 in
1297 3361 1549 3415 oratione
1578 3362 1872 3419 Dominica
1904 3383 1917 3416 :

313 3452 528 3505 Panem
557 3455 811 3505 nostrum
847 3453 1238 3519 quotidianum
1283 3452 1355 3505 da
1404 3453 1557 3504 nobis
1604 3452 1780 3506 hodie.
1815 3453 1924 3507 Per

314 3553 526 3610 panem
549 3554 793 3610 namque
833 3555 946 3593 non
974 3539 1160 3593 minus
1190 3540 1295 3594 iste
1325 3539 1687 3609 quotidianus
1720 3540 1916 3609 victus,

317 3643 493 3699 quam
514 3633 572 3683 et
588 3627 684 3683 ille
706 3628 803 3699 qui
823 3627 893 3682 de
909 3628 1047 3682 caelo
1064 3627 1353 3688 descendit
1367 3627 1547 3699 panis,
1562 3627 1916 3700 intelligitur;

313 3732 425 3773 nec
452 3732 565 3772 non
586 3723 645 3771 et
666 3717 772 3773 iste
800 3717 897 3788 qui
925 3716 995 3771 de
1033 3716 1337 3787 Scripturis
1364 3716 1540 3771 sacris
1569 3716 1640 3771 ab
1666 3718 1920 3773 esurien-

316 3805 475 3861 tibus
502 3811 561 3861 et
587 3804 906 3861 sitientibus
931 3800 1654 3877 indesinenterpercipitur.
1680 3812 1922 3874 [503

318 3896 491 3960 Beati,
514 3894 701 3966 inquit
721 3894 1092 3966 Evangelista,
1117 3898 1217 3964 qui
1245 3899 1506 3949 esuriant
1523 3899 1577 3948 et
1604 3898 1807 3951 sitiunt
1824 3900 1923 3965 ju-

316 3985 561 4051 stitiam,
591 3985 861 4052 quoniam
900 3986 1009 4052 ipsi
1054 3983 1467 4037 saturabuntur
1492 3983 1706 4050 (Matth.
1740 3986 1814 4051 v).
1846 3988 1922 4039 At

316 4088 453 4128 vero
482 4071 541 4127 hi
572 4071 671 4143 qui
686 4072 791 4127 tali
805 4071 1162 4143 perimuntur
1182 4071 1389 4137 inedia,
1416 4072 1547 4141 jure
1578 4072 1924 4143 planguntur

316 4160 538 4217 mortui
566 4166 735 4233 atque
758 4160 1098 4232 consumpti,
1130 4177 1245 4232 prae
1267 4160 1567 4216 sterilitate
1586 4167 1770 4216 terrae.
1801 4163 1922 4218 Ste-

317 4249 508 4306 rilitas
528 4266 657 4306 vero
675 4258 839 4305 terra;
868 4256 953 4305 est
991 4250 1247 4306 Ecclesiae
1275 4249 1669 4311 infecunditas.
1696 4251 1920 4321 quando

321 4338 581 4397 doctores
623 4339 909 4403 deﬁciunt,
949 4345 1007 4393 et
1049 4339 1172 4410 ipsa
1212 4338 1383 4393 nullis
1429 4338 1779 4410 eloquiorum
1820 4340 1921 4396 Dei

320 4430 637 4487 inebriatur
662 4430 953 4486 imbribus.
994 4431 1153 4486 Unde
1195 4435 1415 4485 constat
1461 4430 1608 4501 quod
1637 4431 1803 4502 culpa
1830 4448 1923 4486 sa-

323 4519 617 4575 cerdotum
634 4526 692 4575 et
706 4520 1046 4591 negligentia
1065 4519 1319 4583 docendi,
1339 4535 1487 4573 mors
1506 4524 1799 4574 etconsum
1808 4520 1922 4591 ptio

324 4609 391 4664 ﬁt
412 4608 611 4680 plebis.
641 4609 926 4664 Moraliter
950 4616 1137 4664 autem
1171 4608 1371 4663 melius
1396 4615 1484 4663 est
1512 4608 1708 4663 occisis
1733 4610 1923 4680 gladio

318 4697 497 4761 verbi,
516 4698 775 4757 sensibus
795 4715 866 4755 ne
889 4716 948 4755 se
967 4698 1273 4754 defendant
1290 4699 1552 4758 exterius,
1566 4698 1719 4752 intus
1736 4699 1925 4753 anima

313 4786 434 4856 jam
465 4787 630 4858 quasi
650 4795 901 4843 mortuos
926 4788 1128 4845 vivere.
1154 4802 1321 4858 quam
1353 4786 1675 4856 aggregatis
1700 4786 1924 4840 virtuti-

323 4873 430 4929 bus
459 4876 582 4931 sine
611 4876 814 4947 pabulo
846 4876 1016 4930 divini
1044 4875 1271 4940 amoris,
1315 4875 1473 4946 quasi
1521 4876 1671 4929 tame
1716 4875 1923 4946 sitique

320 4964 529 5034 perire.
562 4963 842 5018 Sterilitas
868 4979 1112 5034 namque
1142 4962 1433 5027 virtutum,
1466 4961 1702 5033 privatio
1740 4963 1926 5016 chari-

323 5053 459 5106 tatis
488 5058 603 5119 est;
638 5069 895 5123 quacum
916 5053 1124 5107 sterilis
1145 5050 1314 5106 fuerit
1329 5050 1536 5107 anima.
1571 5050 1805 5106 virtutes
1834 5068 1924 5106 re-

321 5139 492 5213 liquae
512 5157 707 5196 omnes
725 5141 874 5197 fame
896 5142 1104 5212 sitique
1137 5140 1449 5195 tabescunt.
1478 5140 1545 5194 Et
1565 5140 1691 5194 ideo
1711 5148 1926 5211 septem

324 5230 428 5285 ﬁlii
446 5229 570 5296 Job,
596 5237 712 5286 tres
731 5249 951 5287 sorores
968 5247 1101 5286 suas
1121 5247 1222 5302 per
1250 5229 1471 5300 singula
1490 5228 1763 5284 vocabant
1788 5246 1924 5284 con-

326 5318 489 5384 vivia,
533 5325 599 5373 ut
641 5320 759 5375 suis
806 5322 1172 5391 reﬁcerentur
1208 5320 1269 5375 in
1313 5318 1611 5373 domibus:
1660 5318 1924 5389 quoniam

326 5407 487 5481 ﬁdes,
517 5425 646 5482 spes
664 5417 722 5465 et
739 5411 1001 5480 charitas,
1038 5416 1252 5483 septem
1273 5414 1584 5482 pascuntur
1605 5406 1766 5462 donis
1797 5406 1926 5478 Spi-

326 5497 470 5555 ritus
478 5499 680 5555 sancti.
695 5500 845 5557 Bene
860 5501 1036 5573 igitur
1055 5499 1281 5571 singula
1299 5497 1540 5571 Spiritus
1550 5495 1732 5554 sancti
1752 5494 1921 5563 dona,

2003 696 2354 766 quantalibet
2375 699 2643 752 virtutum
2660 697 2776 751 sint
2794 697 2939 750 dona
2956 696 3014 750 in
3035 698 3245 759 animo,
3260 699 3367 753 nisi
3390 700 3602 755 eisdem

2001 791 2215 855 septem
2248 786 2489 856 Spiritus
2512 786 2686 841 sancti
2723 794 3025 857 pascantur
3052 786 3232 849 donis,
3248 788 3449 858 quibus
3474 789 3603 843 cha-

2003 873 2141 927 ritas
2170 874 2226 928 in
2280 875 2540 929 cordibus
2585 875 2919 929 diffunditur
2959 875 3186 936 nostris,
3228 877 3377 931 fame
3408 878 3603 948 utique

2003 962 2208 1033 sitique
2229 964 2490 1018 deficiunt
2507 981 2620 1035 prze
2634 963 2930 1018 sterilitate
2949 969 3128 1019 terra).
3144 965 3303 1020 Unde
3323 967 3601 1021 orandum

2002 1055 2089 1105 est
2116 1069 2243 1106 cum
2284 1053 2565 1123 Propheta
2605 1071 2616 1105 :
2651 1051 2807 1107 Sicut
2834 1054 2994 1120 adipe
3040 1059 3089 1107 et
3128 1057 3486 1123 pinguedine,
3530 1048 3601 1111 ἀι

2003 1144 2201 1195 anima
2231 1148 2421 1196 nostra
2451 1144 2729 1211 repleatur
2753 1142 2917 1212 (Psat.
2953 1146 3101 1211 an).

2739 1269 2859 1311 JOD.

2077 1363 2204 1416 Man
2214 1379 2276 1415 us
2299 1365 2605 1416 mulierum
2620 1378 2718 1430 per
2731 1365 3168 1417 misericordiam
3184 1370 3449 1419 σοπηιηί
3460 1367 3602 1433 ﬁlios

2003 1466 2158 1504 suos:
2180 1453 2319 1518 facti
2335 1457 2466 1505 sunt
2491 1453 2600 1504 cibi
2620 1468 2813 1504 earum
2838 1453 2902 1505 in
2921 1455 3251 1507 contritione
3268 1457 3396 1520 ﬁlia
3410 1457 3604 1523 populi

2004 1543 2130 1593 mei.
2163 1540 2266 1595 Jon
2298 1556 2519 1611 quoque
2551 1539 2740 1593 littera
2769 1539 3043 1611 sequitur,
3090 1557 3213 1610 quae
3250 1545 3602 1611 principium

2006 1627 2089 1681 vel
2110 1631 2369 1683 desolatio
2400 1629 2822 1699 interpretatur.
2863 1629 3200 1701 Principium
3241 1646 3484 1702 namque
3513 1631 3607 1687 de-

2003 1717 2292 1771 solationis
2316 1717 2524 1772 Judaeis
2554 1724 2690 1771 tunc
2711 1717 3059 1775 imminebat.
3094 1719 3318 1789 quando
3343 1720 3606 1775 mulieres

2004 1822 2219 1871 eorum,
2255 1814 2418 1859 natos
2445 1822 2576 1860 suos
2607 1822 2746 1876 quos
2771 1805 3034 1860 videbant
3062 1808 3209 1861 fame
3237 1808 3445 1879 sitique
3469 1826 3604 1864 con-

2001 1893 2168 1954 sumi,
2218 1894 2377 1965 quasi
2426 1911 2528 1964 per
2583 1893 3024 1949 misericordiam
3066 1895 3125 1950 in
3176 1895 3327 1950 cibos
3369 1913 3593 1957 coxere.

2000 1981 2155 2036 Nulli
2184 1982 2415 2037 dubium
2446 1999 2565 2037 esse
2599 1983 2825 2053 poterit,
2865 1983 3185 2055 quicunque
3233 1985 3495 2040 historias
3525 1988 3600 2041 le-

1999 2070 2164 2141 gerit,
2208 2087 2303 2125 eos
2333 2070 2436 2125 hoc
2465 2071 2704 2126 fecisse:
2751 2072 2992 2126 maxime
3035 2072 3094 2127 in
3145 2073 3243 2127 illa
3288 2072 3596 2144 obsidione,

2002 2163 2144 2213 teste
2163 2160 2423 2231 Josepho,
2458 2176 2579 2230 qua:
2605 2160 2708 2213 sub
2727 2160 2852 2214 Tito
2883 2166 2940 2213 et
2960 2161 3302 2232 Vespasiano
3333 2162 3601 2218 accidisse

2000 2246 2226 2317 legitur.
2261 2249 2538 2302 Caeterum
2585 2247 2642 2301 in
2694 2248 2797 2301 hac
2826 2248 3028 2302 thristi
3060 2249 3301 2304 Ecclesia
3327 2250 3410 2304 illi
3440 2250 3600 2321 quasi

1999 2350 2102 2404 per
2131 2335 2569 2389 misericordiam
2621 2336 2765 2389 filios
2807 2335 3127 2406 decoquunt
3169 2355 3319 2402 suos,
3362 2338 3455 2409 qui
3481 2338 3601 2392 cul-

2002 2422 2153 2476 mine
2198 2423 2486 2492 regiminis
2516 2423 2822 2489 sublimati,
2865 2425 2967 2478 zeli
3019 2433 3075 2479 et
3122 2426 3342 2481 invidiae
3374 2427 3604 2482 flamma

2000 2517 2173 2564 urunt
2196 2511 2412 2565 animas
2442 2517 2725 2573 natorum,
2754 2512 2886 2565 dum
2927 2512 3095 2566 minis
3118 2514 3257 2582 justi
3288 2514 3394 2584 ipsi
3424 2514 3599 2570 Videri

2000 2598 2326 2668 cupiunt.et
2350 2597 2484 2651 dum
2520 2615 2620 2668 per
2644 2599 2993 2669 tyrannicam
3029 2607 3362 2670 potestatem
3386 2619 3482 2656 eos
3502 2619 3599 2656 ex-

2000 2688 2270 2750 cruciant,
2300 2687 2459 2757 quasi
2492 2704 2590 2756 per
2619 2687 3060 2742 misericordiam
3092 2707 3187 2743 eos
3216 2690 3317 2742 zvli
3365 2692 3596 2745 flamma

2014 2781 2048 2839 Ι
2065 2781 2248 2840 504
2264 2775 2600 2845 decoquunt.
2622 2776 2842 2829 [labent
2854 2776 3077 2846 quidem
3094 2784 3152 2830 et
3164 2777 3269 2848 ipsi
3290 2780 3598 2834 secundum

2004 2864 2526 2933 Apostolumzclum
2545 2864 2640 2918 Dei
2659 2864 3037 2927 itaduntaxat.
3049 2867 3150 2919 sed
3167 2883 3275 2921 non
3290 2869 3599 2922 secundum

2006 2952 2297 3005 scientiam
2318 2954 2489 3008 eRom.
2510 2956 2587 3020 x).
2612 2953 2859 3017 Quorum
2894 2955 3139 3024 profecto
3169 2955 3325 3009 cibus
3351 2957 3601 3011 decoctio

2006 3045 2109 3105 est,
2144 3056 2270 3095 cum
2303 3057 2397 3094 eos
2423 3058 2535 3095 non
2569 3042 2748 3095 solum
2787 3042 2999 3096 crudeli
3027 3043 3409 3099 dominatione
3442 3045 3603 3116 quasi

2004 3146 2104 3200 pro
2122 3130 2344 3199 justitia
2371 3130 2639 3194 adurunt,
2668 3148 2862 3185 verum
2893 3132 3062 3186 etiam
3093 3150 3219 3187 cum
3245 3134 3523 3188 inﬁrmam
3547 3139 3606 3188 et

2003 3220 2284 3275 carnalem
2316 3236 2511 3274 eorum
2538 3221 2707 3274 vitam
2741 3221 3004 3275 dentibus
3033 3222 3256 3277 rodunt.
3298 3225 3425 3279 Haec
3451 3240 3607 3278 nam-

2005 3325 2113 3379 que
2159 3309 2348 3361 omnia
2396 3309 2452 3361 in
2490 3308 2827 3363 contritione
2874 3310 3150 3375 Ecclesiae,
3196 3328 3320 3381 quae
3358 3318 3443 3366 est
3488 3313 3607 3366 ﬁlia

2004 3396 2195 3466 populi
2212 3396 2332 3457 Dei,
2348 3396 2727 3467 apostolorum
2744 3398 2999 3451 videlicet
3014 3404 3070 3452 et
3088 3409 3411 3455 sanctorum
3434 3402 3505 3455 ab
3523 3403 3604 3457 eis

2004 3488 2166 3555 fiunt,
2201 3489 2295 3559 qui
2329 3493 2430 3543 aut
2457 3488 2832 3543 ecclesiastica
2863 3496 3141 3560 potestate
3171 3499 3342 3557 certe,
3392 3501 3491 3549 aut
3517 3494 3603 3549 of-

2003 3576 2129 3630 ﬁcio
2156 3577 2407 3632 saeculari
2435 3578 2653 3632 animas
2694 3579 2989 3649 tyrannica
3018 3580 3306 3636 vexatione
3339 3588 3599 3651 exurunt,

2004 3665 2137 3720 dum
2163 3666 2627 3737 concupiscentiis
2654 3666 2771 3721 suis
2798 3666 3151 3733 inﬂammati,
3186 3668 3330 3722 ﬁlios
3350 3676 3450 3723 aut
3476 3669 3606 3723 sub-

1997 3756 2176 3826 jectos
2225 3772 2365 3827 quos
2414 3755 2633 3809 nutrire
2672 3756 2814 3810 lacte
2858 3754 3170 3810 debuerant
3197 3757 3599 3827 doctrinarum,

2004 3843 2299 3899 adustione
2329 3861 2511 3916 pravae
2539 3844 2862 3899 aﬂlictionis
2892 3851 3248 3900 consumunt.
3282 3846 3373 3901 Sic
3407 3846 3600 3918 itaque

2004 3935 2347 4007 tropologice
2373 3935 2609 3989 virtutes
2629 3934 3047 4007 hypocritarum
3073 3940 3376 4007 conceptus
3389 3953 3520 3991 suos
3540 3937 3599 3992 in

2004 4025 2191 4080 animo
2218 4025 2450 4091 faciunt,
2484 4025 2619 4079 dum
2662 4024 2925 4089 simulate
2956 4025 3112 4096 quasi
3156 4042 3256 4097 per
3283 4025 3601 4082 misericor-

2003 4113 2173 4179 diam,
2206 4113 2386 4168 laudis
2416 4130 2607 4168 amore
2637 4115 2723 4168 vel
2741 4114 2946 4169 favoris
2966 4115 3168 4186 gratia,
3198 4117 3252 4170 in
3275 4121 3470 4172 tenera
3500 4133 3603 4172 sua

2004 4203 2189 4258 adhuc
2207 4202 2589 4275 conceptione,
2617 4203 2851 4259 virtutes
2872 4204 3185 4276 perimunt;
3210 4212 3267 4260 et
3284 4206 3605 4279 decoquunt

1941 4289 2062 4348 Din
2092 4292 2244 4348 cibos
2271 4309 2403 4347 suos
2432 4310 2444 4345 :
2478 4292 2613 4347 dum
2642 4309 2754 4347 non
2779 4295 2984 4360 futura,
3020 4294 3116 4349 sed
3150 4295 3438 4366 praesentis
3476 4296 3600 4350 vita

2003 4379 2159 4435 lucra
2177 4386 2453 4454 quaerunt,
2488 4388 2546 4435 et
2570 4380 2704 4436 dum
2734 4397 2966 4436 suarum
2998 4381 3264 4438 virtutum
3296 4391 3602 4454 pascuntur

2002 4469 2282 4531 laudibus,
2325 4469 2484 4539 quasi
2525 4470 2779 4541 proprios
2809 4475 2866 4523 et
2909 4470 3165 4525 decoctos
3198 4468 3404 4525 favoris
3430 4470 3600 4527 adus-

2003 4558 2156 4613 tione
2188 4564 2349 4612 natos
2368 4557 2837 4620 comedunt.Qua3
2869 4556 3008 4612 bene
3039 4558 3301 4613 mulieres
3318 4560 3603 4626 fuisse,ta-

2005 4647 2192 4718 liaque
2219 4647 2461 4717 gessisse
2485 4646 2889 4718 perhibentur;
2926 4646 3058 4716 quia
3088 4646 3133 4700 si
3168 4664 3277 4701 non
3305 4649 3604 4706 muliebria
3657 4704 3663 4713 ,

2006 4736 2281 4791 simulata:
2327 4736 2548 4790 virtutis
2596 4735 2784 4789 animo
2827 4743 3196 4799 sectarentur,
3249 4754 3360 4791 non
3404 4739 3600 4810 utique

2006 4831 2305 4896 conceptus
2324 4824 2497 4878 animi
2514 4823 2653 4877 bene
2673 4823 2941 4876 formatos
2962 4823 3033 4876 ad
3051 4823 3239 4891 vitam,
3271 4825 3328 4878 in
3359 4833 3600 4881 mortem

2005 4931 2160 4969 vana:
2181 4914 2360 4968 laudis
2381 4913 2743 4968 adducerent.
2768 4911 2928 4965 Unde
2951 4913 3209 4983 sequitur
3230 4931 3242 4967 :

2714 5040 2885 5082 CAPH.

2079 5136 2371 5204 Comptevit
2388 5135 2653 5188 Dominus
2667 5134 2918 5201 furorem
2939 5134 3318 5200 suum,e/]‘udit
3341 5134 3490 5185 iram
3507 5134 3600 5187 in-

2008 5225 2349 5290 dignationis
2375 5238 2503 5287 suae,
2523 5227 2569 5275 et
2598 5224 2876 5276 succendit
2901 5225 3085 5290 ignem
3114 5226 3177 5276 in
3201 5220 3355 5282 Sion,
3379 5226 3430 5275 et
3448 5222 3600 5287 deuo-

2008 5315 2156 5367 rauit
2183 5312 2551 5379 fundamenta
2580 5314 2715 5379 ejus.
2755 5311 2910 5364 Tunc
2933 5328 3066 5365 sane
3095 5326 3264 5380 super
3285 5309 3599 5365 Jerusalem

2007 5401 2303 5474 complevit
2347 5399 2615 5455 Dominus
2654 5399 2901 5454 furorem
2956 5414 3139 5464 suum,
3185 5400 3408 5469 quando
3452 5417 3601 5457 com-

2004 5491 2158 5565 pleta
2179 5494 2265 5546 est
2284 5488 2500 5545 malitia
2516 5488 2688 5556 illius,
2715 5486 2881 5547 sicuti
2899 5491 2957 5543 et
2975 5490 3202 5557 peccata
3219 5489 3599 5545 Armorrlueo-
