3960 6168
489 268 616 325 1219

1345 260 1712 316 PASCilASll
1760 256 2112 312 RADBERTI
2157 256 2457 310 ABBATIS
2499 253 2991 309 CORBEIENSIS.

3568 263 3578 317 l
3589 262 3677 319 “2‘20

476 410 622 461 rum,
652 392 876 464 quando
905 390 1074 445 deleti
1104 395 1255 444 sunt.
1282 387 1489 442 Effudit
1503 402 1630 438 vero
1653 385 1793 436 iram
1814 383 2069 452 indigna—
2090 384 2131 440 A
2153 381 2320 434 etiam
2372 382 2531 450 regni
2580 381 2963 434 fundamenta.
3007 381 3362 452 Tropologice
3401 401 3528 449 vero,
3558 387 3679 458 quod

474 482 644 538 tionis
674 498 808 544 suae,
844 478 1066 550 quando
1095 484 1152 530 et
1176 477 1292 546 ipsa
1328 492 1385 528 se
1413 473 1635 526 diffudit
1669 473 1736 525 ad
1774 471 1961 525 omnia
1986 470 2068 523 vi-

473 561 685 626 tiorum
698 569 908 624 scelera
925 586 936 634 ;
957 573 1013 621 et
1029 565 1313 620 devoravit
1326 563 1689 617 fundamenta
1701 562 1747 630 ej
1755 561 2068 631 us,quando

474 660 924 721 fundamentum,
956 655 1102 726 quod
1133 653 1388 707 Christus
1430 658 1533 716 est,
1581 651 1762 704 noluit
1799 650 2064 720 recipere.

477 749 692 820 Rejecit
719 764 852 802 sane
892 746 1050 798 illum
1079 742 1321 814 lapidem
1352 741 1681 812 pretiosum,
1716 741 2065 810 angularem,

478 839 773 893 fundatum
799 837 855 889 in
882 834 1247 887 fundamento
1280 831 1454 884 totius
1499 834 1794 884 structura
1842 835 2064 882 nostrae.

478 927 584 991 Qui
615 943 739 985 cum
771 924 1000 977 vidisset
1018 921 1270 975 eamdem
1295 920 1558 973 miseram
1578 915 2072 983 Jerusalem,ﬂevit

477 1031 646 1086 super
675 1015 826 1067 illam
859 1011 1049 1065 dicens
1082 1029 1092 1063 :
1127 1009 1274 1080 quod
1310 1009 1368 1062 in
1399 1025 1466 1061 ea
1493 1024 1596 1061 nec
1623 1007 1764 1077 lapis
1795 1023 1964 1077 super
1991 1005 2072 1058 1a-

477 1103 663 1174 pidem
686 1100 1086 1171 relinquendus
1107 1104 1254 1152 esset
1271 1098 1488 1168 (Matth.
1514 1099 1657 1163 xxxv)
1685 1115 1696 1162 ;
1739 1113 1839 1149 seu
1870 1100 2070 1149 caetera

480 1209 601 1263 quae
615 1192 880 1261 leguntur
915 1191 1087 1243 Porro
1101 1187 1375 1257 nos,quod
1393 1186 1549 1238 valde
1560 1185 1859 1238 dolendum
1874 1191 2073 1248 est,su-

477 1297 578 1352 per
590 1287 783 1334 nostra
794 1279 1107 1333 Jerusalem
1127 1293 1268 1347 pene
1279 1274 1468 1328 omnia
1481 1275 1756 1344 completa
1769 1273 2067 1338 cernimus,

478 1386 601 1440 quae
631 1369 904 1440 propheta
923 1365 1410 1420 irremediabiliter
1436 1381 1534 1434 pro
1554 1363 1671 1416 suis
1686 1362 1926 1416 deﬂebat
1949 1377 2073 1432 pro-

478 1459 615 1512 fusis
629 1457 911 1528 lacnymis.
944 1455 1208 1526 Alioquin
1236 1453 1342 1506 nisi
1373 1453 1681 1522 completus
1701 1451 1899 1505 fuisset
1918 1452 2077 1504 furor

487 1554 531 1614 ι
543 1555 735 1614 505
746 1545 989 1608 Domini,
1005 1545 1180 1597 eﬂ’usa
1193 1543 1474 1596 contentio
1487 1557 1655 1611 super
1663 1541 1942 1612 principes
1963 1557 2073 1594 non

479 1643 627 1691 esset
655 1641 896 1699 nostros,
933 1651 1053 1704 quae
1084 1639 1149 1686 ut
1177 1631 1477 1694 cernimus,
1507 1629 1640 1683 facit
1668 1646 1762 1682 eos
1791 1645 1979 1683 errare
2017 1628 2074 1681 in

479 1726 649 1791 invio,
675 1732 730 1779 et
756 1741 865 1778 non
898 1723 954 1776 in
977 1721 1064 1775 via
1093 1721 1162 1774 ob
1183 1721 1324 1774 iram
1348 1718 1750 1789 indignationis
1775 1718 1890 1771 Dei.
1916 1718 2076 1771 Com-
2094 1739 2141 1799 Β

481 1815 630 1886 pleta
657 1813 882 1884 quidem
915 1811 1133 1864 malitia
1170 1808 1468 1880 complevit
1496 1807 1742 1861 furorem
1774 1807 1873 1860 Dei
1899 1825 1911 1873 ;
1945 1806 2075 1876 quia

481 1903 785 1957 secundum
813 1916 1136 1955 mensuram
1156 1897 1509 1961 delictorum,
1535 1896 1789 1966 sequitur
1813 1901 1868 1948 et
1891 1911 2076 1966 paena.

481 1993 626 2045 Nam
652 1993 770 2062 jam
796 1991 911 2044 haec
939 1988 1125 2043 omnia
1157 2004 1279 2057 quae
1307 1985 1610 2050 cernimus,
1661 2002 1824 2054 paena
1869 1983 2080 2054 peccati

481 2087 632 2136 sunt.
663 2080 926 2150 Alioquin
958 2077 1063 2131 nisi
1095 2075 1371 2146 completa
1414 2080 1601 2128 essent
1629 2073 1841 2126 scelera
1867 2078 2076 2138 nostra,

480 2187 582 2224 nec
608 2169 878 2224 Dominus
909 2168 1154 2220 furorem
1201 2180 1364 2218 suum
1407 2161 1812 2232 complevisset.
1847 2161 2005 2224 Quod
2035 2161 2081 2214 si

481 2259 649 2312 alicui
681 2258 916 2310 necdum
947 2255 1257 2324 completus
1296 2252 1534 2316 videtur,
1586 2257 1780 2304 cernat
1817 2252 1936 2319 jam
1987 2250 2081 2319 qui

480 2348 539 2401 in
569 2345 828 2399 sordibus
852 2351 1002 2408 sunt,
1035 2348 1260 2396 tantum
1287 2341 1613 2395 sordescant
1643 2357 1654 2390 :
1687 2338 1764 2392 sic
1795 2339 1988 2409 utique
2008 2338 2083 2391 vi-

482 2436 615 2489 dere
638 2434 845 2504 poterit
874 2450 937 2486 ac
963 2433 1186 2497 deﬂere,
1240 2430 1386 2501 quod
1435 2429 1574 2482 talia
1603 2445 1668 2481 ex
1712 2427 2082 2498 completione

481 2523 653 2578 divini
676 2522 879 2576 furoris
907 2522 1153 2575 veniant.
1185 2521 1458 2587 Quoniam
1505 2534 1796 2571 succensus
1836 2521 1910 2570 est
1937 2519 2083 2583 ignis

484 2617 547 2667 in
577 2614 709 2668 Sion
729 2631 743 2665 :
765 2627 876 2664 non
897 2609 1043 2681 ignis
1072 2608 1263 2679 utique
1294 2607 1387 2661 ille
1410 2607 1504 2677 qui
1526 2623 1694 2678 super
1714 2606 1995 2677 apostolos
2012 2606 2081 2659 de

481 2703 617 2757 caelo
647 2700 952 2766 descendit,
1004 2699 1101 2753 sed
1149 2698 1245 2751 ille
1294 2697 1389 2769 qui
1440 2713 1568 2749 oves
1607 2695 1710 2750 Job
1767 2711 2083 2766 puerosque

480 2790 846 2861 consumpsit.
873 2788 1055 2843 Habet
1071 2787 1222 2841 enim
1239 2787 1387 2840 Deus
1408 2785 1688 2838 diversum
1711 2784 1897 2853 ignem
1914 2800 2082 2854 quem

481 2881 692 2936 emittit
718 2881 788 2933 de
816 2877 1098 2932 thesauris
1125 2876 1260 2941 suis,
1295 2873 1602 2928 secundum
1647 2871 2081 2942 dispensationis

481 2988 596 3028 suae
629 2969 857 3023 modum
890 2985 900 3018 :
937 2967 1094 3034 cujus
1125 2962 1269 3033 ignis
1300 2967 1384 3016 est
1409 2961 1466 3014 in
1489 2961 1644 3019 Sion,
1667 2967 1724 3014 et
1751 2960 2005 3014 caminus
2021 2960 2076 3013 in

2150 475 2350 524 cuncta
2360 470 2724 524 fundamenta
2740 469 3160 540 hypocritarum
3185 477 3222 534 |
3238 476 3418 536 506
3427 489 3513 527 seu
3535 475 3681 529 haere-

2153 559 2388 613 ticorum
2402 559 2737 612 devorentur
2751 557 2821 611 ab
2833 559 2962 628 igne
2973 557 3179 612 furoris
3195 558 3312 624 Dei,
3326 561 3452 614 nulli
3465 563 3680 629 dubium;

2150 665 2216 702 eo
2255 648 2401 718 quod
2426 648 2483 701 in
2513 653 2702 701 mente
2731 663 2927 700 eorum
2950 648 3066 716 jam
3097 647 3247 718 ignis
3273 649 3456 704 ardeat
3482 650 3685 722 indigna-

2150 737 2339 803 tionis,
2387 747 2444 790 et
2493 737 2801 807 completus
2843 736 2918 790 sit
2953 735 3110 790 furor
3155 736 3376 791 Domini
3419 755 3566 810 super
3595 758 3682 796 eos.

2152 827 2310 882 Unde
2340 825 2443 880 Job
2478 845 2489 878 :
2530 828 2666 890 Vidi,
2724 824 2932 895 inquit,
2974 829 3216 879 stultum
3247 829 3354 892 ﬁm
3383 829 3546 881 radice
3574 847 3584 880 :
3617 832 3686 883 sed

2151 919 2341 969 statim
2363 916 2631 968 maledixi
2644 914 3064 982 pulchritudini
3086 919 3207 982 ejus
3221 914 3440 986 (Job,v).
3466 917 3588 980 Quid

2151 1012 2246 1060 tur
2271 1005 2579 1069 scelestius,
2609 1020 2779 1074 quam
2799 1003 3227 1074 hypocritarum
3258 1004 3446 1058 stultia
3466 1022 3571 1058 esse
3595 1022 3688 1076 pro-

2153 1095 2357 1148 batur?
2387 1094 2494 1158 Qui
2524 1109 2651 1148 cum
2682 1092 2798 1146 suis
2825 1092 3123 1146 videantur
3155 1094 3315 1164 quasi
3340 1095 3530 1148 sanctis
3551 1095 3689 1164 operi-

2155 1183 2256 1237 bus
2280 1189 2429 1236 stare
2467 1199 2531 1236 ac
2579 1183 2625 1236 si
2669 1183 2831 1235 firma
2878 1182 3083 1247 radice,
3113 1183 3176 1235 in
3206 1182 3365 1236 initio
3407 1199 3601 1254 quoque
3626 1184 3690 1237 sui

2153 1271 2367 1326 decoris
2405 1271 2488 1325 vel
2530 1270 2962 1342 pulchritudinis
2993 1288 3230 1325 suarum
3267 1273 3536 1337 virtutum,
3563 1271 3691 1326 male-

2155 1361 2289 1414 dicti
2315 1359 2595 1413 habentur
2619 1365 2676 1412 et
2699 1358 2921 1428 reprobi
2950 1375 3137 1413 coram
3172 1360 3289 1414 Deo
3313 1379 3323 1412 :
3369 1376 3581 1430 quorum
3607 1376 3693 1413 cor-

2157 1450 2229 1502 da
2253 1449 2411 1502 vanis
2439 1450 2804 1501 ﬂammantur
2829 1447 3108 1512 laudibus,
3152 1455 3211 1502 et
3240 1448 3567 1502 adulantium
3592 1465 3692 1502 con-

2156 1543 2480 1591 cremantur
2523 1535 2825 1592 favoribus.
2870 1537 2980 1591 Pro
3027 1537 3234 1608 quibus
3279 1536 3522 1591 omnibus
3566 1553 3693 1607 quam

2157 1627 2298 1682 bene
2320 1626 2574 1698 sequitur
2601 1645 2610 1678 :

2870 1729 3058 1770 LAMEI.

2231 1806 2349 1859 Non
2363 1806 2719 1859 crediderunt
2747 1820 2894 1872 reges
2917 1810 3075 1859 terra
3093 1810 3144 1859 et
3162 1808 3273 1859 uni
3277 1807 3413 1859 versi
3429 1805 3698 1859 habitatores

2161 1895 2325 1957 orbis,
2359 1895 2502 1962 quod
2532 1896 2915 1961 ingrederetur
2961 1894 3132 1947 hostis
3174 1900 3224 1947 et
3270 1897 3520 1947 inimicus
3555 1899 3698 1961 porta:

2160 1985 2486 2036 Jerusalem.
2519 1982 2727 2036 Verum
2757 1982 3066 2036 secundum
3098 1981 3699 2053 litteram,quandiuhzec

2163 2070 2357 2123 civitas
2386 2069 2590 2142 vallata
2632 2071 2743 2124 fuit
2768 2070 2975 2124 auxilio
3011 2071 3132 2135 Dei,
3168 2076 3228 2124 et
3258 2071 3468 2124 munita
3496 2068 3699 2140 praesidio

2166 2159 2513 2228 angelorum,
2543 2158 2765 2227 quando
2812 2159 2919 2212 fuit
2947 2158 3005 2211 in
3031 2175 3096 2211 eo
3120 2159 3402 2228 judicium
3431 2165 3484 2211 et
3510 2155 3700 2226 justitia,

2165 2247 2388 2316 quando
2409 2247 2680 2300 virtutum
2702 2247 3024 2317 replebatur
3042 2246 3227 2313 bonis,
3252 2248 3434 2301 nullus
3450 2263 3617 2316 regum
3639 2243 3701 2296 vel

2166 2336 2448 2389 habitator
2473 2335 2620 2388 orbis
2650 2336 2878 2389 credere
2907 2341 3148 2406 poterat,
3201 2336 3350 2407 quod
3378 2334 3704 2405 ingrederetur

2163 2425 2342 2479 hostis
2366 2431 2464 2479 aut
2489 2424 2748 2479 inimicus
2771 2425 2830 2479 in
2860 2442 2984 2479 eam
3009 2444 3021 2492 ;
3065 2425 3202 2496 quia
3222 2424 3603 2480 confortaverat
3627 2422 3703 2475 Do-

2165 2513 2352 2567 minus
2382 2529 2538 2568 seras
2567 2517 2858 2584 portarum
2881 2515 3023 2583 ejus,
3052 2519 3109 2567 et
3151 2518 3417 2585 posuerat
3439 2512 3589 2566 ﬁnem
3614 2510 3704 2578 ejus

2166 2619 2379 2673 pacem.
2403 2603 2545 2656 Cum
2566 2607 2753 2657 autem
2779 2602 2885 2674 ipsi
2908 2602 3089 2656 aversi
3109 2608 3249 2656 sunt
3267 2602 3338 2656 ab
3368 2618 3448 2668 eo,
3475 2601 3609 2669 cujus
3630 2596 3700 2649 be-

2165 2691 2364 2745 neﬁcio
2394 2691 2814 2758 muniebantur,
2847 2691 3080 2746 recessit
3106 2691 3181 2745 ab
3203 2691 3286 2746 eis
3306 2706 3464 2746 omne
3489 2689 3575 2742 Dei
3602 2701 3705 2757 pra-

2165 2780 2396 2846 sidium,
2443 2785 2500 2833 ct
2529 2780 2662 2834 facti
2709 2786 2841 2834 sunt
2883 2781 3031 2834 inter
3066 2786 3266 2836 hostes
3310 2778 3514 2852 praeda;
3557 2772 3701 2840 sicuti,

2164 2875 2359 2922 nostra
2402 2885 2552 2923 nunc
2597 2869 2839 2924 Ecclesia
2881 2871 3044 2940 juxta
3072 2871 3343 2942 mysticos
3385 2884 3578 2930 sensus,
3605 2863 3703 2916 hinc

2163 2958 2292 3011 inde
2323 2957 2392 3012 ab
2419 2957 2674 3013 hostibus
2702 2958 2984 3029 diripitur,
3019 2965 3082 3013 ut
3125 2959 3210 3014 ita
3254 2959 3464 3030 loquar.
3490 2955 3606 3020 Quis
3630 2967 3706 3007 un-

481 3059 808 3114 Jerusalem.
834 3056 914 3108 De
931 3069 1040 3123 quo
1061 3051 1330 3104 nimirum
1365 3049 1492 3118 igne
1514 3050 1652 3102 alios
1681 3049 1996 3102 inﬂammat
2018 3054 2081 3103 ut
2101 3052 2140 3110 ί]
2162 3060 2330 3115 quam
2361 3045 2630 3110 crederet,
2663 3045 2749 3098 vel
2779 3045 2904 3116 quis
2934 3061 3187 3116 unquam
3219 3045 3458 3115 cogitare
3484 3040 3704 3114 potuisset

483 3146 738 3208 erudiat;
784 3143 921 3195 alios
954 3140 1221 3203 incendit,
1257 3145 1320 3191 ut
1345 3143 1542 3190 exurat
1594 3138 1746 3202 Quos
1793 3154 1921 3192 cum
1961 3155 2082 3192 suc-

482 3231 750 3296 cenderit,
781 3230 949 3283 etiam
977 3243 1140 3281 omne
1185 3226 1612 3280 fundamentum
1645 3242 1837 3279 eorum
1865 3226 2076 3296 diripit.

485 3324 666 3392 Super
681 3319 828 3390 quod
849 3318 1037 3387 itaque
1059 3315 1488 3369 fundamentum
1511 3315 1557 3369 si
1579 3316 1703 3386 quis
1721 3315 2083 3370 mdiﬂcaverit

483 3412 657 3481 ligna,
681 3407 966 3479 stipulam,
996 3405 1204 3468 fenum,
1240 3409 1525 3470 stannum,
1561 3410 1617 3458 et
1640 3404 1948 3474 plumbum,
1982 3405 2080 3458 de-

482 3499 815 3554 trimentum
846 3495 932 3549 sui
963 3495 1245 3565 patietur;
1296 3493 1428 3563 quia
1470 3493 1908 3564 uniuscujusque
1942 3511 2081 3564 opus

482 3588 628 3659 ignis
660 3585 934 3658 probabit,
964 3590 1020 3638 et
1047 3591 1182 3636 tunc
1207 3582 1574 3636 fundamenta
1613 3583 1732 3652 ejus
1779 3582 2075 3649 subruunt,

482 3677 705 3749 quando
734 3676 955 3745 integra
973 3679 1030 3725 et
1061 3688 1189 3725 vera
1221 3671 1359 3725 ﬁdes
1388 3688 1422 3724 a
1451 3671 1635 3735 corde,
1669 3671 1855 3742 pravis
1873 3677 1930 3725 et
1958 3689 2080 3743 per-

482 3769 655 3820 versis
677 3763 938 3835 operibus
959 3761 1284 3815 destruitur.
1313 3760 1381 3813 Et
1399 3760 1531 3830 quia
1544 3761 1662 3829 jam
1686 3760 1821 3813 talia
1839 3761 1897 3814 in
1918 3760 2078 3815 nobis

482 3854 782 3918 cernimus,
826 3866 938 3905 non
976 3865 1203 3903 necesse
1233 3855 1320 3902 est
1363 3849 1586 3902 oculum
1627 3849 1922 3902 deﬂectere
1950 3865 2076 3902 cum

482 3944 758 4014 propheta
785 3957 956 4012 super
983 3938 1305 3993 Judaeorum
1348 3937 1622 4004 miserias,
1657 3954 1847 3991 verum
1878 3937 2081 4008 proba-

481 4032 670 4097 bilius,
694 4031 917 4085 nuncin
939 4034 1192 4098 tempore
1221 4031 1442 4080 nostras
1462 4027 1667 4080 deﬂere
1689 4026 2037 4081 calamitates
2064 4045 2075 4080 :

482 4121 704 4191 quando
727 4120 873 4188 ignis
901 4116 1475 4188 concupiscentiarum
1505 4124 1826 4170 nostrarum
1849 4133 2080 4170 succen-

483 4224 578 4262 sus
605 4214 690 4260 est
713 4227 724 4273 ;
759 4206 1002 4276 quando,
1027 4211 1090 4259 ut
1105 4205 1235 4269 dixi,
1262 4205 1550 4259 universos
1565 4222 1707 4274 pene
1738 4221 1903 4259 vorax
1924 4205 2080 4259 ﬂam-

481 4313 574 4350 ma
597 4295 928 4349 insidiarum
958 4311 1024 4347 ac
1047 4294 1383 4347 seditionum
1413 4293 1702 4361 devastat;
1755 4295 1978 4365 quando
2021 4295 2080 4348 in

2163 3133 2221 3187 in
2252 3134 2458 3188 nostris
2482 3133 2753 3205 partibus,
2785 3135 2933 3205 quod
2962 3141 3286 3189 transcurso
3305 3141 3539 3204 tempore
3553 3143 3704 3184 omnes

2163 3222 2429 3276 accidisse
2459 3223 2865 3293 conspeximus,
2907 3223 3194 3278 doluimus
3223 3241 3288 3278 ac
3311 3221 3624 3283 deﬂevimus,
3663 3220 3705 3269 et

2163 3311 2324 3365 valde
2344 3313 2740 3383 pertimuimus
2761 3313 2785 3365 ?
2803 3312 2962 3366 Unde
2984 3319 3040 3366 et
3057 3313 3244 3366 adhuc
3263 3313 3423 3366 hodie
3440 3326 3540 3364 non
3559 3307 3704 3362 minus

2163 3401 2633 3471 pertimescimus,
2656 3407 2720 3455 ut
2739 3400 2934 3471 piratae
2964 3401 3205 3455 diversis
3228 3399 3514 3454 admodum
3533 3391 3702 3450 collecti

2164 3508 2229 3544 ex
2261 3490 2504 3554 familiis,
2540 3489 2884 3544 Parisiorum
2916 3490 3265 3559 attingerent
3292 3490 3444 3552 lines,
3465 3483 3703 3540 ecclesias-

2164 3596 2272 3650 que
2318 3579 2526 3632 Christi
2557 3579 2686 3632 hinc
2713 3578 2842 3632 inde
2887 3579 3018 3648 igne
3056 3583 3374 3632 cremarent
3400 3576 3534 3630 circa
3557 3573 3698 3626 littus.

2164 3668 2300 3731 Quis
2329 3684 2600 3738 unquam,
2630 3683 2836 3737 quaeso,
2869 3667 3123 3720 crederet
3162 3666 3314 3737 quod
3354 3664 3576 3718 latrones
3599 3672 3701 3729 pro-

2164 3758 2388 3811 miscuae
2429 3756 2613 3827 gentis
2665 3773 2915 3826 unquam
2959 3756 3098 3809 talia
3141 3753 3448 3810 auderent?
3487 3751 3561 3804 vel
3605 3745 3700 3816 quis

2159 3846 2441 3901 aestimare
2495 3846 2772 3916 potuisset
2803 3845 2949 3915 quod
2994 3851 3111 3899 tam
3150 3845 3452 3914 gloriosum
3489 3848 3699 3908 regnum.

2164 3940 2394 4006 tamque
2419 3935 2698 3988 munitum
2729 3940 2785 3988 et
2815 3934 3172 3999 latissimum,
3201 3940 3316 3988 tam
3343 3930 3637 4004 populosam
3659 3925 3700 3974 et

2164 4024 2571 4090 ﬁrmissimum,
2592 4024 2791 4077 talium
2808 4023 3098 4076 hominum
3130 4021 3415 4076 humiliari
3442 4018 3518 4072 vel
3545 4007 3699 4068 foedari

2163 4114 2419 4168 sordibus
2447 4112 2710 4166 deberet?
2741 4113 2809 4166 Et
2838 4128 2948 4164 non
2969 4112 3091 4166 dico
3119 4111 3176 4165 hi
3206 4111 3352 4183 quod
3381 4121 3584 4164 censum
3608 4099 3700 4171 plu-

2163 4203 2368 4257 rimum
2399 4210 2707 4273 asportare,
2752 4207 2809 4255 et
2837 4201 3052 4272 praedas
3090 4201 3353 4272 diripere,
3395 4198 3472 4250 vel
3499 4190 3697 4273 captivos

2161 4292 2527 4345 transducere
2585 4315 2596 4348 :
2656 4307 2850 4345 verum
2908 4290 3033 4360 quis
3089 4291 3318 4344 credere
3367 4290 3539 4359 posset
3582 4272 3694 4349 quod

481 4385 683 4440 divinis
711 4383 878 4438 rebus
907 4388 962 4435 et
979 4381 1341 4435 facultatibus
1366 4382 1480 4435 Deo
1507 4383 1743 4443 collatis.
1775 4372 2140 4454 BabylonisD
2161 4386 2277 4434 tam
2330 4380 2587 4434 vilissimi
2641 4389 2862 4435 nostros
2916 4379 3072 4432 adire
3117 4381 3258 4434 ﬁnes
3291 4370 3578 4432 auderent?
3615 4366 3695 4419 Fa-

481 4475 592 4529 olla
623 4489 892 4528 succensa
922 4487 955 4525 a
986 4470 1127 4524 facie
1157 4469 1434 4540 aquilonis
1481 4476 1651 4540 atque
1692 4472 1886 4525 fornax
1917 4473 2078 4527 Chal-
2159 4482 2282 4530 teor
2313 4470 2482 4536 enim,
2515 4475 2576 4524 ut
2607 4486 2678 4524 ne
2719 4474 2955 4536 [50$
2989 4468 3204 4522 zestimo
3237 4483 3347 4522 non
3382 4466 3531 4533 longe
3559 4462 3692 4515 rem.

479 4565 727 4618 decorum
759 4561 1388 4634 septuplum-succensa,
1423 4565 1621 4613 cuncta
1651 4559 1862 4631 diripit,
1884 4567 1940 4616 et
1960 4579 2080 4617 suc-
2161 4559 2310 4629 quod
2351 4559 2541 4613 nullus
2583 4576 2648 4612 ex
2696 4557 2923 4629 regibus
2968 4563 3132 4612 terrae
3178 4557 3289 4612 ista
3331 4553 3590 4625 cogitaret,
3618 4557 3693 4596 ῠθσ

480 4652 668 4705 cendit
722 4666 972 4723 quosque
1010 4648 1220 4720 reperit
1264 4648 1334 4702 de
1389 4648 1682 4706 Chaldaeis.
1736 4651 1881 4704 Nam
1935 4652 2079 4706 sicut
2160 4666 2271 4718 que
2301 4649 2449 4703 ullus
2479 4647 2763 4703 habitator
2800 4647 2976 4702 nostri
3025 4646 3174 4700 orbis
3212 4646 3403 4701 audire
3448 4634 3690 4713 potuisset,

479 4739 914 4810 praedecessores
935 4739 1112 4794 nostri
1132 4737 1385 4793 succensi
1406 4738 1562 4792 fuere
1579 4737 1708 4808 igne
1733 4739 1903 4793 divini
1926 4757 2078 4795 amo-
2160 4739 2308 4808 quod
2352 4738 2628 4792 Parisium
2681 4743 2937 4791 nostrum
2981 4735 3158 4790 hostis
3202 4735 3454 4789 intraret.
3483 4727 3692 4794 Proptel"

479 4828 578 4894 ris,
608 4828 703 4897 qui
730 4828 846 4881 haec
873 4829 987 4881 Deo
1018 4828 1240 4895 dedere,
1275 4833 1332 4881 et
1359 4833 1611 4881 sanctam
1644 4828 1850 4882 Christi
1883 4827 2074 4882 Eccle-
2159 4843 2225 4880 ea
2248 4827 2351 4881 hoc
2381 4828 2438 4880 in
2469 4828 2610 4896 loco,
2669 4833 2726 4881 et
2773 4827 2821 4881 si
2865 4843 2976 4880 non
3009 4833 3095 4880 est
3131 4827 3281 4897 quod
3325 4832 3585 4894 exponam,
3628 4811 3694 4862 est

478 4917 619 4970 siam
640 4915 756 4969 suis
775 4916 1028 4969 ditarunt
1047 4917 1382 4987 sumptibus,
1406 4917 1487 4971 ita
1508 4916 1818 4988 probantur
1843 4934 2074 4972 succen-

476 5007 524 5060 si
544 5005 728 5059 alieno
749 5003 817 5056 ab
838 5003 985 5073 igne,
1004 5005 1098 5074 qui
1117 5007 1280 5058 modo
1306 5021 1374 5058 ea
1393 5006 1663 5060 devorant
1679 5012 1736 5077 et
1763 5006 2035 5077 diripiunt
2057 5026 2069 5074 ;

472 5109 786 5168 pauperum
819 5091 1046 5164 quidem
1076 5092 1352 5164 diripiunt
1383 5076 1800 5165 patrimonium,
1848 5076 1904 5150 et
1947 5096 2071 5150 ideo

467 5183 878 5241 homicidarum
922 5181 1050 5251 jure
1091 5182 1174 5234 rei
1205 5182 1528 5252 plectuntur
1560 5202 1572 5240 :
1609 5185 1896 5256 quoniam,
1927 5191 2071 5240 teste

471 5273 778 5342 Scriptura,
812 5269 907 5341 qui
935 5269 1080 5322 tollit
1108 5269 1481 5324 substantiam
1525 5289 1739 5338 eorum,
1787 5274 1945 5344 quasi
1977 5274 2072 5345 qui

469 5367 680 5415 mactat
725 5361 785 5414 in
827 5365 1127 5430 conspectu
1170 5359 1345 5428 patris
1375 5360 1570 5414 lilium.
1624 5362 1781 5415 Unde
1820 5364 1976 5417 valde
2006 5365 2072 5417 ti-

469 5451 736 5506 mendum
758 5457 842 5504 est
872 5449 1021 5521 quod
1040 5449 1196 5502 furor
1217 5447 1324 5501 iste
1345 5465 1561 5502 cessare
1583 5466 1693 5503 non
1715 5451 1934 5519 debeat,
1968 5453 2070 5506 do-

467 5555 569 5598 nec
609 5539 957 5611 compleatur
999 5537 1084 5593 ira
1127 5536 1530 5609 indignationis
1572 5537 1692 5604 Dei,
1734 5545 1790 5594 et
1839 5541 2072 5596 devoret

2156 4921 2346 4970 tamen
2377 4917 2524 4988 quod
2553 4916 2788 4970 deﬂeam
2815 4921 2871 4970 et
2899 4915 3160 4987 plangam
3185 4933 3197 4982 ;
3243 4911 3505 4986 quoniam,
3547 4907 3600 4957 ut
3628 4911 3690 4951 εθ-

2159 5021 2335 5076 quens
2365 5022 2555 5060 versus
2591 5006 2860 5070 insinuat,
2904 5011 3132 5076 propter
3163 5008 3381 5075 peccata
3409 4993 3574 5071 populi
3601 4989 3689 5041 haec

2156 5095 2346 5148 omnia
2369 5094 2763 5165 contigerunt;
2794 5100 2850 5148 et
2880 5100 3110 5164 propter
3140 5093 3455 5165 iniquitates
3473 5076 3684 5138 sacerdo-

2154 5187 2272 5238 tum
2296 5190 2351 5237 et
2365 5184 2702 5255 principum,
2719 5183 2849 5237 hinc
2863 5183 2992 5238 inde
3008 5188 3169 5238 tanta
3189 5179 3522 5238 crebrescunt
3539 5165 3680 5222 male:

2154 5273 2286 5344 quia
2315 5279 2708 5344 perverterunt
2731 5273 2896 5343 longe
2918 5274 3039 5342 jam
3065 5273 3161 5328 diu
3187 5273 3244 5328 in
3270 5269 3438 5326 medio
3454 5265 3679 5344 nostruﬂ}:

2154 5340 2217 5417 ut
2259 5340 2339 5417 ita
2367 5363 2571 5427 dicam,
2601 5362 2814 5433 judicia
2832 5340 3144 5432 justorum,
3175 5368 3232 5416 et
3259 5355 3466 5429 sanguis
3493 5340 3678 5414 sanSUi'

2151 5469 2280 5506 nem
2309 5452 2531 5522 tetigit;
2585 5469 2694 5523 quo
2736 5451 2919 5506 cuncti
2956 5452 3173 5524 polluti,
3216 5453 3330 5522 jam
3372 5444 3475 5500 suis
3518 5435 3676 5524 cuncta

2148 5519 2505 5611 repleverunt
2520 5519 2672 5596 dolis
2701 5547 2758 5595 et
2786 5519 3097 5596 fraudibus.
3138 5519 3293 5596 Unde
3335 5537 3388 5591 hi
3431 5541 3594 5586 versus
3616 5519 3676 5574 18-
