3960 6168
345 279 471 339 1221
1006 273 1380 329 EXPOSITIO
1423 274 1495 328 IN
1539 270 2147 326 LA'NIENTATIUNES
2190 270 2532 324 JEREMle.
2585 303 2641 312 -ι
2688 271 2822 325 LIB.
2869 271 2960 326 IV.
3491 272 3621 333 l‘l‘Z‘Z

337 405 549 459 mentis
568 403 754 476 potius
783 404 916 456 sunt
935 400 1245 471 exponendi
1277 405 1334 455 et
1351 399 1592 462 fletibus,
1617 417 1783 472 quam
1808 397 1937 452 ullis
1958 400 2006 458 Α
2025 397 2093 452 ad
2117 395 2386 467 templum
2401 396 2644 450 caelestis
2657 397 2872 467 patriae,
2889 397 2964 450 ita
2978 397 3173 467 polluti
3195 414 3423 453 suorum
3441 399 3624 471 inqui-

335 494 751 548 sententiarum
791 489 1025 561 eloquiis
1067 490 1384 556 retexendi;
1419 507 1599 561 neque
1644 488 1939 560 triplicitas
2023 486 2302 539 namentis
2322 486 2678 547 delictorum.
2703 503 2806 540 nec
2830 486 2935 557 ipsi
2969 487 3326 554 introierunt,
3358 506 3459 544 nec
3478 489 3622 546 alios

333 599 606 637 sensuum
629 579 983 652 requirenda,
1007 596 1133 634 cum
1163 596 1304 633 unus
1323 579 1396 633 sit
1412 579 1665 634 omnium
1682 583 1937 632 nostrum
2022 574 2234 628 intrare
2260 575 2655 646 permiserunt.
2677 575 2742 629 Et
2763 576 2868 629 hoc
2893 582 2979 630 est
2991 576 3138 647 quod
3155 577 3264 630 ait:
3286 582 3618 646 sanguinem

335 688 504 727 casus
531 676 588 726 et
613 670 800 725 ruina.
833 669 1042 724 Idcirco
1066 669 1225 722 dolor
1244 668 1426 722 cordis
1458 667 1516 722 in
1543 667 1748 722 talibus
1765 665 1941 720 ulula-
2012 667 2296 733 justorum
2328 668 2639 732 effuderunt
2671 669 2732 719 in
2766 667 2937 719 medio
2957 669 3094 734 ejus.
3120 666 3182 720 Id
3213 670 3316 730 est,
3349 666 3406 720 in
3439 668 3623 722 medio

332 759 490 814 tibus
509 763 566 814 et
577 758 881 830 gemitibus
901 763 986 812 est
1004 758 1405 828 requirendus:
1429 763 1491 812 ut
1504 774 1632 811 cum
1647 756 1936 828 propheta,
2024 754 2279 808 Ecclesiae
2303 772 2425 826 quze
2439 771 2571 808 vera
2594 760 2679 808 est
2705 755 3014 808 Jerusalem
3040 773 3052 821 ;
3084 760 3139 807 et
3172 760 3257 808 est
3282 760 3463 810 mater
3500 774 3622 811 om-

334 855 537 904 nostra
568 865 689 920 quae
716 848 994 918 gessimus
1025 847 1191 911 mala,
1225 847 1430 900 deflere
1462 847 1760 917 possimus,
1804 861 1930 916 quo-
2024 842 2181 896 nium
2205 848 2479 896 nostrum.
2503 843 2566 897 In
2588 844 2746 913 cujus
2775 843 3044 896 nimirum
3063 841 3244 896 medio
3275 844 3402 898 caeci
3432 861 3624 898 erran-

335 939 496 993 niam
516 937 698 992 vibrat
726 937 824 991 Dei
841 936 1082 1006 gladius,
1111 942 1167 990 et
1188 936 1393 1007 pendet
1421 937 1478 990 in
1509 935 1815 990 cervicibus
1838 951 1941 988 no-
2021 936 2109 985 tes
2134 931 2428 985 effundunt
2448 933 2777 1000 sanguinem
2800 933 3102 1000 justorum,
3119 932 3341 1001 quando
3363 933 3479 986 suis
3500 950 3625 1004 pra-

337 1026 494 1079 stris.
524 1026 649 1080 Jam
681 1024 891 1079 securis
921 1024 990 1078 ad
1021 1023 1234 1078 radices
1273 1023 1536 1077 arborum
1583 1025 1767 1095 posita
1807 1029 1894 1078 est
1925 1043 1935 1076 :

337 1114 473 1186 quia
501 1114 848 1168 infructuosa
873 1119 959 1167 est
981 1130 1137 1167 mens
1169 1118 1382 1167 nostra.
1406 1113 1549 1182 Ergo
1567 1113 1793 1167 desawit
1819 1113 1941 1183 gla-

335 1204 469 1259 dius
489 1203 866 1258 Barbarorum
899 1203 1228 1272 evaginatus
1259 1219 1322 1256 ex
1353 1203 1555 1273 vagina
1586 1203 1808 1257 Domini
1843 1221 1854 1269 ;
1889 1207 1945 1256 et

338 1310 446 1348 nos
495 1292 685 1348 miseri
732 1297 1020 1363 torpentes
1047 1291 1301 1358 vivimus,
1345 1291 1491 1345 inter
1529 1297 1646 1346 tam
1677 1291 1946 1345 immania

339 1381 721 1437 Barbarorum
771 1382 937 1445 mala,
1006 1380 1154 1435 inter
1206 1385 1324 1434 tam
1381 1381 1691 1434 crudelium
1743 1381 1944 1434 civium

339 1470 510 1536 bella,
554 1471 702 1525 inter
730 1470 1114 1540 diripientium
1153 1469 1393 1541 praedas,
1444 1470 1593 1524 inter
1642 1469 1946 1524 seditiones

341 1565 402 1615 et
438 1560 684 1623 fraudes,
731 1559 828 1612 sed
876 1559 1128 1629 quotidie
1169 1558 1239 1611 ad
1280 1561 1496 1629 majora
1534 1559 1946 1613 exardescimus

340 1650 618 1705 scelerum
648 1647 816 1702 mala.
850 1648 1089 1719 Propter
1135 1648 1284 1718 quod
1334 1649 1493 1719 quasi
1523 1649 1592 1703 de
1630 1647 1809 1716 nobis,
1844 1665 1945 1702 vox

341 1739 663 1811 plangentis
693 1738 986 1810 Pr0phetae
1015 1737 1286 1808 sequitur.

1083 1868 1211 1908 NUN.

420 1962 766 2015 Erra'oerunt
777 1961 900 2013 caci
909 1961 971 2012 in
982 1959 1177 2026 plateis
1185 1959 1390 2026 polluti
1400 1961 1690 2025 sanguine.
1701 1960 1946 2025 Cumque

344 2050 570 2116 ingredi
585 2064 697 2102 non
716 2052 945 2116 possent,
969 2046 1170 2117 inquit,
1203 2052 1501 2100 tenuerunt
1529 2049 1765 2100 lacinias
1793 2063 1940 2100 suas.

344 2139 512 2192 Patet
548 2153 765 2203 sensus,
807 2136 958 2206 quod
1002 2135 1207 2190 Scriba
1251 2142 1307 2188 et
1346 2134 1608 2189 Pharismi
1638 2135 1764 2189 caeci
1797 2152 1946 2189 erra-

343 2230 550 2280 verunt
577 2226 634 2279 in
662 2225 865 2296 plateis
890 2225 1024 2289 suis,
1053 2230 1110 2278 et
1137 2224 1360 2294 quando
1390 2225 1662 2294 sanguine
1692 2229 1947 2278 cruenta-

345 2312 557 2367 bantur
595 2314 856 2368 humanae
885 2313 1189 2378 elfusionis,
1220 2313 1473 2367 fortassis
1504 2314 1715 2384 pudore
1745 2313 1942 2383 pressi,

345 2401 706 2457 abstinebant
733 2420 793 2456 se
826 2402 895 2456 ab
926 2403 1183 2472 ingressu
1219 2402 1438 2472 templi.
1481 2403 1548 2455 Et
1578 2402 1709 2472 quia
1736 2402 1946 2456 effude-

345 2497 485 2546 runt
537 2491 597 2545 in
645 2491 832 2545 medio
894 2491 1204 2545 Jerusalem
1262 2491 1592 2561 sanguinem
1641 2491 1945 2560 justorum,

346 2581 549 2652 polluti
580 2597 680 2651 per
725 2581 970 2651 plateam
1019 2580 1359 2644 incedentes,
1406 2578 1763 2634 abstinebant
1827 2596 1886 2633 se
1917 2597 1950 2633 a

343 2670 563 2740 templo
589 2686 704 2723 non
727 2685 830 2723 sua
851 2669 1109 2738 lugentes
1138 2674 1384 2738 peccata,
1409 2668 1505 2722 sed
1526 2668 1592 2721 ad
1603 2668 1950 2722 blandientes

348 2758 476 2826 sibi,
509 2775 611 2830 per
641 2759 855 2829 plateas
885 2757 1232 2812 lascivientes
1253 2757 1430 2810 ibant.
1466 2756 1742 2811 Errabant
1761 2762 1951 2810 autem

347 2853 414 2902 ut
437 2849 585 2914 caeci,
609 2848 952 2902 aestimantes
982 2847 1130 2917 quod
1149 2863 1244 2900 eos
1265 2847 1407 2900 tales
1433 2845 1710 2916 purgabat
1737 2851 1953 2916 tempo-

349 2939 431 2992 ris
477 2937 671 2991 dilatio
714 2935 1084 2999 solummodo,
1119 2935 1166 2989 si
1205 2952 1239 2988 a
1274 2935 1485 3005 templo
1517 2951 1576 2988 se
1605 2934 1949 2999 cohiberent,

350 3027 421 3080 de
452 3043 510 3080 se
534 3027 810 3095 jactantes
829 3024 990 3094 quasi
1019 3023 1185 3078 fortia
1203 3039 1437 3094 quasque
1465 3029 1752 3093 gestorum
1783 3039 1954 3093 opera

350 3114 645 3179 haberent,
673 3120 730 3167 et
753 3113 1043 3190 humilitas
1065 3117 1494 3182 monstraretur,
1517 3128 1747 3180 cumque
1770 3115 1954 3179 ingre-

351 3205 413 3257 di
434 3219 546 3257 non
559 3207 794 3272 possent,
820 3206 1118 3256 tenuerunt
1132 3203 1370 3255 lacinias
1386 3217 1534 3255 suas.
1552 3200 1790 3254 Laciniae
1803 3200 1952 3253 enim

352 3297 487 3346 sunt
534 3291 706 3362 panni
747 3290 1210 3345 vestimentorum
1258 3295 1530 3355 veterum,
1574 3289 1658 3343 vel
1711 3289 1953 3342 cincinni

351 3380 743 3444 scissurarum,
775 3379 976 3450 quibus
999 3379 1202 3445 induti,
1247 3384 1489 3444 [508
1534 3378 1693 3448 quasi
1739 3378 1866 3431 caeci
1895 3393 1954 3430 se

353 3470 590 3524 invicem
629 3456 927 3538 sequentes
969 3467 1257 3533 tenebant,
1301 3472 1364 3520 ut
1393 3467 1537 3521 alter
1566 3483 1760 3520 eorum
1792 3467 1955 3520 alteri

347 3560 702 3628 jungeretur,
738 3563 1015 3628 quatenus
1047 3557 1149 3610 sub
1199 3556 1303 3609 hac
1348 3555 1487 3609 falsa
1519 3555 1834 3608 humilitate
1865 3570 1956 3608 sa-

353 3647 630 3712 cerdotes,
658 3646 754 3717 qui
777 3646 1092 3699 ell'uderant
1110 3645 1438 3714 sanguinem
1454 3646 1734 3714 justorum
1755 3649 1813 3698 et
1831 3660 1956 3714 pro-

353 3737 556 3806 phetae,
592 3735 797 3806 populo
818 3733 1220 3788 satisfacerent.

1090 3863 1224 3902 ΜΕΜ.

429 3961 659 4027 Propter
674 3961 891 4025 peccata
909 3956 1306 4025 prophetarum
1327 3957 1376 4023 ej
1382 3971 1442 4008 us
1463 3958 1512 4008 et
1529 3956 1853 4022 iniquitates
1873 3969 1956 4008 sa-

355 4047 637 4100 cerdotum
661 4048 796 4114 ejus,
828 4047 927 4112 qui
954 4046 1267 4111 effuderunt
1296 4045 1360 4095 in
1392 4045 1567 4096 medio
1597 4047 1712 4111 ejus
1730 4046 1956 4109 sangui-

359 4152 486 4190 nem
505 4139 812 4204 justorum.
832 4133 991 4189 Unde
1015 4139 1208 4189 nostra
1235 4133 1544 4188 Jerusalem
1575 4132 1955 4187 abundantius

357 4223 513 4294 luget
529 4241 655 4278 cum
683 4223 957 4295 propheta
975 4223 1293 4277 sacerdotes
1321 4239 1452 4277 suos
1473 4227 1530 4276 et
1554 4222 1830 4290 doctores,
1860 4222 1956 4293 qui

356 4313 415 4367 in
447 4313 632 4367 medio
662 4311 1033 4367 Ecclesiarum
1047 4313 1149 4367 Dei
1173 4311 1468 4366 ellundunt
1485 4312 1818 4382 sanguinem
1842 4311 1960 4380 jus-

355 4406 564 4465 torum,
600 4402 696 4473 qui
735 4403 929 4473 utique
951 4402 1093 4473 justi
1123 4418 1244 4456 esse
1275 4406 1520 4472 possent,
1550 4400 1658 4454 nisi
1689 4417 1754 4454 ex
1781 4391 2018 4470 negli-D

357 4491 550 4563 gentia
578 4507 772 4546 eorum
801 4491 1168 4563 deperissent.
1205 4491 1364 4546 Unde
1393 4490 1665 4545 Dominus
1689 4507 1791 4561 per
1825 4490 1959 4544 Eze-

359 4580 599 4635 chielem
631 4597 642 4632 :
677 4581 830 4647 Quod
855 4583 906 4634 si
936 4597 1047 4634 non
1076 4581 1526 4646 annuntiaveris,
1557 4578 1760 4649 inquit,
1789 4581 1959 4647 impio

360 4685 546 4723 omnes
577 4671 899 4738 iniquitates
916 4672 1052 4738 ejus,
1074 4670 1405 4737 sanguinem
1430 4671 1544 4737 ejus
1573 4669 1636 4720 de
1663 4684 1838 4721 manu
1863 4672 1959 4722 tua

360 4761 650 4828 requiram
669 4759 884 4825 (Ezech.
913 4761 1088 4826 xvm).
1114 4757 1188 4812 Ut
1225 4757 1356 4828 quid
1387 4757 1564 4827 igitur
1595 4747 1824 4828 sanguis
1853 4757 1960 4810 im-

358 4847 438 4920 pii
467 4849 537 4903 de
585 4865 757 4903 manu
785 4847 1090 4903 sacerdotis
1120 4846 1451 4918 exquiritur,
1491 4846 1597 4900 nisi
1629 4847 1759 4917 quia
1787 4846 1962 4917 ipsius

351 4937 519 5008 culpa
541 4937 770 5008 sanguis
794 4939 934 5006 ejus,
961 4941 1252 5007 peccatum
1274 4935 1500 4999 scilicet,
1521 4951 1700 5006 usque
1723 4935 1792 4989 ad
1813 4952 1962 4989 mor-

357 5031 474 5081 tem
502 5025 792 5082 funditur?
810 5027 990 5080 Etiam
1015 5031 1072 5080 et
1091 5041 1497 5096 nonnunquam
1517 5025 1611 5096 qui
1632 5024 1965 5079 videbantur

351 5116 514 5187 justi,
547 5133 742 5171 eorum
769 5116 1044 5187 exemplis
1074 5120 1130 5170 et
1150 5115 1407 5169 doctrina
1426 5113 1734 5185 pravitatis,
1755 5115 1826 5168 ad
1855 5120 1964 5168 ter-

359 5222 483 5260 ram
515 5222 693 5277 usque
729 5205 978 5272 veniunt,
1013 5211 1071 5259 et
1105 5203 1319 5276 peccati
1365 5203 1647 5274 profusius
1690 5203 1964 5273 sanguine

357 5296 560 5367 polluti
589 5295 956 5367 perimentur.
991 5294 1097 5359 Qui
1129 5293 1376 5365 profecto
1407 5293 1725 5347 sacerdotes
1748 5298 1805 5346 et
1832 5309 1963 5363 pro-

358 5384 683 5456 phetaacaeci
706 5390 1033 5438 erraverunt
1047 5383 1104 5437 in
1134 5383 1350 5454 plateis,
1384 5382 1517 5436 dum
1548 5382 1719 5436 latam
1758 5387 1815 5436 et
1842 5399 1966 5452 spa-

355 5475 563 5530 tiosam
581 5473 876 5546 praesentis
897 5473 1083 5528 saeculi
1102 5472 1250 5525 viam
1272 5471 1772 5543 apprehendentes,
1793 5487 1965 5541 angu-

358 5570 507 5619 stam
527 5579 594 5618 ex
615 5561 912 5633 Evangelio
934 5562 1237 5617 noluerunt
1254 5558 1653 5631 ingrediviam,
1671 5576 1792 5632 quae
1811 5559 1966 5615 ducit

2026 1020 2103 1073 vis
2133 1020 2258 1073 vitae
2282 1020 2566 1090 exemplis,
2598 1037 2692 1074 eos
2722 1020 2790 1072 ad
2831 1020 3172 1090 peccandum
3204 1017 3504 1090 proelivius
3534 1021 3622 1074 in-

2025 1109 2220 1176 vitant,
2259 1115 2316 1162 et
2356 1109 2644 1162 scelestius
2690 1109 3002 1162 effundunt.
3051 1109 3157 1171 Qui
3199 1125 3326 1162 cum
3369 1109 3440 1162 ad
3482 1109 3623 1164 illud

2025 1199 2140 1252 veri
2169 1198 2270 1252 Dei
2300 1198 2574 1268 templum
2605 1197 2823 1268 ingredi
2848 1199 2965 1267 jam
2995 1198 3112 1251 suis
3132 1198 3327 1268 polluti
3349 1197 3624 1268 contagiis

2030 1292 2334 1359 nequeunt,
2354 1293 2550 1341 tenent
2568 1286 2799 1340 lacinias
2822 1304 2970 1352 suas,
2985 1286 3038 1339 id
3059 1292 3143 1340 est
3167 1286 3455 1340 discissam
3476 1291 3533 1341 et
3544 1286 3625 1341 di-

2028 1378 2331 1431 laceratam
2351 1376 2642 1430 vetustatis
2662 1393 2775 1429 sua}
2797 1375 2986 1440 vitam,
3018 1375 3176 1444 quasi
3197 1375 3322 1429 caeci
3355 1375 3623 1431 oberran-

2028 1474 2131 1521 tes.
2153 1468 2368 1521 Tenent
2387 1466 2622 1519 invicem
2645 1464 2878 1518 lacinias
2905 1481 3036 1518 suas
3057 1464 3373 1517 sacerdotes
3393 1465 3621 1532 Christi,

2027 1561 2306 1610 vetustam
2335 1555 2591 1608 videlicet
2616 1560 2672 1607 et
2700 1553 3140 1608 contaminatam
3167 1553 3354 1617 vitam,
3385 1559 3449 1606 ut
3470 1570 3626 1607 com-

2027 1647 2296 1719 probatur
2323 1646 2461 1699 illud
2501 1663 2566 1698 ex
2588 1645 2916 1713 Evangelio:
2955 1644 3098 1707 Quia
3115 1648 3162 1696 si
3192 1660 3356 1697 caecus
3371 1660 3500 1697 caeco
3528 1646 3628 1698 du-

1962 1719 2212 1792 Bcatum
2229 1736 2482 1804 prebeat,
2516 1735 2676 1787 ambo
2706 1737 2769 1786 in
2795 1735 3006 1800 foveam
3036 1735 3243 1787 cadunt
3274 1734 3491 1798 (Matth.
3516 1740 3626 1802 xv).

2029 1823 2096 1876 Et
2125 1825 2229 1877 hoc
2261 1829 2347 1877 est
2388 1823 2535 1893 quod
2567 1823 2822 1892 deplorat
2850 1824 3140 1893 propheta,
3181 1823 3293 1877 imo
3325 1824 3630 1878 electorum

2027 1913 2276 1966 omnium
2309 1913 2528 1972 chorus,
2565 1912 2806 1965 maxime
2833 1927 2982 1964 nunc
3012 1912 3070 1964 in
3094 1916 3366 1981 tempore,
3403 1912 3628 1982 quando

2028 2002 2105 2055 sic
2121 2018 2315 2055 omnes
2329 2001 2517 2055 caecati
2549 2001 2720 2054 latam
2740 2007 2797 2053 et
2812 2000 3118 2070 spatiosam
3140 2001 3284 2054 viam
3312 2001 3624 2066 ambulant,

2029 2096 2086 2144 et
2111 2096 2307 2144 tenent
2327 2091 2395 2144 ad
2428 2089 2663 2142 invicem
2694 2089 2924 2142 lacinias
2946 2105 3076 2142 suas
3104 2089 3302 2159 polluti
3329 2089 3622 2159 sanguine,

2028 2195 2130 2232 nec
2141 2180 2328 2232 valent
2343 2178 2763 2249 apprehendere
2784 2177 2900 2230 vias
2920 2177 3059 2242 vitae,
3082 2194 3262 2247 neque
3274 2194 3333 2230 se
3353 2195 3386 2231 a
3407 2177 3524 2231 suis
3539 2193 3629 2231 ex-

2030 2269 2236 2339 plicare
2250 2269 2402 2321 viaru
2412 2285 2464 2320 rn
2477 2266 3059 2320 anfractibus.Tenent
3069 2267 3239 2335 igitur
3254 2266 3481 2320 lacinias
3491 2283 3623 2320 suas

2045 2361 2286 2421 I509
2305 2357 2374 2409 ad
2399 2355 2650 2418 invicem,
2677 2356 2757 2408 uti
2781 2354 2906 2408 caeci
2929 2371 2987 2408 se
3017 2359 3334 2424 sequentes,
3371 2354 3503 2424 quia
3531 2354 3629 2408 du-

2030 2462 2149 2499 cem
2182 2445 2466 2500 Christum
2491 2444 2648 2514 sequi
2680 2445 2913 2496 nolunt:
2950 2448 3007 2496 et
3031 2443 3156 2496 ideo
3186 2448 3464 2496 vetustate
3487 2441 3630 2496 deli-

2031 2542 2247 2589 ctorum
2295 2533 2499 2597 vestiti,
2533 2533 2825 2587 discissam
2863 2539 2918 2586 et
2959 2532 3271 2602 disruptam
3318 2533 3489 2586 vitam
3539 2548 3636 2585 se-

2033 2629 2302 2694 quuntur.
2337 2624 2444 2677 Sed
2476 2631 2532 2676 et
2575 2622 2966 2676 haereticorum
3016 2621 3272 2692 deplorat
3300 2622 3628 2682 caecitatem,

2033 2713 2126 2782 qui
2174 2712 2554 2781 relinquentes
2611 2716 2825 2764 rectum
2875 2709 3292 2778 Scripturarum
3323 2709 3630 2774 tramitem,

2033 2800 2477 2870 catholicamque
2527 2799 2656 2853 ﬁdei
2708 2799 2979 2869 regulam,
3017 2798 3373 2852 latitudinem
3426 2797 3634 2851 erroris

2033 2889 2365 2959 delegerunt
2392 2888 2588 2960 polluti
2610 2887 2883 2958 sanguine
2901 2903 3115 2953 eorum,
3143 2903 3380 2957 quorum
3411 2886 3528 2941 suis
3549 2902 3636 2940 er-

2035 2978 2255 3031 roribus
2281 2978 2496 3031 animas
2527 2976 2813 3046 perimunt
2837 2975 3218 3044 deceptorum.
3252 2975 3358 3038 Qui
3383 2991 3510 3028 cum
3538 2990 3635 3029 ca-

1967 3075 2010 3135 C
2033 3068 2301 3120 tholicam
2333 3071 2623 3136 nequeunt
2641 3064 2892 3127 introire,
2919 3062 3050 3133 quia
3071 3063 3287 3125 nolunt,
3310 3063 3631 3128 Ecclesiam,

2035 3163 2229 3211 tenent
2257 3157 2490 3210 lacinias
2519 3173 2649 3209 suas
2673 3155 2908 3209 invicem
2943 3174 2953 3206 :
2989 3154 3344 3207 discissiones
3383 3154 3639 3208 videlicet

2038 3247 2475 3317 Scripturarum,
2505 3246 2589 3299 vel
2613 3243 3039 3298 dilacerationes
3065 3260 3204 3313 quas
3230 3243 3336 3313 ipsi
3367 3259 3471 3296 sua
3498 3242 3638 3297 diri-

2037 3342 2281 3406 puerunt
2307 3335 2522 3387 fraude.
2559 3334 2650 3387 Sic
2687 3333 2877 3402 itaque
2909 3338 2964 3385 et
2991 3332 3260 3385 virtutum
3292 3332 3494 3385 chorus
3522 3347 3640 3386 mo-

2039 3424 2232 3477 raliter
2259 3422 2465 3476 amissa
2487 3421 2806 3492 prudentia,
2829 3420 3203 3490 populositate
3225 3421 3347 3489 ejus
3365 3421 3516 3474 intus
3537 3437 3639 3474 cae-

2039 3513 2146 3566 cati
2179 3511 2487 3564 ambulant.
2520 3509 2827 3564 Ambulant
2856 3508 3133 3578 siquidem
3171 3509 3320 3561 viam
3351 3509 3636 3579 appetitus

2040 3601 2164 3654 vani
2195 3607 2259 3654 ut
2281 3600 2408 3654 caeci
2437 3600 2492 3652 in
2525 3599 2725 3668 plateis
2757 3616 2767 3650 :
2800 3599 2933 3667 quia
2961 3603 3155 3651 carent
3182 3597 3303 3650 luce
3325 3614 3447 3667 quae
3471 3597 3636 3650 Chri-

2037 3689 2172 3744 stus
2189 3696 2300 3753 est;
2325 3694 2383 3742 et
2402 3688 2536 3741 dum
2561 3687 2708 3740 viam
2733 3686 3106 3755 eumdemque
3137 3685 3422 3738 Christum
3445 3693 3636 3739 tenere

2037 3784 2343 3850 nequeunt,
2366 3779 2500 3831 dum
2529 3782 2686 3830 extra
2706 3792 2765 3828 se
2786 3791 3008 3845 semper
3032 3773 3102 3827 ob
3130 3774 3255 3826 vani
3278 3772 3481 3826 favoris
3504 3790 3638 3843 gra-

2034 3868 2172 3922 tiam
2194 3885 2252 3922 se
2272 3867 2610 3930 diffundunt,
2634 3870 2829 3918 tenent
2855 3864 3090 3917 invicem
3121 3863 3354 3916 lacinias
3382 3869 3633 3916 vetusta-

2037 3950 2108 4002 tis
2157 3965 2307 4015 suze;
2368 3955 2424 4003 et
2480 3947 2700 4017 explere
2765 3945 2882 3997 vias
2952 3945 3225 3997 virtutum
3283 3947 3629 4013 nequeunt:

2039 4038 2304 4109 quoniam
2331 4043 2611 4091 vetustate
2652 4034 2914 4087 vitiorum
2969 4033 3303 4097 vestiuntur,
3337 4031 3472 4085 dum
3512 4031 3635 4102 pol-

2038 4127 2159 4181 luta
2186 4144 2380 4180 eorum
2412 4142 2569 4179 mens
2598 4129 2656 4178 et
2682 4122 3040 4185 conscientia,
3071 4122 3384 4192 platearum
3415 4136 3638 4191 semper

2037 4233 2191 4271 vanae
2228 4216 2411 4270 laudis
2438 4213 2786 4285 amplissima
2812 4218 3118 4266 sectantur.
3160 4212 3240 4266 De
3271 4210 3474 4280 quibus
3494 4209 3637 4264 bene

2040 4306 2299 4361 subditur
2331 4324 2341 4357 :

2729 4407 2962 4449 SAMECH.

2115 4485 2589 4554 Recedite,polluli,
2609 4487 2990 4538 clamauerunt
3006 4483 3080 4536 eis
3098 4498 3108 4533 :
3128 4479 3638 4549 recedite,abite,no-

2044 4577 2137 4629 lite
2169 4581 2410 4642 tangere.
2452 4576 2678 4641 Jurgati
2703 4576 2900 4640 quippe
2936 4578 3090 4636 sunt,
3117 4575 3166 4623 et
3195 4571 3451 4622 commoti
3479 4570 3637 4623 dicee-

2045 4669 2182 4718 runt
2205 4667 2352 4717 inter
2369 4669 2548 4731 gentes
2577 4682 2592 4715 :
2617 4663 2736 4715 Non
2756 4662 2916 4714 addet
2945 4663 3119 4724 ultra,
3142 4663 3205 4711 ut
3236 4659 3438 4711 habitet
3459 4661 3523 4711 in
3539 4660 3636 4711 eis.

2046 4750 2322 4806 Fortassis
2351 4769 2483 4821 ergo
2506 4768 2604 4821 per
2619 4748 3106 4819 exaggerationem
3127 4747 3401 4818 propheta
3423 4746 3639 4801 Judteo-

2045 4859 2171 4895 rum
2209 4839 2617 4895 immanissima
2645 4839 2815 4892 deﬂet
2842 4837 3055 4890 scelera
3088 4854 3098 4888 :
3134 4835 3436 4900 intantum,
3467 4841 3531 4889 ut
3558 4835 3639 4890 sic

2047 4931 2192 4985 vitiis
2223 4937 2280 4984 et
2305 4930 2544 5002 peccatis
2570 4928 2779 4982 fuerint
2809 4926 3112 4996 deturpati,
3147 4931 3422 4996 quatenus
3448 4925 3636 4978 hostes

2045 5038 2240 5076 eorum
2292 5026 2349 5074 et
2402 5017 2705 5072 adversarii
2753 5023 2944 5088 portas
2995 5017 3306 5069 Jerusalem
3357 5014 3638 5084 insperate

2045 5111 2285 5180 ingressi
2311 5108 2619 5173 obruerint,
2644 5113 2700 5161 et
2729 5105 3095 5160 clainaverint
3118 5104 3196 5158 eis
3215 5101 3597 5174 exprobrando
3621 5117 3632 5152 :

2044 5200 2306 5255 Recedite
2331 5199 2526 5253 vestris
2547 5197 2746 5268 polluti
2771 5195 3098 5251 criminibus
3122 5214 3134 5262 ;
3167 5191 3407 5247 recedite
3437 5208 3472 5244 a
3496 5206 3639 5244 san-

2045 5290 2260 5344 ctuario
2292 5289 2409 5352 Dei,
2442 5287 2639 5341 vestris
2661 5286 2850 5340 multis
2883 5291 2939 5340 et
2967 5282 3254 5338 immensis
3284 5279 3474 5332 fcedati
3503 5278 3639 5333 deli-

2046 5385 2262 5433 ctorum
2305 5377 2593 5448 contagiis.
2640 5378 2718 5430 Ac
2761 5375 2963 5430 deinde
2999 5370 3214 5427 scelesti
3249 5369 3427 5424 Judaei
3470 5375 3639 5440 atque

2046 5470 2238 5523 hostes
2283 5483 2478 5522 eorum
2517 5466 2651 5538 quid
2693 5465 2928 5537 egerint,
2962 5461 3233 5534 propheta
3274 5459 3516 5530 lugendo
3559 5458 3644 5511 in-

2047 5557 2156 5613 fert
2189 5576 2200 5610 :
2232 5559 2458 5627 Jurgati
2486 5559 2683 5626 quippe
2724 5560 2873 5620 sunt,
2904 5549 3106 5622 inquit,
3141 5554 3189 5604 et
3221 5550 3494 5603 commoti.
3530 5545 3644 5601 Sci-
