3960 6168
485 186 616 245 1223

1235 185 1290 237 S.
1341 179 1718 236 PASCHASII
1759 171 2117 233 RADBERTI
2157 169 2460 225 ABBATIS
2499 165 2992 223 CORBEIENSIS.

3566 175 3676 233 1224

460 312 591 368 licet
618 311 699 367 illi
719 310 986 368 commoti
1020 310 1091 365 ad
1114 311 1309 383 jurgia
1338 326 1349 361 :
1381 307 1474 361 isti
1514 321 1640 360 vero
1662 303 1732 358 ad
1763 303 2059 373 lacrymas,
2084 302 2132 357 A
2153 311 2265 350 non
2285 297 2583 383 steterunt.
2616 293 2713 364 qui
2731 309 2960 366 semper
2981 295 3129 352 idem
3153 301 3240 354 est
3266 304 3323 355 et
3334 300 3580 372 iurgatur.
3599 303 3686 357 Pa-

462 408 520 458 et
546 402 936 475 eontritionem
973 401 1189 457 cordis:
1223 398 1302 452 illi
1332 402 1396 450 ut
1433 395 1621 475 magis
1644 392 1933 463 magisque
1965 407 2067 462 op-

462 492 688 562 probria
722 473 994 562 inferrent
1021 496 1078 544 et
1098 485 1473 557 blasphemias
1510 502 1520 535 :
1555 473 1645 537 isti
1670 482 1736 535 ad
1770 483 1978 535 luctum
2011 484 2069 533 et

460 558 846 635 confusionem
895 576 1029 633 dim
1075 574 1430 630 calamitatis.
1483 572 1553 627 Et
1603 571 1863 625 dixerunt
1921 569 2067 622 inter

458 676 656 740 gentos
686 687 696 720 :
732 671 851 723 Non
893 669 1057 721 addet
1092 670 1276 724 ultra,
1299 668 1358 715 ut
1402 662 1669 715 inhabitet
1718 662 1778 713 in
1821 661 1896 712 cis
1928 660 2065 712 Deus

460 774 672 814 eorum.
707 758 787 811 Ad
841 762 1143 824 utrumque
1183 751 1372 823 igitur,
1416 750 1564 803 inter
1603 755 1820 819 gentes,
1868 746 2063 823 referri

459 852 644 917 potest
670 865 680 899 :
707 852 769 899 ut
795 845 868 898 sit
888 862 913 897 s
937 860 1106 901 -nsus.
1142 841 1287 912 quod
1314 840 1389 893 illi
1422 838 1761 910 captivitatis
1784 838 1898 892 haec
1917 836 2065 889 dixe-

461 935 579 987 rint
608 934 757 988 inter
785 939 1002 1001 gentes,
1038 938 1137 985 aut
1165 935 1335 983 certe.
1372 929 1494 982 Non
1525 928 1695 981 addet
1734 928 1881 980 ultra
1919 925 2066 979 inter

455 1030 655 1093 gentes
686 1029 748 1075 ut
793 1021 1009 1076 habitet
1054 1020 1111 1074 in
1144 1020 1224 1073 eis
1256 1039 1267 1073 :
1314 1020 1464 1073 inter
1506 1034 1644 1088 quas
1681 1016 1851 1070 etiam
1888 1016 2001 1069 Deu
2029 1031 2061 1067 n

457 1128 652 1165 verum
695 1116 748 1164 et
794 1111 977 1165 vivum
1018 1110 1363 1169 deserentes,
1399 1107 1546 1160 idola
1588 1107 1900 1159 coluerunt.
1954 1104 2062 1158 Sed

469 1206 506 1266 Ι
524 1207 585 1264 5
604 1206 638 1266 Ι
653 1206 717 1265 0
738 1205 794 1253 et
819 1200 942 1271 ipsi,
979 1204 1043 1252 ut
1060 1214 1302 1269 sequens
1324 1212 1515 1249 versus
1540 1194 1807 1254 insinuat,
1832 1193 1963 1265 quia
1988 1193 2066 1246 fa-

459 1287 572 1342 cies
631 1287 855 1341 Domini
889 1287 1076 1340 divisit
1120 1303 1233 1347 eos,
1271 1283 1524 1338 fortassis
1563 1283 1709 1337 inter
1746 1300 1806 1336 se
1848 1282 2061 1353 jurgati

455 1382 607 1440 sunt,
637 1382 699 1430 ut
731 1376 923 1447 polluti
958 1374 1231 1445 sanguine
1267 1373 1618 1436 delictorum,
1653 1371 1861 1425 eisdem
1892 1370 2061 1438 simili

457 1464 624 1518 modo
676 1464 903 1535 pollutis
931 1462 1295 1518 clamaverint
1327 1480 1337 1514 :
1371 1464 1634 1528 Rccedite;
1681 1460 1763 1513 uti
1815 1476 1934 1513 mos
1975 1465 2062 1514 est

459 1569 675 1617 eorum,
696 1553 792 1622 qui
826 1553 1016 1606 volunt
1038 1551 1174 1621 justi
1200 1550 1391 1613 videri,
1419 1556 1475 1604 et
1500 1555 1875 1620 aspernantur
1902 1553 2061 1603 caete-

2150 399 2268 437 cem
2298 383 2455 455 prius
2490 382 2643 437 intus
2672 383 2983 440 amiserunt
3013 403 3080 441 ac
3119 387 3437 444 delectionis
3464 406 3687 446 amorem.

2154 473 2455 543 Propterea
2486 480 2544 526 et
2571 471 2641 525 de
2688 471 2895 527 talibus
2926 482 3073 530 recte
3114 477 3265 531 inter
3292 486 3473 549 gentes
3506 480 3688 535 diritur.

2150 560 2271 614 Non
2304 559 2473 613 addet
2507 560 2671 623 ultra,
2721 566 2786 613 ut
2836 561 3053 617 habitet
3080 563 3135 617 in
3181 564 3263 618 eis
3292 565 3448 629 Deus,
3474 568 3693 637 quoniam

2147 649 2239 703 ubi
2274 666 2380 720 pax
2402 657 2459 703 et
2478 648 2773 702 concordia
2796 666 2906 703 non
2927 661 3031 711 est.
3063 652 3210 706 Deus
3241 670 3357 707 esse
3381 670 3479 708 non
3510 660 3688 725 potest:

2147 739 2277 809 quia
2308 738 2484 791 factus
2513 743 2598 791 est
2628 737 2683 791 in
2721 754 2852 809 pace
2886 739 3042 794 locus
3070 742 3213 811 ejus.
3247 750 3304 796 et
3332 742 3576 797 habitatio
3599 746 3693 812 ejus

2147 826 2203 880 in
2226 827 2450 897 specula
2466 843 2635 880 sacra:
2654 828 3160 898 contemplationis.
3189 832 3341 885 inter
3361 839 3540 901 gentes
3573 848 3694 886 nam-

2148 934 2256 987 que
2283 922 2512 987 propter
2540 932 2660 979 nos,
2696 916 2841 970 sicut
2895 917 2975 970 ait
3010 920 3332 989 Apostolus,
3366 920 3490 990 quia
3532 937 3694 975 nomen

2146 1005 2245 1061 Dei
2280 1005 2715 1076 blasphemetur.
2762 1006 2911 1060 Talis
2959 1008 3166 1079 quippe
3217 1015 3305 1063 est
3349 1009 3691 1064 sceleratorum

2146 1094 2380 1157 inﬂatio,
2406 1094 2542 1147 talia
2562 1093 2928 1165 superborum
2947 1096 3158 1165 jurgia,
3179 1097 3414 1168 talisque
3433 1098 3694 1152 adinvicem

2145 1182 2426 1254 despectio
2490 1188 2547 1236 et
2602 1182 2841 1253 abjectio
2902 1184 3293 1255 reproborum,
3356 1186 3692 1241 haereticorum

2146 1288 2368 1343 quoque
2394 1279 2589 1325 contra
2618 1271 2947 1325 catholicam
2979 1273 3170 1335 fidem,
3214 1273 3452 1327 maxime
3482 1274 3694 1328 Donatis-

2142 1367 2357 1420 tarum.
2386 1368 2443 1415 et
2471 1377 2663 1414 eorum
2687 1360 2783 1431 qui
2806 1362 3079 1417 Catharos
3110 1379 3173 1417 se
3200 1370 3414 1417 vocant.
3439 1362 3556 1417 Hac
3577 1362 3697 1417 vobis

2142 1449 2238 1520 qui
2267 1450 2461 1504 dicunt
2495 1468 2506 1504 :
2538 1451 2774 1505 lie-cedite
2802 1467 2837 1504 a
2864 1450 3044 1515 nobis,
3072 1452 3345 1523 quoniam
3373 1468 3436 1506 ex
3480 1452 3692 1507 omnibus

2141 1555 2243 1593 nos
2273 1538 2468 1593 mundi
2516 1555 2729 1604 sumus,
2773 1555 2871 1593 vos
2900 1547 3089 1594 autem
3141 1540 3341 1611 polluti
3368 1559 3382 1608 ;
3412 1540 3626 1595 recedite
3652 1546 3695 1594 et

456 1657 567 1695 ros.
602 1641 762 1695 Unde
805 1646 861 1695 et
885 1640 1136 1711 jurgium
1167 1640 1315 1693 inter
1340 1656 1437 1693 eos
1466 1655 1634 1710 quam
1664 1655 1808 1709 saepe
1837 1638 2054 1691 contin-

2139 1627 2308 1694 abite,
2351 1628 2524 1682 nolite
2568 1644 2671 1682 nos
2719 1634 2971 1698 tangere,
3022 1645 3094 1683 ne
3133 1629 3282 1684 forte
3328 1647 3363 1684 a
3408 1628 3549 1683 vobis
3573 1627 3693 1683 coin-

458 1745 593 1800 gere
614 1730 773 1783 solet.
794 1730 952 1794 Quod
972 1728 1215 1783 Ecclesia
1235 1728 1439 1783 Christi
1472 1744 1599 1782 cum
1628 1728 1900 1798 propheta
1920 1728 2059 1782 talia

456 1816 606 1871 inter
639 1816 892 1871 membra
937 1835 1039 1872 sua
1076 1833 1331 1881 cernens,
1364 1818 1524 1887 quasi
1576 1816 1837 1886 profanos
1880 1815 2054 1886 luget.

454 1905 586 1962 Illos
607 1906 900 1977 siquidem.I
931 1906 1064 1977 quia
1083 1907 1209 1960 caeci
1232 1916 1289 1959 et
1312 1905 1509 1977 polluti
1529 1905 1749 1975 ingredi
1770 1910 2058 1975 nequeunt

453 1994 555 2049 Dei
592 1992 693 2050 vivi
727 1996 1049 2053 Ecclesiam.
1084 2002 1140 2049 et
1180 1995 1353 2048 sacris
1389 1995 1725 2066 participare
1754 1994 2054 2065 mysteriis,

453 2084 596 2139 forte
622 2084 727 2139 sub
774 2084 1107 2157 poenitentia
1138 2083 1349 2138 redacti
1386 2102 1396 2137 :
1431 2083 1566 2137 istos
1617 2100 1744 2137 vero
1774 2100 1899 2137 cum
1948 2082 2061 2137 sint

453 2179 512 2227 et
551 2174 658 2245 ipsi
701 2175 917 2245 polluti,
962 2173 1121 2245 quasi
1169 2190 1269 2244 pro
1318 2173 1435 2227 zelo
1480 2172 1598 2235 Dei,
1646 2172 1780 2243 quia
1829 2178 2060 2226 caeteros

453 2276 821 2333 aspernantes
834 2262 1166 2333 despiciunt.
1183 2263 1321 2317 Cum
1339 2279 1471 2332 ergo
1485 2262 1627 2315 tales
1633 2261 1773 2331 justi
1785 2266 2061 2332 appetunt

454 2349 648 2416 videri,
692 2350 789 2421 qui
827 2351 1065 2405 necdum
1106 2351 1160 2405 in
1201 2357 1394 2421 aperto
1441 2350 1779 2421 deprehendi
1821 2355 2055 2421 queunt,

2140 1716 2460 1787 quinemur.
2481 1716 2589 1771 Sed
2616 1724 2673 1771 et
2694 1716 2799 1787 ipsi
2826 1717 3073 1772 haeretici
3100 1717 3256 1773 inter
3282 1735 3341 1773 se
3359 1718 3556 1789 jurgati
3573 1724 3689 1782 sunt,

2138 1806 2274 1859 dum
2294 1804 2527 1859 diversis
2548 1822 2609 1859 se
2630 1804 2966 1877 impugnant
2990 1806 3325 1885 haeresibus.
3350 1807 3599 1862 Commoti
3626 1823 3691 1860 ve-

2140 1912 2221 1959 ro,
2268 1895 2400 1965 quia
2446 1895 2504 1949 in
2542 1900 2696 1950 recta
2735 1895 2844 1950 ﬁde
2891 1902 3041 1951 stare
3082 1897 3410 1953 noluerunt.
3456 1896 3697 1951 Moverunt

2140 1982 2365 2052 quidem
2390 1982 2558 2054 pedes
2579 1983 2649 2037 ab
2669 1983 2908 2049 oriente,
2925 1984 3101 2040 donec
3121 1986 3387 2041 venirent
3410 1986 3463 2040 in
3482 2000 3692 2056 campum

2140 2071 2485 2126 confusionis
2508 2088 2645 2139 suae,
2676 2073 2732 2127 id
2759 2079 2845 2127 est
2879 2072 3065 2139 Babel,
3100 2076 3197 2129 ubi
3240 2076 3441 2130 turrim
3469 2072 3693 2145 superbia

2141 2166 2550 2216 construentes.
2578 2161 2912 2217 divisionem
2949 2171 3289 2221 meruerunt
3316 2163 3580 2236 percipere
3608 2161 3690 2215 lin-

2139 2266 2401 2320 guarum.
2430 2250 2553 2315 Qua
2582 2267 2649 2306 ex
2685 2268 2855 2306 causa
2884 2257 3015 2323 apte
3047 2254 3311 2325 sequitur
3338 2271 3352 2307 :

2880 2410 2973 2450 HN
2987 2442 2997 2453 .

451 2443 510 2493 et
540 2438 611 2491 ad
644 2439 782 2493 alios
826 2440 921 2510 qui
959 2441 1077 2509 jam
1109 2445 1207 2494 aut
1248 2440 1385 2510 lapsi
1428 2450 1561 2493 sunt
1588 2446 1646 2493 et
1673 2439 1926 2497 correcti.
1962 2445 2061 2494 aut

451 2526 722 2581 labuntur
760 2528 962 2595 adhuc,
1013 2529 1069 2582 in
1122 2529 1417 2582 manifesto
1472 2528 1825 2601 delinquunt,
1873 2538 2058 2585 erecto
2213 2538 2392 2591 Facies
2423 2536 2648 2590 Domini
2671 2538 2862 2591 diuisit
2883 2554 2968 2593 eos
2997 2558 3014 2594 :
3046 2555 3161 2594 non
3186 2540 3356 2594 addat
3392 2544 3453 2593 ut
3480 2537 3690 2607 rapiam

454 2615 773 2688 despiciunt
802 2617 1101 2689 supercilio
1124 2624 1180 2671 et
1209 2617 1528 2689 objurgant.
1557 2619 1689 2690 quid
1719 2620 1870 2673 aliud
1891 2636 2057 2690 agere
2140 2642 2240 2679 cos.
2266 2625 2334 2679 Et
2360 2624 2659 2679 ideo‘satis
2687 2642 2951 2696 congrue,
2988 2627 3123 2699 quia
3145 2634 3206 2683 et
3235 2628 3361 2699 ipsi,
3394 2627 3525 2681 sicut
3547 2622 3693 2693 sequi-

456 2705 734 2772 videntur,
772 2724 940 2777 quam
971 2706 1213 2760 clamare
1241 2707 1349 2760 illis
1382 2725 1445 2761 ac
1474 2708 1697 2762 dicere:
1737 2708 1994 2762 Recedite
2020 2727 2053 2761 ιι
2136 2718 2249 2778 tur,
2302 2713 2469 2767 facies
2525 2714 2880 2769 sacerdotum
2922 2732 3033 2770 non
3089 2716 3441 2771 erubuerunt
3475 2736 3485 2767 :
3529 2714 3625 2768 imo
3647 2712 3691 2764 in

449 2795 630 2857 nobiS.
661 2802 717 2849 et
748 2813 782 2850 ει
820 2796 1187 2850 sacramentis
1225 2795 1340 2860 Dei.
1384 2796 1584 2866 quibus
1615 2813 1715 2849 nos
1754 2797 1883 2865 jure
1916 2797 2053 2850 frui-
2072 2861 2111 2877 Α
2135 2802 2517 2857 sacerdotibus
2532 2803 2649 2858 suis
2672 2804 2845 2858 Deum
2863 2808 3691 2877 contempserunt,acpropteiea

451 2884 621 2937 mur?
647 2885 910 2939 Recedite
930 2901 965 2938 a
995 2883 1172 2938 nobis.
1198 2890 1252 2938 et
1282 2883 1430 2937 abite
1452 2885 1521 2937 ad
1552 2901 1646 2937 eos
1668 2902 1904 2954 quorum
1927 2861 2112 2939 con-C
2135 2891 2265 2961 quia
2294 2891 2350 2945 in
2381 2892 2460 2945 eis
2485 2893 2681 2946 faciem
2714 2894 2933 2947 Domini
2960 2911 3070 2949 non
3101 2902 3240 2949 sunt
3269 2893 3504 2957 reveriti,
3535 2887 3690 2945 divisit

447 2978 626 3026 sortes
652 2973 806 3026 estis.
844 2973 1028 3026 Nolite
1058 2978 1290 3041 tangere
1340 2979 1531 3025 sancta
1574 2973 1675 3025 Dei
1726 2972 1810 3026 his
1840 2974 1933 3044 qui
1964 2974 2051 3028 in-
2133 2996 2231 3033 eos
2252 2981 2371 3050 ipsa
2398 2981 2564 3035 facies
2604 2981 2844 3047 Domini,
2879 2989 2943 3037 ut
2983 2983 3052 3037 de
3083 2984 3514 3055 reciprocatione
3539 2977 3686 3033 vindi-

447 3059 605 3128 digni
646 3059 800 3113 estis.
835 3060 968 3122 Quae
1002 3060 1267 3113 nimirum
1304 3060 1494 3129 jurgia
1524 3060 1672 3113 inter
1714 3078 1814 3114 nos
1857 3069 1914 3115 et
1944 3062 2048 3133 ipsi
2133 3073 2280 3122 ctam
2308 3069 2627 3140 exviperent
2644 3088 2759 3125 suae
2777 3071 3339 3128 damnationis.Nam
3358 3065 3691 3127 sicutinPssl-

447 3164 615 3217 quam
638 3164 783 3218 saepe
805 3147 1095 3207 sentimus,
1123 3148 1255 3201 dum
1284 3148 1513 3217 quidam
1544 3150 1687 3203 male
1712 3150 1912 3212 inﬂati,
1935 3152 2052 3206 suis
2134 3174 2227 3211 mo
2253 3159 2494 3222 canitur,
2526 3159 2659 3230 quia
2705 3177 2818 3214 non
2858 3162 3177 3217 timuerunt
3210 3162 3499 3218 Dominum
3525 3152 3689 3230 perﬁdi

446 3251 507 3289 se
550 3235 941 3289 delitescentes
981 3235 1262 3290 occultant
1309 3235 1619 3301 fraudibus,
1653 3245 1709 3292 et
1753 3240 1886 3293 dum
1919 3258 2052 3295 san-
2132 3247 2332 3311 Judaei,
2366 3249 2617 3302 extendit
2654 3266 2884 3304 manum
2926 3267 3087 3305 suam
3118 3251 3179 3305 in
3215 3248 3573 3306 retribuendo.
3600 3240 3688 3298 Sed

446 3324 649 3379 ctiores
680 3341 902 3395 semper
925 3331 1200 3396 appetunt
1229 3325 1550 3387 videri,non
1582 3328 1761 3381 solum
1780 3330 2051 3399 quosdam
2135 3351 2238 3389 nec
2278 3337 2442 3403 sicut,
2493 3354 2617 3391 cum
2664 3338 2856 3393 multis
2906 3339 3059 3410 prius
3101 3341 3510 3410 corrigerentur
3548 3347 3689 3403 angu-

443 3411 666 3485 publice
679 3413 1056 3484 deprehensos
1076 3421 1175 3467 aut
1193 3416 1473 3469 confessos
1494 3416 2048 3487 despiciunt,verum-
2128 3425 2364 3479 stiarum
2393 3426 2646 3495 ﬂagellis,
2676 3428 2926 3483 conversi
2954 3435 3107 3489 sunt,
3129 3436 3199 3484 ut
3217 3429 3492 3485 Christum
3513 3441 3572 3479 ex
3591 3423 3687 3490 lege

446 3502 617 3557 etiam
649 3502 957 3557 sanctiores
994 3503 1270 3574 derogant
1322 3503 1482 3575 quasi
1530 3512 1716 3576 pestes
1768 3508 2042 3576 Ecclesiae,
2129 3514 2530 3585 repromissum
2563 3516 3086 3588 susciperentzimo
3107 3518 3606 3572 contaminaverunt
3626 3516 3687 3563 te-

440 3595 500 3683 et
527 3591 721 3646 corrod
731 3597 848 3646 unt.
871 3592 976 3683 Qui
998 3592 1244 3683 profecto
1251 3593 1511 3683 quotidie
1533 3595 1667 3666 quid
1689 3596 2039 3669 aliud,quam
2129 3610 2470 3659 stamentum
2486 3606 2627 3675 ejus,
2642 3623 2767 3660 cum
2786 3623 2915 3661 eum
2940 3606 3035 3677 qui
3052 3604 3529 3676 testamentolegis
3544 3599 3604 3655 ad
3620 3613 3687 3653 sa-

440 3679 575 3735 dum
605 3686 702 3735 aut
732 3698 925 3735 omnes
950 3679 1273 3736 immundos
1307 3699 1428 3737 esse
1457 3689 1513 3737 et
1551 3685 1812 3755 pollutos,
1839 3687 2045 3741 solum-
2128 3693 2300 3747 lutem
2334 3694 2729 3765 pronuntiatus
2758 3694 2958 3757 fuerat,
2984 3697 3333 3766 repulerunt.
3359 3695 3424 3749 Et
3441 3692 3552 3748 ideo
3577 3685 3683 3759 quia

440 3770 608 3824 modo
630 3775 694 3825 ut
711 3787 771 3824 se
794 3771 980 3841 justos
1004 3787 1128 3825 esse
1167 3771 1582 3838 commendent,
1620 3779 1676 3829 et
1706 3775 2046 3845 exprobrant
2126 3784 2461 3853 repulerunt
2489 3800 2639 3850 eum,
2675 3798 2858 3854 neque
2888 3784 3057 3838 facies
3087 3784 3433 3839 erubuerunt
3465 3776 3681 3835 sacerdo-

438 3864 689 3914 cateros.
735 3859 814 3914 De
865 3876 975 3931 quo
1004 3860 1147 3915 forte
1176 3861 1421 3915 clamore
1471 3863 1771 3933 Apostolus
1804 3882 1817 3917 :
1851 3865 2043 3920 Omnis
2125 3876 2247 3925 tum
2280 3878 2338 3927 et
2365 3872 2789 3943 prophetarum,
2821 3872 3023 3928 merito
3047 3872 3211 3928 divisi
3246 3879 3377 3928 sunt
3403 3870 3469 3924 ab
3491 3869 3566 3922 ira
3584 3862 3680 3918 vul-

436 3951 548 4015 ira,
571 3948 774 4021 inquit,
800 3955 849 4004 et
875 3951 1212 4017 indignatio,
1245 3954 1458 4005 clamor
1477 3958 1525 4006 et
1556 3955 1910 4022 blasphemia,
1938 3959 2042 4010 ιοι-
2123 3966 2217 4015 tus
2235 3967 2267 4027 |
2284 3968 2346 4027 τί
2363 3969 2395 4026 |
2415 3962 2636 4032 erus:
2663 3968 2720 4017 et
2748 3963 2854 4017 hoc
2876 3968 2962 4017 est
2985 3962 3188 4023 dicere,
3214 3962 3380 4017 facies
3401 3954 3598 4015 Domini
3616 3951 3679 4006 di-

440 4040 596 4092 latur
628 4055 664 4092 a
691 4041 855 4105 vobis,
902 4056 1029 4092 cum
1074 4042 1230 4094 omni
1268 4043 1491 4095 malitia
1516 4042 1725 4107 (Ephes.
1758 4048 1855 4105 ιν).
1888 4043 2041 4109 Quo-
2124 4050 2254 4104 visit
2279 4067 2390 4106 eos.
2425 4050 2557 4107 Illos
2590 4058 2780 4107 autem
2829 4051 2899 4106 ab
2929 4051 3015 4106 ira
3053 4051 3244 4107 vultus
3281 4050 3365 4106 sui
3402 4047 3600 4103 civitate
3621 4037 3676 4095 ad

435 4126 591 4179 niam
619 4124 749 4179 talis
771 4127 982 4181 clamor
1009 4144 1120 4181 non
1163 4127 1270 4182 nisi
1306 4137 1404 4184 aut
1434 4129 1503 4184 ab
1533 4130 1638 4197 ira,
1672 4138 1770 4185 aut
1799 4131 1868 4186 ab
1898 4133 2040 4187 indi-
2123 4138 2384 4194 ultimum
2433 4157 2626 4196 eversa
2666 4140 2873 4207 divisit,
2930 4140 3155 4213 quando
3201 4147 3415 4213 partem
3442 4149 3609 4192 eorum
3631 4129 3676 4183 in

435 4214 705 4285 gnatione
729 4214 930 4274 cordis.
953 4214 1023 4269 de
1051 4217 1349 4286 supercilio
1366 4218 1658 4289 superbiae,
1684 4227 1833 4276 certe
1853 4230 1953 4276 aut
1972 4239 2036 4277 ex
2059 4298 2075 4301 Α
2123 4229 2359 4298 perﬁdia
2405 4228 2650 4301 reliquit,
2682 4245 2898 4301 ponens
2944 4245 3040 4285 eos
3085 4246 3216 4285 cum
3257 4226 3555 4285 infidelibus
3578 4239 3589 4287 ;
3626 4232 3677 4272 ac

437 4303 628 4375 aliqua
658 4301 873 4356 malitia
892 4303 1159 4357 “aSCitur-
1185 4304 1254 4358 Et
1282 4305 1405 4360 ideo
1428 4323 1593 4376 quam
1620 4309 1848 4379 pulchre
1863 4311 2031 4366 dixit:
2058 4298 2104 4358 ι)
2121 4316 2388 4388 dispersit
2406 4318 2463 4372 in
2493 4298 2701 4373 omnia
2713 4335 2890 4389 regna
2913 4323 3196 4374 terrarum
3225 4336 3237 4372 ε
3261 4323 3473 4391 partem
3492 4326 3602 4369 vero
3624 4310 3674 4367 ut

437 4393 574 4448 Cum
605 4394 762 4448 omni
782 4394 1004 4446 malitia
1036 4395 1321 4447 tollatura
1343 4396 1505 4448 vobis.
1531 4394 1794 4466 Alioquin
1813 4400 2037 4468 quando
2123 4404 2412 4476 Scriptura
2460 4412 2704 4462 testatur
2754 4409 2906 4472 (Luc.
2948 4412 3070 4476 xu),
3119 4407 3189 4462 ad
3250 4407 3414 4476 fidem
3457 4402 3669 4458 sanctam

435 4482 720 4553 proximos
759 4487 979 4536 nostros
1008 4480 1359 4550 corrigimus,
1407 4489 1505 4536 aut
1551 4486 2032 4555 reprehendimus,
2122 4472 2377 4550 Christus
2416 4496 2646 4567 recepit.
2681 4496 2887 4551 Eadem
2921 4472 3126 4568 quippe
3155 4502 3244 4551 est,
3261 4472 3422 4550 facies
3445 4489 3551 4547 Dei.
3572 4498 3670 4558 quo

436 4576 536 4655 aut
562 4570 963 4640 exprobramus
991 4569 1144 4629 foris.
1180 4569 1284 4623 nisi
1310 4571 1463 4641 prius
1492 4572 1643 4626 intus
1674 4591 1707 4627 a
1738 4574 1896 4629 nobis
1927 4579 2035 4631 tol-
2120 4589 2177 4636 et
2212 4584 2416 4638 vultus.
2453 4585 2562 4639 Sed
2604 4585 2690 4638 ira
2716 4602 2838 4655 quae
2867 4585 2924 4639 in
2963 4585 3119 4639 vultu
3149 4592 3249 4640 aut
3277 4583 3409 4639 facie
3442 4594 3569 4649 saepe
3589 4574 3667 4628 de-

433 4653 597 4744 ξξιίυιί
616 4656 848 4721 malitia,
874 4658 1177 4713 Clamorem
1212 4658 1461 4713 Emimus.
1498 4660 1653 4715 Unde
1684 4680 1851 4733 quam
1887 4683 2034 4735 saepe
2120 4672 2690 4733 monstratur.divisit
2719 4653 2813 4727 eos
2836 4692 2847 4726 :
2874 4673 3138 4744 quoniam
3163 4671 3500 4727 mitissimum
3520 4666 3666 4720 Deum

434 4740 562 4795 lites
586 4741 733 4795 inter
764 4746 1040 4813 proximos
1089 4755 1145 4802 et
1177 4749 1369 4820 jurgia
1399 4749 1559 4811 ﬁunt.
1593 4750 1724 4821 quia
1753 4755 2036 4809 nonnullae

434 4828 843 4900 increpationes
873 4850 1065 4887 eorum
1086 4843 1143 4890 et
1171 4839 1641 4909 correptiones,ex
1670 4841 1885 4895 malitia
1905 4860 2033 4912 pra-

434 4934 516 4973 vae
556 4917 902 4973 invectionis.
935 4930 992 4974 et
1023 4940 1133 4977 non
1179 4942 1242 4979 ex
1282 4944 1473 4982 amore
1512 4935 1677 4983 castae
1722 4930 2033 4986 dilectionis

446 5014 614 5076 '5.
646 5016 677 5074 |
710 5024 836 5061 cum
867 5007 1202 5066 discretione
1224 5015 1453 5070 veniunt
1506 5018 1635 5072 ideo
1657 5025 1714 5073 et
1741 5019 2036 5089 signanter

432 5098 546 5153 ait:
579 5101 807 5167 Jurgati
845 5102 977 5151 sunt
1022 5105 1068 5153 rt
1112 5109 1386 5169 commoti,
1425 5105 1700 5176 siquidem
1741 5111 2025 5178 commoti,

436 5188 567 5260 quia
587 5186 820 5258 jurgati,
849 5187 1130 5259 etjurgati
1157 5190 1289 5260 quia
1314 5195 1596 5250 commoti.
1632 5197 1894 5269 Alioquin
1916 5217 2029 5255 non

433 5282 937 5335 commoverentur.
984 5277 1091 5331 nisi
1117 5279 1330 5351 jurgati
1378 5283 1533 5353 prius
1562 5285 1715 5341 intus
1754 5297 1942 5344 essent
1971 5291 2026 5345 in

435 5366 659 5434 animo;
690 5383 873 5439 neque
921 5365 1154 5423 invicem
1199 5370 1585 5442 jurgarentur,
1635 5376 1743 5431 nisi
1774 5383 1831 5432 et
1874 5380 2027 5451 prius
2110 5383 2491 5454 praedestinati
2540 5391 2674 5439 sunt
2719 5384 2789 5440 ad
2842 5386 3014 5441 vitam
3068 5404 3081 5440 :

2117 4758 2185 4812 ad
2209 4760 2558 4815 iracundiam
2594 4767 3050 4832 provocavcrunt,
3083 4764 3305 4833 quando
3334 4761 3399 4816 de
3427 4755 3568 4812 malis
3589 4765 3664 4804 ac-

2117 4846 2266 4902 tibus
2296 4849 2410 4903 suis
2444 4849 2848 4919 pmnitudinem
2893 4851 3075 4905 cordis
3106 4852 3349 4924 recipere
3388 4841 3658 4902 noluerunt.

2119 4940 2391 4992 (Imterum
2425 4939 2636 4993 Christi
2666 4939 2912 4994 Ecclesia
2944 4940 3160 5011 plangit
3188 4958 3283 4996 eos
3325 4925 3660 4992 irremediabi-

2115 5024 2248 5079 liter
2274 5027 2368 5098 qui
2395 5027 2656 5082 timorem
2689 5029 2790 5083 Dei
2815 5046 2844 5083 a
2872 5047 2931 5083 se
2962 5029 3293 5100 rejicientes,
3328 5025 3479 5081 facies
3504 5029 3657 5074 sacer-

2115 5114 2308 5169 dotum
2352 5117 2496 5170 infra
2527 5118 2783 5172 eamdem
2822 5118 3121 5172 Ecclesium
3170 5136 3279 5173 non
3324 5109 3651 5172 erubescunt:

2113 5203 2243 5272 quia
2258 5205 2375 5274 jam
2401 5221 2594 5259 eorum
2619 5206 3065 5263 excrcscentibus
3090 5208 3283 5279 culpis,
3303 5204 3453 5259 facies
3470 5189 3650 5254 Domini

2113 5298 2170 5346 et
2197 5292 2282 5347 ira
2311 5294 2493 5348 vultus
2532 5296 2654 5365 ejus
2692 5295 2883 5351 divisit
2920 5312 3015 5350 eos
3042 5296 3111 5351 ab
3143 5298 3229 5351 his
3257 5295 3345 5368 qui
3374 5282 3580 5365 praesciti
3604 5282 3649 5332 et

3135 5388 3242 5442 Nec
3283 5386 3436 5439 αλάαί
3474 5381 3528 5431 υἱ
3564 5383 3647 5425 νθε·

433 5456 697 5513 commoti
726 5464 930 5513 essent.
966 5459 1244 5515 Commoti
1274 5460 1480 5533 quippe
1526 5470 1676 5529 sunt,
1713 5467 1843 5538 quia
1874 5469 1933 5523 in
1959 5487 2024 5525 eo
2108 5475 2281 5542 piciat
2309 5490 2411 5528 eos.
2447 5473 2516 5528 Et
2544 5473 2857 5531 notandum
2887 5492 3054 5548 quam
3105 5474 3348 5531 terribile
3389 5468 3458 5525 sit
3493 5474 3642 5518 sacer-
