3960 6168
253 221 392 278 [2‘25

911 222 1288 277 EXPOSITIO
1329 224 1404 278 ΙΝ
1444 221 2054 280 LAMENTATIONES
2093 225 2437 285 JEREMIE.
2482 259 2545 269 —
2588 229 2720 284 LIB.
2767 229 2860 285 Ν.

3376 239 3402 292 1
3413 234 3518 295 2'28

233 352 401 407 dotes
449 351 660 408 Christi
707 353 1086 410 contemnere.
1123 369 1423 425 coramque
1468 351 1607 408 facie
1645 369 1840 408 eorum
1858 357 1900 413 Α
1922 370 2176 410 errorum
2206 355 2562 423 falsitatibus,
2611 372 2678 412 eo
2709 355 2858 430 quod
2882 357 3004 429 jam
3032 364 3263 434 propter
3288 376 3514 435 poenam

236 460 356 498 non
380 442 644 506 revereri,
674 459 856 512 neque
875 441 982 496 illis
1003 441 1359 497 monentibus
1379 459 1414 496 a
1439 443 1600 498 malis
1620 443 1838 498 actibus

233 548 480 594 cessare,
497 531 646 602 quod
667 536 753 584 est
767 547 961 584 eorum
986 531 1154 585 facies
1169 547 1280 585 non
1298 530 1646 586 erubescere.
1679 531 1836 587 Unde

229 621 386 674 idem
419 637 520 692 per
546 637 606 674 se
635 619 905 674 Dominus
933 619 1002 672 de
1051 619 1187 690 ipsis
1219 637 1230 672 :
1267 623 1374 688 Qui
1404 638 1491 675 vos
1539 623 1719 682 audit,
1752 621 1840 675 in-

233 709 384 781 quit,
402 725 488 763 me
506 709 666 762 audit
690 727 703 771 ;
730 714 778 762 et
803 711 902 776 qui
912 713 1238 775 vosspernit,
1267 726 1348 763 me
1372 712 1581 777 spernit
1600 711 1743 777 (Luc.
1762 708 1837 780 x).

235 799 390 853 Sane
420 815 533 852 non
559 797 776 856 audire.
811 813 920 850 non
951 795 1177 851 obedire
1210 817 1222 864 ;
1272 813 1384 852 non
1430 797 1658 852 obedire
1687 815 1835 865 vero,

233 904 507 959 spernere
541 905 553 942 :
589 903 753 958 porro
792 901 1075 956 spernere,
1126 903 1236 940 non
1261 886 1588 942 erubescere
1627 894 1730 942 est.
1763 890 1841 942 Ac

235 983 545 1046 prepterea
576 974 735 1029 valde
765 975 1108 1029 horrendum
1138 983 1225 1030 est
1253 977 1400 1047 quod
1431 976 1700 1031 infertur:
1736 978 1842 1032 Nec

234 1067 411 1118 addat
440 1072 498 1118 ut
527 1068 784 1133 respiciat
817 1081 918 1118 eos.
951 1065 1096 1128 Quia
1136 1082 1275 1136 quos
1309 1082 1421 1119 non
1452 1066 1695 1136 respicit,
1729 1083 1841 1120 non

234 1160 664 1218 convertuntur,
695 1160 752 1208 et
773 1153 868 1224 qui
890 1170 1000 1208 non
1023 1161 1446 1219 convertuntur,
1470 1155 1664 1226 utique
1688 1156 1842 1210 dam-

235 1251 470 1307 nantur,
503 1242 766 1314 quoniam
796 1243 963 1296 facies
981 1243 1202 1297 Domini
1231 1244 1418 1298 divisit
1447 1261 1542 1298 eos
1571 1263 1604 1299 a
1629 1246 1842 1300 sanctis

235 1332 377 1388 suis.
415 1333 556 1386 Hinc
598 1349 820 1403 quoque
869 1349 939 1386 ne
978 1333 1179 1386 Petrus
1222 1333 1430 1387 divisus
1474 1342 1621 1388 esset
1656 1333 1726 1388 ab
1757 1334 1843 1388 ira

237 1422 428 1476 vultus
475 1423 616 1491 ejus,
665 1421 910 1492 respexit
957 1437 1084 1475 eum
1117 1421 1423 1490 Dominus;
1469 1428 1526 1477 et
1571 1423 1704 1494 quia
1747 1423 1841 1476 ille

237 1510 506 1581 respexit,
539 1526 837 1564 conversus
865 1510 1038 1576 idem,
1071 1511 1224 1565 flevit
1265 1527 1492 1576 amare;
1535 1513 1724 1584 sicque
1750 1529 1841 1567 re-

235 1609 435 1671 ceptus
467 1599 521 1654 in
553 1616 803 1671 corpore,
840 1600 1048 1654 meruit
1077 1601 1270 1654 audire
1299 1619 1310 1653 :
1343 1603 1515 1666 Petre,
1542 1618 1699 1656 amas
1722 1609 1843 1656 me?

1921 444 2132 514 peccati
2161 445 2412 502 damnati
2443 446 2690 519 recipere
2733 446 2934 502 nolunt
2979 464 3174 504 sanam
3203 447 3518 507 doctrinam

1923 532 2148 587 Christi.
2183 535 2353 590 Divisi
2383 535 2608 608 quidem
2639 540 2772 590 sunt
2803 535 3114 592 adinvicem
3146 545 3376 611 propter
3396 555 3522 612 pro-

1921 621 2218 692 prietatem
2269 641 2450 695 prava:
2499 624 2928 689 adinventionis,
2976 632 3046 697 et
3087 627 3213 682 ideo
3261 644 3364 684 nec
3414 626 3523 684 sibi

1924 727 2028 765 nec
2066 711 2164 766 ulli
2195 714 2598 769 catholicorum
2629 715 2924 770 convenire
2953 723 3189 787 possunt
3220 737 3232 770 :
3270 719 3421 774 unde
3445 717 3523 774 fa-

1922 799 2033 853 cies
2062 817 2255 855 eorum
2302 803 2396 874 qui
2444 820 2637 858 sanam
2687 803 3026 859 confitentur
3067 805 3378 862 doctrinam
3420 807 3523 862 mi.

1925 888 2073 943 nime
2102 890 2456 954 erubescunt.
2481 909 2662 964 neque
2693 893 3036 948 miserentur
3052 911 3270 950 senum.
3293 894 3522 952 Talibus

1925 977 2073 1031 enim
2107 979 2238 1050 quia
2259 979 2503 1035 vindicta
2522 980 2622 1035 Dei
2645 986 2875 1052 propter
2903 987 3132 1053 peccata
3161 983 3372 1050 divisit,
3405 1000 3518 1040 non

1925 1066 2110 1121 minus
2134 1068 2444 1124 adinvicem
2475 1070 2621 1124 inter
2648 1087 2707 1124 se
2738 1087 2906 1142 quam
2947 1077 3004 1126 et
3033 1071 3102 1126 ab
3131 1073 3392 1128 omnibus
3423 1089 3517 1128 or-

1923 1155 2198 1221 thodoxis,
2235 1174 2346 1212 non
2377 1158 2534 1212 addit
2564 1159 2714 1213 ultra
2758 1165 2820 1213 ut
2850 1159 3184 1216 misereatur
3219 1178 3400 1232 neque
3429 1178 3521 1217 re-

1923 1245 2140 1316 spiciat,
2173 1246 2336 1300 sicuti
2370 1264 2472 1302 nec
2503 1247 2640 1302 Cain
2667 1247 3032 1313 fratricidam,
3077 1267 3258 1321 neque
3285 1267 3522 1306 munera

1924 1336 2044 1404 ejus
2062 1336 2370 1406 respexisse
2391 1336 2598 1391 dicitur
2622 1337 2771 1404 (Gen.
2804 1341 2904 1406 1v).
2941 1339 3152 1394 Horum
3177 1339 3368 1412 itaque
3397 1357 3520 1396 om-

1924 1424 2080 1478 nium
2104 1424 2293 1495 jurgia
2321 1431 2747 1480 commoverunt
2770 1442 2864 1480 eos
2892 1425 2962 1480 de
2989 1433 3140 1482 statu
3174 1434 3340 1483 rectae
3368 1429 3520 1498 fidei,

1924 1520 1982 1567 et
2001 1513 2072 1566 ad
2093 1529 2234 1567 vana
2247 1513 2510 1584 quaelibet
2528 1520 2593 1569 ut
2609 1513 2848 1586 superbe
2870 1518 3520 1588 saperent.pepulerunt.
3575 1529 3586 1536 '

1924 1601 2033 1656 Pro
2062 1602 2266 1672 quibus
2291 1603 2474 1658 adhuc
2504 1621 2604 1657 vox
2632 1604 2951 1675 plangentis
2979 1605 3265 1677 prophetae
3285 1611 3414 1678 apte
3441 1623 3526 1662 se-

229 1706 395 1758 pasce
433 1707 549 1744 oves
599 1707 745 1743 meas
795 1692 1006 1756 (Matth.
1053 1701 1213 1757 xxw).
1255 1691 1414 1746 Unde
1457 1693 1620 1746 velim
1667 1675 2120 1762 nostrquuitur
2155 1711 2167 1746 :

235 1778 562 1850 intelligant
591 1795 758 1850 quam
787 1779 1037 1834 terribile
1063 1781 1137 1835 sit
1159 1782 1326 1836 facies
1354 1783 1846 1848 sacerdotum,aut

235 1884 436 1922 eorum
459 1885 598 1938 quos
611 1869 727 1922 vice
743 1869 947 1923 Christi
963 1877 1349 1941 susceperunt,
1365 1887 1475 1924 non
1490 1871 1837 1926 erubescere:

237 1975 312 2012 ne
342 1959 487 2011 forte
534 1958 780 2012 offensus
829 1959 1100 2013 Dominus
1146 1977 1258 2014 non
1306 1961 1478 2014 addat
1524 1967 1587 2014 ut
1613 1978 1842 2016 conver-

235 2053 454 2109 tantur,
488 2052 544 2100 et
571 2047 834 2117 respiciat
881 2064 996 2101 eos.
1038 2049 1163 2102 Jam
1195 2065 1322 2103 vero
1355 2049 1736 2119 hujuscemodi
1765 2051 1844 2104 di-

241 2135 382 2189 visio
411 2136 543 2206 quid
577 2137 729 2190 aliud
752 2136 1020 2200 insinuat,
1056 2137 1160 2191 nisi
1191 2139 1337 2209 quod
1386 2139 1441 2192 in
1485 2139 1581 2192 illa
1611 2141 1842 2194 extremi

239 2225 514 2278 examinis
524 2225 870 2292 judicatione
892 2227 926 2279 fl
954 2234 1012 2280 tu
1023 2243 1144 2280 rum
1167 2235 1270 2289 est,
1287 2229 1508 2298 quando
1527 2229 1845 2283 dividentur

239 2314 442 2388 perﬁdi
471 2322 528 2368 ct
552 2314 807 2368 scelerati
839 2331 871 2368 a
896 2316 1125 2381 sanctis,
1159 2322 1216 2370 et
1245 2317 1522 2380 fidelibus.
1555 2324 1610 2371 et
1633 2318 1804 2388 justis
1828 2337 1837 2370 :

240 2403 468 2474 quando
497 2420 706 2458 arsuras
739 2405 912 2475 palea:
939 2405 1392 2476 segregabuntur
1420 2405 1489 2460 ab
1527 2406 1613 2460 ira
1659 2408 1841 2462 vultus

239 2492 346 2546 Dei
365 2509 402 2546 a
421 2492 613 2561 granis
625 2493 818 2558 tritici,
838 2499 902 2547 ut
913 2494 1166 2548 triticum
1186 2495 1552 2566 colligaturin
1575 2495 1841 2551 horreum

240 2580 380 2646 Dei;
415 2581 589 2651 paleae
620 2598 748 2635 vero
775 2581 981 2636 dentur
1003 2582 1118 2652 igni
1164 2583 1651 2654 inexstinguibili?
1681 2585 1841 2649 Quod

239 2677 433 2724 autem
463 2669 688 2734 dicitur,
722 2671 853 2741 quia
883 2673 1050 2739 facies
1085 2674 1178 2726 Dei
1215 2676 1402 2727 divisit
1449 2690 1550 2740 eos,
1585 2674 1718 2744 quid
1757 2679 1850 2728 est'

241 2757 396 2812 aliud
424 2758 630 2823 dicere,
664 2759 772 2814 nisi
793 2760 926 2830 quia
947 2759 1032 2814 ira
1049 2761 1150 2815 Dei
1171 2762 1484 2832 segregavit
1505 2779 1600 2816 eos
1625 2779 1659 2816 a
1683 2761 1842 2817 bonis

241 2853 301 2902 et
322 2847 491 2917 justis
529 2854 699 2919 atque
748 2849 941 2903 electis
971 2849 1116 2903 Dei?
1156 2851 1245 2904 Ira
1294 2851 1501 2922 quippe
1551 2851 1634 2906 vel
1674 2851 1841 2907 facies

240 2952 344 3007 pro
402 2936 644 2990 vindicta
707 2937 971 3007 ponitur;
1033 2939 1297 3010 quoniam
1369 2940 1519 2994 idem
1570 2941 1840 2996 Dominus

249 3031 371 3092 I5
387 3031 421 3090 Ι
439 3031 498 3090 3
522 3043 648 3080 cum
681 3027 1090 3098 tranquillitate
1111 3029 1328 3098 judicat
1349 3029 1572 3084 omnia:
1605 3047 1671 3102 eo
1693 3031 1841 3102 quod

239 3113 411 3167 facies
422 3115 468 3184 ej
477 3130 543 3168 us
556 3115 1094 3171 incommutabiliter
1103 3123 1303 3172 cuncta
1309 3118 1548 3188 judicat,
1564 3124 1622 3174 et
1649 3119 1839 3191 dispo-

237 3202 343 3268 nit,
392 3209 450 3256 et
495 3203 712 3274 placide
755 3221 990 3276 quaeque
1036 3206 1290 3260 decernit
1349 3207 1457 3262 Sed
1499 3207 1634 3278 quia
1671 3209 1838 3263 facies

237 3294 1084 3363 contempseruntsacerdotum,
1107 3313 1210 3350 nec
1233 3296 1448 3350 miserti
1465 3303 1600 3351 sunt
1617 3314 1834 3365 senum,

236 3386 389 3434 recte
420 3380 591 3435 facies
628 3382 850 3436 Domini
877 3383 1065 3438 divisit
1094 3401 1206 3438 eos.
1240 3383 1315 3438 Et
1353 3385 1661 3439 notandum
1688 3385 1837 3456 quod

236 3485 409 3540 supra
429 3471 657 3524 eosdem
679 3472 996 3526 sacerdotes
1023 3471 1183 3542 quasi
1208 3473 1516 3526 homicidas
1541 3473 1837 3544 planxerit,

239 3559 319 3612 ita
339 3559 532 3614 dicens
557 3577 570 3614 :
593 3563 819 3629 Propter
839 3567 1056 3629 peccata
1072 3562 1471 3630 prophetarum
1500 3567 1550 3615 et
1569 3565 1837 3631 iniquita-

241 3653 314 3702 tes
333 3651 680 3702 sacerdotum
714 3653 850 3718 ejus,
879 3651 1047 3704 hostis
1073 3657 1119 3704 et
1150 3653 1416 3704 inimicus
1446 3654 1722 3719 ingressus
1763 3658 1836 3706 est

239 3741 302 3790 in
330 3740 662 3792 Jrrusalem.
688 3739 765 3792 Ex
795 3755 904 3809 quo
933 3744 1108 3809 patet,
1131 3740 1385 3810 quamvis
1407 3741 1538 3794 mali
1555 3741 1669 3794 sint
1689 3742 1835 3812 quod

240 3842 350 3879 non
381 3825 497 3879 sint
523 3826 934 3891 contemnendi,
987 3827 1084 3880 sed
1133 3829 1189 3881 in
1236 3828 1314 3881 eis
1366 3829 1713 3883 venerandus
1754 3836 1837 3884 est

239 3914 331 3969 ille
361 3923 420 3969 et
448 3915 714 3970 Colendus
760 3917 920 3986 cujus
967 3923 1100 3970 sunt
1135 3918 1454 3972 sacerdotes
1507 3926 1559 3972 et
1593 3919 1646 3972 in
1678 3920 1838 3988 cujus

240 4005 464 4058 nomine
487 4021 551 4058 ac
572 4021 809 4075 persona
833 4006 1079 4060 veniunt.
1104 4007 1170 4060 Et
1202 4007 1302 4076 ipsi
1325 4008 1548 4078 quidem
1575 4007 1839 4062 oberrant

239 4094 364 4148 caeci
399 4093 452 4146 in
486 4094 684 4164 plateis
712 4111 777 4148 ac
802 4095 999 4165 polluti
1030 4095 1319 4166 sanguine.
1356 4113 1466 4150 non
1493 4097 1616 4151 ideo
1642 4104 1775 4152 sunt
1804 4114 1837 4152 a

238 4181 444 4253 pepulo
474 4183 856 4248 conculrandi,
882 4194 940 4238 et
965 4200 1160 4238 eorum
1187 4185 1368 4239 officio
1398 4203 1520 4240 mox
1545 4186 1664 4240 sine
1690 4205 1835 4258 prie-

232 4271 446 4340 judicio
477 4273 872 4327 contemnendi
897 4291 911 4340 ;
943 4274 1208 4344 quoniam
1232 4275 1360 4329 hinc
1385 4275 1575 4346 jurgia
1604 4293 1838 4331 nascun-

2667 1799 2787 1837 PHE.

1997 1869 2133 1924 Cum
2149 1870 3094 1938 adhucsubsisteremus,defecerunt
3109 1875 3257 1926 oculi
3276 1877 3317 1937 ι
3333 1879 3393 1938 5
3407 1878 3446 1940 ι
3461 1877 3524 1940 4

1927 1961 2487 2012 nostriadauxilium
2520 1964 2773 2012 nostrum
2794 1962 2856 2012 in
2877 1975 3087 2013 canum
3113 1979 3128 2014 :
3151 1977 3276 2014 cum
3297 1967 3524 2031 respice-

1926 2063 2109 2101 remus
2128 2053 2313 2102 autem
2343 2049 2418 2101 ad
2443 2053 2655 2114 gentem
2673 2064 2790 2116 qua:
2814 2051 3029 2101 satrarc
3051 2065 3146 2102 nos
3163 2065 3273 2102 non
3283 2055 3523 2118 poterat.

1927 2136 2042 2189 Hoc
2067 2136 2266 2207 quippe
2294 2136 2416 2190 loco
2435 2136 2740 2190 secundum
2770 2135 3060 2190 historiam
3094 2137 3312 2191 misera:
3337 2137 3524 2208 gentis

1925 2224 2180 2295 deplorat
2209 2225 2483 2296 propheta
2530 2241 2799 2285 errorem.
2833 2225 2980 2295 quod
3033 2225 3212 2296 magis
3251 2226 3524 2282 auxilium

1925 2313 2152 2384 zEgypti
2203 2320 2260 2366 et
2307 2313 2614 2367 Pharaonis
2663 2328 2833 2383 quam
2881 2313 2981 2366 Dei
3030 2313 3382 2384 expetierint.
3415 2314 3524 2378 Qui

1924 2418 2049 2456 cum
2067 2403 2250 2457 adhuc
2264 2402 2568 2457 subsistere
2591 2401 2930 2466 viderentur,
2947 2402 3067 2472 jam
3098 2418 3239 2473 pene
3261 2418 3525 2457 consum-

1924 2493 2005 2563 pti
2030 2499 2212 2556 erant,
2245 2497 2302 2546 et
2330 2492 2475 2546 oculi
2503 2506 2699 2545 eorum
2729 2490 2798 2544 ad
2829 2507 2925 2544 eos
2974 2491 3336 2562 respicientes
3363 2491 3522 2547 tabe-

1924 2581 2074 2647 facti,
2121 2581 2483 2652 respicientes
2527 2581 2598 2633 ad
2632 2584 2859 2650 gentem
2891 2596 3014 2650 quae
3043 2597 3144 2634 nec
3172 2597 3252 2644 se,
3283 2597 3385 2634 nec
3426 2597 3522 2636 eos

1924 2670 2142 2724 salvare
2160 2676 2402 2742 poterat.
2427 2668 2583 2734 Quod
2603 2669 2739 2723 satis
2768 2669 2915 2722 idem
2934 2668 3214 2723 Jeremias
3233 2669 3396 2739 longe
3420 2685 3520 2724 su-

1923 2776 2025 2830 pra
2054 2759 2222 2814 latius
2249 2757 2493 2830 exponit,
2509 2757 2632 2812 etsi
2663 2773 2813 2811 nunc
2829 2756 2933 2811 hoc
2951 2757 3009 2810 in
3031 2757 3151 2812 loco
3171 2757 3310 2812 illud
3331 2757 3517 2814 acrius

1924 2854 2092 2919 atque
2121 2847 2426 2902 immanius
2455 2846 2729 2918 deplorat.
2763 2845 2852 2900 Sic
2881 2845 3069 2916 itaque
3101 2852 3159 2900 et
3190 2862 3384 2900 eorum
3415 2862 3520 2902 vox

1925 2945 2012 2992 est
2039 2938 2182 2992 infra
2211 2937 2514 2992 Ecclesiam
2546 2935 2955 3007 plangentium,
2989 2934 3085 3006 qui
3137 2952 3198 2990 se
3225 2935 3390 3007 longe
3419 2935 3519 2991 diu

1924 3027 2080 3082 vanis
2108 3027 2430 3082 demulcent
2457 3024 2681 3098 spebus,
2713 3029 2771 3079 et
2793 3023 2980 3079 saeculi
3019 3030 3364 3096 occupantur
3390 3025 3523 3081 acti-

1922 3115 2044 3172 bus.
2077 3116 2186 3182 Qui
2215 3133 2342 3171 cum
2376 3114 2509 3170 tacti
2551 3113 2760 3168 fuerint
2803 3113 3002 3168 mortis
3039 3113 3388 3182 infirmitate,
3421 3119 3522 3170 aut

1921 3205 2233 3261 tentatione
2259 3206 2468 3276 aliqua,
2500 3203 2796 3258 inveniunt
2833 3219 2893 3257 se
2938 3219 3051 3257 non
3091 3203 3275 3258 solum
3316 3203 3519 3271 nudos,

1921 3312 2115 3349 verum
2137 3295 2307 3349 etiam
2330 3310 2502 3348 caecos
2524 3293 2602 3347 ita
2621 3297 2912 3363 gementes
2938 3310 2948 3346 :
2975 3293 3112 3347 Cum
3133 3293 3522 3347 adhaesubsis-

1925 3385 2498 3450 teremus,de/'ecerunt
2514 3383 2662 3436 oculi
2672 3382 2938 3434 nostriad
2955 3383 3239 3435 auxilium
3262 3387 3518 3436 nostrum

1923 3489 2150 3526 vanum.
2175 3471 2372 3526 Adhuc
2393 3487 2525 3541 ergo
2546 3468 2800 3524 subsistit
2813 3469 3245 3539 quodammodo,
3265 3470 3518 3541 quisquis

1917 3561 1976 3616 in
2005 3577 2172 3615 carne
2198 3561 2412 3632 positus
2455 3558 2642 3625 fidem,
2687 3557 2940 3628 quamvis
2983 3557 3103 3611 sine
3132 3557 3394 3628 operibus
3432 3574 3520 3613 re-

1918 3639 2259 3705 ctam'tenet.
2285 3649 2393 3703 Sed
2422 3664 2550 3703 cum
2567 3663 2710 3701 vana
2731 3645 3191 3708 sectaturszeculi,
3218 3645 3408 3715 aliqua
3427 3653 3514 3700 ta-

1919 3745 2041 3792 ctus
2079 3737 2352 3803 molestia,
2376 3720 2586 3790 ihvenit
2605 3734 2794 3789 oculos
2809 3733 3072 3787 defecisse
3102 3749 3251 3796 suos,
3277 3733 3425 3803 quod
3442 3733 3515 3788 ad

1919 3829 2130 3884 caduca
2153 3836 2208 3882 et
2237 3827 2483 3882 labentia
2511 3825 2695 3880 saeculi
2719 3824 3006 3884 defixerat,
3030 3839 3346 3893 vanumque
3362 3822 3517 3876 auxi-

1919 3919 2054 3972 lium
2088 3917 2381 3989 quiesisse;
2433 3916 2564 3987 quia
2594 3921 2803 3985 quanto
2833 3912 3199 3966 intentionem
3231 3912 3414 3966 cordis
3442 3911 3514 3967 ad

1919 4024 1985 4062 ea
2017 4013 2281 4079 posuerat
2299 4004 2621 4060 obtinenda.
2657 4009 2812 4057 tanto
2845 3999 2913 4055 ab
2941 4001 3160 4054 interno
3190 4001 3403 4054 lumine
3432 4002 3515 4055 in-

1920 4103 2012 4150 tus
2037 4104 2094 4150 et
2123 4095 2306 4167 gratia
2332 4099 2701 4147 emarcuerat.
2733 4089 2888 4144 Unde
2918 4089 3059 4143 bene
3089 4089 3158 4142 ad
3181 4106 3240 4143 se
3256 4106 3513 4145 reversus

1917 4202 2166 4256 gemens,
2202 4184 2401 4256 probat
2423 4196 2624 4236 vanum
2655 4179 2844 4245 fuisse,
2877 4179 2945 4233 ad
2974 4179 3122 4250 quod
3149 4179 3514 4250 querendum

1919 4275 2107 4330 oculos
2137 4274 2423 4328 defixerat.
2453 4272 2520 4326 Et
2552 4270 2682 4342 quia
2711 4285 2855 4340 saepe
2888 4267 2957 4323 ob
3005 4268 3512 4340 concupiscentiam

237 4366 330 4412 tur
361 4365 420 4412 et
448 4359 730 4431 despectio
754 4359 1084 4416 Christianae
1112 4362 1426 4432 religionis:
1449 4363 1577 4418 hinc
1601 4364 1731 4419 inde
1750 4365 1833 4420 in-
1852 4355 1900 4414 D
1918 4381 2106 4419 rerum
2137 4363 2560 4434 acquisitarum,
2588 4364 2763 4413 totam
2794 4375 2950 4428 spem
2979 4373 3138 4412 suam
3165 4356 3221 4410 in
3247 4357 3510 4412 divitibus

239 4447 490 4518 dignatio
533 4456 590 4503 et
634 4450 866 4520 clamor,
914 4451 1043 4505 hinc
1088 4451 1445 4523 blasphemia:
1492 4459 1548 4507 et
1591 4462 1836 4508 contem-

239 4543 367 4606 ptus
393 4554 406 4602 ;
440 4537 588 4607 quod
619 4539 774 4608 prior
805 4556 996 4594 versus
1027 4540 1164 4594 satis
1207 4541 1400 4596 dolens
1436 4541 1676 4608 deflevit,
1707 4560 1834 4599 cum

237 4623 490 4680 dicerent
527 4625 584 4680 hi
625 4628 933 4684 clamantes
968 4647 978 4682 :
1013 4631 1269 4698 Recedite,
1309 4633 1530 4700 polluti,
1565 4633 1832 4687 reccdite:

237 4715 381 4767 abite
403 4720 450 4768 et
474 4719 640 4770 nolite
663 4721 904 4786 tangere.
925 4719 1159 4774 Constat
1176 4719 1351 4790 igitur
1367 4720 1511 4791 quod
1531 4719 1624 4775 ubi
1645 4727 1838 4776 nostra

239 4803 435 4874 religio
463 4803 544 4858 sic
572 4806 948 4872 confunditur,
982 4807 1057 4862 ibi
1086 4808 1183 4862 Dei
1231 4809 1458 4864 deszevit
1493 4809 1596 4875 ira,
1631 4815 1688 4864 et
1717 4811 1839 4865 nul-

238 4891 326 4945 lus
339 4892 475 4946 ordo
487 4900 773 4962 servatur;
807 4896 1031 4966 quando
1051 4897 1182 4952 hinc
1206 4897 1337 4953 inde
1367 4899 1563 4953 dextra
1587 4899 1834 4971 laevaque

237 4981 331 5034 isti
377 4998 436 5036 se
471 4983 819 5054 applaudunt
861 4984 1280 5057 hypocritaruin
1317 4987 1420 5042 sub
1459 4988 1640 5060 specie
1695 5007 1705 5040 :
1752 4988 1833 5042 illi

236 5077 339 5124 aut
354 5070 590 5141 publicis
619 5089 680 5127 se
709 5073 968 5144 polluunt
994 5075 1340 5143 criminibus,
1371 5083 1472 5131 aut
1500 5094 1558 5131 se
1583 5077 1728 5131 male
1743 5076 1834 5131 de-

238 5158 507 5214 litescunt
525 5161 627 5214 sub
644 5161 863 5232 ignavia
882 5165 1144 5235 torporis.
1167 5165 1274 5229 Qui
1295 5182 1488 5220 omnes
1519 5181 1834 5237 quamsaepe

233 5249 542 5318 jurgantur
569 5249 638 5303 ad
669 5250 932 5316 invicem,
965 5253 1228 5322 quoniam
1261 5253 1426 5309 facies
1448 5253 1671 5309 Domini
1692 5253 1834 5308 divi-

239 5337 314 5391 sit
342 5354 437 5390 eos
481 5355 513 5392 a
553 5340 759 5393 sanctis
788 5347 846 5394 et
873 5341 1147 5408 fidelibus,
1177 5343 1397 5398 etiamsi
1426 5344 1576 5397 intus
1597 5361 1691 5398 eos
1720 5359 1837 5398 vero

241 5426 352 5481 sari
379 5443 612 5498 corpore
634 5428 904 5484 videatur.
931 5431 1154 5486 Interea
1174 5440 1228 5487 et
1249 5433 1636 5488 haereticorum
1659 5433 1838 5488 diver-

244 5515 386 5570 sitas
419 5514 769 5588 designatur,
801 5519 896 5590 qui
926 5536 985 5574 se
1010 5522 1128 5575 suis
1156 5521 1464 5578 adinvicem
1503 5522 1839 5595 impugnant

492 5617 759 5682 ΡΑτιιοι..
807 5620 996 5682 CXX.

1917 4454 2102 4509 saeculi
2130 4460 2186 4507 et
2216 4450 2623 4524 potentioribus
2650 4448 3028 4513 committunt,
3048 4452 3111 4500 ut
3130 4462 3230 4517 per
3258 4462 3352 4500 eos
3373 4444 3512 4500 obti-

1917 4548 2089 4596 neant
2116 4540 2405 4596 ardentius
2435 4555 2556 4610 quae
2583 4536 2858 4601 ambiunt,
2888 4540 3016 4606 apte
3039 4533 3294 4605 sequitur
3324 4545 3335 4580 ε
3368 4536 3508 4590 Cum

1918 4634 2303 4702 respiceremus
2332 4630 2532 4682 attenti
2549 4628 2622 4680 ad
2648 4630 2880 4694 gentem,
2907 4639 3024 4692 quae
3046 4625 3260 4675 satvare
3290 4637 3400 4674 non
3412 4637 3510 4691 po-

1919 4727 2078 4774 tcrat.
2115 4721 2194 4775 De
2219 4735 2332 4790 qua
2364 4715 2611 4789 profecto
2640 4720 2826 4784 gente.
2861 4711 2914 4765 id
2949 4715 3035 4765 est
3068 4707 3351 4776 divitibus,
3386 4726 3513 4783 pro-

1919 4810 2088 4881 pheta
2120 4828 2131 4862 :
2168 4810 2400 4869 Utulate,
2425 4803 2627 4876 inquit.
2659 4803 2870 4866 miseri,
2894 4804 2940 4853 et
2967 4802 3181 4868 plorate
3206 4813 3370 4868 super
3406 4802 3511 4853 mi-

1917 4903 2076 4954 seriis
2093 4915 2211 4968 qum
2224 4897 2514 4951 advenient
2535 4894 2696 4946 vobis.
2712 4889 2793 4945 Ad
2817 4905 2955 4960 quos
2976 4904 3101 4942 cum
3124 4887 3436 4942 attenditur
3454 4893 3513 4941 et

1917 4994 2178 5060 speratur
2194 4985 2252 5040 in
2266 4984 2345 5040 eis
2365 4981 2632 5038 auxilium
2655 4976 3013 5048 salutis,quid
3026 4975 3133 5031 nisi
3155 4975 3508 5031 miseriarum

1917 5077 2100 5132 luctus
2129 5073 2364 5139 eveniet,
2396 5087 2524 5126 cum
2554 5086 2655 5124 nec
2685 5084 2745 5122 se
2776 5083 2878 5121 nec
2898 5065 3038 5120 alios
3058 5066 3272 5120 salvare
3292 5063 3508 5136 potest?

1917 5165 2168 5220 Maledict
2179 5179 2258 5225 us,
2275 5161 2458 5233 inquit
2474 5159 2763 5232 propheta,
2783 5158 2963 5211 omnis
2977 5158 3077 5227 qui
3089 5171 3233 5224 spem
3243 5167 3507 5222 suampo-

1919 5255 2003 5308 nit
2026 5256 2088 5306 in
2116 5253 2354 5313 homine,
2381 5255 2429 5303 et
2457 5252 2612 5319 ponit
2632 5261 2855 5301 carnem
2881 5246 3168 5298 brachium
3191 5257 3376 5305 suum,
3392 5245 3454 5294 ut
3471 5257 3508 5296 a

1918 5343 2150 5397 Domino
2181 5341 2391 5394 recedat
2419 5354 2511 5392 cor
2544 5341 2678 5406 ejus.
2704 5333 2863 5399 Quod
2885 5333 3021 5386 satis
3049 5330 3215 5384 etiam
3238 5334 3295 5383 et
3316 5328 3384 5383 de
3403 5329 3514 5385 hae-

1918 5431 2104 5487 reticis
2132 5445 2378 5500 congrue
2417 5426 2704 5498 accipitur,
2739 5429 2796 5478 et
2822 5422 2890 5476 de
2915 5422 3001 5475 his
3046 5419 3140 5489 qui
3187 5436 3381 5474 eorum
3412 5435 3509 5474 va-

1919 5537 2055 5578 num
2073 5517 2346 5574 auxilium
2367 5516 2691 5589 requirunt;
2717 5511 2983 5585 quoniam
2998 5506 3142 5562 oculi
3152 5523 3348 5563 eorum
3364 5522 3510 5563 vana

3197 5609 3275 5670 39
