3960 6168
510 191 647 251 1227

1276 190 1334 243 S.
1376 185 1748 242 PASCHASII
1789 181 2148 239 RADBERTI
2190 181 2495 239 ABBATIS
2536 181 3026 238 CORBEIENSIS.

3586 187 3689 243 1228

505 321 841 376 acmtnntes,
858 314 1081 370 'etTalsa
1102 313 1220 369 Scri
1230 319 1518 384 pturarum
1539 310 1971 382 eloquia,magis
1992 325 2109 363 ma-
2126 308 2175 368 A
2192 324 2340 363 rum.
2373 309 2477 374 Qui
2505 308 2772 363 nimirum
2802 307 2921 361 dies
2950 306 3210 378 pewandi
3229 323 3346 361 cum
3366 310 3583 380 completi
3598 311 3694 366 fue-

507 407 706 478 gisque
726 403 1024 460 tabescunt
1042 421 1107 458 ac
1121 403 1390 457 deﬁciunt
1410 420 1422 456 :
1445 408 1503 456 et
1521 416 1647 454 cum
1664 417 1760 455 eos
1779 416 1974 455 eorum
2000 415 2101 454 ou-

509 496 718 551 ditores
741 493 1063 565 diligentius
1093 491 1389 545 intendunt
1407 490 1475 543 ad
1495 495 1719 558 gentem
1739 504 1862 560 quae
1883 489 2101 542 salvare

2184 398 2318 463 rint,
2350 398 2477 453 finis
2504 398 2673 452 venit.
2709 398 2874 452 Prius
2903 397 3050 452 enim
3072 396 3473 468 appropinquat,
3493 400 3690 469 quandiu

2183 487 2394 541 securis
2421 488 2492 542 ad
2522 486 2763 541 radicem
2781 485 2965 557 posita
2982 502 3252 556 suspensa
3272 484 3326 540 in
3347 503 3492 540 manu
3515 488 3690 558 pendet.

507 598 621 640 non
671 588 873 656 potest,
922 581 1113 636 oculos
1157 579 1215 633 in
1265 592 1466 633 vanum
1496 578 1700 632 levant.
1746 578 2101 649 Quapropter
2183 576 2321 630 Cum
2342 593 2474 631 vero
2495 576 2773 647 completa
2794 575 3000 629 fuerint
3021 575 3228 629 scelera
3247 574 3556 638 delictorum,
3570 593 3690 631 com-

504 675 689 730 adhuc
714 688 810 727 vos
834 669 1142 724 dolentium
1172 684 1238 722 ac
1263 665 1518 738 gentium
1546 682 1742 721 eorum
1763 682 1827 720 ex
1857 681 2099 737 persona

503 768 658 818 recte
686 757 960 829 sequitur.

1080 904 1120 967 1
1136 903 1248 965 5|
1264 904 1328 964 ὗ
1365 914 1519 953 εΑυε.

570 1046 1005 1102 Lubricaverunt
1020 1044 1244 1110 vestigia
1256 1045 1449 1095 nostra
1464 1042 1528 1093 in
1552 1041 1751 1093 itinere
1774 1040 2093 1107 platearum

499 1132 845 1191 nostrarum:
857 1133 1321 1201 appropinquavit
1336 1131 1465 1197 ﬁnis
1478 1132 1681 1182 noster:
1693 1130 1951 1195 completi
1959 1132 2088 1180 sunt

495 1212 608 1279 dies
630 1225 826 1289 nostri,
841 1223 977 1290 quia
994 1222 1140 1273 venit
1163 1220 1292 1286 ﬁnis
1314 1222 1513 1270 noster.
1526 1215 1680 1270 Nulli
1700 1214 1931 1269 dubium
1943 1215 2091 1286 quod

497 1313 612 1369 huic
642 1312 890 1366 lamenta
908 1308 1115 1363 Iudaeis
1135 1312 1463 1376 congruant,
1482 1303 1704 1376 quando
1725 1303 1829 1358 sub
1851 1304 2089 1358 articulo

495 1402 691 1457 mortis
720 1416 824 1454 sua
850 1397 1055 1467 singuli
1085 1394 1440 1450 revolvebam
1463 1400 1751 1464 gestorum
1780 1393 1943 1448 facta.
1978 1393 2085 1447 Sed

496 1497 553 1546 et
583 1490 855 1562 propheta
884 1502 1077 1541 eorum
1108 1484 1357 1539 omnium
1386 1484 1447 1538 in
1472 1501 1531 1538 se
1563 1482 1801 1538 assumit
1828 1483 1993 1537 ﬂetus
2023 1498 2087 1536 ac

493 1579 761 1640 lamenta.
793 1577 940 1649 quod
970 1582 1087 1631 tam
1130 1590 1325 1628 amara
1350 1580 1407 1628 et
1434 1573 1719 1644 insperata
1747 1571 2086 1643 captivitatis

493 1669 645 1724 mala
672 1666 1021 1737 exigentibus
1048 1663 1225 1734 culpis
1250 1662 1435 1733 gentis
1464 1679 1596 1725 suas,
1631 1661 1815 1716 subito
1843 1660 2087 1730 contige-

492 1758 626 1813 rint.
653 1756 813 1820 Quod
836 1771 944 1809 non
969 1753 1156 1807 minus
1177 1754 1343 1807 etiam
1367 1752 1435 1805 de
1459 1750 1700 1805 Ecclesia
1722 1750 1929 1805 Christi
1956 1751 2085 1820 jure

491 1845 796 1919 plangitur.
821 1842 1047 1915 quando
1068 1858 1163 1896 eos
1189 1840 1286 1912 qui
1305 1840 1478 1894 latam
1498 1844 1555 1894 et
1575 1839 1879 1911 spatiosum
1899 1838 2084 1893 saeculi

489 1935 637 1989 viam
665 1933 947 2005 arripiunt
976 1930 1296 2002 aspicimus.
1316 1928 1541 1999 Plangit
1558 1928 1706 1983 enim
1731 1928 1973 1982 Ecclesia
1990 1945 2085 1981 eo-

489 2031 615 2080 rum
632 2019 1039 2091 lasciviam.qui
1054 2020 1323 2075 lubricam
1338 2018 1597 2073 vitiorum
1613 2021 1901 2071 sectantur
1912 2015 2060 2069 viam
2071 2055 2085 2079 ,

491 2113 586 2185 qui
610 2112 848 2167 necdum
881 2127 1052 2182 supra
1080 2114 1319 2180 petram.
1342 2124 1464 2179 quae
1483 2105 1739 2162 Christus
1770 2110 1872 2168 est,
1904 2109 2086 2158 rectos

488 2203 735 2257 fixerunt
760 2216 1003 2272 gressus.
1037 2200 1145 2252 Pro
1170 2196 1372 2269 quibus
1397 2196 1596 2266 lugens
1626 2195 1705 2248 ita
1728 2193 1905 2265 gemit
1933 2211 1945 2247 :
1975 2195 2085 2247 Lu-

492 2290 1084 2355 bricaveruntvestigia
1101 2292 1290 2342 nostra
1323 2288 1387 2339 in
1417 2287 1617 2339 itinere
1643 2287 1958 2352 platearum
1984 2298 2083 2336 no-

488 2383 760 2434 strarum.
776 2376 1036 2448 Alioquin
1051 2375 1157 2430 nisi
1172 2376 1480 2447 platearum
1506 2372 1709 2427 itinera
1732 2371 2080 2443 quaesissent,

486 2464 657 2542 pedes
684 2485 719 2522 a
746 2472 897 2521 recto
919 2482 1029 2520 non
1052 2464 1440 2519 lubricassent.
1466 2462 1627 2518 Unde
1652 2461 1919 2516 Dominus
1946 2477 1956 2511 :
1980 2460 2086 2515 Exi

488 2561 611 2623 cito,
646 2556 848 2628 inquit,
876 2557 937 2609 in
961 2558 1171 2624 plateas
1193 2558 1241 2607 et
1260 2556 1400 2607 vicos
1422 2553 1700 2606 civitatis:
1731 2566 1992 2619 pauperes
2019 2564 2084 2603 ac

489 2643 687 2723 debiles
724 2647 979 2715 compelle
1006 2648 1240 2706 intrare,
1274 2648 1338 2696 ut
1376 2645 1678 2711 impleatur
1717 2642 1911 2694 domus
1961 2656 2082 2693 mea

488 2730 635 2806 (Luc.
660 2741 791 2803 x1v).
818 2734 895 2790 Ex
914 2749 1023 2806 quo
1057 2736 1209 2805 patet
1228 2742 1424 2785 sensus
1448 2749 1461 2783 :
1483 2729 1579 2801 qui
1610 2728 1793 2783 adhuc
1820 2728 1996 2781 latam
2026 2734 2083 2782 et

485 2826 790 2899 spatiosum
818 2828 1017 2878 tenent
1041 2821 1208 2883 viam,
1246 2824 1377 2874 ante
1404 2818 1594 2873 oculos
1623 2816 1830 2870 interni
1855 2815 2079 2886 judicis,

486 2914 634 2986 quod
660 2912 799 2967 foris
829 2911 962 2969 sint,
994 2915 1051 2964 et
1087 2909 1135 2963 si
1163 2923 1395 2978 corpore
1415 2907 1564 2961 intro
1583 2905 1897 2959 videantur.
1916 2905 2081 2958 Extra

2177 665 2404 736 plentur
2434 666 2572 725 dies.
2603 664 2736 736 quia
2762 664 2916 719 venit
2938 665 3066 718 ﬁnis
3092 671 3311 719 aeternae
3354 664 3693 724 retributionis.

2177 754 2401 809 Interea
2423 761 2481 809 et
2508 754 2893 809 haereticorum
2934 770 3035 807 vox
3063 759 3169 818 est,
3202 754 3413 824 quando
3437 769 3544 808 sero
3571 754 3694 809 intel-

2178 839 2435 896 lexerunt
2481 858 2651 913 quam
2677 840 2893 895 lubrica
2933 840 2992 894 in
3037 840 3337 912 Scripturis
3365 840 3518 895 sacris
3542 858 3692 896 eorum

2179 930 2412 1001 vestigia
2433 930 2663 997 fuerint,
2681 936 2736 984 et
2757 947 2923 1001 quam
2948 930 3120 984 latam
3146 930 3420 1001 arripiunt
3441 930 3691 994 viam,dum

2176 1019 2377 1074 nolunt
2399 1020 2625 1091 regulas
2653 1020 3053 1074 catholicorum
3085 1018 3315 1074 Patrum
3336 1024 3527 1083 tenere,
3552 1034 3692 1090 neque

2174 1102 2319 1161 viam
2350 1124 2473 1178 quae
2501 1108 2758 1163 Christus
2788 1113 2893 1173 est,
2925 1107 3094 1162 rectis
3120 1108 3398 1177 gressibus
3424 1108 3691 1174 ambulare;

2174 1195 2271 1249 sed
2299 1197 2686 1267 unusquisque
2711 1213 2906 1251 eorum
2956 1198 3181 1251 easdem
3227 1197 3520 1268 Ecripturas
3560 1197 3640 1251 Dei
3671 1213 3695 1251 ε

2172 1288 2325 1338 recto
2356 1284 2673 1351 deflectere,
2705 1291 2763 1339 et
2804 1286 2875 1339 ad
2905 1302 3019 1340 suae
3046 1285 3419 1357 perversitatis
3442 1286 3544 1339 vias
3568 1285 3694 1338 latius

2172 1372 2484 1427 diffundere
2509 1392 2521 1427 :
2553 1379 2609 1428 et
2627 1374 2762 1428 dum
2784 1391 2887 1428 nec
2909 1374 3214 1446 praeﬁnitos
3245 1375 3460 1429 Patrum
3479 1374 3695 1427 terminos

2170 1478 2353 1533 neque
2368 1462 2560 1516 tritam
2579 1462 2991 1534 Scripturarum
3007 1464 3269 1518 semitam
3282 1462 3692 1527 voluntincedere,
3720 1476 3723 1483 ’

2168 1549 2586 1605 lubricaverunt
2611 1552 2847 1622 vestigia
2875 1568 3069 1606 eorum
3115 1552 3175 1606 in
3203 1553 3397 1607 itinere
3423 1552 3692 1623 platearum,

2109 1628 2303 1710 Bquia
2338 1641 2584 1710 amplam
2616 1647 2673 1694 et
2695 1640 3017 1696 laciniosam
3045 1641 3243 1696 sectati
3275 1648 3403 1697 sunt
3425 1640 3694 1712 disputatio-

2170 1728 2257 1783 nis
2283 1745 2396 1783 suae
2424 1729 2733 1783 doctrinam
2757 1748 2770 1795 ;
2799 1735 2857 1785 et
2885 1747 2994 1785 non
3027 1731 3152 1786 dico
3184 1731 3573 1802 Scripturarum
3598 1745 3695 1783 san-

2169 1823 2408 1882 ctarum,
2448 1834 2640 1872 verum
2672 1818 2843 1873 etiam
2893 1818 3354 1890 phiIOSOphorum
3390 1823 3697 1889 corruperunt

2170 1906 2410 1976 eloquia.
2436 1906 2645 1961 Idcirco
2674 1907 2885 1962 lubrica
2902 1913 3160 1963 tenentes
3181 1908 3498 1963 deciderunt
3513 1907 3563 1962 in
3589 1922 3698 1960 mor-

2168 1999 2303 2059 tem,
2335 2000 2393 2049 et
2424 1994 2577 2049 vcnit
2604 1996 2733 2051 ﬁnis
2766 2013 2891 2051 cum
2922 1996 3075 2051 omni
3098 1997 3423 2052 confusione
3440 2002 3587 2067 atque
3603 2011 3697 2066 per-

2169 2082 2382 2138 ditione
2410 2101 2525 2139 suae
2562 2084 2960 2140 damnationis.
2990 2085 3137 2141 Hinc
3159 2086 3429 2158 sequitur.

2877 2243 3046 2287 COPH.

2249 2368 2533 2422 Vetociores
2551 2371 2787 2436 fuerunt
2810 2375 3178 2439 persecutores
3200 2372 3379 2426 nostri
3394 2371 3580 2438 aquilis
3595 2368 3698 2432 cati,

2167 2471 2332 2525 super
2352 2463 2559 2511 montes
2582 2463 2857 2526 persecuti
2875 2465 3007 2513 sunt
3038 2474 3135 2513 nos
3161 2480 3177 2514 :
3207 2463 3270 2513 in
3285 2461 3479 2512 deserto
3497 2456 3701 2510 insidiati

2164 2552 2297 2600 sunt
2329 2549 2498 2601 nobis.
2536 2548 2665 2602 Hec
2697 2547 3052 2619 hyperbolice
3074 2548 3234 2603 dicta
3263 2553 3393 2602 sunt
3418 2546 3482 2601 de
3519 2543 3697 2606 Iudaeis,

2165 2634 2330 2689 sicuti
2375 2636 2645 2689 Jonathas
2683 2642 2741 2690 et
2783 2637 2937 2694 Saul.
2976 2637 3281 2692 velociores
3323 2636 3512 2707 aquilis
3551 2633 3698 2693 fuisse,

2166 2722 2223 2776 in
2249 2723 2462 2778 threnis
2494 2724 2667 2779 David
2694 2725 3313 2783 laudantur.Caeterum
3338 2725 3464 2797 quia
3484 2721 3703 2795 propheta

2165 2811 2414 2866 omnium
2447 2812 2504 2867 in
2532 2830 2594 2867 se
2623 2812 2889 2877 lamenta,
2936 2830 3207 2885 personas
3243 2822 3301 2869 et
3330 2829 3495 2874 voces,
3521 2816 3577 2865 ut
3599 2808 3703 2864 dixi-

2166 2916 2312 2967 mus,
2343 2901 2595 2966 assumit,
2623 2902 2841 2973 plangit
2858 2904 3281 2974 persecutioncs
3298 2901 3535 2958 Ecclesiae
3554 2919 3565 2967 ;
3581 2899 3703 2969 cujus

484 2965 866 3071 domumquaa
888 2965 1096 3053 Christi
1124 3001 1210 3050 est
1233 2965 1493 3061 Ecclesia,
1525 2993 1875 3048 lascivientes
1904 2992 2081 3047 lubri-
2106 2965 2360 3060 Cutique
2406 2965 2790 3062 persecutores
2848 2965 3151 3047 velociores
3204 2992 3404 3064 aquilis
3448 2965 3560 3045 oculi-
3605 2965 3703 3056 jure

484 3095 634 3145 cant.
652 3087 891 3143 Lubrica
906 3092 1039 3139 sunt
1064 3084 1213 3138 enim
1241 3083 1445 3137 itinera
1472 3082 1783 3153 platearum
1806 3087 1863 3136 et
1885 3081 2083 3153 procli-

484 3178 592 3233 via.
640 3174 849 3232 Idcirco
894 3173 1066 3229 David
1116 3171 1566 3244 gratulabundus
1613 3171 1810 3226 canit:
1845 3171 2076 3235 Statuit,

484 3264 685 3338 inquit,
716 3280 887 3334 supra
914 3269 1127 3333 petram
1154 3263 1311 3332 pedes
1342 3277 1502 3319 meos.
1534 3266 1582 3315 et
1634 3261 1838 3314 direxit
1865 3275 2080 3329 gressus

485 3374 628 3412 meos
653 3358 818 3423 (Psat.
844 3355 1049 3422 xxxlx).
1076 3351 1146 3406 Et
1171 3351 1304 3406 alibi
1327 3368 1338 3404 :
1372 3352 1479 3419 Qui
1502 3352 1733 3419 perfecit
1758 3351 1911 3418 pedes
1940 3367 2081 3404 meos

486 3452 755 3516 tanquam
772 3446 1134 3508 cervorum,et
1146 3457 1304 3510 super
1319 3442 1522 3494 excelsa
1537 3440 1733 3494 statuit
1751 3441 1896 3494 :Psat
1905 3438 2076 3505 .xvn).

486 3528 764 3591 Ceterum
787 3531 904 3587 lata
934 3531 1243 3602 platearum
1288 3529 1394 3593 via,
1437 3528 1734 3591 feculenta,
1768 3528 1932 3598 plena
1957 3527 2076 3582 luto

485 3630 543 3681 et
573 3623 830 3683 sordibus
863 3638 875 3672 :
905 3621 961 3674 in
989 3636 1101 3692 qua
1137 3617 1231 3690 qui
1258 3616 1511 3672 ambulat
1537 3633 1650 3672 non
1681 3615 1890 3687 absque
1918 3616 2080 3687 lapsu

484 3714 663 3770 ruina:
687 3729 801 3767 suae
825 3710 1099 3782 graditur.
1134 3708 1204 3763 Hi
1233 3721 1363 3761 vero
1395 3721 1633 3777 quorum
1660 3722 1835 3777 supra
1862 3711 2079 3776 petram

484 3803 798 3860 solidantur
818 3799 1006 3872 pedes,
1043 3803 1193 3852 recto
1222 3797 1360 3851 calle
1388 3795 1601 3850 viarum
1629 3794 2078 3857 ambulant,tan-

487 3910 656 3965 quam
688 3890 858 3963 pedes
890 3903 1201 3951 cervorum,
1221 3885 1376 3940 nulla
1404 3885 1749 3956 serpentium
1779 3899 1995 3938 venena
2013 3884 2082 3938 ti-

2168 3077 2513 3149 planguntur
2545 3098 2556 3133 :
2591 3079 2727 3151 quia
2752 3080 3029 3135 immundi
3058 3083 3298 3153 spiritus
3342 3081 3411 3135 ad
3454 3080 3703 3134 dilaceran-

2163 3169 2298 3224 dum
2328 3177 2385 3225 et
2405 3172 2786 3227 devorandum
2816 3173 3117 3230 velociores
3146 3176 3357 3230 sanctis
3385 3169 3702 3245 praedicatori-

2165 3257 2266 3313 bus
2296 3261 2439 3314 fiunt
2464 3277 2582 3317 suae
2611 3262 2823 3317 fraudis
2860 3264 3130 3335 nequitia.
3160 3273 3221 3320 et
3248 3265 3489 3336 agilitate
3514 3264 3698 3315 natura.

2164 3346 2345 3402 Habet
2372 3362 2615 3420 namque
2647 3350 2890 3405 Ecclesia
2921 3352 3137 3423 aquilas
3169 3368 3303 3407 suas
3343 3351 3444 3406 sibi
3476 3348 3539 3403 ad
3577 3346 3702 3400 obs.»

2163 3437 2357 3508 quium
2389 3438 2594 3493 electas
2623 3458 2636 3507 ;
2677 3440 2748 3493 de
2775 3440 2977 3510 quibus
3009 3442 3066 3495 in
3099 3439 3405 3512 Evangelia
3439 3436 3697 3493 Dominus:

2166 3530 2263 3584 Ubi
2285 3531 2460 3597 fuerit
2488 3547 2701 3600 corpus.
2732 3532 2936 3603 inquit,
2952 3536 3035 3586 ibi
3054 3536 3528 3603 congregabantur
3542 3529 3701 3597 aquila

2163 3620 2310 3688 (Luc.
2351 3628 2484 3689 XVII)
2537 3638 2548 3673 :
2606 3621 2740 3692 quia
2793 3620 2889 3676 ubi
2940 3624 3126 3694 passio
3183 3624 3390 3679 Christi
3442 3618 3701 3676 celebratur

2162 3712 2220 3761 et
2243 3724 2444 3779 corpus
2474 3708 2801 3764 immolatur
2828 3718 3033 3766 nostra:
3060 3712 3284 3780 salutis,
3324 3712 3399 3767 ibi
3421 3702 3698 3782 aquilacmli

2163 3802 2547 3867 aggregantur
2587 3799 2746 3869 quasi
2794 3800 2864 3853 ad
2904 3815 3086 3854 escam
3126 3807 3187 3855 et
3213 3801 3508 3856 adveniunt
3536 3815 3547 3849 :
3575 3799 3627 3850 ut
3647 3791 3699 3844 de

2174 3890 2340 3952 [5|
2363 3891 2413 3951 τ
2447 3892 2626 3941 morte
2645 3888 2828 3943 carnis
2854 3890 2994 3959 ejus,
3027 3889 3197 3944 vitam
3230 3890 3542 3962 percipiant,
3568 3891 3615 3939 et
3638 3897 3698 3935 re-

487 3987 662 4042 ment,
695 3980 830 4034 dum
859 3992 1081 4049 semper
1111 3976 1181 4030 ad
1218 3975 1396 4030 ardua
1434 3979 1491 4029 et
1530 3974 1745 4028 excelsa
1788 3972 2076 4027 festinant.
2164 3974 2460 4028 factionem
2519 3984 2804 4047 perpetuae
2853 3977 3148 4034 satietatis.
3213 3981 3293 4035 Ex
3347 3995 3451 4051 quo
3499 3973 3698 4048 profecto

486 4071 700 4127 Nolunt
719 4068 866 4122 enim
888 4066 1101 4121 lubrica
1119 4065 1295 4120 vitare
1307 4062 1556 4134 vestigia,
1580 4070 1638 4117 et
1657 4079 1767 4117 non
1789 4062 1847 4117 in
1866 4062 2081 4117 incerto
2164 4064 2438 4135 propheta
2465 4065 2637 4136 luget,
2668 4066 2824 4137 luget
2842 4071 2898 4121 et
2929 4067 3171 4122 Ecclesia
3192 4069 3399 4125 Christi
3421 4082 3433 4116 :
3459 4064 3574 4137 quia
3587 4060 3697 4115 velo-

487 4159 830 4223 divitiarum,
854 4156 939 4209 vel
963 4154 1175 4209 labenti
1202 4154 1405 4208 saeculo
1439 4169 1596 4223 spem
1622 4153 1797 4208 ullam
1829 4167 2037 4223 ponere
2061 4169 2073 4204 :
2161 4152 2339 4207 ciores
2370 4158 2501 4207 sunt
2525 4154 2714 4208 hostes
2743 4154 2942 4209 nostri.
2970 4155 3183 4211 scilicet
3222 4173 3398 4212 aereae
3424 4154 3695 4227 potestates,

482 4248 598 4304 imo
628 4245 819 4301 beatos
847 4260 973 4298 cum
1018 4242 1292 4313 propheta
1331 4241 1677 4307 existimant,
1710 4258 1775 4295 eo
1802 4242 1951 4312 quod
1979 4257 2076 4295 va-
2096 4294 2144 4318 η
2162 4247 2220 4296 et
2246 4241 2524 4297 immundi
2563 4243 2816 4315 spiritus,
2849 4260 2916 4298 eo
2945 4245 3093 4316 quod
3124 4247 3283 4301 nulla
3310 4248 3540 4318 potestas
3564 4250 3698 4309 super

482 4294 595 4304 ----ν
631 4294 815 4301 ππ-σ-
853 4294 973 4298 τπ-τ-
1720 4294 1763 4295 η
1814 4294 1859 4312 γ
1926 4294 1949 4295 η
2036 4294 2039 4295 ν
2172 4294 2215 4296 τ-
2249 4294 2265 4296 ~
2572 4294 2583 4297 ς
2856 4294 2907 4298 η
2990 4294 3093 4299 π-
3126 4294 3283 4301 ------
3352 4294 3535 4300 "mm
3623 4294 3636 4309 .

482 4339 689 4395 nitates
727 4351 840 4390 non
882 4331 1179 4387 attendant
1211 4350 1222 4384 :
1275 4346 1456 4401 neque
1498 4335 1785 4385 sectantur
1828 4294 2369 4385 insaniasDterram
2401 4331 2473 4385 sit
2503 4294 2626 4403 qui;
2656 4332 2835 4387 valeat
2862 4294 3471 4405 eiscomparari.rUnde
3495 4332 3696 4402 potestas

483 4429 783 4485 stultorum
814 4424 1003 4479 falsas.
1038 4420 1144 4486 Qui
1173 4436 1298 4473 cum
1345 4418 1646 4490 praevidere
1677 4420 1878 4474 nolunt
1906 4436 2075 4491 quam
2159 4436 2352 4475 eorum
2378 4426 2436 4475 et
2462 4421 2705 4476 violenta
2732 4422 2989 4478 celeritas
3010 4425 3380 4497 persequendi
3404 4421 3691 4493 deploratur,

483 4519 592 4573 cito
621 4517 885 4571 labantur
926 4529 1048 4585 qua:
1079 4510 1339 4579 diligunt,
1372 4507 1558 4562 subito
1596 4509 2075 4581 appropinquasse
2158 4510 2380 4580 quando
2411 4527 2524 4564 non
2552 4510 2676 4564 dico
2704 4527 2805 4582 per
2831 4527 2981 4574 suos,
2998 4529 3194 4567 verum
3217 4514 3386 4569 etiam
3417 4527 3509 4584 per
3523 4507 3694 4578 seipsos

481 4607 650 4660 tinem
679 4606 803 4659 vitze
829 4607 1083 4676 gemunt.
1115 4601 1248 4655 dum
1277 4599 1560 4670 insperate
1585 4598 1725 4652 falsa
1755 4598 1923 4653 fuisse
1945 4614 2074 4652 sen-
2157 4599 2397 4654 velocius
2452 4600 2802 4655 circumeunt
2844 4617 2909 4655 ac
2951 4601 3283 4668 desaeviunt,
3331 4602 3612 4673 quaerentes
3639 4588 3692 4644 ab

479 4694 649 4757 tiunt,
681 4711 802 4763 qua:
831 4696 1152 4748 tenuerunt.
1194 4689 1341 4744 Hinc
1371 4693 1455 4743 est
1481 4687 1627 4759 quod
1657 4688 2073 4741 formidolosius
2156 4687 2397 4742 Ecclesia
2453 4688 2696 4760 diripere
2741 4689 3012 4744 violenter
3048 4707 3188 4761 quos
3233 4691 3512 4745 devorent.
3551 4685 3693 4751 Super

478 4783 673 4851 lugent
707 4800 717 4833 :
747 4782 1209 4849 appropinquavit
1239 4781 1369 4846 ﬁnis
1400 4782 1583 4832 noster
1615 4796 1630 4831 :
1661 4780 1915 4846 completi
1941 4783 2073 4831 sunt
2156 4782 2375 4831 montes
2404 4793 2627 4849 quoque
2656 4779 2933 4849 persecuti
2966 4785 3100 4834 sunt
3119 4796 3239 4843 nos,
3272 4779 3402 4851 quia
3426 4783 3545 4831 dum
3565 4766 3691 4825 adal.

478 4869 592 4923 dies
609 4869 802 4933 nostri,
831 4870 963 4935 quia
990 4869 1133 4920 venit
1165 4869 1293 4933 ﬁnis
1324 4871 1502 4920 noster
1537 4866 1660 4920 Non
1683 4865 1830 4919 enim
1849 4880 2073 4935 semper
2151 4865 2297 4919 tiora
2322 4867 2679 4921 ecclesiastici
2704 4867 2916 4921 ordinis
2936 4868 3183 4923 culmina
3205 4868 3524 4928 extollimur,
3538 4858 3687 4916 acrius

478 4953 776 5028 completio
827 4958 1073 5019 ιεῑηι
1101 4954 1157 5007 in
1204 4953 1349 5008 bono
1398 4954 1641 5025 ponitur,
1677 4953 1840 5008 sicuti
1877 4954 2063 5021 habes,
2152 4971 2246 5009 eos
2277 4955 2347 5009 ad
2378 4956 2796 5027 persequendos
2842 4973 2943 5011 nos
2972 4958 3301 5021 excitamus,
3333 4964 3389 5012 et
3415 4955 3530 5009 licet
3552 4959 3688 5018 super

476 5049 609 5131 quia
637 5044 873 5101 necdum
904 5042 1177 5112 completa
1207 5049 1338 5131 sunt
1362 5049 1585 5114 peccata
1614 5043 2064 5098 Amorrhazorum
2150 5045 2375 5116 specula
2395 5046 2713 5116 apostolica:
2734 5046 3081 5101 celsitudinis
3095 5044 3444 5118 positi.quasi
3465 5044 3516 5097 in
3533 5041 3685 5093 monte

475 5128 622 5206 (Gen.
656 5142 766 5203 xv).
811 5134 1061 5199 Quorum
1093 5130 1387 5201 completio
1421 5132 1546 5186 ﬁnis
1588 5132 1696 5186 fuit
1739 5149 1933 5187 eorum
1966 5133 2063 5204 qui
2146 5134 2451 5196 videamur,
2496 5150 2608 5189 non
2638 5135 2763 5189 ideo
2792 5135 2972 5190 securi
3001 5153 3123 5190 esse
3168 5137 3443 5192 debemus.
3477 5128 3588 5202 quia
3610 5137 3684 5178 eos

469 5225 883 5296 complevermt
910 5227 1079 5291 atque
1106 5219 1502 5274 exterminium
1537 5236 1548 5270 :
1597 5220 1681 5275 uti
1712 5229 1767 5276 et
1798 5222 2057 5282 istorum.
2144 5222 2344 5277 fortius
2366 5231 2785 5295 persequuntur
2825 5241 2964 5296 quos
2982 5225 3050 5279 ad
3074 5225 3178 5279 hoc
3195 5241 3360 5297 super
3378 5226 3571 5277 montes
3598 5212 3684 5267 ele-

469 5331 705 5395 quorum
738 5331 803 5368 ex
828 5326 1066 5384 persona
1096 5308 1377 5380 prophetae
1412 5309 1548 5362 talia
1576 5311 1876 5380 contigisse
1908 5328 2062 5366 ama-
2144 5317 2298 5366 vatos
2329 5312 2586 5377 viderint,
2617 5319 2681 5367 ut
2708 5318 2937 5369 caeteros
2968 5314 3290 5385 diligentius
3334 5308 3617 5382 inspiciunt,
3637 5303 3683 5352 et

465 5392 583 5461 rius
611 5402 783 5476 luget.
818 5399 1094 5473 completi
1123 5412 1365 5469 namque
1394 5395 1512 5452 dies
1553 5398 1915 5470 planguntur,
1962 5401 2058 5473 qui
2141 5401 2210 5456 ad
2239 5401 2485 5457 culmina
2502 5401 2772 5457 virtutum
2801 5403 3115 5475 perducant
3168 5407 3235 5460 In
3265 5406 3481 5465 Deserto,
3510 5389 3675 5465 inquit.

461 5493 874 5568 compleverant
895 5490 1003 5548 illis
1024 5489 1234 5546 scelera
1259 5491 1318 5543 et
1342 5503 1663 5544 mensuram
1678 5494 1900 5562 patrum
1928 5507 2057 5547 suo-
2141 5492 2400 5548 insidiati
2419 5497 2552 5547 sunt
2588 5493 2765 5551 nobis.
2804 5493 2914 5549 Per
2940 5492 3223 5550 desertum
3263 5503 3489 5562 namque
3513 5492 3674 5542 eorum
