  <div class='ocr_page' id='page_1' title='image "/cluster/home/n/w/nwhite01/storage/ocr_20150623/120/hvd.32044054759824/620.png"; bbox 0 0 3960 6168; ppageno 0'>
   <div class='ocr_carea' id='block_1_1' title="bbox 222 275 381 337">
    <p class='ocr_par' dir='ltr' id='par_1_1' title="bbox 222 275 381 337">
     <span class='ocr_line' id='line_1_1' title="bbox 222 275 381 337; baseline 0 -2"><span class='ocrx_word' id='word_1_1' title='bbox 222 282 256 335; x_wconf 81' lang='lat'><strong>1</strong></span> <span class='ocrx_word' id='word_1_2' title='bbox 271 275 381 337; x_wconf 64' lang='lat'><strong>“2‘29</strong></span> 
     </span>
    </p>
   </div>
   <div class='ocr_carea' id='block_1_2' title="bbox 893 251 2860 329">
    <p class='ocr_par' dir='ltr' id='par_1_2' title="bbox 893 251 2860 329">
     <span class='ocr_line' id='line_1_2' title="bbox 893 251 2860 329; baseline -0.001 -2"><span class='ocrx_word' id='word_1_3' title='bbox 893 266 1274 329; x_wconf 83' lang='lat' dir='ltr'><strong>EXPOSITIO</strong></span> <span class='ocrx_word' id='word_1_4' title='bbox 1315 265 1392 322; x_wconf 86' lang='lat' dir='ltr'><strong>IN</strong></span> <span class='ocrx_word' id='word_1_5' title='bbox 1432 251 2044 325; x_wconf 65' lang='lat' dir='ltr'><strong>LAMENTATIONES</strong></span> <span class='ocrx_word' id='word_1_6' title='bbox 2084 266 2430 326; x_wconf 74' lang='lat' dir='ltr'><strong>JEREMUE.</strong></span> <span class='ocrx_word' id='word_1_7' title='bbox 2480 300 2543 312; x_wconf 89' lang='lat'><strong>—-</strong></span> <span class='ocrx_word' id='word_1_8' title='bbox 2584 270 2721 329; x_wconf 85' lang='lat' dir='ltr'><strong>LIB.</strong></span> <span class='ocrx_word' id='word_1_9' title='bbox 2766 272 2860 327; x_wconf 84' lang='lat' dir='ltr'><strong>IV.</strong></span> 
     </span>
    </p>
   </div>
   <div class='ocr_carea' id='block_1_3' title="bbox 3374 270 3517 331">
    <p class='ocr_par' dir='ltr' id='par_1_3' title="bbox 3374 270 3517 331">
     <span class='ocr_line' id='line_1_3' title="bbox 3374 270 3517 331; baseline 0.007 -1"><span class='ocrx_word' id='word_1_10' title='bbox 3374 270 3517 331; x_wconf 70' lang='lat'><strong>1230</strong></span> 
     </span>
    </p>
   </div>
   <div class='ocr_carea' id='block_1_4' title="bbox 215 390 3513 474">
    <p class='ocr_par' dir='ltr' id='par_1_4' title="bbox 215 390 3513 474">
     <span class='ocr_line' id='line_1_4' title="bbox 215 390 3513 474; baseline -0.002 -14"><span class='ocrx_word' id='word_1_11' title='bbox 215 405 345 460; x_wconf 84' lang='lat' dir='ltr'><strong>vita</strong></span> <span class='ocrx_word' id='word_1_12' title='bbox 363 401 713 474; x_wconf 79' lang='lat' dir='ltr'><strong>designatur,</strong></span> <span class='ocrx_word' id='word_1_13' title='bbox 734 396 832 471; x_wconf 87' lang='lat' dir='ltr'><strong>qui</strong></span> <span class='ocrx_word' id='word_1_14' title='bbox 855 401 955 452; x_wconf 88' lang='lat' dir='ltr'><strong>aut</strong></span> <span class='ocrx_word' id='word_1_15' title='bbox 971 393 1075 451; x_wconf 85' lang='lat' dir='ltr'><strong>sub</strong></span> <span class='ocrx_word' id='word_1_16' title='bbox 1098 391 1408 449; x_wconf 87' lang='lat' dir='ltr'><strong>monastica</strong></span> <span class='ocrx_word' id='word_1_17' title='bbox 1426 390 1641 463; x_wconf 87' lang='lat' dir='ltr'><strong>degunt</strong></span> <span class='ocrx_word' id='word_1_18' title='bbox 1667 390 1829 446; x_wconf 88' lang='lat' dir='ltr'><strong>disci-</strong></span> <span class='ocrx_word' id='word_1_19' title='bbox 1845 393 2062 452; x_wconf 81' lang='lat' dir='ltr'><strong>Aniarn</strong></span> <span class='ocrx_word' id='word_1_20' title='bbox 2091 409 2194 449; x_wconf 87' lang='lat' dir='ltr'><strong>nec</strong></span> <span class='ocrx_word' id='word_1_21' title='bbox 2221 393 2342 467; x_wconf 84' lang='lat' dir='ltr'><strong>ipse</strong></span> <span class='ocrx_word' id='word_1_22' title='bbox 2372 395 2602 469; x_wconf 73' lang='lat' dir='ltr'><strong>spiritus</strong></span> <span class='ocrx_word' id='word_1_23' title='bbox 2637 398 2751 454; x_wconf 85' lang='lat' dir='ltr'><strong>oris</strong></span> <span class='ocrx_word' id='word_1_24' title='bbox 2780 412 2976 455; x_wconf 88' lang='lat' dir='ltr'><strong>eorum</strong></span> <span class='ocrx_word' id='word_1_25' title='bbox 3005 396 3131 467; x_wconf 85' lang='lat' dir='ltr'><strong>fuit,</strong></span> <span class='ocrx_word' id='word_1_26' title='bbox 3160 413 3264 455; x_wconf 89' lang='lat' dir='ltr'><strong>nec</strong></span> <span class='ocrx_word' id='word_1_27' title='bbox 3289 398 3350 455; x_wconf 91' lang='lat' dir='ltr'><strong>in</strong></span> <span class='ocrx_word' id='word_1_28' title='bbox 3383 414 3513 455; x_wconf 86' lang='lat' dir='ltr'><strong>um-</strong></span> 
     </span>
    </p>
   </div>
   <div class='ocr_carea' id='block_1_5' title="bbox 216 481 1835 568">
    <p class='ocr_par' dir='ltr' id='par_1_5' title="bbox 216 481 1835 568">
     <span class='ocr_line' id='line_1_5' title="bbox 216 481 1835 568; baseline -0.009 -17"><span class='ocrx_word' id='word_1_29' title='bbox 216 495 402 568; x_wconf 88' lang='lat' dir='ltr'><strong>plina,</strong></span> <span class='ocrx_word' id='word_1_30' title='bbox 434 498 535 548; x_wconf 89' lang='lat' dir='ltr'><strong>aut</strong></span> <span class='ocrx_word' id='word_1_31' title='bbox 561 487 1011 546; x_wconf 78' lang='lat' dir='ltr'><strong>anachoreticam</strong></span> <span class='ocrx_word' id='word_1_32' title='bbox 1043 485 1210 554; x_wconf 86' lang='lat' dir='ltr'><strong>longe</strong></span> <span class='ocrx_word' id='word_1_33' title='bbox 1239 483 1335 538; x_wconf 91' lang='lat' dir='ltr'><strong>diu</strong></span> <span class='ocrx_word' id='word_1_34' title='bbox 1371 481 1591 555; x_wconf 80' lang='lat' dir='ltr'><strong>probati</strong></span> <span class='ocrx_word' id='word_1_35' title='bbox 1622 481 1835 537; x_wconf 90' lang='lat' dir='ltr'><strong>ducunt</strong></span> 
     </span>
    </p>
   </div>
   <div class='ocr_carea' id='block_1_6' title="bbox 219 570 1836 644">
    <p class='ocr_par' dir='ltr' id='par_1_6' title="bbox 219 570 1836 644">
     <span class='ocr_line' id='line_1_6' title="bbox 219 570 1836 644; baseline -0.009 -4"><span class='ocrx_word' id='word_1_36' title='bbox 219 584 405 640; x_wconf 84' lang='lat' dir='ltr'><strong>vitam</strong></span> <span class='ocrx_word' id='word_1_37' title='bbox 451 582 522 636; x_wconf 78' lang='lat' dir='ltr'><strong>lii</strong></span> <span class='ocrx_word' id='word_1_38' title='bbox 548 581 660 635; x_wconf 92' lang='lat' dir='ltr'><strong>duo</strong></span> <span class='ocrx_word' id='word_1_39' title='bbox 698 579 756 633; x_wconf 89' lang='lat' dir='ltr'><strong>in</strong></span> <span class='ocrx_word' id='word_1_40' title='bbox 789 576 1033 632; x_wconf 75' lang='lat' dir='ltr'><strong>Ecclesia</strong></span> <span class='ocrx_word' id='word_1_41' title='bbox 1067 574 1311 637; x_wconf 81' lang='lat' dir='ltr'><strong>ordines,</strong></span> <span class='ocrx_word' id='word_1_42' title='bbox 1336 570 1680 644; x_wconf 87' lang='lat' dir='ltr'><strong>agonizando</strong></span> <span class='ocrx_word' id='word_1_43' title='bbox 1708 588 1836 626; x_wconf 90' lang='lat' dir='ltr'><strong>con-</strong></span> 
     </span>
    </p>
   </div>
   <div class='ocr_carea' id='block_1_7' title="bbox 220 660 1836 729">
    <p class='ocr_par' dir='ltr' id='par_1_7' title="bbox 220 660 1836 729">
     <span class='ocr_line' id='line_1_7' title="bbox 220 660 1836 729; baseline -0.01 0"><span class='ocrx_word' id='word_1_44' title='bbox 220 680 324 729; x_wconf 85' lang='lat' dir='ltr'><strong>tra</strong></span> <span class='ocrx_word' id='word_1_45' title='bbox 366 670 674 727; x_wconf 84' lang='lat' dir='ltr'><strong>invisibiles</strong></span> <span class='ocrx_word' id='word_1_46' title='bbox 710 666 1014 722; x_wconf 77' lang='lat' dir='ltr'><strong>instantius</strong></span> <span class='ocrx_word' id='word_1_47' title='bbox 1058 664 1347 719; x_wconf 80' lang='lat' dir='ltr'><strong>decertare</strong></span> <span class='ocrx_word' id='word_1_48' title='bbox 1376 661 1584 727; x_wconf 86' lang='lat' dir='ltr'><strong>hostes,</strong></span> <span class='ocrx_word' id='word_1_49' title='bbox 1619 666 1677 715; x_wconf 90' lang='lat' dir='ltr'><strong>et</strong></span> <span class='ocrx_word' id='word_1_50' title='bbox 1710 660 1836 715; x_wconf 91' lang='lat' dir='ltr'><strong>ideo</strong></span> 
     </span>
    </p>
   </div>
   <div class='ocr_carea' id='block_1_8' title="bbox 223 749 1839 824">
    <p class='ocr_par' dir='ltr' id='par_1_8' title="bbox 223 749 1839 824">
     <span class='ocr_line' id='line_1_8' title="bbox 223 749 1839 824; baseline -0.011 -5"><span class='ocrx_word' id='word_1_51' title='bbox 223 768 431 818; x_wconf 87' lang='lat' dir='ltr'><strong>contra</strong></span> <span class='ocrx_word' id='word_1_52' title='bbox 465 761 656 815; x_wconf 87' lang='lat' dir='ltr'><strong>hostes</strong></span> <span class='ocrx_word' id='word_1_53' title='bbox 706 757 947 811; x_wconf 85' lang='lat' dir='ltr'><strong>velocius</strong></span> <span class='ocrx_word' id='word_1_54' title='bbox 992 761 1162 824; x_wconf 89' lang='lat' dir='ltr'><strong>atque</strong></span> <span class='ocrx_word' id='word_1_55' title='bbox 1213 750 1409 806; x_wconf 81' lang='lat' dir='ltr'><strong>fortius</strong></span> <span class='ocrx_word' id='word_1_56' title='bbox 1454 749 1601 804; x_wconf 87' lang='lat' dir='ltr'><strong>bella</strong></span> <span class='ocrx_word' id='word_1_57' title='bbox 1650 765 1839 821; x_wconf 89' lang='lat' dir='ltr'><strong>perse-</strong></span> 
     </span>
    </p>
   </div>
   <div class='ocr_carea' id='block_1_9' title="bbox 227 838 1841 924">
    <p class='ocr_par' dir='ltr' id='par_1_9' title="bbox 227 838 1841 924">
     <span class='ocr_line' id='line_1_9' title="bbox 227 838 1841 924; baseline -0.009 -17"><span class='ocrx_word' id='word_1_58' title='bbox 227 850 460 924; x_wconf 86' lang='lat' dir='ltr'><strong>quendo</strong></span> <span class='ocrx_word' id='word_1_59' title='bbox 490 856 733 903; x_wconf 89' lang='lat' dir='ltr'><strong>movent.</strong></span> <span class='ocrx_word' id='word_1_60' title='bbox 767 846 899 900; x_wconf 86' lang='lat' dir='ltr'><strong>Illos</strong></span> <span class='ocrx_word' id='word_1_61' title='bbox 947 842 1222 915; x_wconf 83' lang='lat' dir='ltr'><strong>siquidem</strong></span> <span class='ocrx_word' id='word_1_62' title='bbox 1256 841 1314 895; x_wconf 88' lang='lat' dir='ltr'><strong>in</strong></span> <span class='ocrx_word' id='word_1_63' title='bbox 1354 840 1651 895; x_wconf 82' lang='lat' dir='ltr'><strong>manifesto</strong></span> <span class='ocrx_word' id='word_1_64' title='bbox 1680 838 1841 910; x_wconf 89' lang='lat' dir='ltr'><strong>quasi</strong></span> 
     </span>
    </p>
   </div>
   <div class='ocr_carea' id='block_1_10' title="bbox 224 928 1842 1012">
    <p class='ocr_par' dir='ltr' id='par_1_10' title="bbox 224 928 1842 1012">
     <span class='ocr_line' id='line_1_10' title="bbox 224 928 1842 1012; baseline -0.01 -15"><span class='ocrx_word' id='word_1_65' title='bbox 224 957 409 1012; x_wconf 84' lang='lat' dir='ltr'><strong>super</strong></span> <span class='ocrx_word' id='word_1_66' title='bbox 439 943 657 993; x_wconf 78' lang='lat' dir='ltr'><strong>montes</strong></span> <span class='ocrx_word' id='word_1_67' title='bbox 673 933 1038 1000; x_wconf 87' lang='lat' dir='ltr'><strong>debellando;</strong></span> <span class='ocrx_word' id='word_1_68' title='bbox 1065 931 1189 986; x_wconf 87' lang='lat' dir='ltr'><strong>istis</strong></span> <span class='ocrx_word' id='word_1_69' title='bbox 1211 947 1340 985; x_wconf 89' lang='lat' dir='ltr'><strong>vero</strong></span> <span class='ocrx_word' id='word_1_70' title='bbox 1364 928 1720 984; x_wconf 83' lang='lat' dir='ltr'><strong>remotiorem</strong></span> <span class='ocrx_word' id='word_1_71' title='bbox 1742 928 1842 983; x_wconf 88' lang='lat' dir='ltr'><strong>du-</strong></span> 
     </span>
    </p>
   </div>
   <div class='ocr_carea' id='block_1_11' title="bbox 228 1018 1845 1090">
    <p class='ocr_par' dir='ltr' id='par_1_11' title="bbox 228 1018 1845 1090">
     <span class='ocr_line' id='line_1_11' title="bbox 228 1018 1845 1090; baseline -0.009 -5"><span class='ocrx_word' id='word_1_72' title='bbox 228 1028 497 1085; x_wconf 85' lang='lat' dir='ltr'><strong>centibus</strong></span> <span class='ocrx_word' id='word_1_73' title='bbox 542 1026 736 1087; x_wconf 89' lang='lat' dir='ltr'><strong>vitam,</strong></span> <span class='ocrx_word' id='word_1_74' title='bbox 779 1021 1117 1077; x_wconf 83' lang='lat' dir='ltr'><strong>insidiando.</strong></span> <span class='ocrx_word' id='word_1_75' title='bbox 1164 1019 1271 1085; x_wconf 87' lang='lat' dir='ltr'><strong>Qui</strong></span> <span class='ocrx_word' id='word_1_76' title='bbox 1326 1018 1572 1090; x_wconf 90' lang='lat' dir='ltr'><strong>profecto</strong></span> <span class='ocrx_word' id='word_1_77' title='bbox 1619 1018 1845 1089; x_wconf 86' lang='lat' dir='ltr'><strong>utrique</strong></span> 
     </span>
    </p>
   </div>
   <div class='ocr_carea' id='block_1_12' title="bbox 228 1108 1848 1189">
    <p class='ocr_par' dir='ltr' id='par_1_12' title="bbox 228 1108 1848 1189">
     <span class='ocr_line' id='line_1_12' title="bbox 228 1108 1848 1189; baseline -0.01 -14"><span class='ocrx_word' id='word_1_78' title='bbox 228 1119 364 1177; x_wconf 67' lang='lat' dir='ltr'><strong>caeli</strong></span> <span class='ocrx_word' id='word_1_79' title='bbox 407 1116 608 1189; x_wconf 64' lang='lat' dir='ltr'><strong>aquila:</strong></span> <span class='ocrx_word' id='word_1_80' title='bbox 652 1114 936 1173; x_wconf 87' lang='lat' dir='ltr'><strong>dicuntur.</strong></span> <span class='ocrx_word' id='word_1_81' title='bbox 984 1109 1116 1181; x_wconf 84' lang='lat' dir='ltr'><strong>quia</strong></span> <span class='ocrx_word' id='word_1_82' title='bbox 1172 1108 1420 1163; x_wconf 76' lang='lat' dir='ltr'><strong>ccelestia</strong></span> <span class='ocrx_word' id='word_1_83' title='bbox 1468 1112 1754 1162; x_wconf 85' lang='lat' dir='ltr'><strong>sectantur</strong></span> <span class='ocrx_word' id='word_1_84' title='bbox 1790 1111 1848 1160; x_wconf 90' lang='lat' dir='ltr'><strong>et</strong></span> 
     </span>
    </p>
   </div>
   <div class='ocr_carea' id='block_1_13' title="bbox 232 1195 1847 1275">
    <p class='ocr_par' dir='ltr' id='par_1_13' title="bbox 232 1195 1847 1275">
     <span class='ocr_line' id='line_1_13' title="bbox 232 1195 1847 1275; baseline -0.009 -11"><span class='ocrx_word' id='word_1_85' title='bbox 232 1208 441 1265; x_wconf 86' lang='lat' dir='ltr'><strong>ardua.</strong></span> <span class='ocrx_word' id='word_1_86' title='bbox 458 1206 589 1264; x_wconf 91' lang='lat' dir='ltr'><strong>Sed.</strong></span> <span class='ocrx_word' id='word_1_87' title='bbox 606 1202 752 1275; x_wconf 91' lang='lat' dir='ltr'><strong>quod</strong></span> <span class='ocrx_word' id='word_1_88' title='bbox 767 1200 995 1273; x_wconf 79' lang='lat' dir='ltr'><strong>gravius</strong></span> <span class='ocrx_word' id='word_1_89' title='bbox 1014 1206 1101 1254; x_wconf 89' lang='lat' dir='ltr'><strong>est</strong></span> <span class='ocrx_word' id='word_1_90' title='bbox 1122 1198 1519 1270; x_wconf 85' lang='lat' dir='ltr'><strong>plangendum,</strong></span> <span class='ocrx_word' id='word_1_91' title='bbox 1546 1195 1847 1250; x_wconf 82' lang='lat' dir='ltr'><strong>velociores</strong></span> 
     </span>
    </p>
   </div>
   <div class='ocr_carea' id='block_1_14' title="bbox 234 1286 1845 1371">
    <p class='ocr_par' dir='ltr' id='par_1_14' title="bbox 234 1286 1845 1371">
     <span class='ocr_line' id='line_1_14' title="bbox 234 1286 1845 1371; baseline -0.011 -17"><span class='ocrx_word' id='word_1_92' title='bbox 234 1313 417 1371; x_wconf 88' lang='lat' dir='ltr'><strong>quam</strong></span> <span class='ocrx_word' id='word_1_93' title='bbox 437 1312 585 1367; x_wconf 56' lang='lat' dir='ltr'><strong>saepe</strong></span> <span class='ocrx_word' id='word_1_94' title='bbox 603 1292 715 1347; x_wconf 90' lang='lat' dir='ltr'><strong>illis</strong></span> <span class='ocrx_word' id='word_1_95' title='bbox 747 1292 935 1345; x_wconf 89' lang='lat' dir='ltr'><strong>hostes</strong></span> <span class='ocrx_word' id='word_1_96' title='bbox 956 1289 1318 1343; x_wconf 82' lang='lat' dir='ltr'><strong>inveniuntur</strong></span> <span class='ocrx_word' id='word_1_97' title='bbox 1336 1288 1407 1342; x_wconf 91' lang='lat' dir='ltr'><strong>ad</strong></span> <span class='ocrx_word' id='word_1_98' title='bbox 1432 1286 1845 1357; x_wconf 85' lang='lat' dir='ltr'><strong>decipiendum,</strong></span> 
     </span>
    </p>
   </div>
   <div class='ocr_carea' id='block_1_15' title="bbox 236 1375 1845 1459">
    <p class='ocr_par' dir='ltr' id='par_1_15' title="bbox 236 1375 1845 1459">
     <span class='ocr_line' id='line_1_15' title="bbox 236 1375 1845 1459; baseline -0.009 -17"><span class='ocrx_word' id='word_1_99' title='bbox 236 1403 415 1459; x_wconf 89' lang='lat' dir='ltr'><strong>quam</strong></span> <span class='ocrx_word' id='word_1_100' title='bbox 449 1384 507 1438; x_wconf 92' lang='lat' dir='ltr'><strong>hi</strong></span> <span class='ocrx_word' id='word_1_101' title='bbox 535 1383 606 1438; x_wconf 89' lang='lat' dir='ltr'><strong>ad</strong></span> <span class='ocrx_word' id='word_1_102' title='bbox 637 1379 1078 1455; x_wconf 68' lang='lat' dir='ltr'><strong>praecavendum,</strong></span> <span class='ocrx_word' id='word_1_103' title='bbox 1112 1384 1262 1433; x_wconf 75' lang='lat' dir='ltr'><strong>certe</strong></span> <span class='ocrx_word' id='word_1_104' title='bbox 1300 1384 1399 1432; x_wconf 88' lang='lat' dir='ltr'><strong>aut</strong></span> <span class='ocrx_word' id='word_1_105' title='bbox 1439 1375 1845 1431; x_wconf 87' lang='lat' dir='ltr'><strong>reluctandum.</strong></span> 
     </span>
    </p>
   </div>
   <div class='ocr_carea' id='block_1_16' title="bbox 237 1464 1851 1544">
    <p class='ocr_par' dir='ltr' id='par_1_16' title="bbox 237 1464 1851 1544">
     <span class='ocr_line' id='line_1_16' title="bbox 237 1464 1851 1544; baseline -0.009 -12"><span class='ocrx_word' id='word_1_106' title='bbox 237 1476 408 1532; x_wconf 86' lang='lat' dir='ltr'><strong>Unde</strong></span> <span class='ocrx_word' id='word_1_107' title='bbox 430 1480 503 1535; x_wconf 89' lang='lat' dir='ltr'><strong>et.</strong></span> <span class='ocrx_word' id='word_1_108' title='bbox 529 1490 655 1529; x_wconf 91' lang='lat' dir='ltr'><strong>curn</strong></span> <span class='ocrx_word' id='word_1_109' title='bbox 687 1472 978 1544; x_wconf 84' lang='lat' dir='ltr'><strong>propheta.</strong></span> <span class='ocrx_word' id='word_1_110' title='bbox 1005 1468 1212 1524; x_wconf 87' lang='lat' dir='ltr'><strong>Christi</strong></span> <span class='ocrx_word' id='word_1_111' title='bbox 1237 1466 1521 1522; x_wconf 87' lang='lat' dir='ltr'><strong>interdum</strong></span> <span class='ocrx_word' id='word_1_112' title='bbox 1548 1466 1731 1537; x_wconf 87' lang='lat' dir='ltr'><strong>plorat</strong></span> <span class='ocrx_word' id='word_1_113' title='bbox 1756 1464 1851 1518; x_wconf 89' lang='lat' dir='ltr'><strong>Ec-</strong></span> 
     </span>
    </p>
   </div>
   <div class='ocr_carea' id='block_1_17' title="bbox 237 1551 1850 1635">
    <p class='ocr_par' dir='ltr' id='par_1_17' title="bbox 237 1551 1850 1635">
     <span class='ocr_line' id='line_1_17' title="bbox 237 1551 1850 1635; baseline -0.01 -14"><span class='ocrx_word' id='word_1_114' title='bbox 237 1566 436 1623; x_wconf 88' lang='lat' dir='ltr'><strong>clesia.</strong></span> <span class='ocrx_word' id='word_1_115' title='bbox 470 1562 617 1635; x_wconf 90' lang='lat' dir='ltr'><strong>quod</strong></span> <span class='ocrx_word' id='word_1_116' title='bbox 641 1560 939 1615; x_wconf 87' lang='lat' dir='ltr'><strong>velociores</strong></span> <span class='ocrx_word' id='word_1_117' title='bbox 961 1558 1075 1612; x_wconf 89' lang='lat' dir='ltr'><strong>sint</strong></span> <span class='ocrx_word' id='word_1_118' title='bbox 1100 1557 1285 1611; x_wconf 86' lang='lat' dir='ltr'><strong>hostes</strong></span> <span class='ocrx_word' id='word_1_119' title='bbox 1314 1556 1436 1626; x_wconf 89' lang='lat' dir='ltr'><strong>ejus</strong></span> <span class='ocrx_word' id='word_1_120' title='bbox 1464 1560 1521 1608; x_wconf 89' lang='lat' dir='ltr'><strong>et</strong></span> <span class='ocrx_word' id='word_1_121' title='bbox 1548 1551 1850 1608; x_wconf 88' lang='lat' dir='ltr'><strong>adversarii</strong></span> 
     </span>
    </p>
   </div>
   <div class='ocr_carea' id='block_1_18' title="bbox 240 1643 1851 1722">
    <p class='ocr_par' dir='ltr' id='par_1_18' title="bbox 240 1643 1851 1722">
     <span class='ocr_line' id='line_1_18' title="bbox 240 1643 1851 1722; baseline -0.01 -11"><span class='ocrx_word' id='word_1_122' title='bbox 240 1654 443 1711; x_wconf 83' lang='lat' dir='ltr'><strong>electis</strong></span> <span class='ocrx_word' id='word_1_123' title='bbox 467 1652 606 1709; x_wconf 90' lang='lat' dir='ltr'><strong>suis.</strong></span> <span class='ocrx_word' id='word_1_124' title='bbox 630 1650 723 1722; x_wconf 88' lang='lat' dir='ltr'><strong>qui</strong></span> <span class='ocrx_word' id='word_1_125' title='bbox 750 1651 870 1720; x_wconf 89' lang='lat' dir='ltr'><strong>jam</strong></span> <span class='ocrx_word' id='word_1_126' title='bbox 892 1646 1117 1703; x_wconf 82' lang='lat' dir='ltr'><strong>calcatis</strong></span> <span class='ocrx_word' id='word_1_127' title='bbox 1145 1645 1403 1700; x_wconf 90' lang='lat' dir='ltr'><strong>omnibus</strong></span> <span class='ocrx_word' id='word_1_128' title='bbox 1428 1644 1667 1699; x_wconf 86' lang='lat' dir='ltr'><strong>terrenis</strong></span> <span class='ocrx_word' id='word_1_129' title='bbox 1687 1643 1851 1697; x_wconf 74' lang='lat' dir='ltr'><strong>coele-</strong></span> 
     </span>
    </p>
   </div>
   <div class='ocr_carea' id='block_1_19' title="bbox 1914 481 3515 561">
    <p class='ocr_par' dir='ltr' id='par_1_19' title="bbox 1914 481 3515 561">
     <span class='ocr_line' id='line_1_19' title="bbox 1914 481 3515 561; baseline 0.004 -24"><span class='ocrx_word' id='word_1_130' title='bbox 1914 481 2016 538; x_wconf 87' lang='lat' dir='ltr'><strong>bra</strong></span> <span class='ocrx_word' id='word_1_131' title='bbox 2040 484 2161 555; x_wconf 89' lang='lat' dir='ltr'><strong>ejus</strong></span> <span class='ocrx_word' id='word_1_132' title='bbox 2188 483 2414 540; x_wconf 89' lang='lat' dir='ltr'><strong>demum</strong></span> <span class='ocrx_word' id='word_1_133' title='bbox 2443 485 2500 541; x_wconf 91' lang='lat' dir='ltr'><strong>in</strong></span> <span class='ocrx_word' id='word_1_134' title='bbox 2522 486 2789 559; x_wconf 80' lang='lat' dir='ltr'><strong>gentibus</strong></span> <span class='ocrx_word' id='word_1_135' title='bbox 2817 487 3079 545; x_wconf 70' lang='lat' dir='ltr'><strong>tramlati</strong></span> <span class='ocrx_word' id='word_1_136' title='bbox 3098 488 3279 544; x_wconf 88' lang='lat' dir='ltr'><strong>vivere</strong></span> <span class='ocrx_word' id='word_1_137' title='bbox 3298 488 3515 561; x_wconf 88' lang='lat' dir='ltr'><strong>potuis-</strong></span> 
     </span>
    </p>
   </div>
   <div class='ocr_carea' id='block_1_20' title="bbox 1916 573 3519 650">
    <p class='ocr_par' dir='ltr' id='par_1_20' title="bbox 1916 573 3519 650">
     <span class='ocr_line' id='line_1_20' title="bbox 1916 573 3519 650; baseline 0.003 -23"><span class='ocrx_word' id='word_1_138' title='bbox 1916 580 2060 627; x_wconf 90' lang='lat' dir='ltr'><strong>sent.</strong></span> <span class='ocrx_word' id='word_1_139' title='bbox 2075 573 2196 628; x_wconf 91' lang='lat' dir='ltr'><strong>Imo</strong></span> <span class='ocrx_word' id='word_1_140' title='bbox 2215 574 2285 628; x_wconf 92' lang='lat' dir='ltr'><strong>de</strong></span> <span class='ocrx_word' id='word_1_141' title='bbox 2306 574 2528 631; x_wconf 85' lang='lat' dir='ltr'><strong>Christo</strong></span> <span class='ocrx_word' id='word_1_142' title='bbox 2555 576 2728 632; x_wconf 91' lang='lat' dir='ltr'><strong>velint</strong></span> <span class='ocrx_word' id='word_1_143' title='bbox 2746 575 2928 632; x_wconf 89' lang='lat' dir='ltr'><strong>nolint</strong></span> <span class='ocrx_word' id='word_1_144' title='bbox 2946 576 3355 650; x_wconf 87' lang='lat' dir='ltr'><strong>accipiendum,</strong></span> <span class='ocrx_word' id='word_1_145' title='bbox 3368 577 3519 650; x_wconf 88' lang='lat' dir='ltr'><strong>quod</strong></span> 
     </span>
    </p>
   </div>
   <div class='ocr_carea' id='block_1_21' title="bbox 1919 662 3521 740">
    <p class='ocr_par' dir='ltr' id='par_1_21' title="bbox 1919 662 3521 740">
     <span class='ocr_line' id='line_1_21' title="bbox 1919 662 3521 740; baseline 0.004 -24"><span class='ocrx_word' id='word_1_146' title='bbox 1919 662 2152 733; x_wconf 88' lang='lat' dir='ltr'><strong>spiritus</strong></span> <span class='ocrx_word' id='word_1_147' title='bbox 2180 663 2293 718; x_wconf 89' lang='lat' dir='ltr'><strong>oris</strong></span> <span class='ocrx_word' id='word_1_148' title='bbox 2320 664 2499 720; x_wconf 87' lang='lat' dir='ltr'><strong>nostri</strong></span> <span class='ocrx_word' id='word_1_149' title='bbox 2528 664 2785 721; x_wconf 87' lang='lat' dir='ltr'><strong>Christus</strong></span> <span class='ocrx_word' id='word_1_150' title='bbox 2812 666 3105 734; x_wconf 86' lang='lat' dir='ltr'><strong>Dominus,</strong></span> <span class='ocrx_word' id='word_1_151' title='bbox 3130 671 3329 740; x_wconf 90' lang='lat' dir='ltr'><strong>captus</strong></span> <span class='ocrx_word' id='word_1_152' title='bbox 3357 667 3431 721; x_wconf 90' lang='lat' dir='ltr'><strong>sit</strong></span> <span class='ocrx_word' id='word_1_153' title='bbox 3461 666 3521 722; x_wconf 93' lang='lat' dir='ltr'><strong>in</strong></span> 
     </span>
    </p>
   </div>
   <div class='ocr_carea' id='block_1_22' title="bbox 1921 751 3524 826">
    <p class='ocr_par' dir='ltr' id='par_1_22' title="bbox 1921 751 3524 826">
     <span class='ocr_line' id='line_1_22' title="bbox 1921 751 3524 826; baseline 0.003 -20"><span class='ocrx_word' id='word_1_154' title='bbox 1921 751 2162 824; x_wconf 86' lang='lat' dir='ltr'><strong>peccatis</strong></span> <span class='ocrx_word' id='word_1_155' title='bbox 2184 753 2412 811; x_wconf 90' lang='lat' dir='ltr'><strong>nostris.</strong></span> <span class='ocrx_word' id='word_1_156' title='bbox 2449 755 2525 810; x_wconf 88' lang='lat' dir='ltr'><strong>Ex</strong></span> <span class='ocrx_word' id='word_1_157' title='bbox 2551 771 2661 826; x_wconf 91' lang='lat' dir='ltr'><strong>quo</strong></span> <span class='ocrx_word' id='word_1_158' title='bbox 2691 755 3007 824; x_wconf 82' lang='lat' dir='ltr'><strong>manifeste,</strong></span> <span class='ocrx_word' id='word_1_159' title='bbox 3030 772 3144 811; x_wconf 90' lang='lat' dir='ltr'><strong>non</strong></span> <span class='ocrx_word' id='word_1_160' title='bbox 3174 757 3361 812; x_wconf 91' lang='lat' dir='ltr'><strong>minus</strong></span> <span class='ocrx_word' id='word_1_161' title='bbox 3390 755 3524 811; x_wconf 90' lang='lat' dir='ltr'><strong>divi-</strong></span> 
     </span>
    </p>
   </div>
   <div class='ocr_carea' id='block_1_23' title="bbox 1922 841 3524 919">
    <p class='ocr_par' dir='ltr' id='par_1_23' title="bbox 1922 841 3524 919">
     <span class='ocr_line' id='line_1_23' title="bbox 1922 841 3524 919; baseline 0.004 -24"><span class='ocrx_word' id='word_1_162' title='bbox 1922 841 2070 896; x_wconf 86' lang='lat' dir='ltr'><strong>nitas</strong></span> <span class='ocrx_word' id='word_1_163' title='bbox 2116 842 2238 912; x_wconf 88' lang='lat' dir='ltr'><strong>ejus</strong></span> <span class='ocrx_word' id='word_1_164' title='bbox 2268 859 2438 914; x_wconf 90' lang='lat' dir='ltr'><strong>quam</strong></span> <span class='ocrx_word' id='word_1_165' title='bbox 2466 849 2524 899; x_wconf 88' lang='lat' dir='ltr'><strong>et</strong></span> <span class='ocrx_word' id='word_1_166' title='bbox 2570 844 2893 900; x_wconf 84' lang='lat' dir='ltr'><strong>humanitas</strong></span> <span class='ocrx_word' id='word_1_167' title='bbox 2923 844 3027 900; x_wconf 85' lang='lat' dir='ltr'><strong>sub</strong></span> <span class='ocrx_word' id='word_1_168' title='bbox 3072 862 3187 900; x_wconf 90' lang='lat' dir='ltr'><strong>una</strong></span> <span class='ocrx_word' id='word_1_169' title='bbox 3216 846 3524 919; x_wconf 89' lang='lat' dir='ltr'><strong>eademque</strong></span> 
     </span>
    </p>
   </div>
   <div class='ocr_carea' id='block_1_24' title="bbox 1924 931 3527 1006">
    <p class='ocr_par' dir='ltr' id='par_1_24' title="bbox 1924 931 3527 1006">
     <span class='ocr_line' id='line_1_24' title="bbox 1924 931 3527 1006; baseline 0.003 -22"><span class='ocrx_word' id='word_1_170' title='bbox 1924 946 2162 1001; x_wconf 85' lang='lat' dir='ltr'><strong>persona</strong></span> <span class='ocrx_word' id='word_1_171' title='bbox 2178 938 2341 1003; x_wconf 87' lang='lat' dir='ltr'><strong>capta</strong></span> <span class='ocrx_word' id='word_1_172' title='bbox 2358 931 2704 1003; x_wconf 82' lang='lat' dir='ltr'><strong>designatur.</strong></span> <span class='ocrx_word' id='word_1_173' title='bbox 2717 934 2986 1003; x_wconf 86' lang='lat' dir='ltr'><strong>Spiritus,</strong></span> <span class='ocrx_word' id='word_1_174' title='bbox 3003 933 3204 1006; x_wconf 88' lang='lat' dir='ltr'><strong>inquit,</strong></span> <span class='ocrx_word' id='word_1_175' title='bbox 3218 938 3333 990; x_wconf 93' lang='lat' dir='ltr'><strong>oris</strong></span> <span class='ocrx_word' id='word_1_176' title='bbox 3348 936 3527 990; x_wconf 86' lang='lat' dir='ltr'><strong>nostri</strong></span> 
     </span>
    </p>
   </div>
   <div class='ocr_carea' id='block_1_25' title="bbox 1926 1020 3527 1093">
    <p class='ocr_par' dir='ltr' id='par_1_25' title="bbox 1926 1020 3527 1093">
     <span class='ocr_line' id='line_1_25' title="bbox 1926 1020 3527 1093; baseline 0.004 -19"><span class='ocrx_word' id='word_1_177' title='bbox 1926 1020 2195 1074; x_wconf 80' lang='lat' dir='ltr'><strong>Dominus</strong></span> <span class='ocrx_word' id='word_1_178' title='bbox 2216 1021 2482 1076; x_wconf 82' lang='lat' dir='ltr'><strong>Christus.</strong></span> <span class='ocrx_word' id='word_1_179' title='bbox 2502 1022 2645 1077; x_wconf 90' lang='lat' dir='ltr'><strong>Nam</strong></span> <span class='ocrx_word' id='word_1_180' title='bbox 2675 1039 2802 1077; x_wconf 92' lang='lat' dir='ltr'><strong>cum</strong></span> <span class='ocrx_word' id='word_1_181' title='bbox 2822 1022 2991 1079; x_wconf 87' lang='lat' dir='ltr'><strong>dicit:</strong></span> <span class='ocrx_word' id='word_1_182' title='bbox 3017 1024 3264 1093; x_wconf 80' lang='lat' dir='ltr'><strong>Spiritus</strong></span> <span class='ocrx_word' id='word_1_183' title='bbox 3290 1026 3404 1078; x_wconf 88' lang='lat' dir='ltr'><strong>oris</strong></span> <span class='ocrx_word' id='word_1_184' title='bbox 3432 1038 3527 1081; x_wconf 85' lang='lat' dir='ltr'><strong>no-</strong></span> 
     </span>
    </p>
   </div>
   <div class='ocr_carea' id='block_1_26' title="bbox 1927 1108 3526 1179">
    <p class='ocr_par' dir='ltr' id='par_1_26' title="bbox 1927 1108 3526 1179">
     <span class='ocr_line' id='line_1_26' title="bbox 1927 1108 3526 1179; baseline 0.004 -17"><span class='ocrx_word' id='word_1_185' title='bbox 1927 1111 2052 1173; x_wconf 84' lang='lat' dir='ltr'><strong>stri,</strong></span> <span class='ocrx_word' id='word_1_186' title='bbox 2084 1110 2209 1179; x_wconf 86' lang='lat' dir='ltr'><strong>ejus</strong></span> <span class='ocrx_word' id='word_1_187' title='bbox 2247 1108 2509 1165; x_wconf 88' lang='lat' dir='ltr'><strong>divinitas</strong></span> <span class='ocrx_word' id='word_1_188' title='bbox 2549 1111 2866 1168; x_wconf 85' lang='lat' dir='ltr'><strong>declaratur</strong></span> <span class='ocrx_word' id='word_1_189' title='bbox 2897 1131 2909 1166; x_wconf 91' lang='lat'><strong>:</strong></span> <span class='ocrx_word' id='word_1_190' title='bbox 2943 1129 3071 1167; x_wconf 92' lang='lat' dir='ltr'><strong>cum</strong></span> <span class='ocrx_word' id='word_1_191' title='bbox 3110 1130 3239 1168; x_wconf 89' lang='lat' dir='ltr'><strong>vero</strong></span> <span class='ocrx_word' id='word_1_192' title='bbox 3277 1113 3526 1168; x_wconf 84' lang='lat' dir='ltr'><strong>Christus</strong></span> 
     </span>
    </p>
   </div>
   <div class='ocr_carea' id='block_1_27' title="bbox 1929 1199 3531 1274">
    <p class='ocr_par' dir='ltr' id='par_1_27' title="bbox 1929 1199 3531 1274">
     <span class='ocr_line' id='line_1_27' title="bbox 1929 1199 3531 1274; baseline 0.002 -22"><span class='ocrx_word' id='word_1_193' title='bbox 1929 1200 2217 1264; x_wconf 87' lang='lat' dir='ltr'><strong>Dominus,</strong></span> <span class='ocrx_word' id='word_1_194' title='bbox 2268 1199 2563 1256; x_wconf 79' lang='lat' dir='ltr'><strong>manifeste</strong></span> <span class='ocrx_word' id='word_1_195' title='bbox 2621 1201 2946 1257; x_wconf 87' lang='lat' dir='ltr'><strong>humanitas</strong></span> <span class='ocrx_word' id='word_1_196' title='bbox 2991 1202 3342 1274; x_wconf 85' lang='lat' dir='ltr'><strong>exprimitur,</strong></span> <span class='ocrx_word' id='word_1_197' title='bbox 3396 1201 3531 1274; x_wconf 88' lang='lat' dir='ltr'><strong>quia</strong></span> 
     </span>
    </p>
   </div>
   <div class='ocr_carea' id='block_1_28' title="bbox 1930 1287 3530 1364">
    <p class='ocr_par' dir='ltr' id='par_1_28' title="bbox 1930 1287 3530 1364">
     <span class='ocr_line' id='line_1_28' title="bbox 1930 1287 3530 1364; baseline 0.002 -22"><span class='ocrx_word' id='word_1_198' title='bbox 1930 1292 2081 1342; x_wconf 87' lang='lat' dir='ltr'><strong>recte</strong></span> <span class='ocrx_word' id='word_1_199' title='bbox 2110 1287 2353 1359; x_wconf 87' lang='lat' dir='ltr'><strong>Spiritus</strong></span> <span class='ocrx_word' id='word_1_200' title='bbox 2373 1289 2522 1343; x_wconf 90' lang='lat' dir='ltr'><strong>Deus</strong></span> <span class='ocrx_word' id='word_1_201' title='bbox 2543 1294 2663 1344; x_wconf 85' lang='lat' dir='ltr'><strong>tota</strong></span> <span class='ocrx_word' id='word_1_202' title='bbox 2683 1290 2931 1346; x_wconf 79' lang='lat' dir='ltr'><strong>Trinitas</strong></span> <span class='ocrx_word' id='word_1_203' title='bbox 2952 1290 3310 1364; x_wconf 82' lang='lat' dir='ltr'><strong>intelligitur;</strong></span> <span class='ocrx_word' id='word_1_204' title='bbox 3331 1306 3530 1362; x_wconf 88' lang='lat' dir='ltr'><strong>quam-</strong></span> 
     </span>
    </p>
   </div>
   <div class='ocr_carea' id='block_1_29' title="bbox 1931 1376 3532 1452">
    <p class='ocr_par' dir='ltr' id='par_1_29' title="bbox 1931 1376 3532 1452">
     <span class='ocr_line' id='line_1_29' title="bbox 1931 1376 3532 1452; baseline 0.004 -23"><span class='ocrx_word' id='word_1_205' title='bbox 1931 1376 2012 1430; x_wconf 92' lang='lat' dir='ltr'><strong>vis</strong></span> <span class='ocrx_word' id='word_1_206' title='bbox 2040 1377 2145 1431; x_wconf 93' lang='lat' dir='ltr'><strong>hoc</strong></span> <span class='ocrx_word' id='word_1_207' title='bbox 2174 1376 2233 1431; x_wconf 92' lang='lat' dir='ltr'><strong>in</strong></span> <span class='ocrx_word' id='word_1_208' title='bbox 2264 1377 2382 1432; x_wconf 92' lang='lat' dir='ltr'><strong>loco</strong></span> <span class='ocrx_word' id='word_1_209' title='bbox 2423 1378 2777 1434; x_wconf 89' lang='lat' dir='ltr'><strong>solummodo</strong></span> <span class='ocrx_word' id='word_1_210' title='bbox 2808 1380 2993 1434; x_wconf 83' lang='lat' dir='ltr'><strong>Patris</strong></span> <span class='ocrx_word' id='word_1_211' title='bbox 3020 1380 3265 1435; x_wconf 87' lang='lat' dir='ltr'><strong>Verbum</strong></span> <span class='ocrx_word' id='word_1_212' title='bbox 3290 1379 3532 1452; x_wconf 87' lang='lat' dir='ltr'><strong>accipia-</strong></span> 
     </span>
    </p>
   </div>
   <div class='ocr_carea' id='block_1_30' title="bbox 1930 1465 3535 1537">
    <p class='ocr_par' dir='ltr' id='par_1_30' title="bbox 1930 1465 3535 1537">
     <span class='ocr_line' id='line_1_30' title="bbox 1930 1465 3535 1537; baseline 0.002 -18"><span class='ocrx_word' id='word_1_213' title='bbox 1930 1470 2050 1522; x_wconf 90' lang='lat' dir='ltr'><strong>tur.</strong></span> <span class='ocrx_word' id='word_1_214' title='bbox 2080 1465 2238 1520; x_wconf 91' lang='lat' dir='ltr'><strong>Unde</strong></span> <span class='ocrx_word' id='word_1_215' title='bbox 2276 1466 2491 1537; x_wconf 82' lang='lat' dir='ltr'><strong>Moyses</strong></span> <span class='ocrx_word' id='word_1_216' title='bbox 2527 1466 2584 1520; x_wconf 89' lang='lat' dir='ltr'><strong>in</strong></span> <span class='ocrx_word' id='word_1_217' title='bbox 2623 1466 3096 1523; x_wconf 91' lang='lat' dir='ltr'><strong>Deuteronomio:</strong></span> <span class='ocrx_word' id='word_1_218' title='bbox 3131 1471 3297 1537; x_wconf 80' lang='lat' dir='ltr'><strong>Prope</strong></span> <span class='ocrx_word' id='word_1_219' title='bbox 3324 1474 3419 1534; x_wconf 87' lang='lat' dir='ltr'><strong>est,</strong></span> <span class='ocrx_word' id='word_1_220' title='bbox 3453 1468 3535 1523; x_wconf 91' lang='lat' dir='ltr'><strong>in-</strong></span> 
     </span>
    </p>
   </div>
   <div class='ocr_carea' id='block_1_31' title="bbox 1934 1554 3529 1625">
    <p class='ocr_par' dir='ltr' id='par_1_31' title="bbox 1934 1554 3529 1625">
     <span class='ocr_line' id='line_1_31' title="bbox 1934 1554 3529 1625; baseline 0.003 -17"><span class='ocrx_word' id='word_1_221' title='bbox 1934 1554 2075 1625; x_wconf 91' lang='lat' dir='ltr'><strong>quit,</strong></span> <span class='ocrx_word' id='word_1_222' title='bbox 2092 1556 2317 1609; x_wconf 82' lang='lat' dir='ltr'><strong>verbum</strong></span> <span class='ocrx_word' id='word_1_223' title='bbox 2339 1557 2401 1609; x_wconf 87' lang='lat' dir='ltr'><strong>in</strong></span> <span class='ocrx_word' id='word_1_224' title='bbox 2421 1572 2512 1609; x_wconf 86' lang='lat' dir='ltr'><strong>ore</strong></span> <span class='ocrx_word' id='word_1_225' title='bbox 2534 1560 2627 1610; x_wconf 85' lang='lat' dir='ltr'><strong>tuo</strong></span> <span class='ocrx_word' id='word_1_226' title='bbox 2646 1562 2694 1611; x_wconf 89' lang='lat' dir='ltr'><strong>et</strong></span> <span class='ocrx_word' id='word_1_227' title='bbox 2715 1558 2872 1611; x_wconf 87' lang='lat' dir='ltr'><strong>corde</strong></span> <span class='ocrx_word' id='word_1_228' title='bbox 2896 1563 2988 1611; x_wconf 89' lang='lat' dir='ltr'><strong>tuo</strong></span> <span class='ocrx_word' id='word_1_229' title='bbox 3033 1556 3191 1621; x_wconf 85' lang='lat' dir='ltr'><strong>Quod</strong></span> <span class='ocrx_word' id='word_1_230' title='bbox 3214 1562 3298 1612; x_wconf 90' lang='lat' dir='ltr'><strong>est</strong></span> <span class='ocrx_word' id='word_1_231' title='bbox 3314 1556 3529 1613; x_wconf 89' lang='lat' dir='ltr'><strong>dicere:</strong></span> 
     </span>
    </p>
   </div>
   <div class='ocr_carea' id='block_1_32' title="bbox 1934 1643 3539 1715">
    <p class='ocr_par' dir='ltr' id='par_1_32' title="bbox 1934 1643 3539 1715">
     <span class='ocr_line' id='line_1_32' title="bbox 1934 1643 3539 1715; baseline 0.002 -18"><span class='ocrx_word' id='word_1_232' title='bbox 1934 1644 2114 1714; x_wconf 83' lang='lat' dir='ltr'><strong>Prope</strong></span> <span class='ocrx_word' id='word_1_233' title='bbox 2128 1650 2214 1697; x_wconf 89' lang='lat' dir='ltr'><strong>est</strong></span> <span class='ocrx_word' id='word_1_234' title='bbox 2232 1643 2463 1715; x_wconf 88' lang='lat' dir='ltr'><strong>spiritus</strong></span> <span class='ocrx_word' id='word_1_235' title='bbox 2479 1644 2593 1698; x_wconf 87' lang='lat' dir='ltr'><strong>oris</strong></span> <span class='ocrx_word' id='word_1_236' title='bbox 2624 1650 2659 1709; x_wconf 81' lang='grc' dir='ltr'><strong>Ι</strong></span> <span class='ocrx_word' id='word_1_237' title='bbox 2677 1651 2740 1710; x_wconf 71' lang='lat'><strong>5</strong></span> <span class='ocrx_word' id='word_1_238' title='bbox 2752 1650 2789 1711; x_wconf 84' lang='grc' dir='ltr'>ι</span> <span class='ocrx_word' id='word_1_239' title='bbox 2803 1649 2871 1709; x_wconf 72' lang='lat'><strong>9</strong></span> <span class='ocrx_word' id='word_1_240' title='bbox 2886 1646 3065 1701; x_wconf 90' lang='lat' dir='ltr'><strong>nostri</strong></span> <span class='ocrx_word' id='word_1_241' title='bbox 3081 1653 3137 1701; x_wconf 90' lang='lat' dir='ltr'><strong>et</strong></span> <span class='ocrx_word' id='word_1_242' title='bbox 3157 1645 3339 1701; x_wconf 91' lang='lat' dir='ltr'><strong>cordis</strong></span> <span class='ocrx_word' id='word_1_243' title='bbox 3360 1644 3539 1701; x_wconf 89' lang='lat' dir='ltr'><strong>nostri</strong></span> 
     </span>
    </p>
   </div>
   <div class='ocr_carea' id='block_1_33' title="bbox 241 1724 3535 1808">
    <p class='ocr_par' dir='ltr' id='par_1_33' title="bbox 241 1724 3535 1808">
     <span class='ocr_line' id='line_1_33' title="bbox 241 1724 3535 1808; baseline -0.003 -8"><span class='ocrx_word' id='word_1_244' title='bbox 241 1745 359 1800; x_wconf 88' lang='lat' dir='ltr'><strong>stia</strong></span> <span class='ocrx_word' id='word_1_245' title='bbox 385 1742 639 1797; x_wconf 90' lang='lat' dir='ltr'><strong>incolunt</strong></span> <span class='ocrx_word' id='word_1_246' title='bbox 665 1758 676 1792; x_wconf 90' lang='lat'><strong>:</strong></span> <span class='ocrx_word' id='word_1_247' title='bbox 698 1739 779 1793; x_wconf 85' lang='lat' dir='ltr'><strong>ita</strong></span> <span class='ocrx_word' id='word_1_248' title='bbox 809 1746 872 1793; x_wconf 91' lang='lat' dir='ltr'><strong>ut</strong></span> <span class='ocrx_word' id='word_1_249' title='bbox 895 1737 1177 1791; x_wconf 89' lang='lat' dir='ltr'><strong>interdum</strong></span> <span class='ocrx_word' id='word_1_250' title='bbox 1208 1736 1396 1808; x_wconf 85' lang='lat' dir='ltr'><strong>plures</strong></span> <span class='ocrx_word' id='word_1_251' title='bbox 1419 1734 1718 1805; x_wconf 80' lang='lat' dir='ltr'><strong>decipiant,</strong></span> <span class='ocrx_word' id='word_1_252' title='bbox 1743 1749 1854 1788; x_wconf 93' lang='lat' dir='ltr'><strong>non</strong></span> <span class='ocrx_word' id='word_1_253' title='bbox 1874 1724 1916 1782; x_wconf 90' lang='grc' dir='ltr'><strong>Β</strong></span> <span class='ocrx_word' id='word_1_254' title='bbox 1936 1735 2102 1798; x_wconf 90' lang='lat' dir='ltr'><strong>Deus,</strong></span> <span class='ocrx_word' id='word_1_255' title='bbox 2120 1734 2251 1804; x_wconf 86' lang='lat' dir='ltr'><strong>quia</strong></span> <span class='ocrx_word' id='word_1_256' title='bbox 2270 1733 2460 1788; x_wconf 89' lang='lat' dir='ltr'><strong>omnia</strong></span> <span class='ocrx_word' id='word_1_257' title='bbox 2481 1734 2659 1805; x_wconf 86' lang='lat' dir='ltr'><strong>replet</strong></span> <span class='ocrx_word' id='word_1_258' title='bbox 2674 1739 2731 1789; x_wconf 92' lang='lat' dir='ltr'><strong>et</strong></span> <span class='ocrx_word' id='word_1_259' title='bbox 2752 1736 3032 1790; x_wconf 87' lang='lat' dir='ltr'><strong>continet:</strong></span> <span class='ocrx_word' id='word_1_260' title='bbox 3059 1736 3119 1790; x_wconf 89' lang='lat' dir='ltr'><strong>in</strong></span> <span class='ocrx_word' id='word_1_261' title='bbox 3141 1752 3251 1807; x_wconf 91' lang='lat' dir='ltr'><strong>quo</strong></span> <span class='ocrx_word' id='word_1_262' title='bbox 3276 1740 3535 1804; x_wconf 82' lang='lat' dir='ltr'><strong>vivimus,</strong></span> 
     </span>
    </p>
   </div>
   <div class='ocr_carea' id='block_1_34' title="bbox 243 1822 3539 1901">
    <p class='ocr_par' dir='ltr' id='par_1_34' title="bbox 243 1822 3539 1901">
     <span class='ocr_line' id='line_1_34' title="bbox 243 1822 3539 1901; baseline -0.003 -13"><span class='ocrx_word' id='word_1_263' title='bbox 243 1834 375 1888; x_wconf 90' lang='lat' dir='ltr'><strong>dico</strong></span> <span class='ocrx_word' id='word_1_264' title='bbox 410 1848 475 1886; x_wconf 79' lang='lat' dir='ltr'><strong>ex</strong></span> <span class='ocrx_word' id='word_1_265' title='bbox 514 1828 673 1901; x_wconf 90' lang='lat' dir='ltr'><strong>plebe</strong></span> <span class='ocrx_word' id='word_1_266' title='bbox 713 1834 831 1882; x_wconf 90' lang='lat' dir='ltr'><strong>toto</strong></span> <span class='ocrx_word' id='word_1_267' title='bbox 880 1826 1094 1890; x_wconf 90' lang='lat' dir='ltr'><strong>ordine,</strong></span> <span class='ocrx_word' id='word_1_268' title='bbox 1129 1841 1317 1880; x_wconf 89' lang='lat' dir='ltr'><strong>verum</strong></span> <span class='ocrx_word' id='word_1_269' title='bbox 1348 1831 1406 1879; x_wconf 89' lang='lat' dir='ltr'><strong>et</strong></span> <span class='ocrx_word' id='word_1_270' title='bbox 1448 1840 1514 1878; x_wconf 84' lang='lat' dir='ltr'><strong>ex</strong></span> <span class='ocrx_word' id='word_1_271' title='bbox 1558 1822 1714 1895; x_wconf 90' lang='lat' dir='ltr'><strong>ipsis,</strong></span> <span class='ocrx_word' id='word_1_272' title='bbox 1757 1822 1854 1892; x_wconf 92' lang='lat' dir='ltr'><strong>qui</strong></span> <span class='ocrx_word' id='word_1_273' title='bbox 1930 1822 2092 1891; x_wconf 81' lang='lat' dir='ltr'><strong>juxta</strong></span> <span class='ocrx_word' id='word_1_274' title='bbox 2122 1822 2472 1892; x_wconf 89' lang='lat' dir='ltr'><strong>Apostolum.</strong></span> <span class='ocrx_word' id='word_1_275' title='bbox 2514 1839 2800 1877; x_wconf 85' lang='lat' dir='ltr'><strong>movemur</strong></span> <span class='ocrx_word' id='word_1_276' title='bbox 2827 1830 2877 1878; x_wconf 91' lang='lat' dir='ltr'><strong>et</strong></span> <span class='ocrx_word' id='word_1_277' title='bbox 2909 1840 3121 1879; x_wconf 88' lang='lat' dir='ltr'><strong>sumus.</strong></span> <span class='ocrx_word' id='word_1_278' title='bbox 3158 1824 3225 1879; x_wconf 90' lang='lat' dir='ltr'><strong>Et</strong></span> <span class='ocrx_word' id='word_1_279' title='bbox 3252 1824 3378 1879; x_wconf 93' lang='lat' dir='ltr'><strong>ideo</strong></span> <span class='ocrx_word' id='word_1_280' title='bbox 3406 1841 3539 1879; x_wconf 87' lang='lat' dir='ltr'><strong>san-</strong></span> 
     </span>
    </p>
   </div>
   <div class='ocr_carea' id='block_1_35' title="bbox 245 1910 1854 1993">
    <p class='ocr_par' dir='ltr' id='par_1_35' title="bbox 245 1910 1854 1993">
     <span class='ocr_line' id='line_1_35' title="bbox 245 1910 1854 1993; baseline -0.008 -16"><span class='ocrx_word' id='word_1_281' title='bbox 245 1929 355 1978; x_wconf 84' lang='lat' dir='ltr'><strong>aut</strong></span> <span class='ocrx_word' id='word_1_282' title='bbox 378 1926 633 1993; x_wconf 87' lang='lat' dir='ltr'><strong>pastores</strong></span> <span class='ocrx_word' id='word_1_283' title='bbox 662 1922 812 1982; x_wconf 90' lang='lat' dir='ltr'><strong>sunt,</strong></span> <span class='ocrx_word' id='word_1_284' title='bbox 847 1921 947 1970; x_wconf 90' lang='lat' dir='ltr'><strong>aut</strong></span> <span class='ocrx_word' id='word_1_285' title='bbox 992 1913 1247 1987; x_wconf 67' lang='lat' dir='ltr'><strong>perfectae</strong></span> <span class='ocrx_word' id='word_1_286' title='bbox 1277 1913 1481 1985; x_wconf 90' lang='lat' dir='ltr'><strong>quietis</strong></span> <span class='ocrx_word' id='word_1_287' title='bbox 1524 1912 1744 1982; x_wconf 83' lang='lat' dir='ltr'><strong>elegere</strong></span> <span class='ocrx_word' id='word_1_288' title='bbox 1770 1910 1854 1964; x_wconf 89' lang='lat' dir='ltr'><strong>vi-</strong></span> 
     </span>
    </p>
   </div>
   <div class='ocr_carea' id='block_1_36' title="bbox 244 2001 1859 2080">
    <p class='ocr_par' dir='ltr' id='par_1_36' title="bbox 244 2001 1859 2080">
     <span class='ocr_line' id='line_1_36' title="bbox 244 2001 1859 2080; baseline -0.008 -13"><span class='ocrx_word' id='word_1_289' title='bbox 244 2019 392 2067; x_wconf 86' lang='lat' dir='ltr'><strong>tam.</strong></span> <span class='ocrx_word' id='word_1_290' title='bbox 416 2009 495 2064; x_wconf 81' lang='lat' dir='ltr'><strong>Ex</strong></span> <span class='ocrx_word' id='word_1_291' title='bbox 515 2024 625 2080; x_wconf 90' lang='lat' dir='ltr'><strong>quo</strong></span> <span class='ocrx_word' id='word_1_292' title='bbox 646 2007 810 2078; x_wconf 87' lang='lat' dir='ltr'><strong>longe</strong></span> <span class='ocrx_word' id='word_1_293' title='bbox 834 2021 1007 2077; x_wconf 83' lang='lat' dir='ltr'><strong>supra</strong></span> <span class='ocrx_word' id='word_1_294' title='bbox 1026 2004 1172 2059; x_wconf 89' lang='lat' dir='ltr'><strong>idem</strong></span> <span class='ocrx_word' id='word_1_295' title='bbox 1195 2004 1469 2076; x_wconf 86' lang='lat' dir='ltr'><strong>propheta</strong></span> <span class='ocrx_word' id='word_1_296' title='bbox 1492 2001 1650 2055; x_wconf 87' lang='lat' dir='ltr'><strong>valde</strong></span> <span class='ocrx_word' id='word_1_297' title='bbox 1675 2002 1859 2072; x_wconf 90' lang='lat' dir='ltr'><strong>plorat</strong></span> 
     </span>
    </p>
   </div>
   <div class='ocr_carea' id='block_1_37' title="bbox 248 2100 485 2155">
    <p class='ocr_par' dir='ltr' id='par_1_37' title="bbox 248 2100 485 2155">
     <span class='ocr_line' id='line_1_37' title="bbox 248 2100 485 2155; baseline -0.013 0"><span class='ocrx_word' id='word_1_298' title='bbox 248 2100 448 2155; x_wconf 90' lang='lat' dir='ltr'><strong>dicens</strong></span> <span class='ocrx_word' id='word_1_299' title='bbox 472 2117 485 2152; x_wconf 90' lang='lat'><strong>:</strong></span> 
     </span>
    </p>
   </div>
   <div class='ocr_carea' id='block_1_38' title="bbox 328 2184 1859 2256">
    <p class='ocr_par' dir='ltr' id='par_1_38' title="bbox 328 2184 1859 2256">
     <span class='ocr_line' id='line_1_38' title="bbox 328 2184 1859 2256; baseline -0.007 -13"><span class='ocrx_word' id='word_1_300' title='bbox 328 2189 476 2253; x_wconf 69' lang='lat' dir='ltr'><strong>Grpe:</strong></span> <span class='ocrx_word' id='word_1_301' title='bbox 505 2187 757 2256; x_wconf 85' lang='lat' dir='ltr'><strong>perditus</strong></span> <span class='ocrx_word' id='word_1_302' title='bbox 786 2187 964 2253; x_wconf 85' lang='lat' dir='ltr'><strong>factus</strong></span> <span class='ocrx_word' id='word_1_303' title='bbox 1004 2188 1079 2238; x_wconf 86' lang='lat' dir='ltr'><strong>est</strong></span> <span class='ocrx_word' id='word_1_304' title='bbox 1112 2185 1347 2252; x_wconf 86' lang='lat' dir='ltr'><strong>populus</strong></span> <span class='ocrx_word' id='word_1_305' title='bbox 1378 2197 1529 2235; x_wconf 88' lang='lat' dir='ltr'><strong>meus</strong></span> <span class='ocrx_word' id='word_1_306' title='bbox 1561 2200 1576 2235; x_wconf 91' lang='lat'><strong>:</strong></span> <span class='ocrx_word' id='word_1_307' title='bbox 1616 2184 1859 2249; x_wconf 78' lang='lat' dir='ltr'><strong>pastores</strong></span> 
     </span>
    </p>
   </div>
   <div class='ocr_carea' id='block_1_39' title="bbox 252 2265 1862 2336">
    <p class='ocr_par' dir='ltr' id='par_1_39' title="bbox 252 2265 1862 2336">
     <span class='ocr_line' id='line_1_39' title="bbox 252 2265 1862 2336; baseline -0.006 -9"><span class='ocrx_word' id='word_1_308' title='bbox 252 2289 451 2328; x_wconf 75' lang='lat' dir='ltr'><strong>eorum</strong></span> <span class='ocrx_word' id='word_1_309' title='bbox 480 2272 821 2326; x_wconf 69' lang='lat' dir='ltr'><strong>seduxerunt</strong></span> <span class='ocrx_word' id='word_1_310' title='bbox 851 2286 933 2323; x_wconf 84' lang='lat' dir='ltr'><strong>eos</strong></span> <span class='ocrx_word' id='word_1_311' title='bbox 963 2269 1316 2336; x_wconf 85' lang='lat' dir='ltr'><strong>feceruntque</strong></span> <span class='ocrx_word' id='word_1_312' title='bbox 1340 2268 1540 2335; x_wconf 78' lang='lat' dir='ltr'><strong>vagari</strong></span> <span class='ocrx_word' id='word_1_313' title='bbox 1569 2268 1633 2319; x_wconf 87' lang='lat' dir='ltr'><strong>in</strong></span> <span class='ocrx_word' id='word_1_314' title='bbox 1664 2265 1862 2318; x_wconf 85' lang='lat' dir='ltr'><strong>monti-</strong></span> 
     </span>
    </p>
   </div>
   <div class='ocr_carea' id='block_1_40' title="bbox 254 2354 1864 2427">
    <p class='ocr_par' dir='ltr' id='par_1_40' title="bbox 254 2354 1864 2427">
     <span class='ocr_line' id='line_1_40' title="bbox 254 2354 1864 2427; baseline -0.007 -10"><span class='ocrx_word' id='word_1_315' title='bbox 254 2366 379 2427; x_wconf 84' lang='lat' dir='ltr'><strong>bus,</strong></span> <span class='ocrx_word' id='word_1_316' title='bbox 403 2362 466 2415; x_wconf 83' lang='lat' dir='ltr'><strong>de</strong></span> <span class='ocrx_word' id='word_1_317' title='bbox 490 2366 671 2415; x_wconf 88' lang='lat' dir='ltr'><strong>monte</strong></span> <span class='ocrx_word' id='word_1_318' title='bbox 692 2362 753 2413; x_wconf 90' lang='lat' dir='ltr'><strong>in</strong></span> <span class='ocrx_word' id='word_1_319' title='bbox 775 2361 965 2413; x_wconf 82' lang='lat' dir='ltr'><strong>collem</strong></span> <span class='ocrx_word' id='word_1_320' title='bbox 996 2359 1368 2420; x_wconf 85' lang='lat' dir='ltr'><strong>transierunt,</strong></span> <span class='ocrx_word' id='word_1_321' title='bbox 1391 2357 1549 2410; x_wconf 85' lang='lat' dir='ltr'><strong>obliti</strong></span> <span class='ocrx_word' id='word_1_322' title='bbox 1565 2358 1696 2408; x_wconf 80' lang='lat' dir='ltr'><strong>sunt</strong></span> <span class='ocrx_word' id='word_1_323' title='bbox 1715 2354 1864 2407; x_wconf 84' lang='lat' dir='ltr'><strong>cubi-</strong></span> 
     </span>
    </p>
   </div>
   <div class='ocr_carea' id='block_1_41' title="bbox 257 2440 1865 2514">
    <p class='ocr_par' dir='ltr' id='par_1_41' title="bbox 257 2440 1865 2514">
     <span class='ocr_line' id='line_1_41' title="bbox 257 2440 1865 2514; baseline -0.006 -10"><span class='ocrx_word' id='word_1_324' title='bbox 257 2452 334 2505; x_wconf 82' lang='lat' dir='ltr'><strong>tis</strong></span> <span class='ocrx_word' id='word_1_325' title='bbox 352 2452 463 2504; x_wconf 90' lang='lat' dir='ltr'><strong>sui.</strong></span> <span class='ocrx_word' id='word_1_326' title='bbox 484 2448 587 2504; x_wconf 88' lang='lat' dir='ltr'><strong>Ubi</strong></span> <span class='ocrx_word' id='word_1_327' title='bbox 606 2463 719 2501; x_wconf 92' lang='lat' dir='ltr'><strong>non</strong></span> <span class='ocrx_word' id='word_1_328' title='bbox 739 2446 920 2501; x_wconf 89' lang='lat' dir='ltr'><strong>solum</strong></span> <span class='ocrx_word' id='word_1_329' title='bbox 943 2444 1333 2499; x_wconf 75' lang='lat' dir='ltr'><strong>haereticorum</strong></span> <span class='ocrx_word' id='word_1_330' title='bbox 1354 2442 1572 2514; x_wconf 87' lang='lat' dir='ltr'><strong>plangit</strong></span> <span class='ocrx_word' id='word_1_331' title='bbox 1590 2440 1865 2496; x_wconf 90' lang='lat' dir='ltr'><strong>seductio-</strong></span> 
     </span>
    </p>
   </div>
   <div class='ocr_carea' id='block_1_42' title="bbox 257 2528 1867 2604">
    <p class='ocr_par' dir='ltr' id='par_1_42' title="bbox 257 2528 1867 2604">
     <span class='ocr_line' id='line_1_42' title="bbox 257 2528 1867 2604; baseline -0.006 -11"><span class='ocrx_word' id='word_1_332' title='bbox 257 2556 413 2604; x_wconf 90' lang='lat' dir='ltr'><strong>nem,</strong></span> <span class='ocrx_word' id='word_1_333' title='bbox 450 2553 642 2591; x_wconf 90' lang='lat' dir='ltr'><strong>verum</strong></span> <span class='ocrx_word' id='word_1_334' title='bbox 686 2541 743 2590; x_wconf 89' lang='lat' dir='ltr'><strong>et</strong></span> <span class='ocrx_word' id='word_1_335' title='bbox 787 2552 980 2590; x_wconf 89' lang='lat' dir='ltr'><strong>eorum</strong></span> <span class='ocrx_word' id='word_1_336' title='bbox 1030 2533 1126 2604; x_wconf 88' lang='lat' dir='ltr'><strong>qui</strong></span> <span class='ocrx_word' id='word_1_337' title='bbox 1172 2533 1230 2587; x_wconf 92' lang='lat' dir='ltr'><strong>in</strong></span> <span class='ocrx_word' id='word_1_338' title='bbox 1281 2531 1525 2586; x_wconf 87' lang='lat' dir='ltr'><strong>Ecclesia</strong></span> <span class='ocrx_word' id='word_1_339' title='bbox 1553 2530 1714 2584; x_wconf 90' lang='lat' dir='ltr'><strong>malis</strong></span> <span class='ocrx_word' id='word_1_340' title='bbox 1744 2528 1867 2583; x_wconf 83' lang='lat' dir='ltr'><strong>suis</strong></span> 
     </span>
    </p>
   </div>
   <div class='ocr_carea' id='block_1_43' title="bbox 262 2620 1869 2698">
    <p class='ocr_par' dir='ltr' id='par_1_43' title="bbox 262 2620 1869 2698">
     <span class='ocr_line' id='line_1_43' title="bbox 262 2620 1869 2698; baseline -0.007 -15"><span class='ocrx_word' id='word_1_341' title='bbox 262 2625 538 2698; x_wconf 81' lang='lat' dir='ltr'><strong>exemplis</strong></span> <span class='ocrx_word' id='word_1_342' title='bbox 555 2625 772 2679; x_wconf 90' lang='lat' dir='ltr'><strong>animas</strong></span> <span class='ocrx_word' id='word_1_343' title='bbox 800 2623 1087 2695; x_wconf 90' lang='lat' dir='ltr'><strong>decipiunt</strong></span> <span class='ocrx_word' id='word_1_344' title='bbox 1113 2621 1483 2698; x_wconf 82' lang='lat' dir='ltr'><strong>subditorum.</strong></span> <span class='ocrx_word' id='word_1_345' title='bbox 1511 2620 1660 2684; x_wconf 88' lang='lat' dir='ltr'><strong>Quas</strong></span> <span class='ocrx_word' id='word_1_346' title='bbox 1689 2625 1869 2673; x_wconf 88' lang='lat' dir='ltr'><strong>trans-</strong></span> 
     </span>
    </p>
   </div>
   <div class='ocr_carea' id='block_1_44' title="bbox 264 2696 1869 2780">
    <p class='ocr_par' dir='ltr' id='par_1_44' title="bbox 264 2696 1869 2780">
     <span class='ocr_line' id='line_1_44' title="bbox 264 2696 1869 2780; baseline -0.006 -9"><span class='ocrx_word' id='word_1_347' title='bbox 264 2718 353 2772; x_wconf 90' lang='lat' dir='ltr'><strong>ire</strong></span> <span class='ocrx_word' id='word_1_348' title='bbox 401 2696 614 2770; x_wconf 79' lang='lat' dir='ltr'><strong>faciunt</strong></span> <span class='ocrx_word' id='word_1_349' title='bbox 653 2714 723 2768; x_wconf 91' lang='lat' dir='ltr'><strong>de</strong></span> <span class='ocrx_word' id='word_1_350' title='bbox 765 2719 955 2767; x_wconf 89' lang='lat' dir='ltr'><strong>monte</strong></span> <span class='ocrx_word' id='word_1_351' title='bbox 995 2712 1062 2766; x_wconf 89' lang='lat' dir='ltr'><strong>ad</strong></span> <span class='ocrx_word' id='word_1_352' title='bbox 1104 2712 1322 2775; x_wconf 90' lang='lat' dir='ltr'><strong>collem,</strong></span> <span class='ocrx_word' id='word_1_353' title='bbox 1354 2696 1488 2764; x_wconf 86' lang='lat' dir='ltr'><strong>dum</strong></span> <span class='ocrx_word' id='word_1_354' title='bbox 1519 2726 1619 2780; x_wconf 90' lang='lat' dir='ltr'><strong>per</strong></span> <span class='ocrx_word' id='word_1_355' title='bbox 1660 2708 1869 2763; x_wconf 85' lang='lat' dir='ltr'><strong>fastum</strong></span> 
     </span>
    </p>
   </div>
   <div class='ocr_carea' id='block_1_45' title="bbox 266 2800 1872 2877">
    <p class='ocr_par' dir='ltr' id='par_1_45' title="bbox 266 2800 1872 2877">
     <span class='ocr_line' id='line_1_45' title="bbox 266 2800 1872 2877; baseline -0.006 -16"><span class='ocrx_word' id='word_1_356' title='bbox 266 2804 547 2877; x_wconf 72' lang='lat' dir='ltr'><strong>superbiae</strong></span> <span class='ocrx_word' id='word_1_357' title='bbox 566 2802 819 2858; x_wconf 88' lang='lat' dir='ltr'><strong>obtinere</strong></span> <span class='ocrx_word' id='word_1_358' title='bbox 843 2801 1101 2856; x_wconf 89' lang='lat' dir='ltr'><strong>nituntur</strong></span> <span class='ocrx_word' id='word_1_359' title='bbox 1120 2800 1424 2871; x_wconf 83' lang='lat' dir='ltr'><strong>dignitates</strong></span> <span class='ocrx_word' id='word_1_360' title='bbox 1450 2815 1656 2862; x_wconf 89' lang='lat' dir='ltr'><strong>rerum,</strong></span> <span class='ocrx_word' id='word_1_361' title='bbox 1684 2803 1742 2852; x_wconf 89' lang='lat' dir='ltr'><strong>et</strong></span> <span class='ocrx_word' id='word_1_362' title='bbox 1770 2813 1872 2869; x_wconf 89' lang='lat' dir='ltr'><strong>po-</strong></span> 
     </span>
    </p>
   </div>
   <div class='ocr_carea' id='block_1_46' title="bbox 271 2888 1877 2960">
    <p class='ocr_par' dir='ltr' id='par_1_46' title="bbox 271 2888 1877 2960">
     <span class='ocr_line' id='line_1_46' title="bbox 271 2888 1877 2960; baseline -0.006 -10"><span class='ocrx_word' id='word_1_363' title='bbox 271 2888 511 2951; x_wconf 82' lang='lat' dir='ltr'><strong>tentiam</strong></span> <span class='ocrx_word' id='word_1_364' title='bbox 542 2900 575 2958; x_wconf 89' lang='grc' dir='ltr'><strong>Ι</strong></span> <span class='ocrx_word' id='word_1_365' title='bbox 591 2900 656 2958; x_wconf 68' lang='lat'><strong>5</strong></span> <span class='ocrx_word' id='word_1_366' title='bbox 669 2898 705 2958; x_wconf 85' lang='grc' dir='ltr'><strong>Ι</strong></span> <span class='ocrx_word' id='word_1_367' title='bbox 723 2900 780 2956; x_wconf 64' lang='grc' dir='ltr'>δ</span> <span class='ocrx_word' id='word_1_368' title='bbox 801 2890 1082 2947; x_wconf 63' lang='lat' dir='ltr'><strong>saecularis</strong></span> <span class='ocrx_word' id='word_1_369' title='bbox 1101 2890 1313 2960; x_wconf 70' lang='lat' dir='ltr'><strong>gloriae.</strong></span> <span class='ocrx_word' id='word_1_370' title='bbox 1327 2889 1647 2943; x_wconf 79' lang='lat' dir='ltr'><strong>Transeunt</strong></span> <span class='ocrx_word' id='word_1_371' title='bbox 1667 2903 1798 2958; x_wconf 89' lang='lat' dir='ltr'><strong>ergo</strong></span> <span class='ocrx_word' id='word_1_372' title='bbox 1820 2890 1877 2940; x_wconf 86' lang='lat' dir='ltr'><strong>et</strong></span> 
     </span>
    </p>
   </div>
   <div class='ocr_carea' id='block_1_47' title="bbox 272 2973 1877 3048">
    <p class='ocr_par' dir='ltr' id='par_1_47' title="bbox 272 2973 1877 3048">
     <span class='ocr_line' id='line_1_47' title="bbox 272 2973 1877 3048; baseline -0.004 -12"><span class='ocrx_word' id='word_1_373' title='bbox 272 2980 527 3037; x_wconf 60' lang='lat' dir='ltr'><strong>haeretici</strong></span> <span class='ocrx_word' id='word_1_374' title='bbox 574 2980 643 3034; x_wconf 91' lang='lat' dir='ltr'><strong>de</strong></span> <span class='ocrx_word' id='word_1_375' title='bbox 685 2985 874 3034; x_wconf 90' lang='lat' dir='ltr'><strong>monte</strong></span> <span class='ocrx_word' id='word_1_376' title='bbox 915 2978 987 3032; x_wconf 90' lang='lat' dir='ltr'><strong>ad</strong></span> <span class='ocrx_word' id='word_1_377' title='bbox 1034 2978 1252 3040; x_wconf 90' lang='lat' dir='ltr'><strong>collem.</strong></span> <span class='ocrx_word' id='word_1_378' title='bbox 1293 2976 1517 3048; x_wconf 89' lang='lat' dir='ltr'><strong>quando</strong></span> <span class='ocrx_word' id='word_1_379' title='bbox 1553 2976 1623 3030; x_wconf 92' lang='lat' dir='ltr'><strong>de</strong></span> <span class='ocrx_word' id='word_1_380' title='bbox 1656 2990 1770 3030; x_wconf 85' lang='lat' dir='ltr'><strong>una</strong></span> <span class='ocrx_word' id='word_1_381' title='bbox 1806 2973 1877 3028; x_wconf 90' lang='lat' dir='ltr'><strong>ad</strong></span> 
     </span>
    </p>
   </div>
   <div class='ocr_carea' id='block_1_48' title="bbox 277 3066 1938 3141">
    <p class='ocr_par' dir='ltr' id='par_1_48' title="bbox 277 3066 1938 3141">
     <span class='ocr_line' id='line_1_48' title="bbox 277 3066 1938 3141; baseline -0.007 -14"><span class='ocrx_word' id='word_1_382' title='bbox 277 3072 454 3127; x_wconf 86' lang='lat' dir='ltr'><strong>aliam</strong></span> <span class='ocrx_word' id='word_1_383' title='bbox 500 3069 758 3124; x_wconf 87' lang='lat' dir='ltr'><strong>insiliunt</strong></span> <span class='ocrx_word' id='word_1_384' title='bbox 800 3067 1090 3139; x_wconf 87' lang='lat' dir='ltr'><strong>pravitatis</strong></span> <span class='ocrx_word' id='word_1_385' title='bbox 1138 3084 1251 3122; x_wconf 69' lang='lat' dir='ltr'><strong>sua:</strong></span> <span class='ocrx_word' id='word_1_386' title='bbox 1294 3066 1626 3129; x_wconf 88' lang='lat' dir='ltr'><strong>doctrinam,</strong></span> <span class='ocrx_word' id='word_1_387' title='bbox 1659 3079 1938 3141; x_wconf 57' lang='lat' dir='ltr'><strong>semperu</strong></span> 
     </span>
    </p>
   </div>
   <div class='ocr_carea' id='block_1_49' title="bbox 280 3155 1882 3234">
    <p class='ocr_par' dir='ltr' id='par_1_49' title="bbox 280 3155 1882 3234">
     <span class='ocr_line' id='line_1_49' title="bbox 280 3155 1882 3234; baseline -0.005 -18"><span class='ocrx_word' id='word_1_388' title='bbox 280 3160 512 3234; x_wconf 85' lang='lat' dir='ltr'><strong>quidem</strong></span> <span class='ocrx_word' id='word_1_389' title='bbox 555 3158 700 3228; x_wconf 86' lang='lat' dir='ltr'><strong>vagi.</strong></span> <span class='ocrx_word' id='word_1_390' title='bbox 740 3164 799 3212; x_wconf 89' lang='lat' dir='ltr'><strong>et</strong></span> <span class='ocrx_word' id='word_1_391' title='bbox 842 3172 1131 3228; x_wconf 88' lang='lat' dir='ltr'><strong>nunquam</strong></span> <span class='ocrx_word' id='word_1_392' title='bbox 1178 3155 1426 3210; x_wconf 83' lang='lat' dir='ltr'><strong>stabiles.</strong></span> <span class='ocrx_word' id='word_1_393' title='bbox 1478 3156 1782 3226; x_wconf 88' lang='lat' dir='ltr'><strong>Propterea</strong></span> <span class='ocrx_word' id='word_1_394' title='bbox 1825 3159 1882 3208; x_wconf 86' lang='lat' dir='ltr'><strong>et</strong></span> 
     </span>
    </p>
   </div>
   <div class='ocr_carea' id='block_1_50' title="bbox 280 3244 1882 3322">
    <p class='ocr_par' dir='ltr' id='par_1_50' title="bbox 280 3244 1882 3322">
     <span class='ocr_line' id='line_1_50' title="bbox 280 3244 1882 3322; baseline -0.005 -18"><span class='ocrx_word' id='word_1_395' title='bbox 280 3266 421 3322; x_wconf 82' lang='lat' dir='ltr'><strong>grex</strong></span> <span class='ocrx_word' id='word_1_396' title='bbox 441 3247 661 3303; x_wconf 90' lang='lat' dir='ltr'><strong>Domini</strong></span> <span class='ocrx_word' id='word_1_397' title='bbox 692 3247 941 3318; x_wconf 90' lang='lat' dir='ltr'><strong>perditus</strong></span> <span class='ocrx_word' id='word_1_398' title='bbox 963 3255 1075 3301; x_wconf 88' lang='lat' dir='ltr'><strong>est:</strong></span> <span class='ocrx_word' id='word_1_399' title='bbox 1102 3244 1235 3316; x_wconf 89' lang='lat' dir='ltr'><strong>quia</strong></span> <span class='ocrx_word' id='word_1_400' title='bbox 1260 3244 1410 3300; x_wconf 91' lang='lat' dir='ltr'><strong>idem</strong></span> <span class='ocrx_word' id='word_1_401' title='bbox 1441 3244 1687 3299; x_wconf 78' lang='lat' dir='ltr'><strong>haeretici</strong></span> <span class='ocrx_word' id='word_1_402' title='bbox 1712 3259 1882 3314; x_wconf 88' lang='lat' dir='ltr'><strong>quam</strong></span> 
     </span>
    </p>
   </div>
   <div class='ocr_carea' id='block_1_51' title="bbox 284 3330 1886 3409">
    <p class='ocr_par' dir='ltr' id='par_1_51' title="bbox 284 3330 1886 3409">
     <span class='ocr_line' id='line_1_51' title="bbox 284 3330 1886 3409; baseline -0.006 -16"><span class='ocrx_word' id='word_1_403' title='bbox 284 3352 437 3409; x_wconf 77' lang='lat' dir='ltr'><strong>saepe</strong></span> <span class='ocrx_word' id='word_1_404' title='bbox 464 3336 525 3390; x_wconf 89' lang='lat' dir='ltr'><strong>in</strong></span> <span class='ocrx_word' id='word_1_405' title='bbox 543 3334 879 3405; x_wconf 89' lang='lat' dir='ltr'><strong>disputando</strong></span> <span class='ocrx_word' id='word_1_406' title='bbox 909 3333 1208 3388; x_wconf 88' lang='lat' dir='ltr'><strong>velociores</strong></span> <span class='ocrx_word' id='word_1_407' title='bbox 1225 3338 1357 3387; x_wconf 88' lang='lat' dir='ltr'><strong>sunt</strong></span> <span class='ocrx_word' id='word_1_408' title='bbox 1384 3332 1587 3403; x_wconf 88' lang='lat' dir='ltr'><strong>aquilis</strong></span> <span class='ocrx_word' id='word_1_409' title='bbox 1612 3332 1756 3395; x_wconf 80' lang='lat' dir='ltr'><strong>cceli,</strong></span> <span class='ocrx_word' id='word_1_410' title='bbox 1782 3330 1886 3385; x_wconf 89' lang='lat' dir='ltr'><strong>sci-</strong></span> 
     </span>
    </p>
   </div>
   <div class='ocr_carea' id='block_1_52' title="bbox 286 3418 1886 3491">
    <p class='ocr_par' dir='ltr' id='par_1_52' title="bbox 286 3418 1886 3491">
     <span class='ocr_line' id='line_1_52' title="bbox 286 3418 1886 3491; baseline -0.006 -9"><span class='ocrx_word' id='word_1_411' title='bbox 286 3427 421 3482; x_wconf 88' lang='lat' dir='ltr'><strong>licet</strong></span> <span class='ocrx_word' id='word_1_412' title='bbox 456 3423 711 3479; x_wconf 68' lang='lat' dir='ltr'><strong>Ecclesiaz</strong></span> <span class='ocrx_word' id='word_1_413' title='bbox 738 3421 1058 3478; x_wconf 80' lang='lat' dir='ltr'><strong>doctoribus</strong></span> <span class='ocrx_word' id='word_1_414' title='bbox 1088 3428 1146 3476; x_wconf 90' lang='lat' dir='ltr'><strong>et</strong></span> <span class='ocrx_word' id='word_1_415' title='bbox 1189 3420 1496 3475; x_wconf 90' lang='lat' dir='ltr'><strong>rectoribus</strong></span> <span class='ocrx_word' id='word_1_416' title='bbox 1528 3418 1703 3491; x_wconf 87' lang='lat' dir='ltr'><strong>plebis</strong></span> <span class='ocrx_word' id='word_1_417' title='bbox 1746 3434 1886 3490; x_wconf 91' lang='lat' dir='ltr'><strong>quos</strong></span> 
     </span>
    </p>
   </div>
   <div class='ocr_carea' id='block_1_53' title="bbox 286 3508 1885 3589">
    <p class='ocr_par' dir='ltr' id='par_1_53' title="bbox 286 3508 1885 3589">
     <span class='ocr_line' id='line_1_53' title="bbox 286 3508 1885 3589; baseline -0.007 -18"><span class='ocrx_word' id='word_1_418' title='bbox 286 3517 724 3589; x_wconf 86' lang='lat' dir='ltr'><strong>persequuntur,</strong></span> <span class='ocrx_word' id='word_1_419' title='bbox 747 3528 916 3583; x_wconf 91' lang='lat' dir='ltr'><strong>super</strong></span> <span class='ocrx_word' id='word_1_420' title='bbox 936 3511 1246 3565; x_wconf 86' lang='lat' dir='ltr'><strong>doctrinam</strong></span> <span class='ocrx_word' id='word_1_421' title='bbox 1268 3509 1480 3564; x_wconf 90' lang='lat' dir='ltr'><strong>scilicet</strong></span> <span class='ocrx_word' id='word_1_422' title='bbox 1504 3508 1885 3580; x_wconf 88' lang='lat' dir='ltr'><strong>apostolorum</strong></span> 
     </span>
    </p>
   </div>
   <div class='ocr_carea' id='block_1_54' title="bbox 289 3594 1888 3665">
    <p class='ocr_par' dir='ltr' id='par_1_54' title="bbox 289 3594 1888 3665">
     <span class='ocr_line' id='line_1_54' title="bbox 289 3594 1888 3665; baseline -0.008 -5"><span class='ocrx_word' id='word_1_423' title='bbox 289 3610 352 3660; x_wconf 87' lang='lat' dir='ltr'><strong>et</strong></span> <span class='ocrx_word' id='word_1_424' title='bbox 374 3610 698 3659; x_wconf 87' lang='lat' dir='ltr'><strong>sanctorum</strong></span> <span class='ocrx_word' id='word_1_425' title='bbox 731 3599 982 3655; x_wconf 91' lang='lat' dir='ltr'><strong>omnium</strong></span> <span class='ocrx_word' id='word_1_426' title='bbox 1013 3599 1335 3654; x_wconf 88' lang='lat' dir='ltr'><strong>electorum.</strong></span> <span class='ocrx_word' id='word_1_427' title='bbox 1368 3596 1485 3652; x_wconf 91' lang='lat' dir='ltr'><strong>Illis</strong></span> <span class='ocrx_word' id='word_1_428' title='bbox 1514 3612 1643 3649; x_wconf 91' lang='lat' dir='ltr'><strong>vero</strong></span> <span class='ocrx_word' id='word_1_429' title='bbox 1673 3594 1769 3665; x_wconf 91' lang='lat' dir='ltr'><strong>qui</strong></span> <span class='ocrx_word' id='word_1_430' title='bbox 1798 3610 1888 3648; x_wconf 88' lang='lat' dir='ltr'><strong>re-</strong></span> 
     </span>
    </p>
   </div>
   <div class='ocr_carea' id='block_1_55' title="bbox 291 3682 1885 3755">
    <p class='ocr_par' dir='ltr' id='par_1_55' title="bbox 291 3682 1885 3755">
     <span class='ocr_line' id='line_1_55' title="bbox 291 3682 1885 3755; baseline -0.008 -5"><span class='ocrx_word' id='word_1_431' title='bbox 291 3692 549 3750; x_wconf 86' lang='lat' dir='ltr'><strong>motioris</strong></span> <span class='ocrx_word' id='word_1_432' title='bbox 564 3692 690 3746; x_wconf 74' lang='lat' dir='ltr'><strong>vita:</strong></span> <span class='ocrx_word' id='word_1_433' title='bbox 705 3695 993 3745; x_wconf 87' lang='lat' dir='ltr'><strong>sectantur</strong></span> <span class='ocrx_word' id='word_1_434' title='bbox 1008 3689 1206 3755; x_wconf 87' lang='lat' dir='ltr'><strong>otium,</strong></span> <span class='ocrx_word' id='word_1_435' title='bbox 1221 3686 1562 3742; x_wconf 89' lang='lat' dir='ltr'><strong>insidiantur</strong></span> <span class='ocrx_word' id='word_1_436' title='bbox 1580 3682 1885 3750; x_wconf 87' lang='lat' dir='ltr'><strong>lraudibus,</strong></span> 
     </span>
    </p>
   </div>
   <div class='ocr_carea' id='block_1_56' title="bbox 292 3774 1892 3853">
    <p class='ocr_par' dir='ltr' id='par_1_56' title="bbox 292 3774 1892 3853">
     <span class='ocr_line' id='line_1_56' title="bbox 292 3774 1892 3853; baseline -0.008 -14"><span class='ocrx_word' id='word_1_437' title='bbox 292 3791 353 3840; x_wconf 89' lang='lat' dir='ltr'><strong>et</strong></span> <span class='ocrx_word' id='word_1_438' title='bbox 391 3782 681 3853; x_wconf 87' lang='lat' dir='ltr'><strong>decipiunt</strong></span> <span class='ocrx_word' id='word_1_439' title='bbox 718 3778 1041 3834; x_wconf 89' lang='lat' dir='ltr'><strong>calliditatis</strong></span> <span class='ocrx_word' id='word_1_440' title='bbox 1078 3794 1192 3833; x_wconf 74' lang='lat' dir='ltr'><strong>suae</strong></span> <span class='ocrx_word' id='word_1_441' title='bbox 1229 3775 1483 3848; x_wconf 89' lang='lat' dir='ltr'><strong>eloquiis.</strong></span> <span class='ocrx_word' id='word_1_442' title='bbox 1521 3774 1671 3840; x_wconf 90' lang='lat' dir='ltr'><strong>Quos</strong></span> <span class='ocrx_word' id='word_1_443' title='bbox 1698 3789 1892 3828; x_wconf 91' lang='lat' dir='ltr'><strong>omnes</strong></span> 
     </span>
    </p>
   </div>
   <div class='ocr_carea' id='block_1_57' title="bbox 294 3860 1890 3937">
    <p class='ocr_par' dir='ltr' id='par_1_57' title="bbox 294 3860 1890 3937">
     <span class='ocr_line' id='line_1_57' title="bbox 294 3860 1890 3937; baseline -0.006 -9"><span class='ocrx_word' id='word_1_444' title='bbox 294 3873 400 3929; x_wconf 88' lang='lat' dir='ltr'><strong>sub</strong></span> <span class='ocrx_word' id='word_1_445' title='bbox 444 3888 558 3927; x_wconf 90' lang='lat' dir='ltr'><strong>uno</strong></span> <span class='ocrx_word' id='word_1_446' title='bbox 601 3870 848 3925; x_wconf 91' lang='lat' dir='ltr'><strong>lamento</strong></span> <span class='ocrx_word' id='word_1_447' title='bbox 896 3874 1046 3922; x_wconf 90' lang='lat' dir='ltr'><strong>recte</strong></span> <span class='ocrx_word' id='word_1_448' title='bbox 1093 3866 1299 3921; x_wconf 76' lang='lat' dir='ltr'><strong>Christi</strong></span> <span class='ocrx_word' id='word_1_449' title='bbox 1338 3865 1595 3937; x_wconf 87' lang='lat' dir='ltr'><strong>deplorat</strong></span> <span class='ocrx_word' id='word_1_450' title='bbox 1626 3860 1890 3929; x_wconf 82' lang='lat' dir='ltr'><strong>Ecclesia,</strong></span> 
     </span>
    </p>
   </div>
   <div class='ocr_carea' id='block_1_58' title="bbox 294 3950 1896 4034">
    <p class='ocr_par' dir='ltr' id='par_1_58' title="bbox 294 3950 1896 4034">
     <span class='ocr_line' id='line_1_58' title="bbox 294 3950 1896 4034; baseline -0.007 -18"><span class='ocrx_word' id='word_1_451' title='bbox 294 3962 430 4034; x_wconf 88' lang='lat' dir='ltr'><strong>quia</strong></span> <span class='ocrx_word' id='word_1_452' title='bbox 458 3961 516 4014; x_wconf 91' lang='lat' dir='ltr'><strong>in</strong></span> <span class='ocrx_word' id='word_1_453' title='bbox 546 3959 634 4013; x_wconf 87' lang='lat' dir='ltr'><strong>his</strong></span> <span class='ocrx_word' id='word_1_454' title='bbox 662 3956 922 4012; x_wconf 89' lang='lat' dir='ltr'><strong>omnibus</strong></span> <span class='ocrx_word' id='word_1_455' title='bbox 944 3956 1280 4019; x_wconf 76' lang='lat' dir='ltr'><strong>infirmatur,</strong></span> <span class='ocrx_word' id='word_1_456' title='bbox 1304 3960 1361 4008; x_wconf 91' lang='lat' dir='ltr'><strong>et</strong></span> <span class='ocrx_word' id='word_1_457' title='bbox 1379 3953 1484 4008; x_wconf 88' lang='lat' dir='ltr'><strong>sub</strong></span> <span class='ocrx_word' id='word_1_458' title='bbox 1508 3950 1896 4023; x_wconf 89' lang='lat' dir='ltr'><strong>hujuscemodi</strong></span> 
     </span>
    </p>
   </div>
   <div class='ocr_carea' id='block_1_59' title="bbox 297 4039 1893 4123">
    <p class='ocr_par' dir='ltr' id='par_1_59' title="bbox 297 4039 1893 4123">
     <span class='ocr_line' id='line_1_59' title="bbox 297 4039 1893 4123; baseline -0.008 -18"><span class='ocrx_word' id='word_1_459' title='bbox 297 4047 618 4123; x_wconf 67' lang='lat' dir='ltr'><strong>praestigiis,</strong></span> <span class='ocrx_word' id='word_1_460' title='bbox 641 4046 800 4118; x_wconf 90' lang='lat' dir='ltr'><strong>quasi</strong></span> <span class='ocrx_word' id='word_1_461' title='bbox 825 4045 1042 4099; x_wconf 89' lang='lat' dir='ltr'><strong>alarum</strong></span> <span class='ocrx_word' id='word_1_462' title='bbox 1062 4042 1246 4097; x_wconf 88' lang='lat' dir='ltr'><strong>avium</strong></span> <span class='ocrx_word' id='word_1_463' title='bbox 1267 4041 1606 4113; x_wconf 76' lang='lat' dir='ltr'><strong>prmpeditur</strong></span> <span class='ocrx_word' id='word_1_464' title='bbox 1625 4039 1893 4110; x_wconf 86' lang='lat' dir='ltr'><strong>remigiis.</strong></span> 
     </span>
    </p>
   </div>
   <div class='ocr_carea' id='block_1_60' title="bbox 1937 1910 3543 1982">
    <p class='ocr_par' dir='ltr' id='par_1_60' title="bbox 1937 1910 3543 1982">
     <span class='ocr_line' id='line_1_60' title="bbox 1937 1910 3543 1982; baseline 0.003 -19"><span class='ocrx_word' id='word_1_465' title='bbox 1937 1916 2061 1965; x_wconf 89' lang='lat' dir='ltr'><strong>ctus</strong></span> <span class='ocrx_word' id='word_1_466' title='bbox 2089 1910 2263 1965; x_wconf 88' lang='lat' dir='ltr'><strong>David</strong></span> <span class='ocrx_word' id='word_1_467' title='bbox 2304 1910 2692 1982; x_wconf 89' lang='lat' dir='ltr'><strong>supplicando.</strong></span> <span class='ocrx_word' id='word_1_468' title='bbox 2722 1928 2850 1966; x_wconf 91' lang='lat' dir='ltr'><strong>cum</strong></span> <span class='ocrx_word' id='word_1_469' title='bbox 2878 1912 3211 1967; x_wconf 86' lang='lat' dir='ltr'><strong>Trinitatem</strong></span> <span class='ocrx_word' id='word_1_470' title='bbox 3246 1912 3410 1968; x_wconf 91' lang='lat' dir='ltr'><strong>vellet</strong></span> <span class='ocrx_word' id='word_1_471' title='bbox 3433 1913 3543 1968; x_wconf 90' lang='lat' dir='ltr'><strong>dis-</strong></span> 
     </span>
    </p>
   </div>
   <div class='ocr_carea' id='block_1_61' title="bbox 1938 1999 3544 2073">
    <p class='ocr_par' dir='ltr' id='par_1_61' title="bbox 1938 1999 3544 2073">
     <span class='ocr_line' id='line_1_61' title="bbox 1938 1999 3544 2073; baseline 0.002 -19"><span class='ocrx_word' id='word_1_472' title='bbox 1938 1999 2196 2070; x_wconf 90' lang='lat' dir='ltr'><strong>tinguere</strong></span> <span class='ocrx_word' id='word_1_473' title='bbox 2233 1999 2291 2054; x_wconf 90' lang='lat' dir='ltr'><strong>in</strong></span> <span class='ocrx_word' id='word_1_474' title='bbox 2336 2000 2609 2071; x_wconf 85' lang='lat' dir='ltr'><strong>personis,</strong></span> <span class='ocrx_word' id='word_1_475' title='bbox 2641 1999 2923 2070; x_wconf 84' lang='lat' dir='ltr'><strong>Spiritum</strong></span> <span class='ocrx_word' id='word_1_476' title='bbox 2958 2006 3189 2068; x_wconf 86' lang='lat' dir='ltr'><strong>rectum,</strong></span> <span class='ocrx_word' id='word_1_477' title='bbox 3221 2001 3425 2073; x_wconf 89' lang='lat' dir='ltr'><strong>inquit,</strong></span> <span class='ocrx_word' id='word_1_478' title='bbox 3456 2005 3544 2057; x_wconf 84' lang='lat' dir='ltr'><strong>in-</strong></span> 
     </span>
    </p>
   </div>
   <div class='ocr_carea' id='block_1_62' title="bbox 1941 2089 3545 2160">
    <p class='ocr_par' dir='ltr' id='par_1_62' title="bbox 1941 2089 3545 2160">
     <span class='ocr_line' id='line_1_62' title="bbox 1941 2089 3545 2160; baseline 0 -16"><span class='ocrx_word' id='word_1_479' title='bbox 1941 2104 2081 2144; x_wconf 84' lang='lat' dir='ltr'><strong>nova</strong></span> <span class='ocrx_word' id='word_1_480' title='bbox 2110 2091 2174 2142; x_wconf 88' lang='lat' dir='ltr'><strong>in</strong></span> <span class='ocrx_word' id='word_1_481' title='bbox 2198 2090 2494 2143; x_wconf 85' lang='lat' dir='ltr'><strong>visceribus</strong></span> <span class='ocrx_word' id='word_1_482' title='bbox 2527 2091 2661 2142; x_wconf 84' lang='lat' dir='ltr'><strong>meis</strong></span> <span class='ocrx_word' id='word_1_483' title='bbox 2685 2092 2860 2155; x_wconf 69' lang='lat' dir='ltr'><strong>(Psat.</strong></span> <span class='ocrx_word' id='word_1_484' title='bbox 2884 2098 2945 2152; x_wconf 76' lang='grc' dir='ltr'><strong>Χ)</strong></span> <span class='ocrx_word' id='word_1_485' title='bbox 2970 2107 2982 2142; x_wconf 92' lang='lat'><strong>:</strong></span> <span class='ocrx_word' id='word_1_486' title='bbox 3016 2106 3083 2144; x_wconf 86' lang='lat' dir='ltr'><strong>ex</strong></span> <span class='ocrx_word' id='word_1_487' title='bbox 3112 2106 3222 2160; x_wconf 91' lang='lat' dir='ltr'><strong>quo</strong></span> <span class='ocrx_word' id='word_1_488' title='bbox 3251 2090 3424 2145; x_wconf 89' lang='lat' dir='ltr'><strong>Filius</strong></span> <span class='ocrx_word' id='word_1_489' title='bbox 3451 2089 3545 2144; x_wconf 88' lang='lat' dir='ltr'><strong>de-</strong></span> 
     </span>
    </p>
   </div>
   <div class='ocr_carea' id='block_1_63' title="bbox 1942 2176 3542 2249">
    <p class='ocr_par' dir='ltr' id='par_1_63' title="bbox 1942 2176 3542 2249">
     <span class='ocr_line' id='line_1_63' title="bbox 1942 2176 3542 2249; baseline 0.001 -16"><span class='ocrx_word' id='word_1_490' title='bbox 1942 2176 2229 2247; x_wconf 86' lang='lat' dir='ltr'><strong>signatur;</strong></span> <span class='ocrx_word' id='word_1_491' title='bbox 2252 2182 2302 2232; x_wconf 90' lang='lat' dir='ltr'><strong>et</strong></span> <span class='ocrx_word' id='word_1_492' title='bbox 2313 2177 2592 2246; x_wconf 85' lang='lat' dir='ltr'><strong>Spiritum</strong></span> <span class='ocrx_word' id='word_1_493' title='bbox 2607 2182 2863 2232; x_wconf 88' lang='lat' dir='ltr'><strong>sanctum</strong></span> <span class='ocrx_word' id='word_1_494' title='bbox 2880 2183 3038 2233; x_wconf 88' lang='lat' dir='ltr'><strong>tuum</strong></span> <span class='ocrx_word' id='word_1_495' title='bbox 3061 2194 3127 2233; x_wconf 84' lang='lat' dir='ltr'><strong>ne</strong></span> <span class='ocrx_word' id='word_1_496' title='bbox 3145 2181 3372 2247; x_wconf 77' lang='lat' dir='ltr'><strong>auferas</strong></span> <span class='ocrx_word' id='word_1_497' title='bbox 3386 2196 3422 2234; x_wconf 92' lang='lat' dir='ltr'><strong>a</strong></span> <span class='ocrx_word' id='word_1_498' title='bbox 3438 2195 3542 2249; x_wconf 88' lang='lat' dir='ltr'><strong>me,</strong></span> 
     </span>
    </p>
   </div>
   <div class='ocr_carea' id='block_1_64' title="bbox 1944 2266 3550 2339">
    <p class='ocr_par' dir='ltr' id='par_1_64' title="bbox 1944 2266 3550 2339">
     <span class='ocr_line' id='line_1_64' title="bbox 1944 2266 3550 2339; baseline 0.002 -20"><span class='ocrx_word' id='word_1_499' title='bbox 1944 2282 2071 2320; x_wconf 91' lang='lat' dir='ltr'><strong>cum</strong></span> <span class='ocrx_word' id='word_1_500' title='bbox 2100 2282 2339 2337; x_wconf 89' lang='lat' dir='ltr'><strong>persona</strong></span> <span class='ocrx_word' id='word_1_501' title='bbox 2376 2266 2555 2321; x_wconf 90' lang='lat' dir='ltr'><strong>sancti</strong></span> <span class='ocrx_word' id='word_1_502' title='bbox 2589 2266 2832 2337; x_wconf 90' lang='lat' dir='ltr'><strong>Spiritus</strong></span> <span class='ocrx_word' id='word_1_503' title='bbox 2862 2267 3131 2339; x_wconf 89' lang='lat' dir='ltr'><strong>aperitur.</strong></span> <span class='ocrx_word' id='word_1_504' title='bbox 3168 2268 3326 2333; x_wconf 87' lang='lat' dir='ltr'><strong>Quod</strong></span> <span class='ocrx_word' id='word_1_505' title='bbox 3356 2274 3550 2324; x_wconf 89' lang='lat' dir='ltr'><strong>autem</strong></span> 
     </span>
    </p>
   </div>
   <div class='ocr_carea' id='block_1_65' title="bbox 1944 2355 3548 2431">
    <p class='ocr_par' dir='ltr' id='par_1_65' title="bbox 1944 2355 3548 2431">
     <span class='ocr_line' id='line_1_65' title="bbox 1944 2355 3548 2431; baseline 0.004 -23"><span class='ocrx_word' id='word_1_506' title='bbox 1944 2355 2016 2409; x_wconf 87' lang='lat' dir='ltr'><strong>ad</strong></span> <span class='ocrx_word' id='word_1_507' title='bbox 2050 2355 2311 2410; x_wconf 90' lang='lat' dir='ltr'><strong>ultimum</strong></span> <span class='ocrx_word' id='word_1_508' title='bbox 2357 2355 2570 2428; x_wconf 90' lang='lat' dir='ltr'><strong>Spiritu</strong></span> <span class='ocrx_word' id='word_1_509' title='bbox 2613 2355 2909 2428; x_wconf 85' lang='lat' dir='ltr'><strong>principali</strong></span> <span class='ocrx_word' id='word_1_510' title='bbox 2948 2357 3272 2412; x_wconf 84' lang='lat' dir='ltr'><strong>conﬁrmari</strong></span> <span class='ocrx_word' id='word_1_511' title='bbox 3301 2363 3548 2431; x_wconf 85' lang='lat' dir='ltr'><strong>exoptat,</strong></span> 
     </span>
    </p>
   </div>
   <div class='ocr_carea' id='block_1_66' title="bbox 1946 2442 3552 2515">
    <p class='ocr_par' dir='ltr' id='par_1_66' title="bbox 1946 2442 3552 2515">
     <span class='ocr_line' id='line_1_66' title="bbox 1946 2442 3552 2515; baseline 0.001 -17"><span class='ocrx_word' id='word_1_512' title='bbox 1946 2443 2130 2498; x_wconf 87' lang='lat' dir='ltr'><strong>Patris</strong></span> <span class='ocrx_word' id='word_1_513' title='bbox 2178 2442 2573 2498; x_wconf 81' lang='lat' dir='ltr'><strong>manifestatur</strong></span> <span class='ocrx_word' id='word_1_514' title='bbox 2615 2445 2955 2515; x_wconf 90' lang='lat' dir='ltr'><strong>proprietas;</strong></span> <span class='ocrx_word' id='word_1_515' title='bbox 2991 2451 3183 2500; x_wconf 87' lang='lat' dir='ltr'><strong>tamen</strong></span> <span class='ocrx_word' id='word_1_516' title='bbox 3218 2451 3340 2500; x_wconf 88' lang='lat' dir='ltr'><strong>tota</strong></span> <span class='ocrx_word' id='word_1_517' title='bbox 3366 2446 3552 2501; x_wconf 90' lang='lat' dir='ltr'><strong>Trini-</strong></span> 
     </span>
    </p>
   </div>
   <div class='ocr_carea' id='block_1_67' title="bbox 1947 2533 3553 2605">
    <p class='ocr_par' dir='ltr' id='par_1_67' title="bbox 1947 2533 3553 2605">
     <span class='ocr_line' id='line_1_67' title="bbox 1947 2533 3553 2605; baseline 0.002 -18"><span class='ocrx_word' id='word_1_518' title='bbox 1947 2538 2036 2587; x_wconf 86' lang='lat' dir='ltr'><strong>tas</strong></span> <span class='ocrx_word' id='word_1_519' title='bbox 2065 2533 2210 2586; x_wconf 93' lang='lat' dir='ltr'><strong>Deus</strong></span> <span class='ocrx_word' id='word_1_520' title='bbox 2230 2538 2378 2587; x_wconf 86' lang='lat' dir='ltr'><strong>recte</strong></span> <span class='ocrx_word' id='word_1_521' title='bbox 2400 2533 2643 2605; x_wconf 87' lang='lat' dir='ltr'><strong>Spiritus</strong></span> <span class='ocrx_word' id='word_1_522' title='bbox 2672 2534 3021 2605; x_wconf 64' lang='lat' dir='ltr'><strong>praedicatur.</strong></span> <span class='ocrx_word' id='word_1_523' title='bbox 3051 2535 3170 2590; x_wconf 87' lang='lat' dir='ltr'><strong>Hoc</strong></span> <span class='ocrx_word' id='word_1_524' title='bbox 3193 2552 3322 2590; x_wconf 90' lang='lat' dir='ltr'><strong>vero</strong></span> <span class='ocrx_word' id='word_1_525' title='bbox 3351 2534 3553 2591; x_wconf 87' lang='lat' dir='ltr'><strong>inloco</strong></span> 
     </span>
    </p>
   </div>
   <div class='ocr_carea' id='block_1_68' title="bbox 1950 2621 3555 2693">
    <p class='ocr_par' dir='ltr' id='par_1_68' title="bbox 1950 2621 3555 2693">
     <span class='ocr_line' id='line_1_68' title="bbox 1950 2621 3555 2693; baseline 0.004 -19"><span class='ocrx_word' id='word_1_526' title='bbox 1950 2621 2182 2693; x_wconf 76' lang='lat' dir='ltr'><strong>spiritus</strong></span> <span class='ocrx_word' id='word_1_527' title='bbox 2211 2621 2323 2675; x_wconf 91' lang='lat' dir='ltr'><strong>oris</strong></span> <span class='ocrx_word' id='word_1_528' title='bbox 2350 2622 2529 2676; x_wconf 88' lang='lat' dir='ltr'><strong>nostri</strong></span> <span class='ocrx_word' id='word_1_529' title='bbox 2559 2622 2817 2678; x_wconf 89' lang='lat' dir='ltr'><strong>Christus</strong></span> <span class='ocrx_word' id='word_1_530' title='bbox 2852 2624 3125 2679; x_wconf 89' lang='lat' dir='ltr'><strong>Dominus</strong></span> <span class='ocrx_word' id='word_1_531' title='bbox 3154 2624 3423 2679; x_wconf 88' lang='lat' dir='ltr'><strong>catholice</strong></span> <span class='ocrx_word' id='word_1_532' title='bbox 3460 2642 3555 2680; x_wconf 88' lang='lat' dir='ltr'><strong>ca-</strong></span> 
     </span>
    </p>
   </div>
   <div class='ocr_carea' id='block_1_69' title="bbox 1951 2710 3558 2784">
    <p class='ocr_par' dir='ltr' id='par_1_69' title="bbox 1951 2710 3558 2784">
     <span class='ocr_line' id='line_1_69' title="bbox 1951 2710 3558 2784; baseline 0.001 -18"><span class='ocrx_word' id='word_1_533' title='bbox 1951 2717 2082 2783; x_wconf 89' lang='lat' dir='ltr'><strong>ptus</strong></span> <span class='ocrx_word' id='word_1_534' title='bbox 2126 2710 2351 2775; x_wconf 88' lang='lat' dir='ltr'><strong>dicitur,</strong></span> <span class='ocrx_word' id='word_1_535' title='bbox 2386 2710 2518 2782; x_wconf 90' lang='lat' dir='ltr'><strong>quia</strong></span> <span class='ocrx_word' id='word_1_536' title='bbox 2553 2711 2610 2765; x_wconf 92' lang='lat' dir='ltr'><strong>in</strong></span> <span class='ocrx_word' id='word_1_537' title='bbox 2650 2728 2765 2766; x_wconf 89' lang='lat' dir='ltr'><strong>una</strong></span> <span class='ocrx_word' id='word_1_538' title='bbox 2812 2712 3119 2784; x_wconf 88' lang='lat' dir='ltr'><strong>eademque</strong></span> <span class='ocrx_word' id='word_1_539' title='bbox 3156 2730 3395 2784; x_wconf 87' lang='lat' dir='ltr'><strong>persona</strong></span> <span class='ocrx_word' id='word_1_540' title='bbox 3424 2713 3558 2768; x_wconf 90' lang='lat' dir='ltr'><strong>divi-</strong></span> 
     </span>
    </p>
   </div>
   <div class='ocr_carea' id='block_1_70' title="bbox 1955 2799 3559 2874">
    <p class='ocr_par' dir='ltr' id='par_1_70' title="bbox 1955 2799 3559 2874">
     <span class='ocr_line' id='line_1_70' title="bbox 1955 2799 3559 2874; baseline 0.002 -20"><span class='ocrx_word' id='word_1_541' title='bbox 1955 2799 2103 2854; x_wconf 87' lang='lat' dir='ltr'><strong>nitas</strong></span> <span class='ocrx_word' id='word_1_542' title='bbox 2132 2800 2301 2854; x_wconf 90' lang='lat' dir='ltr'><strong>simul</strong></span> <span class='ocrx_word' id='word_1_543' title='bbox 2328 2800 2496 2853; x_wconf 87' lang='lat' dir='ltr'><strong>Verbi</strong></span> <span class='ocrx_word' id='word_1_544' title='bbox 2530 2805 2588 2854; x_wconf 87' lang='lat' dir='ltr'><strong>et</strong></span> <span class='ocrx_word' id='word_1_545' title='bbox 2618 2800 2939 2856; x_wconf 87' lang='lat' dir='ltr'><strong>humanitas</strong></span> <span class='ocrx_word' id='word_1_546' title='bbox 2970 2807 3213 2857; x_wconf 88' lang='lat' dir='ltr'><strong>tenetur.</strong></span> <span class='ocrx_word' id='word_1_547' title='bbox 3249 2802 3408 2858; x_wconf 88' lang='lat' dir='ltr'><strong>Unde</strong></span> <span class='ocrx_word' id='word_1_548' title='bbox 3427 2804 3559 2874; x_wconf 90' lang='lat' dir='ltr'><strong>jure</strong></span> 
     </span>
    </p>
   </div>
   <div class='ocr_carea' id='block_1_71' title="bbox 1957 2889 3559 2961">
    <p class='ocr_par' dir='ltr' id='par_1_71' title="bbox 1957 2889 3559 2961">
     <span class='ocr_line' id='line_1_71' title="bbox 1957 2889 3559 2961; baseline 0.002 -18"><span class='ocrx_word' id='word_1_549' title='bbox 1957 2889 2535 2961; x_wconf 75' lang='lat' dir='ltr'><strong>incomprehensibilis</strong></span> <span class='ocrx_word' id='word_1_550' title='bbox 2562 2890 3000 2961; x_wconf 90' lang='lat' dir='ltr'><strong>comprehensus</strong></span> <span class='ocrx_word' id='word_1_551' title='bbox 3024 2891 3289 2958; x_wconf 90' lang='lat' dir='ltr'><strong>creditur,</strong></span> <span class='ocrx_word' id='word_1_552' title='bbox 3319 2900 3377 2948; x_wconf 87' lang='lat' dir='ltr'><strong>et</strong></span> <span class='ocrx_word' id='word_1_553' title='bbox 3403 2893 3559 2947; x_wconf 88' lang='lat' dir='ltr'><strong>inca-</strong></span> 
     </span>
    </p>
   </div>
   <div class='ocr_carea' id='block_1_72' title="bbox 1960 2978 3563 3053">
    <p class='ocr_par' dir='ltr' id='par_1_72' title="bbox 1960 2978 3563 3053">
     <span class='ocr_line' id='line_1_72' title="bbox 1960 2978 3563 3053; baseline 0.002 -20"><span class='ocrx_word' id='word_1_554' title='bbox 1960 2978 2161 3050; x_wconf 82' lang='lat' dir='ltr'><strong>pabilis</strong></span> <span class='ocrx_word' id='word_1_555' title='bbox 2189 2978 2428 3051; x_wconf 87' lang='lat' dir='ltr'><strong>capitur,</strong></span> <span class='ocrx_word' id='word_1_556' title='bbox 2452 2996 2555 3034; x_wconf 91' lang='lat' dir='ltr'><strong>nec</strong></span> <span class='ocrx_word' id='word_1_557' title='bbox 2580 2995 2693 3034; x_wconf 92' lang='lat' dir='ltr'><strong>non</strong></span> <span class='ocrx_word' id='word_1_558' title='bbox 2723 2986 2776 3033; x_wconf 85' lang='lat' dir='ltr'><strong>et</strong></span> <span class='ocrx_word' id='word_1_559' title='bbox 2809 2979 2922 3034; x_wconf 87' lang='lat' dir='ltr'><strong>alia</strong></span> <span class='ocrx_word' id='word_1_560' title='bbox 2950 2980 3303 3053; x_wconf 76' lang='lat' dir='ltr'><strong>quampiam,</strong></span> <span class='ocrx_word' id='word_1_561' title='bbox 3338 2997 3461 3052; x_wconf 70' lang='lat' dir='ltr'><strong>quae</strong></span> <span class='ocrx_word' id='word_1_562' title='bbox 3485 2980 3563 3037; x_wconf 88' lang='lat' dir='ltr'><strong>si-</strong></span> 
     </span>
    </p>
   </div>
   <div class='ocr_carea' id='block_1_73' title="bbox 1961 3067 3565 3141">
    <p class='ocr_par' dir='ltr' id='par_1_73' title="bbox 1961 3067 3565 3141">
     <span class='ocr_line' id='line_1_73' title="bbox 1961 3067 3565 3141; baseline 0.002 -18"><span class='ocrx_word' id='word_1_563' title='bbox 1961 3069 2078 3123; x_wconf 90' lang='lat' dir='ltr'><strong>mul</strong></span> <span class='ocrx_word' id='word_1_564' title='bbox 2110 3067 2179 3122; x_wconf 92' lang='lat' dir='ltr'><strong>de</strong></span> <span class='ocrx_word' id='word_1_565' title='bbox 2200 3068 2315 3123; x_wconf 94' lang='lat' dir='ltr'><strong>Deo</strong></span> <span class='ocrx_word' id='word_1_566' title='bbox 2336 3074 2394 3122; x_wconf 87' lang='lat' dir='ltr'><strong>et</strong></span> <span class='ocrx_word' id='word_1_567' title='bbox 2422 3068 2648 3123; x_wconf 89' lang='lat' dir='ltr'><strong>homine</strong></span> <span class='ocrx_word' id='word_1_568' title='bbox 2675 3068 2779 3123; x_wconf 91' lang='lat' dir='ltr'><strong>sub</strong></span> <span class='ocrx_word' id='word_1_569' title='bbox 2801 3085 2914 3124; x_wconf 87' lang='lat' dir='ltr'><strong>una</strong></span> <span class='ocrx_word' id='word_1_570' title='bbox 2934 3069 3142 3124; x_wconf 89' lang='lat' dir='ltr'><strong>Christi</strong></span> <span class='ocrx_word' id='word_1_571' title='bbox 3164 3086 3405 3140; x_wconf 89' lang='lat' dir='ltr'><strong>persona</strong></span> <span class='ocrx_word' id='word_1_572' title='bbox 3430 3086 3565 3141; x_wconf 60' lang='lat' dir='ltr'><strong>prmo</strong></span> 
     </span>
    </p>
   </div>
   <div class='ocr_carea' id='block_1_74' title="bbox 1962 3157 3568 3232">
    <p class='ocr_par' dir='ltr' id='par_1_74' title="bbox 1962 3157 3568 3232">
     <span class='ocr_line' id='line_1_74' title="bbox 1962 3157 3568 3232; baseline 0.002 -22"><span class='ocrx_word' id='word_1_573' title='bbox 1962 3157 2239 3212; x_wconf 87' lang='lat' dir='ltr'><strong>dicantur.</strong></span> <span class='ocrx_word' id='word_1_574' title='bbox 2286 3157 2396 3213; x_wconf 90' lang='lat' dir='ltr'><strong>Sed</strong></span> <span class='ocrx_word' id='word_1_575' title='bbox 2424 3158 2657 3229; x_wconf 88' lang='lat' dir='ltr'><strong>spiritus</strong></span> <span class='ocrx_word' id='word_1_576' title='bbox 2684 3159 2798 3213; x_wconf 93' lang='lat' dir='ltr'><strong>oris</strong></span> <span class='ocrx_word' id='word_1_577' title='bbox 2826 3159 3005 3214; x_wconf 88' lang='lat' dir='ltr'><strong>nostri</strong></span> <span class='ocrx_word' id='word_1_578' title='bbox 3033 3174 3202 3232; x_wconf 89' lang='lat' dir='ltr'><strong>quam</strong></span> <span class='ocrx_word' id='word_1_579' title='bbox 3235 3157 3375 3215; x_wconf 91' lang='lat' dir='ltr'><strong>bene</strong></span> <span class='ocrx_word' id='word_1_580' title='bbox 3403 3158 3568 3214; x_wconf 86' lang='lat' dir='ltr'><strong>Chri-</strong></span> 
     </span>
    </p>
   </div>
   <div class='ocr_carea' id='block_1_75' title="bbox 1964 3245 3571 3320">
    <p class='ocr_par' dir='ltr' id='par_1_75' title="bbox 1964 3245 3571 3320">
     <span class='ocr_line' id='line_1_75' title="bbox 1964 3245 3571 3320; baseline 0.001 -19"><span class='ocrx_word' id='word_1_581' title='bbox 1964 3252 2084 3301; x_wconf 90' lang='lat' dir='ltr'><strong>stus</strong></span> <span class='ocrx_word' id='word_1_582' title='bbox 2100 3245 2371 3301; x_wconf 89' lang='lat' dir='ltr'><strong>Dominus</strong></span> <span class='ocrx_word' id='word_1_583' title='bbox 2393 3248 2727 3318; x_wconf 87' lang='lat' dir='ltr'><strong>appellatur,</strong></span> <span class='ocrx_word' id='word_1_584' title='bbox 2756 3247 2887 3319; x_wconf 86' lang='lat' dir='ltr'><strong>quia</strong></span> <span class='ocrx_word' id='word_1_585' title='bbox 2907 3264 3072 3320; x_wconf 90' lang='lat' dir='ltr'><strong>quem</strong></span> <span class='ocrx_word' id='word_1_586' title='bbox 3094 3248 3262 3303; x_wconf 91' lang='lat' dir='ltr'><strong>corde</strong></span> <span class='ocrx_word' id='word_1_587' title='bbox 3283 3264 3382 3320; x_wconf 89' lang='lat' dir='ltr'><strong>per</strong></span> <span class='ocrx_word' id='word_1_588' title='bbox 3401 3247 3571 3304; x_wconf 82' lang='lat' dir='ltr'><strong>fidem</strong></span> 
     </span>
    </p>
   </div>
   <div class='ocr_carea' id='block_1_76' title="bbox 1965 3334 3571 3406">
    <p class='ocr_par' dir='ltr' id='par_1_76' title="bbox 1965 3334 3571 3406">
     <span class='ocr_line' id='line_1_76' title="bbox 1965 3334 3571 3406; baseline 0.003 -18"><span class='ocrx_word' id='word_1_589' title='bbox 1965 3334 2118 3389; x_wconf 89' lang='lat' dir='ltr'><strong>intus</strong></span> <span class='ocrx_word' id='word_1_590' title='bbox 2158 3341 2473 3406; x_wconf 89' lang='lat' dir='ltr'><strong>gustamus,</strong></span> <span class='ocrx_word' id='word_1_591' title='bbox 2507 3351 2604 3390; x_wconf 92' lang='lat' dir='ltr'><strong>ore</strong></span> <span class='ocrx_word' id='word_1_592' title='bbox 2643 3337 3012 3403; x_wconf 82' lang='lat' dir='ltr'><strong>conﬁtemur;</strong></span> <span class='ocrx_word' id='word_1_593' title='bbox 3046 3343 3109 3392; x_wconf 89' lang='lat' dir='ltr'><strong>ut</strong></span> <span class='ocrx_word' id='word_1_594' title='bbox 3147 3337 3222 3392; x_wconf 90' lang='lat' dir='ltr'><strong>sit</strong></span> <span class='ocrx_word' id='word_1_595' title='bbox 3258 3337 3370 3392; x_wconf 90' lang='lat' dir='ltr'><strong>illis</strong></span> <span class='ocrx_word' id='word_1_596' title='bbox 3411 3336 3571 3393; x_wconf 87' lang='lat' dir='ltr'><strong>nobis</strong></span> 
     </span>
    </p>
   </div>
   <div class='ocr_carea' id='block_1_77' title="bbox 1969 3423 3569 3494">
    <p class='ocr_par' dir='ltr' id='par_1_77' title="bbox 1969 3423 3569 3494">
     <span class='ocr_line' id='line_1_77' title="bbox 1969 3423 3569 3494; baseline 0.001 -15"><span class='ocrx_word' id='word_1_597' title='bbox 1969 3424 2039 3479; x_wconf 86' lang='lat' dir='ltr'><strong>ad</strong></span> <span class='ocrx_word' id='word_1_598' title='bbox 2076 3423 2375 3494; x_wconf 87' lang='lat' dir='ltr'><strong>justitiam,</strong></span> <span class='ocrx_word' id='word_1_599' title='bbox 2420 3423 2572 3479; x_wconf 88' lang='lat' dir='ltr'><strong>istud</strong></span> <span class='ocrx_word' id='word_1_600' title='bbox 2623 3440 2751 3479; x_wconf 90' lang='lat' dir='ltr'><strong>vero</strong></span> <span class='ocrx_word' id='word_1_601' title='bbox 2789 3424 3152 3480; x_wconf 85' lang='lat' dir='ltr'><strong>confessionis</strong></span> <span class='ocrx_word' id='word_1_602' title='bbox 3190 3426 3260 3481; x_wconf 91' lang='lat' dir='ltr'><strong>ad</strong></span> <span class='ocrx_word' id='word_1_603' title='bbox 3306 3427 3569 3483; x_wconf 83' lang='lat' dir='ltr'><strong>salutem.</strong></span> 
     </span>
    </p>
   </div>
   <div class='ocr_carea' id='block_1_78' title="bbox 1970 3512 3575 3587">
    <p class='ocr_par' dir='ltr' id='par_1_78' title="bbox 1970 3512 3575 3587">
     <span class='ocr_line' id='line_1_78' title="bbox 1970 3512 3575 3587; baseline 0.001 -18"><span class='ocrx_word' id='word_1_604' title='bbox 1970 3512 2097 3569; x_wconf 88' lang='lat' dir='ltr'><strong>Oris</strong></span> <span class='ocrx_word' id='word_1_605' title='bbox 2120 3517 2208 3566; x_wconf 87' lang='lat' dir='ltr'><strong>est</strong></span> <span class='ocrx_word' id='word_1_606' title='bbox 2234 3517 2425 3566; x_wconf 89' lang='lat' dir='ltr'><strong>autem</strong></span> <span class='ocrx_word' id='word_1_607' title='bbox 2460 3512 2711 3583; x_wconf 88' lang='lat' dir='ltr'><strong>aspirare</strong></span> <span class='ocrx_word' id='word_1_608' title='bbox 2739 3518 2796 3568; x_wconf 91' lang='lat' dir='ltr'><strong>et</strong></span> <span class='ocrx_word' id='word_1_609' title='bbox 2833 3514 3133 3584; x_wconf 87' lang='lat' dir='ltr'><strong>respirare,</strong></span> <span class='ocrx_word' id='word_1_610' title='bbox 3171 3520 3449 3587; x_wconf 88' lang='lat' dir='ltr'><strong>quatenus</strong></span> <span class='ocrx_word' id='word_1_611' title='bbox 3472 3532 3575 3587; x_wconf 87' lang='lat' dir='ltr'><strong>per</strong></span> 
     </span>
    </p>
   </div>
   <div class='ocr_carea' id='block_1_79' title="bbox 1970 3598 3572 3675">
    <p class='ocr_par' dir='ltr' id='par_1_79' title="bbox 1970 3598 3572 3675">
     <span class='ocr_line' id='line_1_79' title="bbox 1970 3598 3572 3675; baseline 0.002 -21"><span class='ocrx_word' id='word_1_612' title='bbox 1970 3598 2305 3665; x_wconf 81' lang='lat' dir='ltr'><strong>infusionem</strong></span> <span class='ocrx_word' id='word_1_613' title='bbox 2334 3600 2556 3672; x_wconf 66' lang='lat' dir='ltr'><strong>gratiae,</strong></span> <span class='ocrx_word' id='word_1_614' title='bbox 2580 3602 2729 3672; x_wconf 91' lang='lat' dir='ltr'><strong>quod</strong></span> <span class='ocrx_word' id='word_1_615' title='bbox 2756 3601 2909 3656; x_wconf 91' lang='lat' dir='ltr'><strong>intus</strong></span> <span class='ocrx_word' id='word_1_616' title='bbox 2937 3601 3199 3670; x_wconf 84' lang='lat' dir='ltr'><strong>trahitur,</strong></span> <span class='ocrx_word' id='word_1_617' title='bbox 3229 3602 3364 3657; x_wconf 90' lang='lat' dir='ltr'><strong>foris</strong></span> <span class='ocrx_word' id='word_1_618' title='bbox 3392 3602 3572 3675; x_wconf 82' lang='lat' dir='ltr'><strong>respi-</strong></span> 
     </span>
    </p>
   </div>
   <div class='ocr_carea' id='block_1_80' title="bbox 1972 3688 3575 3761">
    <p class='ocr_par' dir='ltr' id='par_1_80' title="bbox 1972 3688 3575 3761">
     <span class='ocr_line' id='line_1_80' title="bbox 1972 3688 3575 3761; baseline -0.001 -14"><span class='ocrx_word' id='word_1_619' title='bbox 1972 3698 2130 3747; x_wconf 85' lang='lat' dir='ltr'><strong>retur</strong></span> <span class='ocrx_word' id='word_1_620' title='bbox 2148 3688 2510 3744; x_wconf 88' lang='lat' dir='ltr'><strong>confessionis</strong></span> <span class='ocrx_word' id='word_1_621' title='bbox 2529 3690 2599 3744; x_wconf 89' lang='lat' dir='ltr'><strong>ad</strong></span> <span class='ocrx_word' id='word_1_622' title='bbox 2615 3690 2943 3761; x_wconf 88' lang='lat' dir='ltr'><strong>profectum.</strong></span> <span class='ocrx_word' id='word_1_623' title='bbox 2960 3690 3363 3746; x_wconf 89' lang='lat' dir='ltr'><strong>Verumtamen</strong></span> <span class='ocrx_word' id='word_1_624' title='bbox 3378 3706 3575 3746; x_wconf 89' lang='lat' dir='ltr'><strong>eorum</strong></span> 
     </span>
    </p>
   </div>
   <div class='ocr_carea' id='block_1_81' title="bbox 1974 3778 3575 3851">
    <p class='ocr_par' dir='ltr' id='par_1_81' title="bbox 1974 3778 3575 3851">
     <span class='ocr_line' id='line_1_81' title="bbox 1974 3778 3575 3851; baseline 0.001 -17"><span class='ocrx_word' id='word_1_625' title='bbox 1974 3780 2083 3834; x_wconf 88' lang='lat' dir='ltr'><strong>ista</strong></span> <span class='ocrx_word' id='word_1_626' title='bbox 2100 3795 2202 3834; x_wconf 82' lang='lat' dir='ltr'><strong>vox</strong></span> <span class='ocrx_word' id='word_1_627' title='bbox 2222 3784 2325 3843; x_wconf 89' lang='lat' dir='ltr'><strong>est,</strong></span> <span class='ocrx_word' id='word_1_628' title='bbox 2345 3795 2456 3851; x_wconf 89' lang='lat' dir='ltr'><strong>qua</strong></span> <span class='ocrx_word' id='word_1_629' title='bbox 2473 3779 2708 3835; x_wconf 87' lang='lat' dir='ltr'><strong>dicitur:</strong></span> <span class='ocrx_word' id='word_1_630' title='bbox 2732 3778 2979 3848; x_wconf 84' lang='lat' dir='ltr'><strong>Spiritus</strong></span> <span class='ocrx_word' id='word_1_631' title='bbox 2995 3782 3107 3834; x_wconf 83' lang='lat' dir='ltr'><strong>oris</strong></span> <span class='ocrx_word' id='word_1_632' title='bbox 3128 3783 3307 3834; x_wconf 85' lang='lat' dir='ltr'><strong>nostri</strong></span> <span class='ocrx_word' id='word_1_633' title='bbox 3324 3780 3575 3836; x_wconf 77' lang='lat' dir='ltr'><strong>Christus</strong></span> 
     </span>
    </p>
   </div>
   <div class='ocr_carea' id='block_1_82' title="bbox 1976 3866 3578 3932">
    <p class='ocr_par' dir='ltr' id='par_1_82' title="bbox 1976 3866 3578 3932">
     <span class='ocr_line' id='line_1_82' title="bbox 1976 3866 3578 3932; baseline 0 -8"><span class='ocrx_word' id='word_1_634' title='bbox 1976 3870 2265 3924; x_wconf 85' lang='lat' dir='ltr'><strong>Dominus.</strong></span> <span class='ocrx_word' id='word_1_635' title='bbox 2299 3867 2406 3932; x_wconf 91' lang='lat' dir='ltr'><strong>Qui</strong></span> <span class='ocrx_word' id='word_1_636' title='bbox 2430 3866 2569 3922; x_wconf 91' lang='lat' dir='ltr'><strong>nihil</strong></span> <span class='ocrx_word' id='word_1_637' title='bbox 2589 3867 2741 3921; x_wconf 85' lang='lat' dir='ltr'><strong>aliud</strong></span> <span class='ocrx_word' id='word_1_638' title='bbox 2761 3866 2820 3922; x_wconf 92' lang='lat' dir='ltr'><strong>in</strong></span> <span class='ocrx_word' id='word_1_639' title='bbox 2843 3884 2939 3922; x_wconf 92' lang='lat' dir='ltr'><strong>ore</strong></span> <span class='ocrx_word' id='word_1_640' title='bbox 2968 3867 3199 3929; x_wconf 88' lang='lat' dir='ltr'><strong>habent.</strong></span> <span class='ocrx_word' id='word_1_641' title='bbox 3218 3868 3325 3924; x_wconf 90' lang='lat' dir='ltr'><strong>nisi</strong></span> <span class='ocrx_word' id='word_1_642' title='bbox 3349 3867 3578 3924; x_wconf 87' lang='lat' dir='ltr'><strong>verbum</strong></span> 
     </span>
    </p>
   </div>
   <div class='ocr_carea' id='block_1_83' title="bbox 1978 3956 3579 4030">
    <p class='ocr_par' dir='ltr' id='par_1_83' title="bbox 1978 3956 3579 4030">
     <span class='ocr_line' id='line_1_83' title="bbox 1978 3956 3579 4030; baseline 0.002 -21"><span class='ocrx_word' id='word_1_643' title='bbox 1978 3957 2249 4021; x_wconf 88' lang='lat' dir='ltr'><strong>veritatis,</strong></span> <span class='ocrx_word' id='word_1_644' title='bbox 2274 3957 2423 4028; x_wconf 91' lang='lat' dir='ltr'><strong>quod</strong></span> <span class='ocrx_word' id='word_1_645' title='bbox 2448 3956 2703 4011; x_wconf 89' lang='lat' dir='ltr'><strong>Christus</strong></span> <span class='ocrx_word' id='word_1_646' title='bbox 2727 3963 2843 4011; x_wconf 89' lang='lat' dir='ltr'><strong>est:</strong></span> <span class='ocrx_word' id='word_1_647' title='bbox 2867 3957 3005 4011; x_wconf 87' lang='lat' dir='ltr'><strong>nihil</strong></span> <span class='ocrx_word' id='word_1_648' title='bbox 3026 3957 3085 4012; x_wconf 91' lang='lat' dir='ltr'><strong>in</strong></span> <span class='ocrx_word' id='word_1_649' title='bbox 3104 3957 3291 4023; x_wconf 91' lang='lat' dir='ltr'><strong>corde,</strong></span> <span class='ocrx_word' id='word_1_650' title='bbox 3312 3957 3579 4030; x_wconf 86' lang='lat' dir='ltr'><strong>quoniam</strong></span> 
     </span>
    </p>
   </div>
   <div class='ocr_carea' id='block_1_84' title="bbox 1980 4045 3585 4119">
    <p class='ocr_par' dir='ltr' id='par_1_84' title="bbox 1980 4045 3585 4119">
     <span class='ocr_line' id='line_1_84' title="bbox 1980 4045 3585 4119; baseline 0.001 -18"><span class='ocrx_word' id='word_1_651' title='bbox 1980 4063 2044 4101; x_wconf 80' lang='lat' dir='ltr'><strong>ex</strong></span> <span class='ocrx_word' id='word_1_652' title='bbox 2074 4045 2422 4101; x_wconf 87' lang='lat' dir='ltr'><strong>abundantia</strong></span> <span class='ocrx_word' id='word_1_653' title='bbox 2439 4045 2620 4101; x_wconf 89' lang='lat' dir='ltr'><strong>cordis</strong></span> <span class='ocrx_word' id='word_1_654' title='bbox 2648 4062 2711 4100; x_wconf 92' lang='lat' dir='ltr'><strong>os</strong></span> <span class='ocrx_word' id='word_1_655' title='bbox 2740 4046 3010 4118; x_wconf 89' lang='lat' dir='ltr'><strong>loquitur,</strong></span> <span class='ocrx_word' id='word_1_656' title='bbox 3029 4063 3095 4101; x_wconf 88' lang='lat' dir='ltr'><strong>ac</strong></span> <span class='ocrx_word' id='word_1_657' title='bbox 3120 4063 3221 4119; x_wconf 89' lang='lat' dir='ltr'><strong>per</strong></span> <span class='ocrx_word' id='word_1_658' title='bbox 3242 4047 3347 4103; x_wconf 93' lang='lat' dir='ltr'><strong>hoc</strong></span> <span class='ocrx_word' id='word_1_659' title='bbox 3365 4053 3585 4102; x_wconf 86' lang='lat' dir='ltr'><strong>sancto-</strong></span> 
     </span>
    </p>
   </div>
   <div class='ocr_carea' id='block_1_85' title="bbox 300 4128 3584 4208">
    <p class='ocr_par' dir='ltr' id='par_1_85' title="bbox 300 4128 3584 4208">
     <span class='ocr_line' id='line_1_85' title="bbox 300 4128 3584 4208; baseline 0.001 -19"><span class='ocrx_word' id='word_1_660' title='bbox 300 4138 444 4193; x_wconf 84' lang='lat' dir='ltr'><strong>Hinc</strong></span> <span class='ocrx_word' id='word_1_661' title='bbox 470 4142 558 4191; x_wconf 85' lang='lat' dir='ltr'><strong>est</strong></span> <span class='ocrx_word' id='word_1_662' title='bbox 585 4135 735 4207; x_wconf 89' lang='lat' dir='ltr'><strong>quod</strong></span> <span class='ocrx_word' id='word_1_663' title='bbox 777 4134 950 4189; x_wconf 87' lang='lat' dir='ltr'><strong>tantis</strong></span> <span class='ocrx_word' id='word_1_664' title='bbox 981 4147 1250 4203; x_wconf 81' lang='lat' dir='ltr'><strong>urgemur</strong></span> <span class='ocrx_word' id='word_1_665' title='bbox 1280 4130 1440 4184; x_wconf 75' lang='lat' dir='ltr'><strong>malis</strong></span> <span class='ocrx_word' id='word_1_666' title='bbox 1472 4146 1583 4184; x_wconf 87' lang='lat' dir='ltr'><strong>non</strong></span> <span class='ocrx_word' id='word_1_667' title='bbox 1628 4129 1813 4183; x_wconf 83' lang='lat' dir='ltr'><strong>minus</strong></span> <span class='ocrx_word' id='word_1_668' title='bbox 1842 4128 1898 4182; x_wconf 80' lang='lat' dir='ltr'><strong>in</strong></span> <span class='ocrx_word' id='word_1_669' title='bbox 1979 4152 2106 4190; x_wconf 87' lang='lat' dir='ltr'><strong>rum</strong></span> <span class='ocrx_word' id='word_1_670' title='bbox 2129 4142 2216 4190; x_wconf 88' lang='lat' dir='ltr'><strong>est</strong></span> <span class='ocrx_word' id='word_1_671' title='bbox 2237 4136 2344 4190; x_wconf 88' lang='lat' dir='ltr'><strong>iste</strong></span> <span class='ocrx_word' id='word_1_672' title='bbox 2365 4134 2608 4208; x_wconf 88' lang='lat' dir='ltr'><strong>gemitus</strong></span> <span class='ocrx_word' id='word_1_673' title='bbox 2628 4141 2686 4190; x_wconf 85' lang='lat' dir='ltr'><strong>et</strong></span> <span class='ocrx_word' id='word_1_674' title='bbox 2709 4135 2973 4191; x_wconf 87' lang='lat' dir='ltr'><strong>ululatus.</strong></span> <span class='ocrx_word' id='word_1_675' title='bbox 2994 4135 3240 4205; x_wconf 83' lang='lat' dir='ltr'><strong>Spiritus</strong></span> <span class='ocrx_word' id='word_1_676' title='bbox 3265 4140 3378 4192; x_wconf 84' lang='lat' dir='ltr'><strong>oris</strong></span> <span class='ocrx_word' id='word_1_677' title='bbox 3405 4141 3584 4193; x_wconf 84' lang='lat' dir='ltr'><strong>nostri</strong></span> 
     </span>
    </p>
   </div>
   <div class='ocr_carea' id='block_1_86' title="bbox 301 4216 3589 4296">
    <p class='ocr_par' dir='ltr' id='par_1_86' title="bbox 301 4216 3589 4296">
     <span class='ocr_line' id='line_1_86' title="bbox 301 4216 3589 4296; baseline -0 -15"><span class='ocrx_word' id='word_1_678' title='bbox 301 4226 519 4283; x_wconf 92' lang='lat' dir='ltr'><strong>occulto</strong></span> <span class='ocrx_word' id='word_1_679' title='bbox 549 4241 717 4296; x_wconf 84' lang='lat' dir='ltr'><strong>quam</strong></span> <span class='ocrx_word' id='word_1_680' title='bbox 748 4229 805 4278; x_wconf 86' lang='lat' dir='ltr'><strong>et</strong></span> <span class='ocrx_word' id='word_1_681' title='bbox 831 4224 888 4277; x_wconf 91' lang='lat' dir='ltr'><strong>in</strong></span> <span class='ocrx_word' id='word_1_682' title='bbox 921 4228 1135 4294; x_wconf 76' lang='lat' dir='ltr'><strong>aperto.</strong></span> <span class='ocrx_word' id='word_1_683' title='bbox 1169 4220 1455 4291; x_wconf 79' lang='lat' dir='ltr'><strong>Siquidem</strong></span> <span class='ocrx_word' id='word_1_684' title='bbox 1494 4220 1552 4273; x_wconf 81' lang='lat' dir='ltr'><strong>in</strong></span> <span class='ocrx_word' id='word_1_685' title='bbox 1583 4218 1817 4275; x_wconf 71' lang='grc' dir='ltr'><strong>οοουὶῐοο</strong></span> <span class='ocrx_word' id='word_1_686' title='bbox 1852 4216 1901 4271; x_wconf 76' lang='lat' dir='ltr'><strong>Si</strong></span> <span class='ocrx_word' id='word_1_687' title='bbox 1983 4226 2232 4281; x_wconf 77' lang='lat' dir='ltr'><strong>Christus</strong></span> <span class='ocrx_word' id='word_1_688' title='bbox 2250 4226 2519 4280; x_wconf 80' lang='lat' dir='ltr'><strong>Dominus</strong></span> <span class='ocrx_word' id='word_1_689' title='bbox 2540 4232 2733 4294; x_wconf 86' lang='lat' dir='ltr'><strong>captus</strong></span> <span class='ocrx_word' id='word_1_690' title='bbox 2754 4231 2829 4279; x_wconf 89' lang='lat' dir='ltr'><strong>est</strong></span> <span class='ocrx_word' id='word_1_691' title='bbox 2860 4229 2922 4280; x_wconf 87' lang='lat' dir='ltr'><strong>in</strong></span> <span class='ocrx_word' id='word_1_692' title='bbox 2938 4228 3170 4295; x_wconf 84' lang='lat' dir='ltr'><strong>peccatis</strong></span> <span class='ocrx_word' id='word_1_693' title='bbox 3193 4230 3417 4284; x_wconf 83' lang='lat' dir='ltr'><strong>nostris.</strong></span> <span class='ocrx_word' id='word_1_694' title='bbox 3442 4224 3589 4290; x_wconf 84' lang='lat' dir='ltr'><strong>Quia</strong></span> 
     </span>
    </p>
   </div>
   <div class='ocr_carea' id='block_1_87' title="bbox 304 4307 3587 4414">
    <p class='ocr_par' dir='ltr' id='par_1_87' title="bbox 304 4307 3587 4414">
     <span class='ocr_line' id='line_1_87' title="bbox 304 4307 3587 4414; baseline -0.004 -43"><span class='ocrx_word' id='word_1_695' title='bbox 304 4316 364 4371; x_wconf 90' lang='lat' dir='ltr'><strong>in</strong></span> <span class='ocrx_word' id='word_1_696' title='bbox 385 4315 479 4370; x_wconf 90' lang='lat' dir='ltr'><strong>die</strong></span> <span class='ocrx_word' id='word_1_697' title='bbox 508 4314 723 4384; x_wconf 81' lang='lat' dir='ltr'><strong>vigent;</strong></span> <span class='ocrx_word' id='word_1_698' title='bbox 756 4313 813 4366; x_wconf 91' lang='lat' dir='ltr'><strong>in</strong></span> <span class='ocrx_word' id='word_1_699' title='bbox 843 4318 1037 4383; x_wconf 90' lang='lat' dir='ltr'><strong>aperto</strong></span> <span class='ocrx_word' id='word_1_700' title='bbox 1061 4326 1187 4364; x_wconf 89' lang='lat' dir='ltr'><strong>vero</strong></span> <span class='ocrx_word' id='word_1_701' title='bbox 1209 4316 1405 4363; x_wconf 87' lang='lat' dir='ltr'><strong>contra</strong></span> <span class='ocrx_word' id='word_1_702' title='bbox 1425 4307 1631 4362; x_wconf 76' lang='lat' dir='ltr'><strong>Christi</strong></span> <span class='ocrx_word' id='word_1_703' title='bbox 1660 4308 1902 4361; x_wconf 73' lang='lat' dir='ltr'><strong>athletas</strong></span> <span class='ocrx_word' id='word_1_704' title='bbox 1922 4356 1968 4414; x_wconf 68' lang='grc' dir='ltr'><strong>Β</strong></span> <span class='ocrx_word' id='word_1_705' title='bbox 1986 4313 2136 4368; x_wconf 78' lang='lat' dir='ltr'><strong>idem</strong></span> <span class='ocrx_word' id='word_1_706' title='bbox 2170 4330 2268 4385; x_wconf 81' lang='lat' dir='ltr'><strong>pro</strong></span> <span class='ocrx_word' id='word_1_707' title='bbox 2308 4313 2567 4368; x_wconf 80' lang='lat' dir='ltr'><strong>omnibus</strong></span> <span class='ocrx_word' id='word_1_708' title='bbox 2602 4320 2799 4385; x_wconf 77' lang='lat' dir='ltr'><strong>captus</strong></span> <span class='ocrx_word' id='word_1_709' title='bbox 2848 4320 2905 4370; x_wconf 80' lang='lat' dir='ltr'><strong>et</strong></span> <span class='ocrx_word' id='word_1_710' title='bbox 2951 4321 3207 4369; x_wconf 76' lang='lat' dir='ltr'><strong>mortuus</strong></span> <span class='ocrx_word' id='word_1_711' title='bbox 3237 4320 3340 4374; x_wconf 64' lang='lat' dir='ltr'><strong>est,</strong></span> <span class='ocrx_word' id='word_1_712' title='bbox 3373 4320 3436 4369; x_wconf 79' lang='lat' dir='ltr'><strong>ut,</strong></span> <span class='ocrx_word' id='word_1_713' title='bbox 3465 4330 3587 4368; x_wconf 78' lang='lat' dir='ltr'><strong>om-</strong></span> 
     </span>
    </p>
   </div>
   <div class='ocr_carea' id='block_1_88' title="bbox 302 4397 3591 4478">
    <p class='ocr_par' dir='ltr' id='par_1_88' title="bbox 302 4397 3591 4478">
     <span class='ocr_line' id='line_1_88' title="bbox 302 4397 3591 4478; baseline -0.003 -18"><span class='ocrx_word' id='word_1_714' title='bbox 302 4403 622 4478; x_wconf 87' lang='lat' dir='ltr'><strong>persecutio</strong></span> <span class='ocrx_word' id='word_1_715' title='bbox 646 4418 813 4473; x_wconf 81' lang='lat' dir='ltr'><strong>super</strong></span> <span class='ocrx_word' id='word_1_716' title='bbox 833 4408 1051 4455; x_wconf 81' lang='lat' dir='ltr'><strong>montes</strong></span> <span class='ocrx_word' id='word_1_717' title='bbox 1076 4398 1248 4461; x_wconf 74' lang='lat' dir='ltr'><strong>StBVit,</strong></span> <span class='ocrx_word' id='word_1_718' title='bbox 1276 4404 1338 4452; x_wconf 89' lang='lat' dir='ltr'><strong>ut</strong></span> <span class='ocrx_word' id='word_1_719' title='bbox 1370 4405 1426 4452; x_wconf 90' lang='lat' dir='ltr'><strong>et</strong></span> <span class='ocrx_word' id='word_1_720' title='bbox 1448 4414 1543 4451; x_wconf 92' lang='lat' dir='ltr'><strong>eos</strong></span> <span class='ocrx_word' id='word_1_721' title='bbox 1565 4397 1824 4469; x_wconf 76' lang='lat' dir='ltr'><strong>perimat,</strong></span> <span class='ocrx_word' id='word_1_722' title='bbox 1849 4402 1907 4450; x_wconf 89' lang='lat' dir='ltr'><strong>et</strong></span> <span class='ocrx_word' id='word_1_723' title='bbox 1926 4397 1967 4414; x_wconf 68' lang='grc' dir='ltr'><em>υ</em></span> <span class='ocrx_word' id='word_1_724' title='bbox 1987 4404 2143 4458; x_wconf 79' lang='lat' dir='ltr'><strong>nium</strong></span> <span class='ocrx_word' id='word_1_725' title='bbox 2169 4410 2396 4475; x_wconf 76' lang='lat' dir='ltr'><strong>peccata</strong></span> <span class='ocrx_word' id='word_1_726' title='bbox 2423 4404 2666 4471; x_wconf 77' lang='lat' dir='ltr'><strong>deleret;</strong></span> <span class='ocrx_word' id='word_1_727' title='bbox 2701 4420 2814 4458; x_wconf 82' lang='lat' dir='ltr'><strong>non</strong></span> <span class='ocrx_word' id='word_1_728' title='bbox 2839 4403 2985 4458; x_wconf 81' lang='lat' dir='ltr'><strong>enim</strong></span> <span class='ocrx_word' id='word_1_729' title='bbox 3016 4421 3116 4475; x_wconf 75' lang='lat' dir='ltr'><strong>pro</strong></span> <span class='ocrx_word' id='word_1_730' title='bbox 3145 4403 3280 4468; x_wconf 64' lang='lat' dir='ltr'><strong>suis,</strong></span> <span class='ocrx_word' id='word_1_731' title='bbox 3307 4403 3401 4475; x_wconf 80' lang='lat' dir='ltr'><strong>qui</strong></span> <span class='ocrx_word' id='word_1_732' title='bbox 3433 4401 3591 4456; x_wconf 82' lang='lat' dir='ltr'><strong>nulla,</strong></span> 
     </span>
    </p>
   </div>
   <div class='ocr_carea' id='block_1_89' title="bbox 307 4485 3594 4567">
    <p class='ocr_par' dir='ltr' id='par_1_89' title="bbox 307 4485 3594 4567">
     <span class='ocr_line' id='line_1_89' title="bbox 307 4485 3594 4567; baseline -0 -19"><span class='ocrx_word' id='word_1_733' title='bbox 307 4494 529 4567; x_wconf 86' lang='lat' dir='ltr'><strong>plebem</strong></span> <span class='ocrx_word' id='word_1_734' title='bbox 548 4492 811 4562; x_wconf 80' lang='lat' dir='ltr'><strong>deinceps</strong></span> <span class='ocrx_word' id='word_1_735' title='bbox 827 4490 938 4544; x_wconf 89' lang='lat' dir='ltr'><strong>illis</strong></span> <span class='ocrx_word' id='word_1_736' title='bbox 954 4488 1183 4559; x_wconf 86' lang='lat' dir='ltr'><strong>dejectis</strong></span> <span class='ocrx_word' id='word_1_737' title='bbox 1200 4486 1482 4542; x_wconf 89' lang='lat' dir='ltr'><strong>crudelius</strong></span> <span class='ocrx_word' id='word_1_738' title='bbox 1503 4493 1739 4540; x_wconf 88' lang='lat' dir='ltr'><strong>sternat.</strong></span> <span class='ocrx_word' id='word_1_739' title='bbox 1765 4485 1909 4541; x_wconf 85' lang='lat' dir='ltr'><strong>Hinc</strong></span> <span class='ocrx_word' id='word_1_740' title='bbox 1989 4491 2187 4547; x_wconf 88' lang='lat' dir='ltr'><strong>habuit</strong></span> <span class='ocrx_word' id='word_1_741' title='bbox 2213 4493 2448 4565; x_wconf 89' lang='lat' dir='ltr'><strong>vestigia</strong></span> <span class='ocrx_word' id='word_1_742' title='bbox 2466 4493 2818 4561; x_wconf 78' lang='lat' dir='ltr'><strong>delictorum,</strong></span> <span class='ocrx_word' id='word_1_743' title='bbox 2843 4493 2941 4547; x_wconf 90' lang='lat' dir='ltr'><strong>sed</strong></span> <span class='ocrx_word' id='word_1_744' title='bbox 2965 4510 3065 4564; x_wconf 90' lang='lat' dir='ltr'><strong>pro</strong></span> <span class='ocrx_word' id='word_1_745' title='bbox 3088 4492 3296 4547; x_wconf 79' lang='lat' dir='ltr'><strong>rostris</strong></span> <span class='ocrx_word' id='word_1_746' title='bbox 3325 4498 3379 4546; x_wconf 92' lang='lat' dir='ltr'><strong>et</strong></span> <span class='ocrx_word' id='word_1_747' title='bbox 3404 4492 3464 4546; x_wconf 90' lang='lat' dir='ltr'><strong>in</strong></span> <span class='ocrx_word' id='word_1_748' title='bbox 3496 4508 3594 4547; x_wconf 86' lang='lat' dir='ltr'><strong>no-</strong></span> 
     </span>
    </p>
   </div>
   <div class='ocr_carea' id='block_1_90' title="bbox 310 4578 3597 4655">
    <p class='ocr_par' dir='ltr' id='par_1_90' title="bbox 310 4578 3597 4655">
     <span class='ocr_line' id='line_1_90' title="bbox 310 4578 3597 4655; baseline -0.001 -19"><span class='ocrx_word' id='word_1_749' title='bbox 310 4597 534 4655; x_wconf 86' lang='lat' dir='ltr'><strong>quoquc</strong></span> <span class='ocrx_word' id='word_1_750' title='bbox 565 4578 836 4635; x_wconf 89' lang='lat' dir='ltr'><strong>Dominus</strong></span> <span class='ocrx_word' id='word_1_751' title='bbox 865 4595 966 4651; x_wconf 89' lang='lat' dir='ltr'><strong>per</strong></span> <span class='ocrx_word' id='word_1_752' title='bbox 992 4578 1322 4650; x_wconf 88' lang='lat' dir='ltr'><strong>prophetam</strong></span> <span class='ocrx_word' id='word_1_753' title='bbox 1351 4594 1363 4630; x_wconf 90' lang='lat'><strong>:</strong></span> <span class='ocrx_word' id='word_1_754' title='bbox 1398 4579 1709 4631; x_wconf 80' lang='lat' dir='ltr'><strong>Percutiam</strong></span> <span class='ocrx_word' id='word_1_755' title='bbox 1733 4581 1910 4645; x_wconf 87' lang='lat' dir='ltr'><strong>pasto-</strong></span> <span class='ocrx_word' id='word_1_756' title='bbox 1991 4581 2125 4636; x_wconf 90' lang='lat' dir='ltr'><strong>stris</strong></span> <span class='ocrx_word' id='word_1_757' title='bbox 2166 4587 2357 4638; x_wconf 88' lang='lat' dir='ltr'><strong>tentus</strong></span> <span class='ocrx_word' id='word_1_758' title='bbox 2402 4587 2488 4636; x_wconf 90' lang='lat' dir='ltr'><strong>est</strong></span> <span class='ocrx_word' id='word_1_759' title='bbox 2524 4582 2766 4654; x_wconf 89' lang='lat' dir='ltr'><strong>peccatis</strong></span> <span class='ocrx_word' id='word_1_760' title='bbox 2795 4606 2808 4637; x_wconf 87' lang='lat'><strong>:</strong></span> <span class='ocrx_word' id='word_1_761' title='bbox 2842 4588 3119 4653; x_wconf 91' lang='lat' dir='ltr'><strong>quatenus</strong></span> <span class='ocrx_word' id='word_1_762' title='bbox 3165 4598 3233 4635; x_wconf 90' lang='lat' dir='ltr'><strong>ea</strong></span> <span class='ocrx_word' id='word_1_763' title='bbox 3274 4580 3506 4646; x_wconf 88' lang='lat' dir='ltr'><strong>deleret,</strong></span> <span class='ocrx_word' id='word_1_764' title='bbox 3539 4585 3597 4635; x_wconf 86' lang='lat' dir='ltr'><strong>et</strong></span> 
     </span>
    </p>
   </div>
   <div class='ocr_carea' id='block_1_91' title="bbox 310 4666 1911 4738">
    <p class='ocr_par' dir='ltr' id='par_1_91' title="bbox 310 4666 1911 4738">
     <span class='ocr_line' id='line_1_91' title="bbox 310 4666 1911 4738; baseline -0.002 -12"><span class='ocrx_word' id='word_1_765' title='bbox 310 4687 450 4737; x_wconf 86' lang='lat' dir='ltr'><strong>rem,</strong></span> <span class='ocrx_word' id='word_1_766' title='bbox 481 4674 530 4724; x_wconf 87' lang='lat' dir='ltr'><strong>et</strong></span> <span class='ocrx_word' id='word_1_767' title='bbox 576 4671 963 4738; x_wconf 83' lang='lat' dir='ltr'><strong>dispergentur</strong></span> <span class='ocrx_word' id='word_1_768' title='bbox 1000 4684 1115 4721; x_wconf 88' lang='lat' dir='ltr'><strong>oves</strong></span> <span class='ocrx_word' id='word_1_769' title='bbox 1164 4669 1344 4736; x_wconf 80' lang='lat' dir='ltr'><strong>gregis</strong></span> <span class='ocrx_word' id='word_1_770' title='bbox 1388 4666 1568 4734; x_wconf 88' lang='lat' dir='ltr'><strong>(Zach.</strong></span> <span class='ocrx_word' id='word_1_771' title='bbox 1604 4672 1745 4731; x_wconf 84' lang='lat' dir='ltr'><strong>x111).</strong></span> <span class='ocrx_word' id='word_1_772' title='bbox 1790 4666 1911 4731; x_wconf 90' lang='lat' dir='ltr'><strong>Quo</strong></span> 
     </span>
    </p>
   </div>
   <div class='ocr_carea' id='block_1_92' title="bbox 315 4754 1914 4832">
    <p class='ocr_par' dir='ltr' id='par_1_92' title="bbox 315 4754 1914 4832">
     <span class='ocr_line' id='line_1_92' title="bbox 315 4754 1914 4832; baseline -0.003 -17"><span class='ocrx_word' id='word_1_773' title='bbox 315 4774 600 4832; x_wconf 89' lang='lat' dir='ltr'><strong>percusso,</strong></span> <span class='ocrx_word' id='word_1_774' title='bbox 625 4756 860 4830; x_wconf 88' lang='lat' dir='ltr'><strong>apostoli</strong></span> <span class='ocrx_word' id='word_1_775' title='bbox 879 4772 1073 4811; x_wconf 93' lang='lat' dir='ltr'><strong>omnes</strong></span> <span class='ocrx_word' id='word_1_776' title='bbox 1092 4755 1391 4826; x_wconf 89' lang='lat' dir='ltr'><strong>fugerunt:</strong></span> <span class='ocrx_word' id='word_1_777' title='bbox 1424 4760 1482 4811; x_wconf 91' lang='lat' dir='ltr'><strong>et</strong></span> <span class='ocrx_word' id='word_1_778' title='bbox 1508 4754 1639 4811; x_wconf 90' lang='lat' dir='ltr'><strong>inde</strong></span> <span class='ocrx_word' id='word_1_779' title='bbox 1660 4761 1745 4811; x_wconf 90' lang='lat' dir='ltr'><strong>est</strong></span> <span class='ocrx_word' id='word_1_780' title='bbox 1766 4755 1914 4827; x_wconf 91' lang='lat' dir='ltr'><strong>quod</strong></span> 
     </span>
    </p>
   </div>
   <div class='ocr_carea' id='block_1_93' title="bbox 315 4848 612 4922">
    <p class='ocr_par' dir='ltr' id='par_1_93' title="bbox 315 4848 612 4922">
     <span class='ocr_line' id='line_1_93' title="bbox 315 4848 612 4922; baseline -0.017 -17"><span class='ocrx_word' id='word_1_781' title='bbox 315 4848 575 4922; x_wconf 89' lang='lat' dir='ltr'><strong>sequitur</strong></span> <span class='ocrx_word' id='word_1_782' title='bbox 601 4864 612 4900; x_wconf 91' lang='lat'><strong>:</strong></span> 
     </span>
    </p>
   </div>
   <div class='ocr_carea' id='block_1_94' title="bbox 1060 4951 1176 4991">
    <p class='ocr_par' dir='ltr' id='par_1_94' title="bbox 1060 4951 1176 4991">
     <span class='ocr_line' id='line_1_94' title="bbox 1060 4951 1176 4991; baseline 0.009 -1"><span class='ocrx_word' id='word_1_783' title='bbox 1060 4951 1176 4991; x_wconf 72' lang='lat' dir='ltr'><strong>RES.</strong></span> 
     </span>
    </p>
   </div>
   <div class='ocr_carea' id='block_1_95' title="bbox 382 5024 1917 5098">
    <p class='ocr_par' dir='ltr' id='par_1_95' title="bbox 382 5024 1917 5098">
     <span class='ocr_line' id='line_1_95' title="bbox 382 5024 1917 5098; baseline -0.006 -12"><span class='ocrx_word' id='word_1_784' title='bbox 382 5028 632 5098; x_wconf 87' lang='lat' dir='ltr'><strong>Spiritus</strong></span> <span class='ocrx_word' id='word_1_785' title='bbox 655 5027 769 5081; x_wconf 88' lang='lat' dir='ltr'><strong>oris</strong></span> <span class='ocrx_word' id='word_1_786' title='bbox 791 5027 971 5081; x_wconf 85' lang='lat' dir='ltr'><strong>nostri</strong></span> <span class='ocrx_word' id='word_1_787' title='bbox 982 5025 1230 5082; x_wconf 86' lang='lat' dir='ltr'><strong>Christus</strong></span> <span class='ocrx_word' id='word_1_788' title='bbox 1248 5024 1538 5090; x_wconf 85' lang='lat' dir='ltr'><strong>Dominus,</strong></span> <span class='ocrx_word' id='word_1_789' title='bbox 1553 5028 1743 5093; x_wconf 87' lang='lat' dir='ltr'><strong>captus</strong></span> <span class='ocrx_word' id='word_1_790' title='bbox 1758 5027 1833 5077; x_wconf 86' lang='lat' dir='ltr'><strong>est</strong></span> <span class='ocrx_word' id='word_1_791' title='bbox 1853 5025 1917 5077; x_wconf 88' lang='lat' dir='ltr'><strong>in</strong></span> 
     </span>
    </p>
   </div>
   <div class='ocr_carea' id='block_1_96' title="bbox 304 5110 1917 5191">
    <p class='ocr_par' dir='ltr' id='par_1_96' title="bbox 304 5110 1917 5191">
     <span class='ocr_line' id='line_1_96' title="bbox 304 5110 1917 5191; baseline -0.004 -17"><span class='ocrx_word' id='word_1_792' title='bbox 304 5121 541 5191; x_wconf 82' lang='lat' dir='ltr'><strong>peccatis</strong></span> <span class='ocrx_word' id='word_1_793' title='bbox 563 5118 795 5180; x_wconf 87' lang='lat' dir='ltr'><strong>nostris;</strong></span> <span class='ocrx_word' id='word_1_794' title='bbox 822 5118 914 5171; x_wconf 87' lang='lat' dir='ltr'><strong>cui</strong></span> <span class='ocrx_word' id='word_1_795' title='bbox 936 5116 1187 5169; x_wconf 73' lang='lat' dir='ltr'><strong>diximus</strong></span> <span class='ocrx_word' id='word_1_796' title='bbox 1207 5118 1269 5169; x_wconf 89' lang='lat' dir='ltr'><strong>in</strong></span> <span class='ocrx_word' id='word_1_797' title='bbox 1284 5114 1565 5182; x_wconf 84' lang='lat' dir='ltr'><strong>gentibus:</strong></span> <span class='ocrx_word' id='word_1_798' title='bbox 1583 5110 1697 5166; x_wconf 89' lang='lat' dir='ltr'><strong>Sub</strong></span> <span class='ocrx_word' id='word_1_799' title='bbox 1716 5114 1917 5168; x_wconf 88' lang='lat' dir='ltr'><strong>umbra</strong></span> 
     </span>
    </p>
   </div>
   <div class='ocr_carea' id='block_1_97' title="bbox 319 5200 1920 5276">
    <p class='ocr_par' dir='ltr' id='par_1_97' title="bbox 319 5200 1920 5276">
     <span class='ocr_line' id='line_1_97' title="bbox 319 5200 1920 5276; baseline -0.005 -12"><span class='ocrx_word' id='word_1_800' title='bbox 319 5215 415 5264; x_wconf 84' lang='lat' dir='ltr'><strong>tua</strong></span> <span class='ocrx_word' id='word_1_801' title='bbox 433 5210 701 5264; x_wconf 83' lang='lat' dir='ltr'><strong>vivemus.</strong></span> <span class='ocrx_word' id='word_1_802' title='bbox 723 5206 839 5261; x_wconf 87' lang='lat' dir='ltr'><strong>Hoc</strong></span> <span class='ocrx_word' id='word_1_803' title='bbox 858 5220 1103 5276; x_wconf 86' lang='lat' dir='ltr'><strong>namque</strong></span> <span class='ocrx_word' id='word_1_804' title='bbox 1129 5202 1307 5260; x_wconf 63' lang='lat' dir='ltr'><strong>Judaei</strong></span> <span class='ocrx_word' id='word_1_805' title='bbox 1327 5202 1396 5258; x_wconf 91' lang='lat' dir='ltr'><strong>de</strong></span> <span class='ocrx_word' id='word_1_806' title='bbox 1414 5201 1567 5258; x_wconf 84' lang='lat' dir='ltr'><strong>Josia</strong></span> <span class='ocrx_word' id='word_1_807' title='bbox 1594 5200 1808 5256; x_wconf 90' lang='lat' dir='ltr'><strong>dictum</strong></span> <span class='ocrx_word' id='word_1_808' title='bbox 1832 5218 1920 5257; x_wconf 87' lang='lat' dir='ltr'><strong>ac-</strong></span> 
     </span>
    </p>
   </div>
   <div class='ocr_carea' id='block_1_98' title="bbox 316 5291 1922 5369">
    <p class='ocr_par' dir='ltr' id='par_1_98' title="bbox 316 5291 1922 5369">
     <span class='ocr_line' id='line_1_98' title="bbox 316 5291 1922 5369; baseline -0.002 -18"><span class='ocrx_word' id='word_1_809' title='bbox 316 5296 551 5369; x_wconf 85' lang='lat' dir='ltr'><strong>cipiunt,</strong></span> <span class='ocrx_word' id='word_1_810' title='bbox 586 5294 736 5367; x_wconf 92' lang='lat' dir='ltr'><strong>quod</strong></span> <span class='ocrx_word' id='word_1_811' title='bbox 760 5292 1105 5366; x_wconf 87' lang='lat' dir='ltr'><strong>justissirnus</strong></span> <span class='ocrx_word' id='word_1_812' title='bbox 1133 5310 1229 5348; x_wconf 84' lang='lat' dir='ltr'><strong>rex</strong></span> <span class='ocrx_word' id='word_1_813' title='bbox 1258 5308 1371 5347; x_wconf 92' lang='lat' dir='ltr'><strong>non</strong></span> <span class='ocrx_word' id='word_1_814' title='bbox 1421 5291 1557 5355; x_wconf 83' lang='lat' dir='ltr'><strong>suis,</strong></span> <span class='ocrx_word' id='word_1_815' title='bbox 1589 5292 1685 5347; x_wconf 89' lang='lat' dir='ltr'><strong>sed</strong></span> <span class='ocrx_word' id='word_1_816' title='bbox 1730 5291 1922 5362; x_wconf 86' lang='lat' dir='ltr'><strong>populi</strong></span> 
     </span>
    </p>
   </div>
   <div class='ocr_carea' id='block_1_99' title="bbox 315 5382 1923 5459">
    <p class='ocr_par' dir='ltr' id='par_1_99' title="bbox 315 5382 1923 5459">
     <span class='ocr_line' id='line_1_99' title="bbox 315 5382 1923 5459; baseline -0.002 -19"><span class='ocrx_word' id='word_1_817' title='bbox 315 5385 560 5459; x_wconf 88' lang='lat' dir='ltr'><strong>peccatis</strong></span> <span class='ocrx_word' id='word_1_818' title='bbox 590 5391 787 5456; x_wconf 87' lang='lat' dir='ltr'><strong>captus</strong></span> <span class='ocrx_word' id='word_1_819' title='bbox 816 5385 890 5438; x_wconf 90' lang='lat' dir='ltr'><strong>sit</strong></span> <span class='ocrx_word' id='word_1_820' title='bbox 933 5384 990 5438; x_wconf 92' lang='lat' dir='ltr'><strong>in</strong></span> <span class='ocrx_word' id='word_1_821' title='bbox 1021 5390 1281 5450; x_wconf 88' lang='lat' dir='ltr'><strong>mortem,</strong></span> <span class='ocrx_word' id='word_1_822' title='bbox 1330 5382 1387 5436; x_wconf 91' lang='lat' dir='ltr'><strong>in</strong></span> <span class='ocrx_word' id='word_1_823' title='bbox 1418 5398 1528 5454; x_wconf 93' lang='lat' dir='ltr'><strong>quo</strong></span> <span class='ocrx_word' id='word_1_824' title='bbox 1557 5388 1733 5437; x_wconf 87' lang='lat' dir='ltr'><strong>totam</strong></span> <span class='ocrx_word' id='word_1_825' title='bbox 1765 5398 1923 5453; x_wconf 90' lang='lat' dir='ltr'><strong>spem</strong></span> 
     </span>
    </p>
   </div>
   <div class='ocr_carea' id='block_1_100' title="bbox 313 5471 1921 5547">
    <p class='ocr_par' dir='ltr' id='par_1_100' title="bbox 313 5471 1921 5547">
     <span class='ocr_line' id='line_1_100' title="bbox 313 5471 1921 5547; baseline -0.002 -17"><span class='ocrx_word' id='word_1_826' title='bbox 313 5492 473 5531; x_wconf 91' lang='lat' dir='ltr'><strong>suam</strong></span> <span class='ocrx_word' id='word_1_827' title='bbox 530 5480 854 5547; x_wconf 88' lang='lat' dir='ltr'><strong>posuerant,</strong></span> <span class='ocrx_word' id='word_1_828' title='bbox 887 5473 1106 5528; x_wconf 90' lang='lat' dir='ltr'><strong>etiamsi</strong></span> <span class='ocrx_word' id='word_1_829' title='bbox 1145 5473 1203 5526; x_wconf 91' lang='lat' dir='ltr'><strong>in</strong></span> <span class='ocrx_word' id='word_1_830' title='bbox 1240 5471 1503 5544; x_wconf 87' lang='lat' dir='ltr'><strong>gentibus</strong></span> <span class='ocrx_word' id='word_1_831' title='bbox 1547 5471 1921 5527; x_wconf 87' lang='lat' dir='ltr'><strong>devenissent.</strong></span> 
     </span>
    </p>
   </div>
   <div class='ocr_carea' id='block_1_101' title="bbox 320 5561 1927 5638">
    <p class='ocr_par' dir='ltr' id='par_1_101' title="bbox 320 5561 1927 5638">
     <span class='ocr_line' id='line_1_101' title="bbox 320 5561 1927 5638; baseline -0.001 -16"><span class='ocrx_word' id='word_1_832' title='bbox 320 5566 426 5623; x_wconf 87' lang='lat' dir='ltr'><strong>Sed</strong></span> <span class='ocrx_word' id='word_1_833' title='bbox 464 5580 641 5638; x_wconf 86' lang='lat' dir='ltr'><strong>super</strong></span> <span class='ocrx_word' id='word_1_834' title='bbox 669 5578 800 5620; x_wconf 87' lang='lat' dir='ltr'><strong>eum</strong></span> <span class='ocrx_word' id='word_1_835' title='bbox 825 5563 1046 5619; x_wconf 90' lang='lat' dir='ltr'><strong>videtur</strong></span> <span class='ocrx_word' id='word_1_836' title='bbox 1070 5579 1187 5620; x_wconf 90' lang='lat' dir='ltr'><strong>non</strong></span> <span class='ocrx_word' id='word_1_837' title='bbox 1231 5571 1385 5618; x_wconf 85' lang='lat' dir='ltr'><strong>stare</strong></span> <span class='ocrx_word' id='word_1_838' title='bbox 1412 5561 1504 5617; x_wconf 91' lang='lat' dir='ltr'><strong>hic</strong></span> <span class='ocrx_word' id='word_1_839' title='bbox 1530 5578 1749 5631; x_wconf 89' lang='lat' dir='ltr'><strong>sensus,</strong></span> <span class='ocrx_word' id='word_1_840' title='bbox 1793 5579 1927 5635; x_wconf 86' lang='lat' dir='ltr'><strong>quo-</strong></span> 
     </span>
    </p>
   </div>
   <div class='ocr_carea' id='block_1_102' title="bbox 1994 4667 3598 4741">
    <p class='ocr_par' dir='ltr' id='par_1_102' title="bbox 1994 4667 3598 4741">
     <span class='ocr_line' id='line_1_102' title="bbox 1994 4667 3598 4741; baseline -0.001 -17"><span class='ocrx_word' id='word_1_841' title='bbox 1994 4669 2241 4725; x_wconf 90' lang='lat' dir='ltr'><strong>auferret</strong></span> <span class='ocrx_word' id='word_1_842' title='bbox 2267 4670 2700 4741; x_wconf 86' lang='lat' dir='ltr'><strong>chirographum</strong></span> <span class='ocrx_word' id='word_1_843' title='bbox 2725 4669 2873 4740; x_wconf 90' lang='lat' dir='ltr'><strong>quod</strong></span> <span class='ocrx_word' id='word_1_844' title='bbox 2902 4669 3195 4723; x_wconf 84' lang='lat' dir='ltr'><strong>adversum</strong></span> <span class='ocrx_word' id='word_1_845' title='bbox 3223 4684 3326 4723; x_wconf 90' lang='lat' dir='ltr'><strong>nos</strong></span> <span class='ocrx_word' id='word_1_846' title='bbox 3355 4673 3479 4723; x_wconf 88' lang='lat' dir='ltr'><strong>erat</strong></span> <span class='ocrx_word' id='word_1_847' title='bbox 3505 4667 3598 4723; x_wconf 89' lang='lat' dir='ltr'><strong>de-</strong></span> 
     </span>
    </p>
   </div>
   <div class='ocr_carea' id='block_1_103' title="bbox 1994 4756 3599 4829">
    <p class='ocr_par' dir='ltr' id='par_1_103' title="bbox 1994 4756 3599 4829">
     <span class='ocr_line' id='line_1_103' title="bbox 1994 4756 3599 4829; baseline 0 -16"><span class='ocrx_word' id='word_1_848' title='bbox 1994 4759 2276 4814; x_wconf 88' lang='lat' dir='ltr'><strong>lictorum.</strong></span> <span class='ocrx_word' id='word_1_849' title='bbox 2318 4758 2514 4829; x_wconf 88' lang='lat' dir='ltr'><strong>Neque</strong></span> <span class='ocrx_word' id='word_1_850' title='bbox 2555 4756 2919 4822; x_wconf 85' lang='lat' dir='ltr'><strong>credendum,</strong></span> <span class='ocrx_word' id='word_1_851' title='bbox 2958 4757 3106 4829; x_wconf 91' lang='lat' dir='ltr'><strong>quod</strong></span> <span class='ocrx_word' id='word_1_852' title='bbox 3136 4756 3266 4811; x_wconf 87' lang='lat' dir='ltr'><strong>talis</strong></span> <span class='ocrx_word' id='word_1_853' title='bbox 3295 4763 3599 4829; x_wconf 86' lang='lat' dir='ltr'><strong>tantusque</strong></span> 
     </span>
    </p>
   </div>
   <div class='ocr_carea' id='block_1_104' title="bbox 1995 4844 3600 4921">
    <p class='ocr_par' dir='ltr' id='par_1_104' title="bbox 1995 4844 3600 4921">
     <span class='ocr_line' id='line_1_104' title="bbox 1995 4844 3600 4921; baseline -0.001 -18"><span class='ocrx_word' id='word_1_854' title='bbox 1995 4849 2270 4921; x_wconf 84' lang='lat' dir='ltr'><strong>propheta</strong></span> <span class='ocrx_word' id='word_1_855' title='bbox 2300 4847 2370 4901; x_wconf 90' lang='lat' dir='ltr'><strong>de</strong></span> <span class='ocrx_word' id='word_1_856' title='bbox 2400 4846 2605 4918; x_wconf 90' lang='lat' dir='ltr'><strong>spiritu</strong></span> <span class='ocrx_word' id='word_1_857' title='bbox 2628 4846 2737 4901; x_wconf 91' lang='lat' dir='ltr'><strong>isto</strong></span> <span class='ocrx_word' id='word_1_858' title='bbox 2756 4861 2921 4899; x_wconf 88' lang='lat' dir='ltr'><strong>aereo</strong></span> <span class='ocrx_word' id='word_1_859' title='bbox 2941 4844 3095 4901; x_wconf 89' lang='lat' dir='ltr'><strong>dicat</strong></span> <span class='ocrx_word' id='word_1_860' title='bbox 3120 4852 3219 4901; x_wconf 88' lang='lat' dir='ltr'><strong>aut</strong></span> <span class='ocrx_word' id='word_1_861' title='bbox 3242 4847 3401 4912; x_wconf 82' lang='lat' dir='ltr'><strong>ﬂatu,</strong></span> <span class='ocrx_word' id='word_1_862' title='bbox 3430 4862 3600 4917; x_wconf 89' lang='lat' dir='ltr'><strong>quem</strong></span> 
     </span>
    </p>
   </div>
   <div class='ocr_carea' id='block_1_105' title="bbox 1999 4934 3607 5007">
    <p class='ocr_par' dir='ltr' id='par_1_105' title="bbox 1999 4934 3607 5007">
     <span class='ocr_line' id='line_1_105' title="bbox 1999 4934 3607 5007; baseline -0.002 -14"><span class='ocrx_word' id='word_1_863' title='bbox 1999 4954 2065 4993; x_wconf 84' lang='lat' dir='ltr'><strong>ex</strong></span> <span class='ocrx_word' id='word_1_864' title='bbox 2087 4954 2217 4992; x_wconf 90' lang='lat' dir='ltr'><strong>aere</strong></span> <span class='ocrx_word' id='word_1_865' title='bbox 2243 4935 2389 4991; x_wconf 89' lang='lat' dir='ltr'><strong>infra</strong></span> <span class='ocrx_word' id='word_1_866' title='bbox 2413 4951 2516 4990; x_wconf 92' lang='lat' dir='ltr'><strong>nos</strong></span> <span class='ocrx_word' id='word_1_867' title='bbox 2537 4934 2836 5001; x_wconf 89' lang='lat' dir='ltr'><strong>trahimus,</strong></span> <span class='ocrx_word' id='word_1_868' title='bbox 2856 4950 2983 4990; x_wconf 92' lang='lat' dir='ltr'><strong>cum</strong></span> <span class='ocrx_word' id='word_1_869' title='bbox 3006 4934 3309 5007; x_wconf 87' lang='lat' dir='ltr'><strong>aspirando</strong></span> <span class='ocrx_word' id='word_1_870' title='bbox 3330 4951 3458 4990; x_wconf 90' lang='lat' dir='ltr'><strong>eum</strong></span> <span class='ocrx_word' id='word_1_871' title='bbox 3480 4950 3607 5007; x_wconf 88' lang='lat' dir='ltr'><strong>per-</strong></span> 
     </span>
    </p>
   </div>
   <div class='ocr_carea' id='block_1_106' title="bbox 1999 5022 3603 5098">
    <p class='ocr_par' dir='ltr' id='par_1_106' title="bbox 1999 5022 3603 5098">
     <span class='ocr_line' id='line_1_106' title="bbox 1999 5022 3603 5098; baseline -0.003 -17"><span class='ocrx_word' id='word_1_872' title='bbox 1999 5026 2254 5098; x_wconf 89' lang='lat' dir='ltr'><strong>cipimus,</strong></span> <span class='ocrx_word' id='word_1_873' title='bbox 2288 5026 2371 5080; x_wconf 90' lang='lat' dir='ltr'><strong>vel</strong></span> <span class='ocrx_word' id='word_1_874' title='bbox 2400 5041 2527 5079; x_wconf 92' lang='lat' dir='ltr'><strong>cum</strong></span> <span class='ocrx_word' id='word_1_875' title='bbox 2558 5024 2885 5095; x_wconf 88' lang='lat' dir='ltr'><strong>respirando</strong></span> <span class='ocrx_word' id='word_1_876' title='bbox 2916 5041 3112 5080; x_wconf 89' lang='lat' dir='ltr'><strong>rursus</strong></span> <span class='ocrx_word' id='word_1_877' title='bbox 3149 5024 3471 5090; x_wconf 87' lang='lat' dir='ltr'><strong>reddimus;</strong></span> <span class='ocrx_word' id='word_1_878' title='bbox 3503 5022 3603 5077; x_wconf 86' lang='lat' dir='ltr'><strong>sed</strong></span> 
     </span>
    </p>
   </div>
   <div class='ocr_carea' id='block_1_107' title="bbox 2000 5112 3602 5186">
    <p class='ocr_par' dir='ltr' id='par_1_107' title="bbox 2000 5112 3602 5186">
     <span class='ocr_line' id='line_1_107' title="bbox 2000 5112 3602 5186; baseline -0.002 -15"><span class='ocrx_word' id='word_1_879' title='bbox 2000 5115 2069 5171; x_wconf 89' lang='lat' dir='ltr'><strong>de</strong></span> <span class='ocrx_word' id='word_1_880' title='bbox 2099 5115 2298 5186; x_wconf 87' lang='lat' dir='ltr'><strong>spiritu</strong></span> <span class='ocrx_word' id='word_1_881' title='bbox 2332 5114 2428 5186; x_wconf 91' lang='lat' dir='ltr'><strong>qui</strong></span> <span class='ocrx_word' id='word_1_882' title='bbox 2459 5114 2609 5170; x_wconf 89' lang='lat' dir='ltr'><strong>Deus</strong></span> <span class='ocrx_word' id='word_1_883' title='bbox 2638 5112 2887 5168; x_wconf 90' lang='lat' dir='ltr'><strong>Verbum</strong></span> <span class='ocrx_word' id='word_1_884' title='bbox 2916 5119 3003 5169; x_wconf 90' lang='lat' dir='ltr'><strong>est</strong></span> <span class='ocrx_word' id='word_1_885' title='bbox 3033 5131 3044 5167; x_wconf 95' lang='lat'><strong>:</strong></span> <span class='ocrx_word' id='word_1_886' title='bbox 3090 5130 3253 5186; x_wconf 90' lang='lat' dir='ltr'><strong>quem</strong></span> <span class='ocrx_word' id='word_1_887' title='bbox 3286 5112 3452 5168; x_wconf 90' lang='lat' dir='ltr'><strong>corde</strong></span> <span class='ocrx_word' id='word_1_888' title='bbox 3480 5128 3602 5168; x_wconf 79' lang='lat' dir='ltr'><strong>cre-</strong></span> 
     </span>
    </p>
   </div>
   <div class='ocr_carea' id='block_1_108' title="bbox 2002 5200 3609 5275">
    <p class='ocr_par' dir='ltr' id='par_1_108' title="bbox 2002 5200 3609 5275">
     <span class='ocr_line' id='line_1_108' title="bbox 2002 5200 3609 5275; baseline -0.001 -15"><span class='ocrx_word' id='word_1_889' title='bbox 2002 5205 2188 5261; x_wconf 90' lang='lat' dir='ltr'><strong>dimus</strong></span> <span class='ocrx_word' id='word_1_890' title='bbox 2213 5204 2284 5259; x_wconf 89' lang='lat' dir='ltr'><strong>ad</strong></span> <span class='ocrx_word' id='word_1_891' title='bbox 2306 5203 2605 5275; x_wconf 88' lang='lat' dir='ltr'><strong>justitiam,</strong></span> <span class='ocrx_word' id='word_1_892' title='bbox 2645 5219 2742 5258; x_wconf 91' lang='lat' dir='ltr'><strong>ore</strong></span> <span class='ocrx_word' id='word_1_893' title='bbox 2779 5208 2972 5258; x_wconf 89' lang='lat' dir='ltr'><strong>autem</strong></span> <span class='ocrx_word' id='word_1_894' title='bbox 2999 5205 3329 5258; x_wconf 83' lang='lat' dir='ltr'><strong>confitemur</strong></span> <span class='ocrx_word' id='word_1_895' title='bbox 3358 5201 3429 5257; x_wconf 86' lang='lat' dir='ltr'><strong>ad</strong></span> <span class='ocrx_word' id='word_1_896' title='bbox 3459 5200 3609 5258; x_wconf 85' lang='lat' dir='ltr'><strong>salu-</strong></span> 
     </span>
    </p>
   </div>
   <div class='ocr_carea' id='block_1_109' title="bbox 2003 5290 3609 5364">
    <p class='ocr_par' dir='ltr' id='par_1_109' title="bbox 2003 5290 3609 5364">
     <span class='ocr_line' id='line_1_109' title="bbox 2003 5290 3609 5364; baseline 0 -15"><span class='ocrx_word' id='word_1_897' title='bbox 2003 5300 2141 5350; x_wconf 90' lang='lat' dir='ltr'><strong>tem.</strong></span> <span class='ocrx_word' id='word_1_898' title='bbox 2184 5293 2446 5364; x_wconf 90' lang='lat' dir='ltr'><strong>Alioquin</strong></span> <span class='ocrx_word' id='word_1_899' title='bbox 2494 5293 2662 5347; x_wconf 84' lang='lat' dir='ltr'><strong>ﬂatus</strong></span> <span class='ocrx_word' id='word_1_900' title='bbox 2709 5292 2824 5347; x_wconf 88' lang='lat' dir='ltr'><strong>oris</strong></span> <span class='ocrx_word' id='word_1_901' title='bbox 2872 5292 3050 5347; x_wconf 89' lang='lat' dir='ltr'><strong>nostri</strong></span> <span class='ocrx_word' id='word_1_902' title='bbox 3093 5303 3194 5346; x_wconf 87' lang='lat' dir='ltr'><strong>aut</strong></span> <span class='ocrx_word' id='word_1_903' title='bbox 3228 5290 3463 5363; x_wconf 87' lang='lat' dir='ltr'><strong>spiritus</strong></span> <span class='ocrx_word' id='word_1_904' title='bbox 3500 5291 3609 5349; x_wconf 80' lang='lat' dir='ltr'><strong>iste</strong></span> 
     </span>
    </p>
   </div>
   <div class='ocr_carea' id='block_1_110' title="bbox 2008 5381 3613 5453">
    <p class='ocr_par' dir='ltr' id='par_1_110' title="bbox 2008 5381 3613 5453">
     <span class='ocr_line' id='line_1_110' title="bbox 2008 5381 3613 5453; baseline -0.001 -14"><span class='ocrx_word' id='word_1_905' title='bbox 2008 5399 2229 5449; x_wconf 90' lang='lat' dir='ltr'><strong>aereus,</strong></span> <span class='ocrx_word' id='word_1_906' title='bbox 2264 5399 2367 5437; x_wconf 87' lang='lat' dir='ltr'><strong>nec</strong></span> <span class='ocrx_word' id='word_1_907' title='bbox 2403 5382 2677 5437; x_wconf 90' lang='lat' dir='ltr'><strong>Dominus</strong></span> <span class='ocrx_word' id='word_1_908' title='bbox 2714 5397 2817 5437; x_wconf 88' lang='lat' dir='ltr'><strong>nec</strong></span> <span class='ocrx_word' id='word_1_909' title='bbox 2845 5381 3100 5437; x_wconf 75' lang='lat' dir='ltr'><strong>Christus</strong></span> <span class='ocrx_word' id='word_1_910' title='bbox 3128 5385 3231 5445; x_wconf 91' lang='lat' dir='ltr'><strong>est,</strong></span> <span class='ocrx_word' id='word_1_911' title='bbox 3262 5396 3366 5434; x_wconf 91' lang='lat' dir='ltr'><strong>nec</strong></span> <span class='ocrx_word' id='word_1_912' title='bbox 3392 5387 3613 5453; x_wconf 81' lang='lat' dir='ltr'><strong>capitur</strong></span> 
     </span>
    </p>
   </div>
   <div class='ocr_carea' id='block_1_111' title="bbox 2006 5468 3611 5542">
    <p class='ocr_par' dir='ltr' id='par_1_111' title="bbox 2006 5468 3611 5542">
     <span class='ocr_line' id='line_1_111' title="bbox 2006 5468 3611 5542; baseline -0.001 -14"><span class='ocrx_word' id='word_1_913' title='bbox 2006 5489 2109 5528; x_wconf 91' lang='lat' dir='ltr'><strong>nec</strong></span> <span class='ocrx_word' id='word_1_914' title='bbox 2139 5478 2363 5527; x_wconf 90' lang='lat' dir='ltr'><strong>tenetur</strong></span> <span class='ocrx_word' id='word_1_915' title='bbox 2389 5488 2515 5526; x_wconf 90' lang='lat' dir='ltr'><strong>cum</strong></span> <span class='ocrx_word' id='word_1_916' title='bbox 2561 5471 2817 5542; x_wconf 87' lang='lat' dir='ltr'><strong>rejiritur</strong></span> <span class='ocrx_word' id='word_1_917' title='bbox 2848 5487 2861 5523; x_wconf 92' lang='lat'><strong>:</strong></span> <span class='ocrx_word' id='word_1_918' title='bbox 2894 5486 3004 5525; x_wconf 91' lang='lat' dir='ltr'><strong>non</strong></span> <span class='ocrx_word' id='word_1_919' title='bbox 3052 5468 3178 5524; x_wconf 88' lang='lat' dir='ltr'><strong>dico</strong></span> <span class='ocrx_word' id='word_1_920' title='bbox 3219 5486 3321 5541; x_wconf 89' lang='lat' dir='ltr'><strong>pro</strong></span> <span class='ocrx_word' id='word_1_921' title='bbox 3351 5471 3611 5542; x_wconf 76' lang='lat' dir='ltr'><strong>peccatis,</strong></span> 
     </span>
    </p>
   </div>
   <div class='ocr_carea' id='block_1_112' title="bbox 2006 5557 3613 5634">
    <p class='ocr_par' dir='ltr' id='par_1_112' title="bbox 2006 5557 3613 5634">
     <span class='ocr_line' id='line_1_112' title="bbox 2006 5557 3613 5634; baseline -0.001 -16"><span class='ocrx_word' id='word_1_922' title='bbox 2006 5579 2202 5620; x_wconf 86' lang='lat' dir='ltr'><strong>verum</strong></span> <span class='ocrx_word' id='word_1_923' title='bbox 2229 5577 2331 5618; x_wconf 86' lang='lat' dir='ltr'><strong>nec</strong></span> <span class='ocrx_word' id='word_1_924' title='bbox 2373 5578 2477 5634; x_wconf 90' lang='lat' dir='ltr'><strong>pro</strong></span> <span class='ocrx_word' id='word_1_925' title='bbox 2512 5560 2644 5618; x_wconf 82' lang='lat' dir='ltr'><strong>ullis</strong></span> <span class='ocrx_word' id='word_1_926' title='bbox 2670 5560 2883 5625; x_wconf 90' lang='lat' dir='ltr'><strong>usibus.</strong></span> <span class='ocrx_word' id='word_1_927' title='bbox 2912 5573 3096 5631; x_wconf 70' lang='lat' dir='ltr'><strong>neque</strong></span> <span class='ocrx_word' id='word_1_928' title='bbox 3124 5557 3194 5616; x_wconf 91' lang='lat' dir='ltr'><strong>de</strong></span> <span class='ocrx_word' id='word_1_929' title='bbox 3222 5558 3474 5632; x_wconf 68' lang='lat' dir='ltr'><strong>quolibet</strong></span> <span class='ocrx_word' id='word_1_930' title='bbox 3501 5558 3613 5617; x_wconf 80' lang='lat' dir='ltr'><strong>alio</strong></span> 
     </span>
    </p>
   </div>
  </div>
