3960 6168
514 315 640 374 1231
1003 264 1015 275 θ
1267 313 1321 365 S.
1365 308 1742 365 PASCHASII
1784 304 2143 362 RADBERTI
2185 308 2491 363 ABUA'I‘IS
2531 306 3021 361 C(JHBI'IIENSIS.
3618 310 3731 369 1'23?

501 442 677 513 accipi
719 446 920 513 potest,
953 438 1061 494 nisi
1090 438 1159 492 de
1187 453 1271 503 eo,
1305 436 1400 507 qui
1434 435 1489 489 in
1523 433 1740 488 duabus
1777 431 2107 487 substantiis
2123 436 2172 493 A
2192 432 2449 488 Christus
2476 433 2749 489 Dominus
2767 448 2830 485 cu
2842 447 2896 485 m
2921 430 3141 494 dicitur,
3171 447 3302 484 caro
3326 432 3441 501 ejus
3463 433 3585 487 nihil
3609 435 3735 489 aliud

503 547 652 585 unus
682 537 766 585 est
787 529 1073 594 Christus;
1108 531 1144 592 1
1161 529 1353 591 δτθ
1373 540 1437 577 ac
1467 540 1557 594 per
1596 523 1717 586 hoc,
1744 522 1975 593 spiritus
1998 520 2111 575 oris
2194 538 2360 593 quam
2389 522 2590 576 umbra
2615 522 2720 575 fuit
2742 520 3007 592 quoniam
3028 517 3132 572 sub
3154 517 3354 572 umbra
3374 520 3619 590 passionis
3640 540 3734 579 sua:

500 619 699 684 nostri,
723 618 936 673 scilicet
958 614 1202 670 Verbum
1230 612 1413 666 Patris
1436 618 1493 665 et
1523 611 1689 664 homo
1714 609 1970 665 Christus
2000 609 2110 663 Do-
2192 627 2294 666 nos
2316 611 2575 682 protexit,
2605 617 2662 665 et
2691 609 2794 664 sub
2824 608 3023 663 umbra
3052 608 3307 679 corporis
3335 610 3451 677 ejus
3479 626 3568 664 nos
3590 612 3737 666 salva-

499 707 707 775 minus,
736 722 880 762 unus
910 705 1168 774 idemque
1197 704 1365 765 Deus,
1389 700 1488 771 qui
1515 706 1711 771 captus
1740 704 1826 753 est
1854 714 1954 769 pro
1982 713 2108 769 pec-
2193 700 2287 754 vit.
2305 700 2447 764 Quid
2475 699 2646 770 igitur
2661 703 3135 771 putas,quantum
3150 696 3311 751 nobis
3330 702 3515 768 aperta
3529 701 3738 755 conferre

497 798 638 851 catis
664 796 945 859 omnium;
979 791 1067 847 cui
1096 797 1247 845 recte
1277 789 1522 844 diximus
1546 807 1557 841 :
1589 790 1656 843 In
1688 790 1885 841 umbra
1909 792 2006 840 tua
2026 789 2106 840 vi—
2189 790 2395 859 poterit
2421 789 2647 843 claritas
2676 788 2899 842 virtutis
2928 789 3071 858 ejus,
3102 792 3163 841 et
3192 787 3276 840 sol
3300 787 3521 857 justitie
3539 806 3647 843 cum
3670 806 3737 843 re-

497 901 682 940 vemus
704 887 767 938 in
785 883 1053 952 gentibus.
1090 880 1397 951 Propterea
1426 886 1484 932 et
1510 894 1613 932 nos
1640 876 1747 948 ipsi
1778 875 1945 930 etiam
1975 891 2103 929 cum
2187 876 2425 943 fulserit,
2460 878 2505 931 si
2540 885 2761 933 tantum
2792 875 3029 931 contulit
3056 875 3352 929 humilitas
3382 876 3565 940 carnis,
3595 883 3644 931 et
3668 894 3738 932 ex-

495 971 769 1043 propheta
786 974 1177 1041 exspectantes
1200 966 1487 1038 promissae
1508 964 1825 1035 adoptionis
1839 963 2101 1034 gratiam,
2188 966 2424 1021 inanitio
2468 966 2666 1020 divinae
2708 965 3060 1035 majestatis?
3094 965 3207 1018 Per
3244 964 3493 1019 umbram
3538 983 3736 1037 namque

491 1059 640 1114 infra
661 1064 882 1114 nosmet
908 1057 1186 1129 gemimus
1216 1062 1386 1127 atque
1412 1054 1650 1110 dicimus
1674 1072 1686 1107 :
1716 1054 1962 1122 Spiritus
1992 1055 2104 1106 oris
2188 1057 2345 1126 lepra
2373 1062 2569 1110 curata
2603 1062 2707 1121 est,
2741 1063 2798 1109 et
2826 1072 2926 1125 per
2955 1052 3239 1107 fimbriam
3272 1053 3560 1108 Dominicze
3582 1055 3733 1122 vestis,

490 1153 670 1203 nostri
683 1149 931 1203 Christus
945 1148 1214 1201 Dominus
1240 1150 1431 1214 captus
1446 1147 1601 1197 estin
1618 1146 1851 1211 peccatis
1874 1144 2097 1195 nostris.
2187 1143 2341 1198 illius
2371 1144 2592 1198 feminae
2630 1144 2789 1199 stetit
2826 1142 3055 1213 sanguis
3089 1162 3100 1196 :
3148 1159 3253 1213 per
3281 1141 3525 1196 umbram
3554 1161 3735 1215 quoque

491 1237 560 1291 Et
583 1242 719 1291 tunc
743 1253 879 1291 sane
910 1236 1013 1290 hoc
1031 1236 1197 1305 digne
1226 1250 1355 1288 cum
1380 1232 1519 1286 nihil
1545 1230 1698 1285 aliud
1730 1230 1788 1284 in
1809 1229 1975 1284 corde
2002 1235 2105 1283 aut
2186 1249 2314 1287 eum
2344 1233 2603 1296 vidimus,
2636 1233 2859 1295 quando
2898 1249 3010 1286 non
3038 1229 3282 1285 habebat
3328 1233 3554 1302 speciem
3589 1248 3734 1303 neque

485 1328 550 1381 in
581 1343 678 1381 ore
704 1331 1025 1396 gestamus;
1060 1323 1158 1377 sed
1187 1329 1369 1377 totum
1400 1320 1547 1392 quod
1596 1320 1743 1374 infra
1773 1318 2097 1374 interiorem
2184 1322 2461 1377 decorem.
2495 1325 2637 1377 Caro
2659 1324 2866 1393 quippe
2892 1323 3035 1392 ejus,
3058 1328 3121 1375 ut
3142 1320 3409 1384 diximus,
3440 1321 3619 1376 umbra
3633 1322 3732 1386 fuit,

487 1415 774 1469 hominem
803 1414 1137 1483 trajicimus,
1180 1417 1278 1466 aut
1317 1412 1441 1483 ipse
1485 1417 1585 1465 aut
1622 1427 1686 1464 ex
1738 1409 1860 1480 ipso
1892 1414 1994 1473 est,
2043 1415 2101 1462 et
2183 1428 2305 1482 quae
2331 1418 2648 1466 nostrarum
2672 1410 3023 1481 refrigeravit
3050 1418 3224 1464 aestus
3243 1409 3614 1481 cupiditatum,
3638 1426 3733 1480 qua

486 1504 634 1575 quod
665 1520 761 1557 ore
805 1503 1157 1574 proferimus,
1203 1500 1272 1554 de
1302 1501 1422 1570 ipso
1449 1506 1507 1553 et
1548 1499 1618 1554 ad
1644 1499 1827 1570 ipsum
1858 1505 1961 1553 est.
2006 1496 2097 1551 Sic
2181 1501 2443 1556 restinxit
2458 1502 2615 1571 ignes
2638 1500 2967 1554 libidinum:
2999 1516 3124 1571 quae
3144 1499 3395 1554 avaritia:
3414 1499 3732 1554 diversarum-

487 1591 694 1663 quippe
738 1591 977 1645 interior
1012 1590 1181 1644 homo
1226 1588 1555 1654 νίνὶἢαιων,
1594 1587 1857 1659 pascitur.
1903 1587 2093 1656 Sicque
2179 1607 2287 1661 que
2318 1590 2641 1661 passionum
2673 1589 2933 1644 incendia
2961 1589 3322 1660 temperavit.
3346 1589 3414 1643 Et
3424 1589 3555 1662 quid
3582 1589 3727 1642 dicam

484 1679 768 1735 animatus
816 1679 1187 1737 continuatim
1232 1687 1551 1733 renovatur.
1595 1676 1921 1731 Viviflcatur
1964 1692 2091 1730 vero
2175 1677 2245 1733 de
2276 1679 2477 1734 umbra
2505 1679 2748 1745 Domini,
2779 1680 2883 1733 sub
2905 1696 3017 1750 qua
3045 1678 3289 1733 vivimus
3317 1678 3461 1733 inter
3483 1684 3667 1749 gentes,
3686 1683 3728 1733 et

483 1769 737 1840 quotidie
760 1768 819 1823 in
840 1785 905 1823 eo
931 1768 990 1823 in
1011 1784 1121 1839 quo
1144 1773 1247 1833 est,
1270 1774 1329 1822 et
1344 1766 1441 1838 qui
1464 1767 1521 1821 in
1546 1783 1611 1821 eo
1637 1772 1743 1832 est,
1766 1765 2085 1820 enutritur:
2112 1756 2154 1817 Β
2174 1768 2231 1823 in
2252 1786 2419 1839 quam
2442 1775 2639 1839 gentes
2660 1784 2915 1840 sperasse
2946 1768 3210 1838 legimus,
3236 1767 3460 1839 quando
3481 1773 3533 1821 et
3549 1772 3727 1837 aposto-

479 1863 649 1929 atque
678 1874 779 1929 per
805 1857 972 1912 fidem
1001 1857 1154 1911 intus
1183 1855 1385 1910 forisve
1427 1854 1685 1909 Christus
1730 1853 2090 1925 amplectitur
2172 1857 2353 1911 lorum
2375 1857 2575 1912 umbra
2596 1856 2833 1912 sanabat
2851 1863 3110 1928 aegrotos,
3126 1855 3445 1911 vivificabat
3459 1855 3727 1927 languidos?

481 1953 539 2000 et
571 1945 880 2017 profertur;
913 1951 972 2000 et
1005 1945 1149 1999 sicut
1178 1946 1345 1998 ﬂatus
1377 1943 1482 1997 iste
1506 1959 1705 1997 aereus
1729 1960 1795 1997 ex
1824 1959 1889 1996 eo
1920 1940 2087 1995 habet
2172 1946 2447 2001 Veniente
2501 1946 2650 2001 enim
2702 1947 2869 2000 Petro
2912 1945 3300 2000 offerebantur
3342 1945 3540 1999 infirmi
3569 1964 3580 1999 :
3615 1960 3724 2015 quos

480 2034 628 2105 quod
648 2034 869 2106 capitur
886 2033 958 2088 ad
977 2049 1144 2104 quem
1165 2032 1425 2105 respirat,
1439 2048 1636 2087 rursus
1655 2032 1897 2086 exterior
1917 2031 2083 2084 homo
2168 2036 2515 2091 transeuntis
2537 2035 2775 2107 apostoli
2790 2034 2989 2089 umbra
3005 2034 3285 2089 reddebat
3297 2032 3649 2102 sanitati(Act.
3662 2034 3719 2091 vl.

474 2122 785 2178 vivificatur
827 2128 893 2177 ut
933 2123 1161 2193 aspiret,
1205 2122 1287 2176 ita
1328 2128 1386 2176 et
1422 2126 1613 2176 noster
1641 2121 1811 2175 homo
1850 2118 2085 2173 interior
2166 2122 2325 2179 Unde
2343 2141 2471 2179 caro
2493 2124 2738 2189 Domini,
2764 2124 2895 2195 quid
2919 2123 3068 2178 aliud
3094 2141 3270 2195 quam
3292 2123 3487 2177 umbra
3512 2120 3637 2175 fuit?
3660 2119 3721 2173 De

472 2228 698 2267 necesse
721 2211 893 2266 habet
913 2227 1012 2283 per
1032 2211 1221 2272 ﬁdem,
1245 2210 1507 2282 spiritum
1540 2210 1718 2265 Deum
1742 2209 1894 2263 intus
1916 2207 2083 2263 corde
2167 2229 2279 2285 qua
2317 2213 2562 2285 profecto
2606 2230 2773 2267 carne
2815 2213 3088 2285 propheta
3118 2212 3260 2266 dicit
3292 2231 3303 2265 :
3340 2212 3463 2266 Ecce
3499 2210 3719 2264 Dominus

467 2306 791 2372 susceptum
819 2300 1047 2368 habere,
1082 2304 1359 2371 quatenus
1386 2298 1457 2353 ab
1488 2315 1573 2366 eo,
1606 2304 1775 2369 atque
1805 2315 1905 2369 per
1926 2314 2075 2365 eum,
2164 2304 2305 2357 sedet
2332 2319 2496 2371 super
2528 2304 2727 2356 nubem
2756 2306 2943 2368 levem,
2977 2307 3026 2356 et
3054 2304 3210 2355 venit
3230 2304 3295 2355 in
3324 2303 3594 2367 zEgyptum
3613 2298 3715 2365 (lsa.

468 2396 638 2461 atque
661 2390 720 2443 in
763 2389 884 2460 ipso
915 2388 1091 2460 possit
1122 2389 1323 2455 vivere,
1356 2388 1589 2442 vivendo
1614 2404 1740 2441 vero
1769 2386 1922 2441 vobis
1952 2403 2075 2441 om-
2160 2400 2295 2453 xxv).
2331 2390 2438 2443 Sed
2469 2395 2527 2444 et
2554 2389 2729 2444 nubes
2758 2389 2894 2443 levis
2924 2393 2981 2443 et
3017 2388 3207 2442 lucida
3237 2384 3593 2441 obumbrabat
3614 2400 3715 2454 apo-

466 2478 633 2534 nibus
663 2478 734 2533 ad
762 2495 891 2533 eum
920 2478 1222 2550 respirare,
1253 2484 1423 2549 atque
1460 2494 1566 2531 sua
1594 2492 1828 2548 qumque
1877 2475 2077 2530 intima
2159 2478 2351 2544 stolos,
2394 2495 2465 2531 ne
2503 2478 2585 2532 sol
2627 2478 2943 2549 iniquitatis
2972 2494 3068 2531 eos
3118 2482 3401 2531 exureret.
3443 2474 3547 2529 Sub
3590 2472 3714 2540 cujus

462 2567 521 2621 in
561 2583 690 2623 eum
736 2571 795 2621 et
840 2583 1029 2621 coram
1058 2583 1124 2621 eo
1154 2566 1460 2621 effundere.
1510 2563 1615 2629 Qui
1660 2565 1908 2637 profecto
1947 2564 2075 2618 talis
2158 2566 2634 2621 nimirumumbra
2653 2558 3707 2638 quodfuturumprophetadenuntiabat,

468 2662 600 2711 ante
622 2662 806 2729 potest
828 2656 1011 2711 dicere
1041 2669 1051 2702 ε
1080 2657 1331 2725 Spiritus
1355 2671 1467 2709 oris
1498 2658 1676 2709 nostri
1707 2655 1957 2709 Christus
1982 2655 2076 2708 Dc-
2153 2655 2272 2726 jam
2303 2655 2535 2709 vivimus
2558 2655 2615 2708 in
2635 2655 2898 2726 gentibus
2918 2660 2975 2708 et
3002 2653 3411 2725 requiescimus
3436 2649 3531 2705 sub
3550 2646 3709 2703 umbra

469 2749 681 2812 minus,
705 2751 894 2815 captus
920 2751 993 2800 est
1019 2748 1083 2799 in
1100 2747 1333 2814 peccatis
1356 2746 1578 2799 nostris.
1600 2744 1810 2814 Captus
1832 2748 1918 2796 est
1942 2759 2075 2812 ergo
2157 2743 2521 2815 protectionis
2537 2745 2679 2814 ejus.
2694 2745 2836 2799 Nam
2861 2743 3008 2797 idem
3028 2743 3309 2814 propheta
3330 2742 3385 2795 in
3409 2739 3588 2795 umbra
3604 2750 3706 2788 eum

467 2835 527 2890 in
553 2835 794 2907 peccatis
821 2834 1047 2890 nostris.
1080 2839 1145 2887 ut
1195 2837 1421 2903 peccata
1464 2848 1498 2885 a
1547 2830 1708 2885 nobis
1750 2830 2069 2901 expelleret,
2156 2832 2398 2894 videbat.
2422 2832 2675 2904 quamvis
2704 2833 2761 2887 in
2784 2832 3004 2903 spiritu,
3039 2848 3168 2885 cum
3203 2831 3384 2885 adhuc
3412 2829 3537 2883 fides
3561 2824 3706 2907 prima

465 2941 638 2995 seque
664 2923 1088 2985 intromitteret,
1114 2927 1177 2974 ut
1202 2938 1303 2975 nos
1336 2921 1483 2974 Deus
1511 2919 1755 2990 Spiritus
1779 2918 1927 2973 inter
1952 2936 2076 2990 pos—
2156 2922 2275 2977 haec
2320 2922 2389 2976 de
2438 2939 2503 2976 eo
2551 2921 2814 2993 gentibus
2853 2920 3259 2988 nuntiabatur;
3306 2920 3402 2974 sed
3442 2932 3578 2971 nunc
3610 2914 3705 2983 jam

466 3020 650 3067 Sessos
697 3011 1019 3075 vivificaret,
1055 3009 1360 3063 vivificatos
1389 3025 1519 3063 vero
1562 3023 1784 3078 semper
1819 3007 2072 3078 posside-
2156 3017 2337 3065 totum
2368 3011 2649 3065 illuminat
2678 3010 2968 3075 mundum,
3002 3011 3263 3081 quamvis
3293 3009 3469 3062 adhuc
3494 3020 3606 3059 eum
3629 3015 3707 3072 per

467 3107 576 3161 ret.
616 3105 895 3170 quatenus
920 3115 1022 3152 nos
1049 3115 1084 3151 a
1108 3114 1166 3152 se
1197 3103 1254 3152 et
1281 3097 1340 3151 in
1369 3113 1447 3163 se,
1478 3096 1549 3150 ad
1579 3113 1639 3150 se
1680 3096 1860 3167 ipsum
1892 3096 2071 3168 respi-
2090 3117 2133 3175 ρ
2157 3099 2242 3153 sui
2268 3100 2536 3171 corporis,
2568 3117 2690 3171 que
2712 3104 2797 3154 est
2826 3098 3072 3153 Ecclesia
3098 3098 3201 3153 Dei
3230 3097 3360 3153 vivi.
3382 3095 3617 3150 umbram
3642 3088 3705 3140 vi-

466 3203 594 3242 rare
622 3186 972 3241 concederet.
996 3186 1117 3251 Quo
1141 3185 1383 3256 denique
1405 3184 1609 3257 spiritu
1632 3184 1786 3240 intus
1812 3185 2067 3251 recreati,
2158 3188 2375 3242 demus.
2403 3188 2664 3243 Nondum
2686 3189 2835 3243 enim
2861 3188 3000 3242 facie
3028 3187 3099 3242 ad
3128 3186 3355 3251 faciem,
3388 3184 3510 3256 quia
3535 3178 3704 3235 nullius

466 3275 720 3331 dicamus
732 3291 857 3330 cum
872 3275 1155 3347 Propheta
1172 3294 1183 3329 :
1206 3277 1273 3330 In
1288 3276 1489 3328 umbra
1504 3280 1601 3329 tua
1614 3278 1929 3329 vivemusin
1943 3290 2071 3343 gen-
2153 3277 2402 3349 corporis
2421 3277 2565 3332 oculi
2587 3277 2895 3332 divinitatis
2915 3278 3037 3346 ejus
3056 3282 3299 3348 possunt
3314 3274 3546 3344 recipere
3562 3267 3705 3336 fulgo-

465 3367 625 3420 tibus.
653 3364 929 3429 Quoniam
950 3364 1069 3436 ipse
1091 3368 1177 3418 est
1209 3362 1547 3435 exspectatio
1577 3364 1832 3434 gentium
1861 3370 1918 3418 et
1946 3363 2071 3420 Sal-
2153 3384 2294 3431 rem,
2323 3372 2381 3421 et
2407 3366 2532 3421 ideo
2562 3366 2721 3437 quasi
2752 3366 2856 3421 sub
2886 3365 3088 3421 umbra
3117 3364 3373 3436 quotidie
3412 3366 3574 3417 totum
3601 3369 3702 3427 pm-

461 3458 623 3512 vator
648 3469 843 3509 earum
871 3473 882 3508 :
916 3452 1037 3525 ipse
1066 3460 1153 3508 est
1181 3469 1374 3507 semen
1407 3452 1664 3519 Abrahae,
1690 3452 1747 3507 in
1771 3469 1880 3525 quo
1908 3452 2072 3508 bene-
2152 3455 2293 3526 tegit
2310 3454 2500 3509 orbem
2521 3460 2899 3515 terrarum,et
2918 3454 3090 3509 nosin
3104 3453 3370 3525 gentibus
3396 3452 3610 3517 Ιδττ
3627 3456 3702 3513 sPe

462 3541 722 3598 dicentur
742 3559 936 3597 omnes
963 3548 1161 3613 gentes
1187 3548 1371 3596 terrae.
1393 3541 1495 3596 Cui
1524 3540 1771 3613 profecto
1797 3543 2072 3614 propheta
2153 3545 2273 3599 viva
2303 3551 2660 3616 regeneratos
2691 3545 2848 3617 quasi
2882 3544 2985 3599 sub
3028 3544 3234 3599 umbra
3264 3545 3439 3598 vivere
3471 3532 3695 3594 concedit.

462 3631 604 3687 bene
632 3631 799 3687 corde
822 3631 1060 3698 dixerat,
1085 3638 1143 3685 et
1167 3647 1262 3685 ore
1282 3629 1570 3685 confessus
1600 3630 1783 3685 fuerat
1811 3648 1822 3683 :
1855 3632 1921 3685 In
1952 3648 2073 3684 um-
2153 3635 2383 3689 Nullum
2404 3635 2553 3688 enim
2578 3635 2885 3689 remedium
2904 3640 3044 3698 erat,
3066 3634 3176 3688 nisi
3200 3635 3257 3689 in
3278 3633 3507 3688 adventu
3526 3619 3698 3681 Domini

462 3722 561 3775 bra
590 3725 687 3775 tua
713 3724 957 3775 vivemus
990 3722 1051 3775 in
1071 3722 1344 3788 gentibus.
1362 3719 1640 3784 Quoniam
1661 3719 1779 3791 ipse
1799 3726 2068 3775 venturus
2151 3724 2329 3778 nostri
2353 3724 2378 3778 .l
2386 3741 2484 3778 esu
2503 3724 2732 3789 Christi,
2753 3723 2848 3795 qui
2867 3724 3001 3778 solis
3021 3723 3335 3795 desperatis
3359 3718 3521 3793 possit
3537 3714 3696 3769 afferre

459 3809 518 3864 in
545 3825 714 3865 carne
738 3814 861 3864 erat
882 3808 1139 3864 Christus
1159 3809 1451 3875 Dominus,
1470 3826 1636 3881 quem
1662 3817 1859 3881 gentes
1876 3826 2065 3881 regem
2151 3812 2504 3867 medicinam.
2535 3813 2695 3867 Unde
2728 3818 2784 3867 et
2822 3829 2994 3885 supra
3032 3811 3135 3867 sub
3166 3813 3326 3884 Coph
3356 3811 3547 3864 littera.
3568 3796 3693 3874 quSSi

404 3932 407 3937 ι
459 3903 517 3953 et
554 3898 729 3953 Deum
762 3903 1104 3969 suscepturee
1150 3896 1253 3952 sub
1284 3899 1407 3968 ejus
1436 3896 1639 3953 umbra
1668 3897 1931 3970 deinceps
1961 3898 2067 3953 sal-
2148 3902 2440 3969 conclusus
2448 3901 2692 3973 jacebat.
2712 3902 2827 3956 Hoc
2846 3902 3053 3974 quippe
3075 3901 3232 3973 COph
3253 3905 3432 3956 littera
3447 3907 3620 3951 sonare
3633 3885 3693 3941 di-

460 3992 597 4043 vate
624 4003 753 4043 cum
782 3987 991 4042 sanctis
1020 3986 1469 4058 requiescerent;
1502 3993 1559 4041 et
1585 3987 1690 4041 hoc
1718 3994 1804 4042 est
1830 3987 2017 4043 dicere
2046 4006 2058 4042 :
2147 3992 2309 4045 citur.
2329 3992 2963 4061 Appropinquavitenim
2984 3996 3195 4059 tempus
3211 3976 3693 4051 nostrum,complett

457 4075 572 4131 Sub
607 4078 809 4130 umbra
853 4082 949 4129 tua
987 4080 1231 4130 vivemus
1274 4079 1339 4130 in
1374 4078 1645 4144 gentibus.
1678 4077 1803 4131 Non
1830 4076 1899 4131 de
1928 4093 2063 4147 przc-
2144 4086 2273 4133 sunt
2293 4081 2405 4134 dies
2429 4084 2621 4145 nostri,
2651 4082 2785 4149 quia
2808 4081 2957 4133 venit
2979 4082 3109 4147 ﬁnis
3129 4084 3329 4134 noster.
3354 4076 3476 4131 Ilaec
3492 4077 3690 4136 namque

458 4163 603 4216 senti
631 4169 731 4217 aut
759 4163 1062 4234 praeterito,
1095 4164 1193 4218 sed
1234 4164 1303 4218 de
1345 4165 1555 4219 futuro.
1591 4165 1761 4228 Quasi
1803 4166 2013 4220 diceret
2047 4184 2059 4220 ε
2144 4168 2422 4223 conclusio
2444 4168 2898 4239 desperationem
2921 4168 3164 4234 afferret,
3199 4167 3308 4223 nisi
3334 4164 3579 4220 adventus
3602 4154 3687 4210 Do-

458 4250 604 4314 Quia
632 4256 767 4305 tunc
799 4252 999 4305 melius
1029 4267 1155 4305 cum
1203 4251 1283 4306 eis
1325 4251 1587 4322 gentibus
1629 4253 1898 4320 vivemus,
1933 4270 2060 4309 cum
2145 4258 2283 4312 mini
2312 4273 2413 4312 nos
2433 4258 2706 4312 relevaret
2750 4257 2908 4312 Unde
2940 4257 3085 4312 idem
3118 4258 3175 4311 in
3203 4255 3401 4328 spiritu
3429 4252 3681 4306 recreatur-

456 4338 576 4411 ipse
599 4338 887 4393 advenerit
910 4339 1283 4411 repromissus
1304 4340 1535 4411 spiritus
1558 4342 1670 4395 oris
1700 4343 1876 4397 nostri
1905 4343 2124 4418 Chri-n
2142 4345 2404 4416 Spiritus,
2440 4346 2625 4418 inquit
2678 4347 2789 4401 oris
2818 4346 2996 4401 nostri
3044 4352 3175 4401 ante
3226 4345 3416 4401 faciem
3453 4345 3681 4395 nostram.

455 4434 574 4485 stus
598 4429 893 4494 Dominus,
927 4429 1023 4501 qui
1052 4435 1249 4500 captus
1279 4435 1365 4483 est
1394 4430 1452 4483 in
1482 4431 1723 4501 peccatis
1745 4434 1968 4500 nostris,
2001 4434 2060 4488 in
2083 4425 2124 4450 υ
2142 4436 2398 4490 Christus
2427 4435 2696 4491 Dominus
2716 4437 3151 4507 comprehensus
3176 4442 3261 4490 est
3288 4435 3343 4489 in
3372 4425 3586 4504 peccatis
3608 4434 3681 4507 no-

463 4524 699 4587 ]52]
723 4517 924 4591 quibus
938 4519 1403 4587 mortuieramus;
1423 4527 1479 4574 et
1493 4520 1790 4575 vivificavit
1803 4523 2060 4578 mortalia
2142 4526 2292 4580 stris.
2319 4526 2386 4580 Et
2418 4525 2724 4579 notandum
2755 4505 2900 4597 quod
2931 4524 3114 4579 omnis
3142 4523 3372 4579 lamenti
3401 4512 3607 4574 intentio
3622 4505 3675 4597 ad

452 4623 687 4680 corpora
713 4625 813 4680 per
843 4608 1254 4664 inhabitantem
1277 4608 1536 4680 Spiritum
1563 4611 1686 4681 ejus
1713 4611 1769 4665 in
1795 4611 1973 4677 nobis,
2004 4618 2059 4667 et
2140 4612 2291 4667 hunc
2313 4613 2562 4668 decurrit
2591 4596 2785 4681 finem,
2805 4614 2860 4667 in
2888 4630 2997 4685 quo
3020 4614 3193 4668 totius
3220 4608 3462 4667 thJ‘OI‘iS
3483 4620 3539 4659 ac
3559 4596 3677 4653 d010-

449 4697 647 4753 tulerit
667 4698 815 4769 quod
836 4699 1130 4753 adversum
1149 4715 1250 4753 nos
1272 4706 1357 4753 est
1377 4699 1807 4772 chirographum
1826 4701 2054 4772 peccati.
2140 4702 2217 4756 ris
2251 4702 2378 4758 finis
2403 4702 2736 4775 imponitur;
2772 4720 2836 4757 ac
2864 4702 3127 4775 deinceps
3153 4701 3210 4757 in
3234 4693 3566 4773 sequentibus
3586 4698 3675 4775 Vtr-

446 4786 607 4842 Unde
624 4785 1100 4844 alibiDavid:Sub
1122 4788 2056 4860 umbra,inquit,a/arumtuarum
2139 4788 2310 4854 sibus,
2350 4772 2509 4862 quasi
2555 4791 2763 4846 bivium
2803 4772 3242 4857 demonstratur,
3278 4772 3523 4861 quoniam
3548 4772 3675 4831 οαΞῙθ·

442 4879 659 4944 protege
705 4889 809 4935 me,
850 4890 886 4927 ιι
921 4878 1064 4941 facie
1103 4879 1409 4944 impiorum
1461 4881 1561 4946 qui
1604 4895 1688 4931 me
1725 4881 2055 4948 afﬂixerunt
2138 4880 2240 4934 stis
2271 4886 2327 4934 et
2357 4881 2649 4952 redempta
2675 4881 2986 4935 Jerusalem
3012 4880 3296 4934 dexteram
3323 4862 3671 4952 tenente!!de

450 4963 592 5032 (Psat
647 4965 779 5027 xvr).
814 4962 1078 5017 Senserat
1123 4964 1274 5018 enim
1323 4966 1555 5020 ardores
1584 4967 2047 5038 concupiscentia-
2137 4984 2267 5021 vero
2298 4969 2665 5040 sanguinibus
2695 4976 3047 5041 peccatorum
3091 4968 3296 5023 fmdata
3337 4966 3508 5019 laevam
3542 4948 3666 5025 Ρθίίίο

444 5064 571 5103 rum
594 5054 733 5103 aestu
753 5056 980 5102 vexatos
1002 5050 1266 5117 libidinis,
1284 5060 1339 5107 et
1362 5053 1486 5109 ideo
1500 5054 1604 5109 sub
1625 5054 1824 5109 umbra
1836 5057 2054 5111 alarum
2139 5057 2298 5111 Unde
2328 5058 2457 5112 huic
2476 5076 2553 5114 va:
2584 5059 2835 5114 futurum
2868 5058 3126 5113 imminet
3147 5077 3158 5111 :
3183 5057 3251 5111 ab
3271 5049 3549 5111 Jerusalem
3569 5050 3667 5092 νεΐο

443 5138 544 5192 Dei
567 5154 626 5192 se
645 5137 861 5209 protegi
890 5144 1132 5208 eXoptat,
1162 5147 1437 5210 quatenus
1465 5160 1498 5196 a
1523 5143 1752 5198 flamma
1778 5149 1892 5198 tam
1915 5144 2050 5200 dirae
2139 5146 2392 5201 Christus
2413 5148 2681 5202 Dominus
2702 5164 2924 5203 omnem
2945 5147 3248 5219 lacrymam
3271 5135 3540 5207 abstergiti
3562 5140 3666 5199 quo‘

443 5225 747 5279 exustionis
776 5225 982 5280 illaesus
1012 5228 1347 5298 requiescat.
1382 5230 1522 5283 Hinc
1544 5248 1764 5302 quoque
1793 5240 1850 5285 et
1876 5232 2050 5287 beata:
2134 5234 2285 5289 niam
2318 5253 2449 5290 crux
2482 5237 2703 5292 Domini
2741 5236 2989 5291 tribunal
3013 5236 3208 5307 judicii
3240 5234 3397 5290 fuisse
3425 5221 3660 5298 probatur,

441 5314 631 5369 Mariae
677 5315 1027 5387 promittitur
1076 5334 1087 5368 :
1156 5318 1335 5369 Virtus
1381 5319 1660 5373 Altissimi
1701 5323 2047 5375 obumbrabit
2134 5323 2267 5378 dum
2316 5342 2462 5380 unus
2495 5341 2687 5381 eorum
2720 5327 2814 5398 qui
2863 5326 2991 5380 hinc
3020 5325 3150 5380 inde
3194 5317 3555 5397 pependerant,
3582 5315 3659 5403 ρετ

442 5406 544 5458 tibi
583 5405 726 5472 (Luc.
774 5408 836 5474 1),
877 5421 950 5460 ne
994 5405 1124 5459 ullis
1174 5406 1750 5477 concupiscentiarum
1801 5410 2047 5466 motibus
2133 5414 2298 5468 fidem
2329 5416 2654 5481 assumitur,
2680 5416 2824 5469 alter
2863 5414 3209 5486 blasphemia
3226 5412 3496 5467 damnatus
3517 5400 3564 5452 in
3589 5400 3656 5445 in-

436 5499 825 5567 vaporaretur,
858 5500 924 5549 ut
961 5493 1316 5550 adustionem
1354 5494 1597 5550 incendii
1635 5499 1888 5558 sentiret.
1923 5517 2045 5572 quae
2126 5503 2299 5558 teritu
2331 5510 2554 5560 aeterna:
2583 5506 2780 5560 mortis
2806 5505 3181 5577 relinquitur;
3224 5501 3347 5575 quia
3373 5490 3649 5577 pendentem

435 5582 505 5639 de
551 5581 765 5657 Spiritu
811 5586 1003 5641 sancto
1050 5588 1392 5656 conceptum
1439 5588 1577 5639 erat.
1626 5586 1836 5659 Captus
1892 5589 2041 5645 enim
2126 5607 2312 5648 coram
2343 5594 2516 5649 oculis
2545 5610 2646 5667 per
2676 5594 2843 5649 fidem
2885 5575 3132 5666 recipere
3162 5582 3470 5657 contempsit
3493 5575 3646 5630 vitam-
