3960 6168
339 241 479 301 1233
902 193 917 202 .
1001 241 1384 301 EXPOSITlO
1423 245 1503 301 IN
1539 236 2148 302 LAMENTATIONES
2185 233 2530 290 JEREMIE.
2575 262 2638 273 —
2678 230 2814 287 LIB.
2858 231 2954 287 IV.
3478 229 3614 290 1234

326 367 477 424 Nam
507 369 658 441 quod
684 369 821 425 dicit
849 374 1040 438 captus
1064 374 1160 432 est,
1190 369 1538 440 praeteritum
1567 370 1756 443 posuit
1781 365 1932 441 quod
1948 367 1999 426 A
2014 362 2247 417 daretur
2273 360 2545 415 virtutum
2558 356 3144 413 indumentis.Atvero
3163 356 3475 413 Jerusalem
3486 372 3611 429 qua

266 506 277 511 -
326 458 586 514 futurum
612 465 754 525 erat,
789 474 946 514 more
978 459 1229 513 omnium
1256 475 1470 524 eorum,
1498 460 1593 531 qui
1632 459 1691 514 in
1735 458 1934 513 divinis
2017 467 2242 506 sursum
2269 455 2372 511 est.
2396 453 2580 504 mater
2597 454 2684 502 est
2705 447 3008 501 electorum
3055 444 3188 511 Dei;
3222 461 3334 500 non
3357 444 3414 501 in
3442 451 3614 507 terra,

324 547 864 619 repromissionibus
888 564 988 619 pro
1012 548 1218 603 futuris
1247 548 1531 620 praeterita
1559 565 1812 620 posuere.
1835 549 1932 604 Est
2016 540 2125 613 sed.
2146 539 2204 593 in
2235 538 2388 593 ccrlis
2415 537 2655 601 habitat,
2699 534 2794 590 ubi
2814 552 2874 590 se
2899 541 3073 589 totam
3100 533 3449 604 transposuit
3473 533 3621 587 sicut

322 637 522 708 itaque
550 642 608 692 et
632 638 737 692 hoc
756 637 813 691 in
848 638 1083 708 ejulatu,
1116 637 1292 692 nimia
1329 639 1615 710 sequentis
1669 638 1932 693 discretio
2013 628 2225 683 Paulus
2255 627 2443 682 aiebat
2477 645 2489 680 :
2530 628 2733 680 Nostra
2783 629 2969 678 autem
3016 625 3352 677 conversatio
3381 625 3444 676 in
3473 624 3617 677 caelis

325 726 588 785 lamenti.
621 742 732 797 quo
752 733 1074 781 sanctorum
1096 726 1345 782 omnium
1365 727 1548 782 luctus
1567 726 1920 791 terminatur,

2013 722 2123 780 est;
2149 722 2237 770 et:
2262 718 2387 783 Quae
2401 729 2628 768 sursum
2655 717 2787 766 sunt
2807 714 2999 778 sapite,
3033 726 3144 764 non
3174 727 3293 779 quae
3319 725 3485 778 super
3513 715 3618 763 ter-

324 819 387 869 et
402 814 676 886 gaudium
702 819 831 886 post
858 832 1155 870 maerorem
1218 822 1275 870 et
1325 816 1614 872 tristitiam
1640 816 1924 888 incipitur,
2014 821 2141 860 ram
2157 806 2378 875 (Philip.
2396 816 2500 869 III).
2536 799 2977 857 Pertimescebat
3000 815 3245 869 namque
3273 798 3433 888 illud,
3467 797 3615 869 quod

322 905 392 960 In
422 903 533 958 illis
558 921 690 959 vero
720 904 939 959 duobus
992 905 1225 960 lamenti
1253 904 1524 969 versibus,
1556 922 1586 960 a
1611 906 1820 976 gaudio
1850 922 1928 961 vae

319 993 590 1048 ultimum
618 994 916 1049 inchoatur
945 1013 956 1048 :
991 993 1140 1065 quod
1171 994 1325 1049 nullo
1346 994 1689 1050 terminatur
1716 994 1928 1050 doloris

322 1098 394 1138 ac
411 1083 693 1140 cruciatus
724 1083 991 1140 remedio.
1018 1084 1179 1139 Unde
1207 1083 1463 1155 sequitur
1487 1102 1499 1136 :

1076 1244 1177 1280 SIN.

306 1372 321 1383 “
397 1372 583 1429 Gaude
596 1377 646 1426 et
666 1375 868 1435 testare,
898 1373 1020 1437 ﬁlia
1039 1371 1231 1434 Edam,
1257 1387 1374 1440 qua:
1418 1372 1633 1425 habitas
1663 1374 1727 1426 in
1757 1378 1926 1428 terra.

316 1462 407 1516 Ad
421 1467 469 1515 te
489 1477 703 1530 quoque
713 1462 990 1529 pervczniet
1004 1458 1176 1514 catini:
1196 1461 1729 1530 inebriaberisatque
1744 1464 1927 1516 nuda-

319 1552 486 1605 beris.
520 1548 783 1604 Inimicos
813 1564 1036 1620 semper
1060 1548 1234 1603 fuisse
1254 1549 1663 1621 Jerosolymitis
1675 1566 1786 1604 non
1802 1551 1924 1606 dico

318 1639 735 1700 Edom,verum
788 1638 959 1693 etiam
989 1655 1185 1693 omnes
1227 1643 1425 1709 gentes
1474 1656 1576 1710 per
1602 1640 1920 1708 circuitum,

315 1745 489 1784 nemo
512 1728 607 1800 qui
638 1728 902 1783 historias
930 1733 1028 1783 aut
1055 1728 1357 1800 prophetas
1399 1728 1553 1799 legit,
1582 1728 1824 1784 dubitat.
1856 1731 1924 1785 Et
1943 1731 1988 1791 B

314 1818 448 1873 ideo
465 1817 595 1889 quia
623 1823 817 1872 contra
844 1817 1144 1872 Dominum
1161 1823 1466 1890 contraque
1487 1819 1535 1889 ej
1545 1834 1609 1873 us
1625 1818 1917 1881 auxilium,

316 1906 381 1961 hi
411 1906 741 1961 exsultando
771 1907 840 1960 de
870 1907 1034 1961 malis
1064 1923 1187 1978 quae
1221 1907 1542 1961 acciderant
1569 1907 1737 1961 letati
1766 1912 1917 1973 sunt,

315 1994 489 2066 digne
519 1995 680 2067 quasi
708 1995 778 2049 de
816 1994 1253 2067 reciprocatione
1281 2012 1580 2067 percepere
1620 1996 1920 2050 vindictam

318 2084 532 2140 furoris
561 2083 787 2139 Domini
834 2084 1155 2139 Inebriatur
1182 2091 1372 2139 autem
1399 2085 1571 2139 Edoni
1603 2085 1671 2139 de
1692 2085 1818 2140 vino
1855 2101 1921 2140 ex

317 2190 434 2245 quo
463 2190 656 2228 omnes
680 2179 876 2244 gentes
907 2190 1078 2246 supra
1107 2173 1387 2240 biberunt,
1425 2180 1483 2228 et
1510 2190 1573 2229 ex
1601 2175 1800 2246 poculo
1830 2174 1926 2228 illo

316 2261 626 2333 Babylonis
645 2277 838 2316 aureo.
859 2262 1164 2334 Propterea
1175 2262 1384 2316 dicitur
1407 2279 1418 2314 :
1444 2264 1481 2317 Α
1493 2264 1529 2315 d
1552 2268 1599 2316 te
1620 2278 1788 2331 usque
1802 2278 1929 2332 per-

318 2355 498 2405 veniet
531 2353 678 2406 cali:
708 2370 725 2405 :
750 2351 1115 2405 inebriabe-ris
1169 2357 1217 2405 et
1266 2352 1582 2405 nudaberis.
1627 2351 1772 2415 Quia
1808 2351 1926 2407 haec

313 2439 458 2495 dicit
499 2445 742 2506 I323
765 2439 1037 2495 Dominus
1067 2458 1078 2492 :
1117 2440 1253 2495 Ecce
1282 2439 1486 2512 quibus
1515 2456 1628 2494 non
1648 2447 1770 2495 erat
1776 2441 1926 2511 judi-

315 2528 468 2583 cium
492 2533 556 2583 ut
584 2528 845 2583 biberent
891 2529 1147 2593 calicem,
1180 2528 1433 2584 bibentes
1488 2528 1718 2597 bibent;
1760 2535 1817 2584 et
1853 2530 1923 2585 ad

316 2618 584 2673 ultimum
615 2618 877 2673 civitates
907 2619 1048 2689 ejus.
1076 2618 1278 2691 inquit,
1312 2624 1480 2673 erunt
1506 2618 1562 2672 in
1594 2619 1924 2674 solitudines

316 2707 713 2779 sempiternas,
745 2714 804 2762 et
829 2724 864 2762 a
891 2724 1022 2762 voce
1041 2711 1218 2764 ruinae
1243 2709 1366 2779 ejus
1386 2714 1668 2763 commota
1691 2715 1777 2763 est
1802 2725 1924 2763 om-

316 2798 409 2851 nis
432 2801 602 2851 terra.
633 2797 767 2862 Quae
797 2797 986 2853 omnia
1015 2798 1141 2853 licet
1169 2798 1444 2869 completa
1473 2798 1588 2852 sint
1616 2798 1675 2852 in
1706 2798 1803 2852 illa
1825 2815 1921 2852 va-

317 2886 569 2941 statione
594 2886 768 2957 gladii
799 2887 1120 2959 Babylonis,
1154 2893 1212 2942 et
1258 2902 1452 2942 rursus
1505 2886 1756 2956 Babylon
1800 2888 1925 2960 ipsa

318 2975 701 3030 exterminata
724 2976 782 3030 in
813 2977 897 3030 ira
918 2976 1126 3031 furoris
1144 2976 1262 3040 Dei,
1296 2981 1488 3031 tamen
1522 2977 1723 3032 melius
1736 2977 1805 3032 de
1826 2978 1923 3033 illo

2010 895 2255 949 Joannes
2278 892 2338 946 in
2381 890 2679 962 Apocalysi
2708 906 2810 944 sua
2849 890 2962 943 ait:
3010 890 3104 953 ναῖε,
3130 904 3206 941 ca:
3233 886 3613 941 habitantibus

2011 986 2075 1037 in
2106 988 2278 1048 terra,
2295 984 2430 1051 quia
2449 982 2699 1035 diabolus
2719 979 2990 1033 descendit
3010 978 3083 1030 ad
3101 992 3190 1029 vos
3212 978 3273 1029 in
3294 978 3387 1028 ira
3396 977 3613 1042 furoris

2010 1074 2241 1128 Domini
2263 1073 2440 1141 (Apoc.
2465 1085 2597 1130 vnn.
2616 1070 2921 1139 Propterea
2942 1065 3226 1120 auditores
3264 1079 3395 1117 suos
3419 1078 3614 1117 mone-

2010 1160 2110 1215 bat
2137 1180 2147 1215 :
2174 1164 2300 1229 Qua
2318 1175 2544 1213 sursum
2568 1164 2698 1212 sunt
2737 1159 2931 1226 sapite.
2965 1154 3074 1209 Sed
3122 1154 3295 1208 Edom
3330 1152 3475 1224 quod
3510 1151 3619 1206 ele-

2009 1249 2096 1320 git
2121 1248 2377 1304 habitare
2408 1247 2465 1301 in
2490 1252 2666 1312 terra,
2714 1250 2892 1299 totam
2931 1243 3140 1297 scilicet
3168 1246 3336 1295 vitam
3362 1255 3524 1294 suam
3555 1238 3613 1292 in

2009 1338 2252 1394 terrenis
2283 1342 2340 1392 et
2369 1334 2616 1391 cruentis
2636 1338 2987 1406 peccatorum
3018 1329 3279 1401 operibus
3299 1328 3612 1393 sordidare,

2012 1427 2145 1481 licet
2170 1424 2678 1497 impraasentiarum
2719 1429 2754 1488 Ι
2772 1426 2963 1487 5'34
3000 1419 3256 1472 videatur
3280 1418 3528 1488 gaudere
3555 1419 3612 1470 et

2009 1516 2209 1581 laetari,
2246 1516 2413 1587 paulo
2460 1520 2588 1586 post
2625 1527 2797 1567 aureo
2825 1511 2946 1581 jam
2994 1508 3271 1563 inebriata
3308 1505 3611 1577 Babylonis

2006 1606 2223 1677 poculo,
2251 1621 2317 1659 ex
2339 1604 2425 1659 ira
2443 1601 2649 1657 furoris
2667 1600 2769 1656 Dei
2790 1597 3116 1654 nudabitur.
3132 1598 3248 1651 Nec
3277 1594 3563 1648 immerito
3597 1611 3608 1645 :

2013 1711 2137 1765 quae
2152 1694 2332 1765 magis
2348 1691 2593 1747 decrevit
2610 1707 2722 1745 non
2745 1689 2867 1743 dico
2889 1688 2945 1742 in
2963 1695 3114 1741 terra
3134 1683 3463 1755 simpliciter
3490 1698 3617 1736 con-

2007 1783 2238 1846 versari,
2275 1798 2485 1836 verum.
2512 1785 2575 1834 ut
2606 1778 2834 1850 quidam
2865 1776 3083 1830 codices
3120 1772 3349 1837 habent,
3378 1772 3436 1826 in
3466 1776 3619 1825 terra

2006 1872 2145 1927 Hus.
2172 1872 2291 1927 Hus
2320 1885 2543 1942 quoque
2572 1870 2894 1922 consiliator
2921 1864 3343 1935 interpretatur,
3376 1876 3489 1915 non
3518 1859 3615 1914 ille

2002 1961 2199 2032 utique
2228 1959 2324 2031 qui
2356 1956 2572 2014 consilii
2601 1955 2836 2027 angelus
2865 1953 3089 2018 dicitur,
3116 1951 3216 2006 sed
3243 1949 3336 2004 ille
3362 1949 3457 2020 qui
3485 1963 3612 2001 ver-

2005 2048 2260 2104 santibus
2288 2048 2346 2103 in
2374 2054 2530 2103 terra
2558 2060 2819 2118 perversa
2847 2049 3044 2098 contra
3081 2041 3259 2095 Deum
3309 2041 3611 2092 consuetus

2010 2145 2095 2194 est
2109 2139 2243 2193 dare
2264 2137 2516 2193 consilia.
2542 2137 2687 2191 Nam
2704 2133 2946 2189 etEdom
2969 2131 3140 2186 etiam
3160 2135 3412 2183 terrenus
3441 2126 3615 2181 inter-

2010 2233 2284 2298 pretatur.
2308 2226 2468 2281 Unde
2484 2241 2584 2297 per
2597 2224 2771 2279 Edom
2789 2238 2892 2276 nec
2911 2218 3193 2274 immerito
3210 2216 3293 2271 illi
3314 2215 3615 2287 designan-

2015 2322 2125 2383 tur,
2157 2316 2252 2388 qui
2282 2332 2394 2371 non
2417 2313 2681 2376 coelestia,
2717 2311 2815 2366 sed
2842 2316 3069 2365 terrena
3122 2323 3346 2380 semper
3401 2311 3616 2360 sectan-

2006 2409 2123 2471 tur,
2156 2405 2365 2460 astutia
2393 2402 2611 2474 decepti
2641 2407 2699 2457 et
2727 2399 2958 2456 consilio
2989 2396 3214 2453 diaboli.
3246 2396 3331 2452 Ad
3364 2412 3504 2467 quos
3524 2411 3616 2449 us-

2008 2509 2115 2565 que
2144 2493 2285 2547 calix
2311 2492 2405 2547 ille
2425 2507 2630 2546 aureus
2659 2488 2933 2561 pervenit,
2954 2503 3065 2559 quo
3085 2490 3298 2541 cunctae.
3327 2483 3615 2539 inebrian-

2004 2588 2101 2637 tur
2127 2587 2344 2652 gentes,
2378 2586 2435 2636 et
2460 2579 2751 2635 nudantur
2773 2577 2956 2648 gratia
2979 2575 3101 2631 Dei.
3135 2574 3294 2630 Unde
3354 2572 3611 2644 sequitur

2007 2670 2123 2725 Tau
2135 2713 2148 2726 .

2740 2808 2868 2847 TAU.

2078 2901 2351 2970 Gompleta
2382 2904 2457 2954 est
2484 2900 2759 2968 iniquitas
2789 2901 2905 2963 tua,
2944 2897 3064 2962 ﬁlia
3093 2893 3267 2949 Sion:
3302 2907 3414 2947 non
3444 2892 3606 2946 addet

2004 2991 2163 3044 ultra
2185 2995 2247 3043 ut
2271 2991 2631 3056 transmigret
2649 2990 2714 3048 te;
2728 2986 2973 3039 visitabit
2984 2985 3340 3051 iniquitatem
3379 2986 3534 3035 tuam
3546 2984 3608 3048 ft-

318 3065 525 3119 ultimo
544 3065 742 3135 iudicii
772 3064 862 3120 die
891 3071 1091 3120 cuncta
1147 3065 1517 3137 accipiuntur.
1549 3066 1772 3137 quando
1802 3067 1987 3139 postC
2008 3081 2088 3133 lia
2110 3077 2895 3145 Edonudiscooperietpeccata
2916 3077 3031 3126 tua.
3053 3071 3183 3125 Haec
3196 3085 3441 3141 namque
3454 3068 3618 3138 juxta

316 3152 622 3207 vindictam
643 3153 884 3208 solitudo
912 3153 1258 3224 sempiterna
1276 3154 1639 3225 sequetur.Et
1659 3155 1786 3210 ideo
1812 3171 1926 3210 non

318 3242 510 3297 minus
540 3243 800 3314 planctus
822 3243 928 3298 iste
961 3248 1154 3297 contra
1212 3243 1551 3316 Babylonem
1595 3244 1922 3310 assumitur,

318 3332 455 3403 quia
463 3333 627 3402 juxta
643 3333 907 3403 mysticos
924 3333 1242 3387 intellectus
1286 3350 1387 3403 per
1404 3333 1576 3387 Edom
1600 3338 1657 3387 et
1686 3332 1923 3404 Babylo-

317 3436 451 3475 nem
479 3437 653 3475 unum
676 3428 764 3475 est
792 3422 937 3492 quod
967 3422 1335 3492 signiﬁcatur.
1382 3422 1525 3476 Nam
1556 3420 1626 3475 ab
1646 3421 1808 3475 initio
1828 3438 1925 3475 sas-

317 3510 433 3564 culi
463 3527 588 3580 quae
616 3510 1007 3565 tantummodo
1024 3511 1365 3582 colliguntur
1392 3510 1644 3564 civitates
1665 3514 1722 3564 et
1747 3509 1923 3564 aedifi-

316 3605 548 3654 cantur:
577 3616 817 3671 quarum
859 3616 969 3654 una
997 3601 1332 3666 Jerusalem,
1359 3602 1538 3654 altera
1571 3616 1700 3654 vero
1745 3599 1921 3654 Edom

315 3695 421 3743 aut
448 3688 728 3760 Babylon:
764 3706 877 3744 una
896 3705 1089 3744 earum
1106 3707 1228 3761 qua:
1243 3690 1457 3761 plangit
1484 3706 1611 3743 cum
1626 3690 1918 3761 propheta,

315 3783 377 3833 et
391 3779 548 3832 dolet
575 3784 633 3833 et
663 3779 934 3850 parturit;
963 3780 1139 3834 altera
1171 3796 1300 3834 vero
1345 3796 1467 3850 qua:
1518 3778 1696 3833 nescit
1725 3778 1782 3832 in
1807 3779 1923 3850 qui-

316 3866 552 3921 busdam
567 3883 798 3921 suorum
815 3867 1528 3939 curplangatur,siquidem
1544 3883 1713 3921 unam
1726 3883 1921 3921 earum

315 3955 578 4011 Christus
599 3956 838 4011 adiﬁcat
861 3975 872 4023 ;
905 3958 1141 4011 alteram
1170 3973 1300 4010 vero
1327 3955 1617 4023 diabolus,
1635 3955 1729 4027 qui
1753 3972 1921 4027 quam

313 4062 463 4117 saepe
491 4046 550 4099 in
574 4046 881 4117 prophetis,
904 4046 1422 4111 Nabuchodonosor
1448 4052 1695 4100 vocatur.
1722 4046 1791 4100 Et
1812 4046 1921 4100 Ba-

312 4136 487 4208 bylon
517 4136 619 4190 illa
642 4142 729 4191 est
753 4136 949 4192 civitas
978 4136 1349 4208 perditorum,
1384 4155 1507 4208 quae
1534 4136 1778 4192 inebriat
1805 4153 1921 4190 om-

311 4241 442 4280 nem
472 4230 686 4279 terram
710 4224 839 4279 vino
873 4225 1188 4296 iniquitatis
1216 4242 1349 4280 suae.
1387 4227 1465 4279 De
1494 4241 1606 4296 qua
1634 4225 1914 4295 idempro-

2008 3167 2259 3221 litteram
2302 3165 2561 3236 utrisque
2616 3161 2919 3233 contigisse
2943 3160 3242 3227 videntur;
3291 3158 3385 3213 sed
3414 3157 3617 3212 melius

2008 3255 2352 3327 generaliter
2380 3254 2450 3308 de
2497 3251 2756 3307 omnibus
2805 3249 3148 3321 accipienda,
3182 3248 3278 3319 qui
3308 3247 3368 3301 in
3416 3246 3616 3302 ultimo

2008 3343 2198 3414 magni
2211 3342 2409 3414 judicii
2424 3342 2700 3407 examine,
2716 3345 2782 3395 ut
2803 3338 3040 3410 recipiat
3049 3336 3435 3408 unusquisque
3448 3340 3618 3407 prout

2004 3433 2196 3503 gessit,
2220 3432 2512 3502 judicandi
2536 3435 2685 3484 sunt.
2735 3429 2870 3484 Sion
2903 3427 3148 3498 quidem,
3181 3431 3246 3479 ut
3272 3425 3342 3479 de
3371 3440 3611 3479 maerore

2004 3526 2254 3575 transeat
2268 3520 2337 3574 ad
2359 3519 2629 3590 gaudium
2642 3523 2699 3572 et
2717 3516 2970 3572 laetitiam
2988 3520 3409 3586 sempiternam;
3437 3513 3608 3567 Iidem

2004 3626 2136 3664 vero
2156 3609 2470 3663 rubicunda
2494 3607 2770 3679 sanguine
2825 3604 3175 3667 delictorum,
3210 3601 3489 3655 visitanda
3519 3604 3604 3655 est

2003 3700 2070 3749 ut
2090 3694 2363 3766 supplicia
2389 3692 2622 3764 recipiat
2641 3694 2928 3763 perpetuae
2950 3687 3198 3743 ultionis.
3224 3686 3321 3739 Hae
3363 3700 3609 3755 namque

2004 3788 2156 3850 sunt,
2179 3788 2242 3837 ut
2267 3781 2528 3847 diximus,
2559 3797 2682 3851 quae
2705 3779 2775 3834 ab
2815 3778 2979 3833 initio
3009 3779 3446 3841 construuntur;
3476 3789 3611 3844 qua-

2008 3888 2134 3927 rum
2166 3888 2279 3927 una
2306 3872 2413 3926 hoc
2434 3871 2554 3925 loco
2584 3869 2719 3925 Sion
2738 3872 2990 3931 vocatur,
3030 3866 3209 3920 altera
3236 3879 3366 3916 vero
3396 3862 3599 3920 Edom.

2006 3962 2114 4017 Sed
2147 3962 2281 4019 Sion
2302 3961 2474 4016 etiam
2503 3960 2710 4014 dicitur
2728 3975 2830 4029 per
2861 3956 3067 4012 Isaiam
3100 3953 3429 4026 prophetam
3461 3952 3611 4023 quod

2004 4051 2282 4122 completa
2303 4050 2378 4104 sit
2389 4049 2622 4112 malitia,
2641 4047 2776 4119 quia
2789 4046 3022 4100 dimissa
3032 4050 3119 4098 est
3134 4041 3401 4114 iniquitas
3430 4039 3601 4109 illius,

2002 4140 2305 4193 secundum
2342 4139 2490 4210 quod
2522 4136 2699 4192 David
2728 4135 2811 4190 ait
2841 4151 2853 4186 :
2896 4136 3051 4190 Beati
3086 4148 3326 4202 quorum
3368 4133 3609 4186 remissa

1998 4235 2127 4283 sunt
2148 4231 2502 4300 iniquitates,
2525 4233 2575 4281 ct
2595 4242 2835 4296 quorum
2863 4229 2999 4278 tecta
3024 4227 3157 4277 sunt
3180 4226 3401 4291 peccata
3431 4220 3601 4285 (Psat.

310 4314 486 4386 pheta
514 4333 525 4368 :
561 4317 721 4370 Catia:
749 4332 975 4382 aureus,
1007 4315 1208 4387 inquit,
1247 4318 1487 4382 Babylon
1520 4321 1583 4369 in
1613 4331 1787 4369 manu
1822 4316 1918 4369 Do-
1997 4325 2174 4387 xsxx).
2196 4318 2341 4373 Hinc
2360 4323 2442 4372 est
2463 4332 2599 4371 sane
2630 4321 2688 4370 et
2725 4315 2830 4369 hoc
2858 4314 2978 4368 loco
3010 4310 3158 4384 quod
3187 4310 3297 4364 ait:
3327 4310 3605 4378 Completa

312 4407 482 4469 mini,
507 4406 793 4459 inebrians
820 4421 1039 4459 omnem
1062 4410 1270 4459 terram
1297 4406 1515 4472 (Jerem.
1549 4408 1645 4473 ιι).
1680 4404 1760 4458 De
1786 4390 1977 4458 vinoD
2000 4412 2076 4460 est
2104 4410 2378 4477 iniquitas
2409 4413 2525 4473 tua,
2561 4407 2684 4475 ﬁlia
2704 4405 2858 4460 Sion.
2892 4402 3191 4473 Completa
3204 4398 3453 4471 quidem,
3472 4397 3606 4468 quia

312 4491 521 4547 furoris
542 4494 665 4563 ejus
692 4492 954 4548 biberunt
972 4511 1167 4548 omnes
1185 4500 1399 4565 gentes.
1418 4494 1496 4548 De
1519 4510 1629 4565 quo
1649 4493 1916 4548 nimirum
2000 4496 2253 4551 remissa.
2280 4496 2440 4552 Unde
2462 4496 2520 4549 in
2540 4493 2877 4573 remissione
2891 4491 3165 4546 scelerum
3186 4487 3466 4558 completa
3486 4500 3603 4539 ma-

313 4582 506 4637 calicis
538 4583 665 4637 vino
695 4582 866 4637 etiam
899 4584 1074 4638 Edom
1128 4588 1319 4655 potata
1372 4583 1675 4655 plangitur,
1707 4588 1763 4637 et
1792 4582 1916 4637 ideo

313 4678 510 4727 contra
528 4688 652 4726 eam
690 4688 800 4726 non
848 4672 1130 4727 monentis
1152 4690 1270 4739 vox,
1300 4672 1394 4727 sed
1430 4689 1528 4744 per
1557 4672 1795 4727 ironiam
1827 4672 1914 4727 in-

313 4760 580 4815 sultantis
608 4761 908 4832 profertur,
944 4762 1025 4816 vel
1077 4761 1528 4828 contradicentis,
1581 4762 1726 4833 quod
1767 4777 1914 4816 nun-

314 4866 487 4921 quam
515 4850 763 4921 gaudere
789 4851 992 4906 debeat
1012 4867 1193 4922 neque
1218 4850 1498 4914 laetari,ad
1521 4868 1689 4922 quam
1714 4851 1771 4905 in
1801 4852 1912 4905 ﬁne

312 4939 474 4994 [uror
498 4940 722 4995 Domini
743 4940 1079 5012 pervenerit.
1116 4940 1288 4995 Edom
1329 4957 1575 5012 namque
1602 4943 1909 5009 sanguino-

314 5032 498 5083 lentus
531 5029 616 5084 vel
639 5033 803 5098 rufus
825 5029 1246 5101 interpretatur.
1272 5030 1372 5085 Ille
1393 5037 1475 5084 est
1502 5029 1673 5100 igitur
1692 5030 1917 5100 sangui-

315 5118 580 5174 nolentus
608 5125 778 5191 atque
828 5119 1083 5192 hispidus
1129 5120 1386 5191 populus,
1450 5120 1544 5190 qui
1575 5136 1698 5190 quae
1734 5119 1918 5173 carnis

313 5216 449 5263 sunt
473 5214 740 5275 sectatur,
779 5215 854 5270 et,
887 5226 988 5281 pro
1010 5209 1299 5281 praesentis
1332 5209 1458 5264 vitae
1490 5208 1781 5274 illecebris,
1827 5225 1915 5263 re-

315 5295 658 5368 demptionis
698 5302 918 5353 mternae
964 5297 1209 5369 perdidit
1236 5297 1629 5369 primogenita.
1662 5296 1803 5351 Hinc
1833 5302 1920 5352 est

316 5388 467 5463 quod
497 5386 703 5443 dicitur
732 5405 743 5440 :
779 5389 903 5455 Quae
927 5388 1142 5442 habitas
1170 5391 1231 5441 iu
1260 5392 1428 5441 terra.
1447 5385 1712 5457 Alioquin
1728 5386 1835 5441 nisi
1856 5386 1914 5441 in

314 5478 559 5535 terrenis
585 5476 803 5532 actibus
831 5482 1076 5532 mentem
1100 5476 1398 5548 posuisset,
1429 5489 1784 5547 nequaquam
1825 5475 1914 5530 in-

318 5568 639 5633 ebriaretur
646 5582 818 5633 aureo
830 5565 928 5622 illo
944 5564 1246 5639 Babylonis
1256 5564 1664 5640 poculo,neque
1675 5564 1790 5626 suis
1809 5581 1917 5622 nu-

1998 4583 2139 4649 litia,
2165 4585 2222 4639 id
2248 4591 2330 4640 est
2363 4585 2523 4639 ﬁnita
2552 4582 2909 4654 prazdicatur,
2935 4579 3069 4652 quia
3088 4574 3603 4648 impraesentiarum

2000 4670 2245 4741 suscepit
2266 4668 2511 4741 duplicia
2531 4668 2600 4722 de
2619 4683 2790 4721 manu
2811 4664 3056 4720 Domini.
3072 4664 3147 4717 Ex
3170 4678 3280 4734 quo
3303 4660 3441 4717 satis
3470 4660 3601 4715 laeta

1961 4757 1975 4769 ”
1995 4757 2356 4831 repromissio
2390 4773 2516 4811 mox
2561 4753 2920 4826 subjungitur
2956 4772 2967 4806 :
3004 4753 3125 4808 Non
3155 4752 3315 4805 addet
3345 4753 3504 4804 ultra
3536 4754 3597 4803 ut

1996 4851 2363 4916 transmigret
2384 4851 2450 4900 te.
2473 4845 2619 4910 Quia
2638 4843 2796 4898 ﬁnito
2808 4841 3019 4913 judicio
3048 4858 3176 4896 cum
3194 4838 3463 4911 iniquitas
3484 4855 3597 4893 ces-

1997 4937 2224 4999 saverit,
2251 4941 2309 4991 et
2338 4939 2668 5007 perventum
2717 4931 2891 4987 fuerit
2917 4931 2989 4986 ad
3017 4929 3294 5003 requiem,
3335 4927 3597 4998 deinceps

1998 5026 2153 5080 nulla
2175 5026 2288 5080 erit
2306 5023 2625 5078 immutatio
2654 5036 2838 5092 neque
2868 5019 3290 5090 transmigratio
3305 5018 3373 5072 de
3397 5015 3601 5070 virtute

1999 5116 2070 5169 ad
2096 5115 2311 5180 vitium,
2337 5114 2408 5168 de
2428 5110 2776 5168 beatitudine
2805 5114 2864 5164 et
2884 5109 3092 5180 gaudio
3106 5109 3176 5162 ad
3195 5120 3512 5166 maerorem,
3528 5103 3599 5157 de

1997 5205 2178 5276 gloria
2207 5205 2277 5258 ad
2301 5202 2656 5275 supplicium.
2677 5201 2746 5255 Et
2774 5215 2803 5253 e
2841 5198 3123 5254 contrario
3143 5212 3312 5267 super
3331 5191 3599 5248 Edomvi-

1999 5293 2191 5348 sitabit
2238 5292 2567 5365 iniquitates
2596 5290 2715 5361 ejus
2763 5288 3054 5355 Dominus,
3086 5302 3199 5341 non
3229 5289 3295 5339 ut
3321 5281 3596 5349 remittat,

1996 5383 2093 5438 sed
2131 5389 2194 5438 ut
2222 5383 2462 5454 puniat:
2495 5396 2676 5453 neque
2715 5384 2780 5434 ut
2825 5378 3053 5441 relaxet,
3086 5374 3219 5446 quia
3275 5388 3598 5446 permanse-

1996 5477 2133 5527 runt
2183 5473 2241 5528 in
2299 5472 2531 5539 eisdem,
2560 5469 2659 5525 sed
2721 5473 2787 5523 ut
2840 5466 3211 5532 condemnet;
3244 5462 3450 5535 quibus
3505 5461 3596 5516 di-

1999 5568 2194 5620 cturus
2222 5568 2308 5619 est
2345 5582 2355 5617 :
2392 5564 2488 5630 Ite,
2518 5560 2815 5627 maledicti,
2849 5560 2913 5612 in
2940 5558 3124 5625 ignem
3162 5559 3453 5621 aeternum,
3499 5554 3602 5622 qui
