3960 6168
454 277 600 338 1235
1235 281 1293 338 S.
1337 281 1717 339 PASCHASII
1755 277 2116 338 RADBERTI
2155 272 2461 336 ABBATIS
2497 274 2988 334 CORBEIENSIS.
3572 275 3696 338 1236

466 408 507 472 ι
523 407 715 471 ὅτε
737 406 972 474 paratus
1012 411 1089 462 est
1138 407 1353 462 diabolo
1378 411 1430 461 et
1452 407 1665 476 angelis
1704 407 1820 475 ejus
1848 405 2061 475 (Matth.
2082 406 2133 466 Α
2162 409 2196 470 1
2215 410 2406 471 ιςτθ
2425 403 2585 459 nulla
2609 402 2966 475 pulchritudo
3015 402 3230 460 vultus.
3261 403 3347 459 vel
3381 408 3613 458 venustas
3634 404 3709 459 de-

454 493 601 559 xxv).
628 492 788 549 Unde
802 494 1058 566 sequitur
1083 514 1095 549 :
1119 497 1476 564 Discooperiet
1495 501 1714 564 peccata
1746 501 1865 549 tua.
1907 495 2059 559 Quo-
2140 493 2308 559 coris,
2334 510 2401 547 eo
2430 493 2579 565 quod
2610 508 2869 563 egressus
2904 491 3034 546 sita
3066 492 3188 546 ﬁlia
3215 491 3347 547 Sion
3389 492 3553 548 omnis
3575 493 3711 549 decor

455 599 582 639 rum
613 582 788 654 igitur
807 590 1038 655 peccata
1072 589 1223 640 tecta
1243 600 1355 639 non
1382 583 1609 647 fuerint,
1645 590 1703 639 et
1730 584 2061 656 iniquitates
2144 584 2287 653 ejus.
2323 583 2469 647 Quid
2498 581 2699 653 plura?
2755 582 2923 635 Nulla
2971 587 3062 636 est
3112 582 3349 647 vexatio,
3381 576 3550 636 nullus
3572 598 3704 637 casus

454 672 705 728 remissae
734 689 835 744 per
868 672 1332 743 misericordiam,
1365 673 1609 728 visitabit
1656 690 1751 729 eas
1790 672 2063 728 Dominus
2145 672 2366 735 animm,
2403 672 2670 742 nullaque
2699 670 2977 725 scelerum
3021 671 3474 726 adversariorum
3525 671 3712 727 afﬂictio

457 764 595 817 tunc
615 767 679 817 ut
690 762 889 833 puniat
903 768 961 817 et
979 768 1173 835 aperta
1194 762 1353 826 ﬁant;
1377 762 1508 834 quia
1532 763 1777 834 profecto
1793 761 2063 834 patebunt
2143 760 2294 815 intus
2324 761 2547 826 ferisve,
2605 777 2774 831 quam
2828 776 2941 814 non
2971 760 3192 815 deﬂeat
3247 768 3305 814 et
3354 766 3710 827 connumeret;

461 851 653 906 omnia
670 851 728 906 in
739 851 930 906 futuro
960 850 1449 923 praevaricatorum
1465 852 1723 916 crimina,
1750 857 1808 906 et
1828 851 2064 906 remissa
2144 852 2299 907 nulla
2328 852 2456 906 boni
2488 851 2741 923 privatio,
2777 867 2947 921 quam
2974 866 3091 904 non
3112 853 3338 904 retexet
3366 855 3594 915 Incestus,
3621 865 3712 904 non

462 946 630 996 erunt
651 956 715 994 ac
746 940 929 995 deleta
962 956 1177 1006 eorum,
1215 942 1311 1013 qui
1340 940 1579 1012 prmsciti
1599 958 1663 996 ac
1682 940 2064 1013 praedestinati
2150 942 2338 996 minus
2367 941 2426 996 in
2451 956 2659 1012 genere
2695 956 2865 1011 quam
2891 946 2951 994 et
2987 940 3046 994 in
3067 938 3263 1010 specie
3290 957 3303 1006 ;
3337 946 3409 1004 et,
3440 939 3571 993 sicut
3593 939 3718 993 nulla

461 1035 595 1107 sunt
623 1028 887 1085 advitam
917 1028 1183 1085 facinora.
1218 1030 1390 1086 Recte
1436 1030 1612 1102 igitur
1635 1029 1841 1085 ibidem
1872 1045 2067 1084 eorum
2150 1036 2283 1086 sunt
2319 1036 2653 1087 ornamenta
2701 1029 2975 1084 virtutum
3016 1045 3149 1100 quae
3214 1044 3329 1084 non
3383 1028 3646 1083 amiserint
3676 1027 3720 1081 hi

465 1117 948 1191 discooperientur
973 1120 1203 1185 scelera,
1223 1119 1320 1191 qui
1365 1119 1455 1174 hic
1475 1136 1541 1174 ea
1572 1120 1837 1190 detegere
1866 1126 1922 1174 et
1949 1135 2069 1173 ma-
2151 1136 2251 1192 per
2297 1125 2508 1192 partes,
2543 1120 2626 1174 ita
2676 1135 2779 1173 nec
2821 1119 2939 1173 ulla
2987 1124 3077 1173 est
3123 1119 3391 1174 maeroris
3426 1123 3520 1171 aut
3550 1118 3720 1172 doloris

463 1207 731 1263 nifestare
769 1209 1074 1264 noluerunt
1122 1209 1192 1263 ad
1224 1209 1646 1281 penitentiam;
1680 1209 1905 1264 illorum
1937 1225 2070 1263 vero
2154 1208 2355 1280 quibus
2375 1226 2486 1264 non
2517 1214 2850 1263 moveantur
2873 1225 2975 1262 vox
3006 1206 3440 1263 lamentationis
3485 1212 3539 1260 et
3575 1206 3721 1278 lacry-

462 1297 596 1370 quia
606 1313 709 1352 sua
727 1298 1066 1352 conﬁtentur
1084 1314 1185 1369 per
1202 1298 1449 1353 lamenta
1462 1302 1519 1352 et
1530 1298 1827 1368 gemitum,
1846 1298 2071 1370 penitus
2153 1315 2372 1353 marum
2394 1300 2607 1353 ﬂuenta
2635 1317 2647 1351 :
2671 1303 2729 1352 et
2746 1297 2881 1352 dum
2904 1297 3094 1352 varias
3122 1296 3455 1352 intromittit
3469 1300 3575 1350 tam
3602 1296 3721 1367 vulgi

463 1387 524 1443 in
551 1387 631 1442 eis
660 1403 772 1442 non
802 1393 969 1442 erunt
996 1403 1118 1459 quas
1146 1392 1457 1460 appareant
1487 1386 1733 1451 omnino,
1759 1387 1891 1459 quia
1918 1387 2072 1442 dele-
2158 1405 2326 1460 quam
2350 1394 2408 1442 et
2427 1386 2697 1443 nobilium
2720 1403 3009 1459 personas,
3042 1386 3225 1440 variis
3244 1391 3497 1440 movetur
3521 1384 3720 1449 ﬂetibus,

463 1482 526 1533 ta
547 1481 605 1532 et
628 1476 863 1532 remissa
889 1483 1056 1532 erunt
1110 1493 1234 1548 quae
1288 1493 1389 1548 per
1430 1477 1651 1549 culpam
1682 1476 2074 1549 delinquentes
2156 1484 2214 1532 et
2242 1477 2584 1532 innovantur
2618 1492 2717 1547 per
2736 1476 2988 1546 singulas
3022 1491 3303 1547 personas
3352 1473 3654 1529 aﬂlictiones
3681 1480 3723 1527 et

467 1568 1017 1622 contraxerant.Haec
1037 1566 1313 1639 siquidem
1333 1567 1493 1637 signa
1516 1572 1650 1621 sunt
1668 1566 1843 1621 futuri
1865 1565 2072 1620 exami-
2152 1567 2386 1622 ﬂetuum
2410 1566 2776 1621 incrementa.
2809 1565 2877 1619 Et
2901 1565 3047 1620 sicut
3066 1565 3267 1619 nullus
3288 1571 3375 1618 est
3387 1562 3648 1635 presentis
3661 1562 3721 1616 vi-

464 1656 573 1717 nis.
608 1656 678 1711 ad
711 1656 859 1728 quod
912 1656 1101 1711 omnia
1155 1656 1597 1711 decucurrerunt
1654 1647 1825 1709 divini
1862 1653 2098 1728 eloquii,
2149 1661 2221 1711 tae
2245 1660 2454 1719 reatus,
2488 1672 2598 1726 quo
2629 1655 2725 1709 illa
2762 1671 2871 1709 non
2920 1654 3253 1725 deliquerit,
3289 1653 3368 1707 ita
3409 1669 3507 1707 nec
3531 1651 3618 1706 ulli
3648 1652 3721 1705 ﬂe-

465 1727 745 1819 przeconia
775 1765 787 1800 :
823 1746 970 1818 quod
992 1762 1093 1818 per
1120 1744 1236 1800 Tau
1253 1745 1499 1800 litteram
1526 1745 1669 1799 bene
1699 1743 2065 1814 signiﬁcatur.
2089 1727 2264 1806 Btus,
2292 1743 2496 1815 quibus
2525 1744 2631 1799 iste
2685 1760 2798 1797 non
2849 1743 3222 1814 ingemuerit,
3256 1742 3327 1796 ad
3374 1741 3617 1796 ultimum
3647 1755 3722 1809 pro

465 1835 585 1890 Tau
612 1852 853 1906 namque
882 1838 1043 1902 signa
1072 1834 1507 1907 interpretatur;
1560 1843 1857 1906 propterea
1876 1838 1932 1888 et
1957 1832 2074 1887 haec
2155 1833 2363 1888 eisdem
2397 1833 2606 1888 nostris
2636 1831 2885 1887 restibus
2908 1832 3084 1886 Deum
3115 1838 3178 1887 et
3206 1830 3505 1886 Dominum
3536 1834 3719 1899 captum

465 1924 713 1979 lamenta
743 1923 847 1979 sub
877 1923 1070 1978 eadem
1098 1924 1287 1979 littera
1306 1924 1405 1978 tali
1429 1923 1786 1979 conclusione
1814 1921 2071 1977 determi-
2155 1929 2213 1977 et
2250 1939 2477 1994 passum
2525 1922 2585 1977 in
2643 1938 2811 1976 carne
2840 1921 3114 1986 insinuat,
3150 1938 3259 1976 nec
3284 1921 3333 1976 si
3359 1926 3542 1975 tamen
3567 1931 3723 1971 omnes

467 2020 697 2069 nantur.
720 2013 802 2068 Ad
824 2014 929 2068 hoc
948 2014 1153 2086 quippe
1185 2013 1565 2068 metuentibus
1595 2030 1655 2067 se
1686 2013 1944 2067 Christus
1973 2011 2073 2066 de-
2156 2011 2226 2067 de
2256 2018 2438 2066 morte
2495 2011 2709 2066 redisse
2759 2010 3178 2065 immanissime
3237 2010 3452 2075 dolens,
3493 2007 3719 2078 deplorat.

469 2102 552 2157 dit
571 2102 1010 2174 significationes
1035 2107 1092 2157 et
1111 2102 1290 2174 signa,
1316 2108 1378 2157 ut
1403 2102 1709 2172 fugerenta
1728 2101 1868 2156 facie
1889 2117 2070 2156 arcus.
2158 2102 2513 2172 Quapropter
2540 2117 2735 2156 eorum
2790 2100 2859 2155 ad
2910 2106 3231 2155 extremum
3264 2099 3364 2169 qui
3410 2096 3663 2153 audierint
3682 2098 3726 2147 et

470 2192 579 2247 Sed
610 2192 739 2264 quia
766 2192 1070 2264 praevidere
1097 2193 1314 2259 nolunt,
1342 2192 1560 2262 justum
1593 2196 1680 2246 est
1707 2197 1767 2246 ut
1789 2208 1854 2245 eo
1881 2190 2076 2245 durius
2159 2190 2409 2245 conversi
2434 2189 2662 2254 fuerint,
2701 2190 3037 2261 completam
3060 2188 3345 2244 malitiam
3371 2193 3429 2242 et
3448 2184 3722 2256 iniquitates

466 2280 760 2342 feriantur,
785 2298 894 2353 quo
924 2298 955 2335 a
986 2281 1124 2336 facie
1155 2297 1317 2336 arcus
1352 2280 1561 2336 extenti
1591 2278 1786 2352 fugere
1812 2280 2075 2350 neglexe-
2158 2279 2564 2351 praenuntians.
2593 2279 2806 2349 gaudet
2825 2278 2972 2350 quod
3005 2279 3160 2334 ultra
3190 2294 3307 2333 non
3361 2275 3529 2331 addat
3556 2290 3654 2337 eos,
3674 2275 3724 2325 ut

471 2368 605 2423 rint.
643 2366 840 2423 Libeat
862 2369 920 2423 in
967 2370 1115 2424 calce
1167 2369 1309 2424 tanti
1341 2370 1574 2424 lamenti
1621 2377 1867 2424 mentem
1901 2368 2072 2423 artius
2159 2368 2680 2439 afﬂigatDominus,
2707 2384 2889 2440 neque
2905 2362 3723 2438 uttransmigretdeinﬁrmitate

469 2457 747 2522 attollere,
779 2464 843 2512 ut
873 2458 1061 2512 videre
1094 2458 1261 2514 simul
1313 2464 1483 2531 queat
1533 2475 1714 2515 mens.
1747 2475 1913 2530 quam
1943 2474 2079 2530 prae-
2160 2473 2276 2512 sum
2290 2457 2543 2519 virtutis;
2585 2456 2866 2511 sederunt
2903 2456 3047 2512 sicut
3073 2456 3271 2527 angeli
3291 2455 3351 2510 in
3369 2454 3522 2519 cmlo,
3551 2457 3721 2506 etcum

468 2547 616 2602 celso
661 2547 933 2602 Jeremias
963 2547 1020 2602 in
1072 2547 1317 2603 culmine
1364 2548 1486 2603 coeli
1546 2548 1893 2613 ascenderet,
1928 2547 2076 2602 unde
2160 2547 2386 2602 Christo
2415 2546 2534 2601 sine
2566 2547 2674 2600 line
2699 2544 3411 2616 regnabunt.Eorumvero
3426 2542 3588 2614 quiin
3607 2537 3723 2593 vitiis

468 2636 901 2708 contemplanda
931 2636 1165 2692 dilatato
1196 2638 1380 2703 corde,
1414 2642 1575 2692 tanta
1603 2637 1764 2709 quasi
1795 2638 1852 2691 in
1884 2638 2077 2709 palaes-
2159 2641 2218 2692 et
2243 2635 2546 2692 sceleribus
2597 2636 2769 2689 vitam
2810 2634 3078 2699 ﬁnierint,
3110 2642 3430 2705 contra-que
3457 2636 3652 2686 sanctos
3681 2631 3724 2679 et

466 2731 558 2781 tra
584 2726 755 2797 hujus
779 2725 965 2781 saeculi
989 2726 1409 2798 agonizantium
1435 2726 1764 2782 discrimina
1796 2726 1954 2793 vidit,
1993 2726 2075 2780 ita
2160 2727 2370 2781 electos
2392 2726 2492 2780 Dei
2506 2741 2727 2796 semper
2743 2724 3023 2779 commodi
3045 2725 3115 2779 ad
3139 2724 3415 2780 invidiam
3441 2726 3497 2776 et
3515 2717 3722 2773 fraudem

467 2820 533 2870 ut
545 2831 695 2871 nunc
719 2815 790 2869 ad
810 2832 1006 2871 omnes
1036 2816 1377 2887 generaliter
1405 2816 1628 2871 oculum
1642 2815 1848 2869 mentis
1877 2820 2072 2869 exten-
2161 2816 2399 2886 egerint,
2431 2813 2678 2870 visitabit
2702 2813 3050 2884 iniquitates.
3080 2830 3199 2869 non
3258 2821 3325 2869 ut
3376 2811 3575 2866 relevet
3589 2814 3638 2860 et
3658 2820 3722 2859 re-

466 2904 566 2961 dat
592 2923 604 2961 :
638 2922 789 2960 nunc
817 2906 887 2959 ad
939 2905 1191 2976 singulos
1220 2904 1542 2959 Judzeorum
1597 2920 1758 2958 casus
1786 2904 1993 2959 deﬂeat
2019 2908 2077 2957 et
2159 2904 2367 2967 mittat,
2395 2904 2490 2958 sed
2522 2910 2587 2958 ut
2611 2903 2813 2975 puniat
2834 2907 2893 2957 et
2919 2904 3283 2960 condemnet.
3318 2908 3375 2958 et
3401 2894 3724 2968 diseoopcriat

465 2995 679 3059 ruinas,
734 3011 883 3049 nunc
933 2993 1192 3049 Ecclesiae
1230 2993 1422 3064 lugeat
1470 2992 1828 3048 detrimenta.
1872 2993 1981 3047 Sed
2019 2998 2078 3047 et
2159 2999 2330 3063 atque
2356 2994 2586 3064 detegat
2604 2992 2794 3046 omnia
2813 2999 3041 3064 peccata
3066 3010 3291 3049 eorum.
3338 2990 3492 3048 Unde
3519 2984 3720 3059 prudens

465 3097 689 3136 morum
712 3081 1153 3150 uniuscujusque
1168 3080 1371 3135 animae
1394 3079 2076 3151 deploratimprobitates,
2096 3088 2138 3147 C
2159 3083 2353 3147 lector,
2388 3082 2688 3153 diligenter
2717 3082 3019 3153 perpende,
3045 3099 3080 3136 a
3100 3081 3383 3154 principio
3406 3074 3618 3133 lamenti
3644 3073 3721 3126 hu-

463 3174 522 3225 et
547 3169 681 3225 dim
708 3169 1196 3239 captivitatis,ejus
1224 3185 1351 3223 cum
1382 3168 1647 3240 lacrymis
1682 3168 1934 3240 depingit
1960 3169 2077 3224 dis-
2156 3172 2252 3242 jus
2279 3172 2427 3242 quod
2459 3170 2721 3243 przemisi,
2757 3187 2880 3242 qute
2909 3172 2967 3225 in
2989 3171 3301 3243 Scripturis
3321 3167 3507 3229 sacris,
3522 3178 3620 3220 non
3634 3158 3716 3215 nisi

468 3257 677 3330 pendia
707 3274 719 3311 :
754 3273 903 3312 nunc
928 3256 1166 3327 gloriam
1197 3263 1253 3312 et
1282 3257 1486 3313 solium
1535 3263 1838 3312 contuetur
1854 3259 2078 3314 Jerusa-
2163 3260 2594 3316 lamentationes
2639 3265 2697 3315 et
2750 3276 2976 3314 carnem
3033 3265 3208 3332 atque
3264 3276 3342 3314 vae
3382 3254 3714 3312 inveniuntur.

462 3347 597 3413 lem,
623 3353 793 3420 atque
820 3346 987 3401 simul
1017 3346 1269 3402 omnium
1293 3347 1600 3402 electorum
1621 3347 1721 3402 Dei
1745 3367 1760 3415 ;
1788 3364 1936 3403 nunc
1966 3348 2072 3402 mi-
2164 3349 2416 3413 Quorum
2443 3349 2612 3403 trium
2660 3348 3166 3420 impraesentiarum
3201 3345 3613 3403 lamentationes
3643 3351 3717 3389 va-

461 3452 601 3493 serae
620 3435 905 3492 servitutis
917 3451 1132 3503 eorum,
1153 3436 1248 3508 qui
1286 3437 1426 3508 jugo
1447 3437 1838 3493 excruciantur
1873 3437 2069 3493 adver-
2153 3438 2301 3504 lent;
2325 3438 2383 3492 in
2407 3438 2505 3492 illa
2532 3454 2663 3492 vero
2694 3444 2916 3493 aeternae
2946 3438 3070 3493 vitae
3091 3438 3302 3509 patria,
3324 3433 3560 3491 carmina
3590 3429 3714 3498 hym-

459 3525 1056 3593 sariorummunccum
1071 3526 1222 3581 omni
1245 3526 2065 3584 dolorecordiscommemorat.
2153 3526 2355 3582 nidicis
2402 3528 2732 3598 angelorum
2773 3526 3017 3594 vocibus,
3058 3533 3115 3582 et
3150 3532 3475 3583 sanctorum
3503 3516 3711 3574 omnium

467 3616 673 3672 Verum
705 3622 764 3671 et
790 3615 968 3687 ipsam
993 3615 1296 3670 Ecclesiam
1326 3616 1612 3687 lugentem
1638 3632 1788 3671 nunc
1817 3633 1898 3679 se,
1920 3633 2068 3673 nunc
2151 3633 2277 3671 cum
2291 3615 2472 3686 jubilo
2487 3615 2878 3671 exsultationis
2898 3622 3083 3671 erunt.
3109 3617 3255 3671 Hinc
3292 3629 3427 3684 rogo
3452 3607 3711 3665 adhibem-

464 3721 597 3761 suos
611 3704 1202 3760 introducit.Vertitur
1220 3721 1355 3775 ergo
1371 3705 1630 3776 planctus
1651 3704 2067 3775 ejusiuterdum
2147 3710 2243 3761 tur
2270 3705 2329 3759 in
2358 3705 2461 3760 hac
2482 3711 2675 3760 nostra
2713 3705 3168 3776 peregrinatione
3221 3699 3630 3761 lamentationes
3660 3695 3705 3744 et

458 3794 530 3850 ad
560 3794 766 3850 muenia
784 3793 1046 3861 civitatis,
1070 3800 1127 3849 et
1140 3799 1473 3850 ornamenta
1488 3793 2066 3860 virtutum,interdum
2149 3793 2429 3864 lacrymee,
2448 3793 2851 3863 quatenusillic
2863 3793 2920 3847 in
2945 3793 3293 3849 carminibus
3310 3793 3482 3848 Deum
3509 3782 3701 3841 laudare

461 3900 592 3939 vero
617 3884 686 3938 ad
716 3884 1035 3940 sacerdotes
1056 3888 1115 3938 et
1140 3883 1442 3955 optimates
1462 3882 1658 3955 plebis,
1703 3883 1853 3954 quod
1873 3899 2066 3938 eorum
2149 3882 2430 3954 possimus
2456 3898 2585 3937 cum
2616 3882 2843 3937 sanctis.
2870 3883 2946 3937 At
2986 3898 3120 3937 vero
3152 3899 3296 3954 quos
3329 3880 3416 3935 hic
3459 3867 3705 3949 praesentis

460 3973 719 4046 exculpis
747 3990 863 4029 non
897 3972 1085 4029 minus
1124 3972 1232 4044 ipsi
1263 3990 1433 4044 quam
1467 3977 1524 4028 et
1577 3988 1715 4043 grex
1751 3972 1901 4043 capti
1929 3976 2068 4027 sunt
2148 3971 2274 4027 vitae
2292 3971 2566 4041 gaudium
2584 3976 2642 4025 et
2662 3971 2857 4026 latitia
2876 3972 3181 4027 extulerint
3220 3972 3293 4028 ad
3315 3960 3702 4028 inania,illicvm

462 4066 633 4134 atque
661 4062 850 4122 vincti.
878 4078 1006 4118 cum
1037 4062 1192 4117 omni
1220 4062 1472 4117 foeditate
1499 4061 1710 4134 peccati
1734 4060 2067 4133 loroiniqui—
2147 4068 2480 4132 perpetuum
2513 4061 2653 4115 erit:
2675 4078 2915 4134 quorum
2939 4062 3270 4133 iniquitates
3297 4047 3701 4117 visitabunturin

461 4152 616 4217 tatis,
654 4167 757 4205 nec
784 4168 898 4206 non
946 4157 1005 4207 et
1040 4152 1109 4207 ad
1161 4152 1423 4223 parvulos
1463 4157 1520 4206 et
1559 4151 1830 4207 lactentes
1872 4166 2059 4205 sermo
2144 4149 2233 4205 ira
2259 4149 2466 4207 furoris
2493 4149 2617 4213 Dei,
2656 4167 2771 4205 non
2799 4156 2864 4206 ut
2891 4151 3163 4207 finiantur
3182 4158 3243 4207 et
3269 4152 3448 4207 luctus
3471 4144 3628 4200 cesset
3649 4137 3698 4189 ιιί

463 4238 725 4310 dirigitur
741 4239 1110 4310 gementis,eo
1131 4240 1280 4310 quod
1295 4240 1440 4294 fame
1465 4240 1669 4311 sitique
1686 4238 2060 4303 extabuerint,
2145 4239 2518 4311 requiescant,
2551 4240 2649 4295 sed
2678 4240 2863 4296 acrius
2904 4240 3044 4295 ultio
3095 4246 3162 4296 ut
3208 4241 3518 4299 innovetur,
3540 4235 3591 4285 et
3613 4240 3695 4298 Ρυ·

462 4328 599 4384 dum
631 4328 822 4384 nullus
850 4328 907 4383 in
938 4327 1100 4400 plebe
1126 4328 1322 4384 doctor
1349 4329 1608 4399 egregius
1634 4328 1935 4394 invenitur,
1955 4328 2064 4382 vir-
2146 4329 2378 4384 niantur
2408 4344 2604 4383 eorum
2632 4328 2752 4382 sine
2780 4331 2891 4384 ﬁne
2918 4328 3140 4395 delicta,
3173 4330 3272 4402 qui
3328 4328 3417 4383 hic
3454 4323 3561 4379 sine
3604 4318 3693 4370 ﬁne

457 4418 618 4491 gines
646 4434 868 4491 quoque
896 4418 1018 4488 ejus
1029 4422 1088 4472 et
1105 4418 1458 4472 continentes
1477 4416 1749 4488 squalidas
1773 4417 2065 4489 deploran-
2079 4419 2130 4478 D
2146 4434 2377 4489 peccare
2401 4419 2787 4485 decreverunt,
2810 4418 2857 4474 si
2885 4419 3151 4474 licuisset.

458 4513 574 4576 tur,
607 4507 740 4580 quia
765 4507 824 4564 id
855 4505 937 4563 eis
955 4504 1026 4561 ob
1054 4504 1302 4561 inediam
1330 4503 1483 4559 verbi
1533 4504 1642 4559 Dei
1671 4505 1862 4559 nullus
1890 4505 2056 4573 viror,

1234 4616 3689 4654 _______________________________....

1586 4738 1998 4807 PROLOGUS
2048 4740 2263 4807 LIBRI
2312 4740 2502 4819 QUIN
2507 4740 2609 4806 TI.

548 4959 588 5022 1
604 4959 789 5022 53'!
819 4954 1061 5019 Quintus
1089 4955 1268 5027 igitur
1294 4956 1435 5012 liber
1461 4973 1577 5013 non
1609 4958 1804 5014 eadem
1836 4959 1956 5029 lege
1986 4965 2074 5014 est
2156 4960 2235 5031 pii
2252 4958 2478 5031 judicis.
2496 4960 2868 5016 Clementiam
2888 4961 3100 5017 scilicet
3120 4961 3179 5017 in
3199 4978 3260 5018 se
3278 4959 3446 5018 autin
3463 4963 3600 5009 suos:
3619 4942 3685 4996 ἰη-

463 5044 666 5112 editus,
715 5060 825 5117 qua
855 5044 1125 5115 ρι’ωωίεεὶ
1151 5050 1429 5116 quatuor:
1483 5047 1582 5102 sed
1610 5064 1805 5103 eorum
1850 5050 2070 5104 conclu-
2151 5049 2536 5120 dignationem
2566 5066 2695 5103 vero
2747 5059 2944 5104 contra
2988 5050 3217 5119 hostes;
3245 5031 3686 5123 .quatenuslud“

466 5135 549 5192 sio
564 5135 622 5190 in
639 5136 743 5191 hoc
760 5149 874 5189 uno
888 5132 1136 5203 recapitu
1158 5134 1327 5200 latur,
1365 5136 1487 5206 lege
1526 5138 1946 5209 rhetorum,qui
1962 5139 2065 5193 sub
2145 5139 2372 5209 gravius
2412 5139 2540 5194 odio
2571 5139 2899 5203 concitetur,
2948 5145 3007 5194 et
3049 5141 3318 5195 oﬂ‘ensam
3345 5128 3606 5192 contrahat
3633 5130 3684 5170 οι

467 5225 686 5297 epilogo
701 5225 759 5280 in
780 5224 893 5279 ﬁne
920 5222 1325 5278 concluduntet
1342 5224 1722 5281 determinant
1739 5227 2067 5282 acdinume-
2149 5228 2238 5282 his
2257 5229 2423 5284 rebus
2442 5244 2565 5300 quae
2604 5228 2860 5300 personis
2880 5235 2981 5283 aut
3008 5229 3249 5300 negotiis
3277 5231 3408 5285 sunt
3433 5214 3682 5278 attribute.

465 5320 596 5370 rant
616 5314 868 5385 singulas
897 5328 987 5368 res
1033 5310 1295 5375 breviter,
1326 5329 1467 5383 quas
1519 5315 1843 5386 attigerant.
1877 5318 2069 5387 Agunt
2146 5318 2232 5371 Ad
2246 5317 2351 5372 hoc
2363 5317 2569 5389 quippe
2582 5317 3332 5389 maximeconquestiovalet,
3354 5321 3411 5371 ut
3428 5302 3683 5366 miserim"

464 5403 614 5459 enim
644 5404 750 5458 hoc
766 5400 1160 5458 reminiscendi
1187 5416 1373 5468 causa,
1401 5402 1534 5456 dum
1565 5420 1654 5458 res
1691 5405 1972 5477 dispersas
2010 5412 2068 5461 et
2148 5406 2515 5477 diamjudicis
2533 5407 2809 5478 imploret,
2826 5412 2885 5461 et
2903 5407 3176 5463 auditoris
3189 5408 3430 5463 animum
3455 5396 3681 5453 mitem“

460 5488 693 5548 diﬂ'usas
718 5505 831 5545 uno
859 5491 981 5546 loco
1000 5488 1160 5563 quasi
1188 5487 1292 5543 sub
1335 5495 1563 5561 aspectu
1599 5492 1905 5563 subjiciunt
1939 5510 2067 5549 con-
2149 5495 3144 5569 misericordemtaciat.Cujusitaque
3160 5484 3679 5570 primuslocusest

464 5580 770 5655 querendo,
789 5586 855 5637 ut
870 5579 1317 5653 indignationem
1327 5579 1411 5635 vel
1425 5579 1783 5638 clementiam
1803 5590 2067 5641 moveant
2147 5602 2315 5660 quam
2326 5564 3008 5658 quibusinbonisfueriat,
3023 5564 3244 5645 etnunc
3252 5564 3677 5660 pertinentium”
