3960 6168
270 308 413 370 {237
945 306 1326 364 EXPOSI’I‘I’O
1365 306 1445 363 IN
1481 305 2094 367 LAMENTATIONES
2129 307 2486 366 JEREMIE.
2529 339 2595 355 -
2634 310 2774 366 LIB.
2812 312 2877 367 V.
3406 314 3552 377 1238

266 437 337 493 in.
384 435 555 492 nalis
595 438 749 502 sunt,
802 449 930 489 cum
977 432 1230 491 dicitur:
1282 434 1568 493 Memento
1608 435 1745 506 quid
1790 434 1935 497 fa-A
1953 434 2101 490 niam
2117 440 2251 492 sunt
2263 434 2718 508 utrisquetristes
2733 437 2994 511 lacryma
3006 456 3348 499 communes.
3366 440 3557 501 Posniq

268 532 430 582 ctum
469 526 545 581 sit
590 523 751 580 nobis
780 525 867 578 vel
897 523 1032 595 quid
1074 525 1357 578 acciderit.
1406 526 1726 591 Hereditas,
1778 525 1868 580 in-
1950 532 2131 581 tentes
2145 541 2274 581 vero
2291 541 2392 597 pro
2404 525 2521 581 suis
2534 533 2737 596 rogant
2750 529 2994 598 peccatis
3009 536 3108 585 aut
3120 547 3219 601 pro
3234 530 3551 586 excessibus

269 616 415 688 quit,
437 621 624 669 nostra
643 629 797 668 versa
812 618 885 667 est
895 615 968 666 ad
976 616 1032 667 al
1040 613 1660 685 ienos.Deploratigitur
1677 630 1869 669 coram
1948 615 2206 679 aliorum,
2221 620 2286 668 ut
2302 613 2573 668 Dominus
2591 614 2792 670 delicta
2808 616 3061 686 ignoscat
3073 617 3542 689 delinquentium,

266 704 708 760 clementissimo
726 702 916 773 judice
934 702 1123 756 omnia
1142 718 1336 757 eorum
1357 703 1728 768 incommoda,
1755 720 1870 759 res-
1947 720 2019 758 ne
2038 704 2235 775 puniat
2252 710 2439 758 errata
2458 703 2733 758 malorum
2748 721 2875 759 cum
2888 706 3123 774 judicat.
3146 707 3549 763 Lamentantes

267 811 382 866 que
401 799 596 865 turpes
623 798 683 847 et
700 790 939 847 humiles
967 791 1074 846 sibi
1099 791 1386 858 accidisse,
1403 798 1459 847 et
1489 792 1679 847 omnia
1703 792 1864 865 quasi
1948 809 2081 863 ergo
2124 797 2275 856 sunt,
2307 792 2403 862 qui
2433 791 2656 862 pietatis
2684 792 2893 847 intuitu
2919 795 3067 848 celsa
3108 799 3298 850 mente
3333 796 3548 857 deﬂent

261 888 400 938 ante
450 882 641 937 oculos
686 879 973 951 sigillatim
1007 880 1268 951 apponit;
1302 886 1365 935 ut
1408 880 1705 937 videantur
1739 898 1863 951 quas
1955 880 2494 948 lSﬁscivitatum
2510 882 3547 955 ruinas,excidiapatriee,depopulatio-

264 977 476 1045 praeter
497 988 653 1043 spem
681 970 765 1026 eis
788 969 1088 1040 contigisse
1115 969 1284 1032 dolet,
1312 974 1370 1024 et
1397 970 1466 1024 ad
1486 986 1735 1026 summas
1763 970 1866 1025 mi-

264 1063 448 1118 serias
472 1062 761 1117 devolutos
787 1076 848 1114 se
875 1076 1119 1131 suosque
1146 1065 1566 1121 commemorat.
1601 1077 1777 1127 more,
1800 1064 1868 1121 ut

259 1151 401 1216 dixi,
420 1156 729 1206 oratorum.
748 1149 908 1205 Unde
935 1150 983 1204 si
1012 1149 1089 1204 ibi
1111 1149 1252 1205 bene
1274 1150 1658 1221 perpenditur,
1682 1150 1864 1221 magis

257 1240 515 1296 invenies
544 1257 610 1295 ex
646 1238 854 1294 nostris
883 1239 1106 1294 easdem
1139 1239 1401 1310 loquendi
1430 1244 1581 1294 artes
1610 1256 1865 1310 progres-

259 1347 377 1396 sas,
410 1346 578 1402 quam
627 1346 692 1382 ex
738 1345 933 1383 eorum
974 1327 1289 1399 disciplinis
1329 1334 1549 1383 nostros
1578 1328 1713 1382 talia
1745 1345 1866 1388 miu-

255 1425 480 1475 tuasse.
518 1418 653 1483 Quae
681 1418 882 1472 melius
911 1434 1012 1488 per
1050 1409 1271 1488 singula
1300 1418 1559 1489 inspicies
1597 1417 1785 1482 verba,
1813 1419 1860 1473 si

260 1508 637 1564 intentionem
690 1513 749 1561 et
792 1508 1054 1562 alfectum
1085 1508 1368 1579 prophetae
1394 1507 1731 1571 consideres,
1764 1507 1862 1579 qui

252 1599 412 1653 celsa
441 1598 498 1652 in
536 1597 737 1668 spiritu
768 1597 980 1651 levatus
1008 1612 1155 1663 arce,
1188 1613 1299 1651 non
1340 1613 1473 1651 suas
1516 1613 1860 1667 suorumque

252 1687 650 1743 tantummodo
678 1687 867 1750 deﬂet,
902 1702 1070 1757 quam
1118 1685 1287 1740 etiam
1329 1686 1643 1757 prophetali
1671 1686 1863 1756 gratia.

1944 987 2043 1026 nes
2057 975 2115 1025 et
2131 970 2439 1025 vastitates.
2453 987 2555 1025 nec
2573 987 2683 1025 non
2695 976 2754 1027 et
2766 972 3055 1026 interitum
3071 989 3300 1028 suorum
3314 973 3540 1041 civium,

1944 1059 2094 1114 inter
2112 1076 2235 1130 quae
2251 1065 2661 1114 connumerant
2679 1077 2802 1131 quae
2819 1061 2935 1130 jam
2959 1062 3109 1132 passi
3128 1067 3229 1116 aut
3248 1067 3397 1116 certe
3417 1077 3543 1133 pas-

1944 1150 2062 1203 suri
2090 1154 2223 1204 sunt
2253 1149 2420 1203 variis
2445 1148 2806 1214 cruciatibus,
2836 1153 2893 1203 et
2919 1149 3272 1204 contumeliis
3290 1149 3548 1203 innume-

1944 1238 2023 1293 ris
2059 1241 2231 1307 (Rom.
2274 1243 2394 1307 xu).
2434 1238 2594 1293 Unde
2636 1243 2827 1292 monet
2864 1239 3184 1309 Apostolus,
3213 1238 3555 1293 charitatem

1947 1328 2183 1400 proximi
2203 1329 2566 1399 persuadens,
2588 1328 2838 1399 gaudere
2852 1345 2978 1383 cum
3002 1328 3397 1398 gaudentibus,
3418 1328 3563 1383 ﬂere

1943 1434 2068 1472 cum
2089 1416 2369 1472 ﬂentibus.
2404 1418 2472 1472 Et
2499 1416 2633 1487 quia
2658 1417 2750 1471 hic
2776 1423 2862 1471 est
2878 1416 3115 1471 fratrum
3138 1422 3373 1482 amator,
3392 1422 3537 1472 teste

1940 1507 2160 1577 angelo,
2194 1507 2289 1578 qui
2320 1506 2559 1561 multum
2591 1510 2717 1561 orat
2743 1523 2844 1577 pro
2867 1506 3073 1577 pepulo
3102 1510 3160 1560 et
3184 1522 3285 1577 pro
3313 1506 3543 1563 civitate

1939 1605 2133 1651 sancta
2165 1595 2265 1651 Dei
2293 1596 2624 1661 Jerusalem,
2658 1595 2860 1649 merito
2888 1594 3384 1650 lamentationibus
3418 1595 3537 1649 suis

1936 1685 2107 1743 vincit
2135 1685 2386 1740 omnium
2403 1684 2869 1743 lamentationum
2890 1684 3138 1739 lamenta
3169 1702 3181 1737 2
3214 1688 3274 1738 et
3299 1682 3416 1738 suis
3444 1683 3542 1738 ﬂe-

249 1776 952 1847 singulorumsingulas:et
966 1775 1350 1847 queomnium
1365 1776 1853 1844 suntmortalium,
1870 1786 1919 1849 Β
1939 1774 2088 1829 tibus
2118 1780 2382 1847 provocat
2408 1790 2622 1838 omnes,
2650 1778 2712 1828 ut
2746 1773 2915 1828 simul
2958 1773 3205 1828 deﬂeant
3226 1771 3401 1829 totius
3428 1788 3534 1826 sae-

250 1865 419 1938 quasi
436 1865 540 1920 sub
554 1881 786 1919 suorum
800 1865 984 1936 specie
1004 1864 1260 1936 deplorat
1287 1864 1497 1919 ruinas.
1519 1865 1634 1919 Hoc
1650 1866 1863 1937 quippe

251 1954 701 2010 distarevidetur
715 1954 867 2009 inter
880 1954 1220 2027 paenitentes
1239 1959 1296 2009 et
1312 1954 1708 2021 lamentantes,
1726 1970 1861 2026 quo-

1041 2115 1288 2129 *ιη

1938 1864 2048 1920 culi
2085 1863 2280 1919 ruinas
2306 1868 2365 1918 et
2391 1866 2639 1935 peccata.

1510 2218 1792 2290 LIBER
1875 2214 2326 2302 QUINTUS.

326 2478 623 2535 Recordare
651 2478 788 2545 quid
813 2478 1075 2533 acciderit
1094 2480 1266 2543 nobis,
1289 2476 1394 2541 vel,
1420 2475 1565 2531 sicut
1584 2474 1680 2531 alii
1703 2474 1852 2531 codi-

248 2583 346 2621 ces
369 2564 615 2621 habent:
656 2567 940 2632 Memento,
975 2568 1221 2628 Domine,
1255 2567 1393 2636 quid
1418 2567 1631 2634 factum
1660 2569 1732 2619 sit
1758 2580 1851 2619 no-

251 2656 357 2711 bis.
380 2655 542 2720 Quod
562 2671 699 2710 sane
712 2656 1020 2711 lamentum
1051 2656 1193 2711 miro
1208 2656 1375 2711 modo
1397 2654 1674 2710 canticum
1701 2655 1853 2709 Iere-

251 2744 382 2802 mia
412 2745 728 2817 appellatur
757 2746 879 2816 ejus
908 2744 1166 2800 vaticinia
1192 2745 1574 2809 decantatum,
1617 2760 1851 2816 praeser-

248 2835 357 2891 tim
386 2850 515 2890 cum
543 2834 921 2906 captivitatem
949 2834 1135 2905 gentis
1155 2851 1269 2889 sua:
1295 2842 1353 2889 et
1382 2834 1654 2906 plurimas
1681 2833 1851 2888 mise-

248 2922 366 2979 rias
393 2924 647 2995 deplorat
672 2941 810 2996 quas
835 2924 917 2983 eis
947 2923 1283 2995 Babylonius
1295 2930 1571 2995 tyrannus
1594 2923 1848 2994 ingessit.

1932 2474 2261 2529 delictorum
2293 2489 2359 2528 ex
2384 2472 2588 2529 causis.
2611 2473 2730 2528 Hoc
2756 2472 2961 2546 quippe
2992 2475 3078 2528 est
3103 2470 3312 2527 intueri
3340 2470 3425 2526 vel
3448 2487 3532 2526 re-

1932 2579 2166 2635 spicere,
2199 2563 2347 2635 quod
2386 2563 2557 2618 etiam
2607 2562 2808 2618 videre.
2858 2561 2970 2617 Sed
3019 2560 3245 2616 iteratio
3294 2559 3529 2628 orantis,

1934 2652 2293 2707 atﬂictionem
2320 2653 2406 2706 vel
2444 2649 2817 2706 intentionem
2847 2649 3089 2704 ostendit
3135 2647 3337 2703 cordis.
3370 2647 3532 2703 Unde

1935 2741 2029 2797 isti
2076 2741 2335 2797 versiculi
2363 2757 2491 2795 cum
2525 2740 2728 2794 aﬂ‘ectu
2776 2743 2909 2792 sunt
2951 2737 3192 2793 dolentis
3223 2736 3528 2808 relegendi.

1934 2832 2108 2886 Porro
2149 2829 2511 2903 opprobrium
2559 2844 2752 2883 eorum
2795 2832 2918 2881 erat
2962 2843 3100 2897 gens
3143 2832 3259 2880 tam
3310 2831 3530 2891 sancta,

1933 2925 2165 2991 tamque
2194 2919 2419 2991 inclyta,
2450 2916 2582 2971 olim
2605 2915 2888 2971 miraculis
2908 2914 3228 2985 praedicata,
3248 2920 3306 2968 et
3328 2914 3430 2969 Dei
3459 2914 3530 2969 il-

249 3013 417 3068 Uude
442 3020 665 3069 constat
703 3014 852 3085 quod
895 3020 953 3068 et
980 3014 1224 3069 lamenta
1263 3014 1515 3068 carmina
1543 3018 1694 3067 recte
1739 3012 1850 3067 dici
1868 2996 1911 3057 Ο
1934 3011 2175 3066 lustrata
2195 3007 2512 3081 praesentia,
2540 3005 2610 3060 ad
2637 3010 2859 3059 tantum
2880 3002 3166 3058 devenisse
3191 3003 3528 3059 discriminis

250 3109 519 3174 possunt;
549 3104 682 3175 quia
710 3102 1216 3175 impraesentiarum
1245 3102 1391 3157 sicut
1418 3101 1575 3156 nulla
1603 3103 1713 3155 fine
1742 3101 1850 3157 mi-

248 3193 415 3247 seriis
444 3194 610 3264 plena
638 3199 772 3248 sunt
799 3192 1026 3263 gaudia,
1058 3193 1140 3247 ita
1179 3192 1300 3247 sine
1343 3192 1605 3246 lamentis
1635 3190 1722 3245 vix
1750 3195 1855 3246 aut

249 3281 411 3337 nulla
436 3282 799 3339 inveniuntur
826 3281 1060 3337 cantica.
1107 3282 1319 3337 Idcirco
1369 3289 1520 3337 recte
1567 3280 1845 3337 canticum

250 3370 357 3426 hoc
383 3371 882 3427 lamentationibus
909 3370 1123 3427 ultimis
1137 3370 1339 3441 junxit,
1371 3371 1593 3425 Domini
1612 3384 1848 3441 poscens

247 3460 628 3526 clementiam,
649 3473 708 3515 ut
730 3462 896 3515 linem
930 3460 1097 3516 malis
1117 3460 1447 3531 imponeret.
1477 3459 1634 3524 Quod
1657 3465 1845 3512 tamen

249 3549 592 3604 monasticus
623 3566 756 3609 usus
786 3549 925 3605 bene
961 3549 1169 3604 invenit
1195 3550 1541 3620 psalmorum
1573 3563 1727 3601 more
1756 3546 1848 3600 de-

248 3637 468 3692 cantari
501 3637 724 3701 debere,
758 3638 1014 3709 quamvis
1056 3638 1259 3693 cantici
1290 3637 1617 3692 vocabulum
1647 3635 1718 3691 ab
1748 3651 1844 3690 eo-

247 3729 377 3783 dem
400 3728 670 3800 accipere,
695 3728 865 3783 nullis
898 3735 1239 3800 praeuatetur
1259 3728 1440 3783 titulis
1467 3726 1688 3792 debere,
1713 3742 1848 3797 quo-

247 3817 402 3872 niam
419 3818 775 3873 solummodo
792 3818 1011 3873 cantica
1032 3820 1090 3874 in
1112 3819 1207 3872 illa
1229 3817 1438 3872 scelesti
1458 3818 1589 3873 Sion
1610 3816 1810 3871 decent
1829 3831 1844 3882 ;

244 3907 681 3963 lamentationes
706 3923 855 3971 vero,
886 3907 944 3962 in
976 3907 1080 3964 hac
1105 3913 1299 3962 nostra
1342 3905 1790 3978 peregrinatione
1822 3923 1835 3960 :

1933 3099 2166 3165 exitium
2204 3096 2304 3152 Dei
2341 3097 2497 3166 justo
2518 3092 2750 3164 judicio,
2783 3091 2852 3147 ob
2893 3090 3306 3147 immanitatem
3351 3091 3528 3146 scele—

1932 3205 2078 3243 rum.
2112 3186 2292 3242 Aliter
2337 3200 2466 3240 vero
2496 3188 2809 3254 martyrum
2853 3197 2953 3235 vox
3006 3197 3128 3236 esse
3157 3184 3525 3249 monstratur,

1931 3277 2028 3348 qui
2045 3276 2225 3348 pmnis
2244 3274 2438 3329 afﬂicti
2457 3279 2516 3328 et
2532 3272 2873 3328 cruciatibus
2890 3269 3145 3342 subjecti,
3161 3270 3274 3325 Deo
3294 3270 3491 3326 dicunt
3510 3285 3527 3333 ς

1928 3368 2215 3431 Memento,
2242 3365 2494 3423 Domine,
2515 3364 2650 3432 quid
2664 3364 2877 3428 factum
2904 3365 2975 3413 sit
3000 3361 3169 3414 nobis.
3199 3359 3344 3415 Dum
3375 3359 3529 3415 enim

1928 3453 2434 3527 imprmsentiarum
2464 3467 2577 3506 non
2610 3449 2898 3505 ulciscitur
2923 3453 2979 3505 et
3013 3448 3292 3519 patienter
3315 3435 3529 3519 patitur

1930 3548 2314 3616 persecutores
2344 3546 2665 3597 sanctorum
2692 3537 2958 3613 grassari,
2992 3537 3406 3610 quodammodo
3435 3537 3530 3593 ob-

1928 3633 2198 3689 liviscitur
2220 3652 2234 3687 :
2258 3631 2465 3686 idcirco
2490 3628 2770 3684 recordari
2792 3632 3071 3692 exoratur,
3104 3626 3268 3680 sicuti
3304 3626 3400 3682 ille
3429 3627 3526 3696 qui

1929 3721 2366 3795 lacrymabiliter
2394 3716 2777 3792 proclamabat
2802 3735 2813 3770 :
2842 3717 3135 3784 Usunquo,
3159 3716 3404 3779 Domine,
3439 3715 3525 3767 ob-

1930 3816 2193 3869 livisceris
2220 3828 2305 3866 me
2325 3814 2388 3865 in
2410 3812 2575 3877 ﬁnem
2602 3808 2743 3877 (Psal
2759 3811 2895 3873 .xn);
2917 3809 3086 3875 atque
3114 3804 3351 3858 iterum:
3382 3803 3525 3859 Obti-

1927 3905 2148 3958 visceris
2180 3902 2376 3968 inopiae
2401 3901 2599 3953 nostra:
2612 3901 2661 3949 et
2687 3896 3067 3949 tribulationis
3098 3898 3329 3946 nostra?
3355 3892 3518 3958 (Psal.

245 3997 466 4052 mixtim
487 4013 615 4053 vero
643 3996 805 4068 quasi
834 3996 892 4053 in
912 3996 1242 4062 meditullio,
1267 4002 1573 4067 antequam
1598 3995 1738 4050 illud
1761 4011 1840 4050 vae
1924 3992 2098 4053 XLIIIl-
2135 3987 2275 4041 Cum
2307 3990 2497 4039 autem
2531 3980 2856 4036 recordatus
2885 3978 3073 4068 ξιξεΐίΐε
3092 3993 3207 4068 Δηοε
3233 3992 3521 4068 suoque}

244 4086 508 4140 ultimum
540 4086 913 4157 perveniatur,
936 4087 1066 4155 jure
1094 4086 1342 4140 lamenta
1371 4064 1714 4140 carminibus
1749 4088 1838 4138 at-
1920 4076 2198 4147 pressuris
2229 4070 2682 4145 persequentium
2714 4066 2989 4131 liberabit.
3013 4064 3141 4138 quia
3167 4066 3520 4157 solummodo

244 4191 356 4246 que
376 4155 631 4229 carmina
643 4174 866 4230 ﬂetibus
889 4173 1314 4246 permiscentur,
1336 4172 1433 4228 ubi
1452 4174 1673 4253 etmala
1687 4173 1843 4245 plan-
1926 4164 2277 4236 indulgentia
2299 4164 2438 4253 ejus,
2488 4159 2745 4216 liberatio
2775 4158 2900 4253 erit.
2936 4155 3216 4213 LibefatiO
3247 4172 3374 4253 νεξςο
3414 4171 3519 4253 nu-

240 4270 479 4336 guntur.
503 4271 560 4320 et
577 4264 636 4318 in
660 4280 759 4334 spe
785 4264 994 4335 gaudia
1016 4280 1145 4318 cum
1170 4263 1277 4318 ﬁde
1297 4250 1654 4317 celebrantur
1696 4262 1839 4317 Nam
1857 4318 1905 4336 ﬁ
1926 4261 2063 4321 stra,
2088 4255 2282 4327 utique
2310 4252 2449 4307 ultio
2481 4247 2937 4323 persequentium
2968 4251 3252 4319 sequetur.
3282 4246 3520 4301 [heredi-

243 4369 374 4408 cum
405 4353 544 4407 dicit
566 4371 579 4406 :
600 4354 916 4419 Recordare,
953 4354 1197 4414 Domine,
1219 4357 1267 4405 et
1288 4354 1406 4406 vide
1426 4353 1561 4421 quid
1579 4352 1839 4406 acciderit

243 4446 475 4497 nobis.et
487 4444 777 4509 intuer.',et
792 4445 988 4511 respice
1001 4443 1354 4511 opprobrium
1369 4438 1845 4506 nostrum,barba-

241 4547 367 4587 ram
402 4531 653 4586 historiae
685 4531 1061 4602 captivitatem
1092 4530 1280 4593 deﬂet,
1308 4529 1842 4601 miseriasquequas

242 4621 482 4693 pertulit
503 4637 643 4693 gens
678 4622 775 4675 illa
800 4622 1008 4691 ingerit
1034 4619 1350 4692 aspectibus
1379 4618 1692 4684 Creatoris;
1718 4617 1843 4689 plus

240 4718 434 4767 tamen
450 4719 487 4778 Ι
501 4716 694 4778 ειν
702 4727 872 4782 quam
883 4710 1160 4765 rhetorica
1169 4708 1463 4780 disciplina
1473 4708 1625 4762 omni
1638 4724 1703 4762 ex
1719 4724 1844 4779 par-

238 4808 299 4857 te
318 4801 594 4873 prOpheta
613 4800 947 4855 sententiam
968 4815 1127 4853 suam
1150 4804 1449 4869 temperat,
1471 4813 1583 4852 non
1601 4804 1663 4852 ut
1682 4813 1843 4868 exag-

237 4897 474 4961 geretur
500 4889 689 4943 odium
700 4887 907 4958 judicis
920 4892 1116 4942 contra
1138 4886 1618 4952 adversarios,sed
1646 4892 1710 4939 ut
1729 4884 1840 4939 cle-

237 4981 515 5037 mentiam
535 4980 798 5051 imploret
811 4995 913 5051 pro
931 4979 1049 5034 suis
1068 4978 1228 5033 factis
1249 4983 1306 5032 et
1322 4976 1664 5032 criminibus.
1681 4976 1841 5033 Unde

239 5087 355 5126 non
373 5070 537 5125 dixit:
554 5067 1476 5136 Memento,Domine,inimicorum
1492 5072 1837 5133 nostrorum,

236 5166 305 5216 ut
321 5160 441 5216 suis
460 5160 632 5230 digna
642 5158 800 5214 factis
820 5158 1125 5218 exsolvant,
1137 5159 1229 5211 sed
1246 5158 1533 5211 recordare
1547 5158 1684 5225 quid
1701 5158 1841 5210 acci-

236 5253 387 5306 derit
418 5252 591 5305 nobis.
614 5250 694 5304 Ac
714 5249 763 5304 si
784 5254 1043 5320 patenter
1060 5247 1274 5302 diceret
1300 5261 1311 5296 :
1337 5245 1721 5301 Reminiscens
1742 5261 1840 5299 au—

234 5340 390 5395 feras
406 5339 557 5394 mala
581 5355 706 5410 quae
725 5338 993 5409 patimur,
1014 5335 1318 5391 factoribus
1345 5341 1533 5389 autem
1558 5334 1836 5405 ignoscas.

237 5430 349 5486 Ubi
396 5445 524 5484 cum
556 5427 692 5483 dicit
741 5428 878 5497 quid
922 5427 1187 5481 acciderit
1230 5424 1316 5479 vel
1361 5423 1494 5495 quid
1524 5422 1733 5478 factum
1764 5422 1841 5477 sit

236 5519 421 5585 nobis,
467 5517 768 5589 distinguit
811 5516 960 5571 mala
997 5532 1121 5587 quae
1150 5513 1483 5586 perferimus
1514 5528 1549 5566 a
1594 5517 1835 5581 natura;

239 5609 513 5683 quoniam
546 5623 659 5665 non
681 5606 966 5665 naturalia
988 5610 1139 5673 sunt,
1171 5604 1269 5661 sed
1308 5602 1616 5659 accidentia
1648 5601 1840 5659 multis

1927 4350 2007 4398 tas
2038 4350 2228 4398 nostra
2251 4358 2405 4397 versa
2433 4346 2505 4395 est
2535 4341 2609 4393 ad
2633 4341 2875 4393 alienos:
2897 4339 3090 4391 domus
3120 4339 3318 4391 nostra
3336 4336 3407 4389 ad
3426 4351 3519 4389 ex-

1925 4438 2161 4488 traneos.
2197 4435 2580 4488 Connumerat
2619 4427 2769 4482 mala
2798 4442 2898 4498 per
2925 4431 3114 4497 partes
3143 4441 3264 4497 quae
3300 4422 3518 4479 accide-

1925 4528 2072 4588 rant,
2090 4522 2313 4595 quando
2334 4522 2575 4593 populus
2595 4524 3009 4592 transportatus
3035 4517 3093 4571 in
3111 4514 3513 4587 captivitatem,

1924 4610 2093 4664 alieni
2117 4612 2483 4682 possederant
2510 4616 2748 4675 terram;
2781 4612 2838 4662 ct
2859 4622 2983 4678 qua:
3004 4606 3186 4660 fuerat
3220 4603 3517 4659 hereditas

1927 4699 2134 4770 populi,
2167 4698 2314 4753 facta
2344 4708 2430 4754 est
2447 4698 2725 4771 possessio
2757 4693 3082 4767 praedatoris
3106 4710 3169 4749 ac
3190 4692 3514 4757 ,vastatoris.

1923 4790 2128 4860 Tangit
2149 4789 2317 4844 etiam
2343 4788 2763 4860 praerogativam
2776 4786 3028 4849 Patrum,
3049 4791 3105 4839 et
3122 4784 3518 4839 auctoritatem

1922 4880 2121 4936 divinae
2154 4878 2433 4950 largitatis
2466 4895 2476 4929 :
2506 4878 2665 4947 cujus
2692 4875 2925 4930 obtentu
2972 4874 3200 4928 delectis
3230 4872 3515 4944 gentibus,

1923 4970 2067 5025 facta
2096 4976 2183 5024 est
2205 4969 2501 5024 haereditas
2520 4965 3008 5037 eorum.idemque
3037 4966 3275 5037 populus
3301 4981 3432 5036 pars
3462 4968 3520 5019 et

1923 5060 2197 5131 possessio
2220 5059 2351 5126 Dei;
2376 5074 2614 5130 quorum
2641 5055 2947 5113 auctoritas
2967 5056 3318 5127 gravissima,
3343 5059 3400 5109 et
3426 5054 3519 5108 de-

1924 5150 2099 5205 fensio
2145 5148 2488 5203 haereditatis
2518 5162 2742 5218 semper
2769 5145 2874 5201 sub
2904 5161 3039 5201 cura
3087 5151 3144 5199 et
3172 5142 3516 5216 protectione

1922 5240 2022 5294 Dei
2046 5239 2149 5293 fuit
2171 5257 2184 5306 ;
2206 5238 2426 5303 deinde,
2442 5237 2589 5308 quod
2619 5235 3031 5292 atrocissimum
3047 5240 3132 5289 est
3158 5230 3385 5298 doloris,
3409 5230 3517 5286 hae-

1921 5329 2131 5384 reditas
2158 5333 2329 5383 tantae
2358 5327 2753 5398 praerogativae,
2787 5342 2899 5381 non
2927 5325 2997 5380 ad
3035 5321 3370 5393 superiores,
3401 5335 3517 5375 non

1921 5418 1990 5472 ad
2020 5418 2279 5489 aequales,
2310 5432 2492 5488 neque
2512 5416 2582 5471 ad
2609 5417 3041 5488 qualescunque,
3074 5411 3173 5467 sed
3200 5409 3272 5465 ad
3302 5409 3517 5466 alienos

1919 5523 1953 5561 a
1982 5508 2096 5563 Deo
2127 5514 2294 5579 atque
2322 5515 2634 5573 extraneos,
2659 5507 2838 5578 culpis
2860 5501 3228 5575 exigentibus,
3257 5500 3408 5572 quod
3424 5500 3515 5555 in-

1920 5596 2314 5669 dignissimum
2360 5603 2418 5653 et
2443 5595 2861 5670 iniquissimum
2890 5597 2992 5659 est,
3024 5590 3297 5664 pervenit,
3328 5590 3399 5646 ad
3428 5588 3515 5647 in—
3542 5647 3547 5653 ,
