3960 6168
502 302 641 364 1239
1272 306 1336 362 S.
1375 303 1755 362 PASCHASII
1794 303 2155 360 RADBERTI
2193 301 2497 360 ABBATIS
2533 301 3026 360 CORBEIENSIS.
3593 306 3704 366 1240

494 428 645 485 feros
677 428 935 485 videlicet
952 433 1123 502 atque
1140 427 1591 509 superbissimos.
1612 432 1646 493 Ι
1664 430 1855 494 530
1872 427 2096 483 Interea
2115 433 2154 491 Λ
2176 430 2391 481 matres
2417 424 2606 489 deﬂet,
2640 430 2698 481 et
2726 426 2924 482 viduas
2958 426 3237 500 deplorat,
3270 443 3389 500 qua
3412 428 3629 484 solebant
3660 433 3705 487 in

497 518 765 574 adversus
804 519 1094 573 haereticos
1131 519 1251 574 haec
1293 517 1572 572 conclusio
1606 515 1800 582 currit,
1841 517 1935 587 qui
1974 517 2090 572 hze-
2170 515 2294 587 lege
2318 516 2461 570 ﬁlios
2487 519 2745 580 educare,
2770 523 2825 570 et
2849 518 3066 571 nutrire
3095 517 3352 588 papulos.
3378 518 3533 573 Porro
3555 537 3707 574 serun-

494 608 793 663 reditatem
850 608 1104 663 Ecclesiae
1153 606 1378 667 Chris‘ti,
1429 612 1528 660 aut
1584 604 1950 665 daemonibus.
1992 613 2092 661 aut
2171 603 2306 659 dum
2330 621 2824 676 anagogen,quam
2856 623 3000 677 saepe
3030 623 3134 660 vox
3163 606 3273 659 ista
3292 606 3489 661 Christi
3508 608 3709 664 Ecclesia

495 698 680 769 pravis
714 697 1002 773 dederunt
1040 696 1330 751 institutis.
1366 696 1527 750 Unde
1557 695 1667 748 alia
1699 695 2089 766 interpretatio
2172 694 2429 765 congruit
2454 711 2563 765 qua
2591 694 2798 748 dicitur
2826 712 2838 747 :
2865 697 3015 749 Facti
3038 712 3236 749 sumus
3266 698 3402 749 sicut
3432 712 3531 750 non
3556 697 3711 752 haben-

491 786 785 857 signanter
802 786 907 840 ait:
943 786 1240 840 Hereditas
1270 789 1458 838 nostra
1476 800 1734 841 conuersa
1756 790 1831 838 est
1850 787 2087 838 alienis:
2174 788 2246 837 tes
2270 788 2507 852 patrem.
2542 783 2771 848 Quoties
2798 784 2856 838 in
2885 784 3164 855 angustiis
3202 790 3261 837 et
3298 778 3709 851 tribulationibus,

494 881 544 930 et
572 876 765 930 domus
793 880 988 929 nostra
1024 877 1322 929 extraneis.
1357 873 1501 938 Quia
1516 866 1521 873 ’
1539 873 1811 946 quidquid
1857 889 2090 928 conver-
2173 870 2359 927 minus
2381 872 2503 942 ejus
2519 879 2752 943 paterna
2775 873 2998 944 pietatis
3021 873 3237 927 viscera
3256 890 3356 944 per
3375 874 3605 927 affectum
3620 891 3713 929 ερα-

491 964 650 1031 titur,
683 969 805 1019 erat
831 963 1058 1036 quidem
1092 981 1104 1015 τ
1152 963 1250 1017 sed
1281 968 1479 1035 postea
1514 962 1571 1017 in
1601 963 1785 1017 aliena
1832 979 2091 1016 commu-
2169 960 2344 1014 timus
2363 960 2547 1031 dignae
2572 962 2989 1016 consolationis.
3021 963 3185 1027 Quod
3216 962 3297 1015 illi
3319 968 3556 1033 patenter
3571 964 3713 1017 dicere

490 1056 667 1107 tatur.
700 1054 784 1108 Ita
813 1060 870 1107 et
897 1052 966 1106 de
997 1052 1301 1124 Scripturis
1338 1052 1511 1106 sacris
1542 1051 1692 1106 recte
1722 1051 1958 1122 intelligi
1986 1067 2087 1123 po-
2168 1056 2401 1122 queunt,
2447 1050 2544 1122 qui
2592 1051 2678 1105 sui
2721 1068 2891 1105 causa
2926 1052 3139 1123 peccati
3192 1058 3411 1123 patrem
3459 1052 3714 1107 amiserunt

487 1145 620 1207 test,
673 1158 796 1213 quae
841 1147 975 1196 sunt
1015 1141 1309 1197 hereditas
1369 1141 1619 1196 fidelium
1671 1141 1741 1195 de
1795 1157 1906 1212 qua
1952 1141 2083 1195 dixi.
2167 1139 2367 1194 Deum.
2396 1140 2555 1195 Unde
2575 1141 2812 1211 orphaui
2834 1141 3028 1212 procul
3056 1140 3232 1195 dubio
3252 1141 3383 1195 facti
3410 1140 3579 1195 debite
3597 1142 3715 1212 plan-

487 1230 620 1286 Haec
637 1231 933 1286 translatio
963 1247 1075 1286 non
1104 1231 1202 1297 ait,
1232 1247 1499 1286 conversa
1524 1236 1611 1285 est
1633 1230 1703 1285 ad
1733 1230 1964 1297 alienos,
1985 1230 2081 1284 sed
2165 1234 2327 1298 gunt,
2351 1228 2501 1300 quod
2527 1229 2813 1301 proprium
2836 1230 3188 1301 perdiderint
3208 1230 3530 1300 genitorem.
3550 1230 3615 1284 Ex
3633 1246 3716 1301 quo

484 1335 752 1375 conversa
788 1326 875 1375 est
920 1320 1140 1386 alienis,
1181 1320 1291 1374 illis
1332 1319 1591 1374 videlicet
1616 1319 1709 1391 qui
1750 1335 1784 1373 a
1807 1319 1923 1373 Deo
1952 1319 2081 1373 facti
2166 1333 2311 1373 unus
2340 1318 2731 1389 interpretum,
2760 1334 2870 1372 non
2897 1317 3171 1373 habentes
3194 1324 3411 1390 patrem
3440 1318 3589 1383 dixit;
3609 1319 3717 1372 alter

482 1414 619 1464 sunt
653 1410 843 1476 alieni,
879 1425 944 1464 eo
972 1409 1119 1482 quod
1151 1409 1440 1481 Scriptura
1475 1425 1637 1463 sacra
1667 1412 1798 1462 aliis
1837 1414 1923 1463 est
1951 1410 2083 1463 odor
2164 1423 2314 1473 vero,
2347 1408 2501 1461 velut
2528 1424 2639 1461 non
2689 1407 2980 1471 habentes,
3012 1409 3147 1479 quia
3178 1408 3462 1462 interdum
3490 1424 3618 1478 saepe
3644 1424 3717 1477 pro

482 1500 611 1557 vita:
632 1500 696 1553 in
725 1502 915 1565 vitam,
948 1501 1080 1554 aliis
1109 1501 1243 1554 odor
1270 1502 1465 1553 mortis
1497 1502 1559 1553 in
1592 1504 1821 1553 mortem
1852 1499 1930 1566 (Il
1955 1499 2077 1554 Car.
2163 1496 2342 1567 culpis
2367 1501 2519 1551 totus
2546 1496 2846 1551 amittitur.
2879 1498 3036 1568 Saepe
3067 1501 3273 1552 veroet
3299 1496 3347 1551 si
3369 1496 3542 1551 nosad
3568 1496 3711 1549 incdi-

486 1589 550 1658 Il)
567 1632 579 1645 .
614 1586 828 1642 Idcirco
853 1588 1049 1643 alienis
1074 1587 1418 1643 convertitur
1446 1588 1515 1643 ad
1541 1587 1852 1659 perfidiam,
1874 1603 2000 1642 cum
2024 1588 2084 1641 εἰ·
2165 1601 2292 1640 cum
2314 1585 2523 1640 deserit
2548 1586 2605 1639 in
2634 1586 2818 1649 terris,
2861 1592 2926 1640 ut
2956 1591 3175 1657 patrem
3208 1603 3325 1640 non
3349 1585 3543 1639 habere
3567 1584 3718 1639 videa-

486 1675 707 1731 delibus
730 1676 1000 1731 catholice
1022 1676 1465 1750 intelligentibus
1484 1682 1710 1731 maneat
1729 1676 1798 1731 ad
1820 1676 2079 1731 salutem.
2166 1690 2296 1728 mur
2348 1673 2498 1728 inter
2547 1690 2842 1745 pressurus
2890 1675 3376 1746 persequentium,
3405 1679 3580 1728 tamen
3617 1689 3715 1727 eum

487 1766 558 1821 Et
599 1767 793 1819 domus
836 1772 1031 1820 nostra;
1072 1769 1348 1821 extraneis
1384 1770 1465 1820 vel
1507 1768 1835 1835 peregrinis.
1870 1766 1946 1820 Ex
1974 1782 2085 1837 quo
2102 1772 2147 1831 ’Β
2163 1762 2372 1817 habere
2398 1763 2456 1817 in
2487 1764 2626 1817 coelo
2654 1764 2885 1818 minime
2909 1764 3259 1819 dubitamus.
3298 1766 3581 1835 Propterea
3601 1763 3719 1816 velut

485 1859 643 1927 patet
671 1872 870 1910 sensus
903 1873 917 1911 :
960 1854 1229 1927 quidquid
1274 1855 1528 1910 exterius
1578 1854 1881 1910 interiusve
1932 1855 2082 1909 idem
2165 1867 2277 1907 non
2306 1852 2596 1911 habentes.
2628 1853 2910 1908 interdum
2942 1869 3159 1909 sumus.
3199 1854 3360 1910 Unde
3379 1870 3485 1908 non
3512 1852 3715 1906 absolute

484 1942 686 1998 habuit
712 1943 968 2016 populus,
1000 1944 1071 1998 ad
1099 1942 1374 2015 liquidum
1408 1943 1556 2015 quod
1591 1942 1661 1997 ab
1690 1943 1968 1998 extraneis
1996 1948 2083 1997 to-
2166 1940 2323 2005 dixit,
2347 1947 2405 1995 et
2427 1957 2539 1996 non
2570 1941 2840 1997 habentes
2856 1944 3214 2015 patrem,sed
3245 1944 3400 1998 velut
3427 1958 3529 1996 non
3548 1940 3715 1994 haben-

412 2103 416 2106 .
486 2036 609 2089 tum
640 2032 715 2088 sit
742 2049 1059 2104 possessum
1084 2032 1172 2087 vel
1201 2036 1665 2089 transmutatum.
1696 2032 1804 2088 Sed
1824 2038 1879 2086 et
1899 2038 2084 2103 trepo-
2164 2035 2269 2089 tes.
2322 2031 2542 2102 quoties
2584 2031 2751 2085 variis
2802 2048 3067 2087 vexamur
3109 2031 3573 2093 tribulationibus,
3601 2036 3653 2083 ut
3673 2033 3714 2082 et

481 2121 662 2194 logice
676 2121 876 2176 domus
891 2121 1327 2194 Scripturarum,
1348 2120 1731 2192 intelligentiae
1747 2138 2085 2194 cognoscun-
2165 2118 2399 2174 habeam
2409 2137 2473 2175 us
2502 2137 2603 2192 per
2626 2121 2884 2176 allectum
2922 2121 3026 2193 piae
3049 2120 3473 2183 recordationis,
3510 2117 3714 2191 quamvis

484 2214 581 2265 tur
615 2208 836 2275 divinis,
885 2208 941 2263 in
974 2208 1176 2281 quibus
1220 2209 1599 2265 habitaculum
1644 2215 1851 2266 nostra
1881 2210 2085 2265 mentis
2167 2215 2225 2264 et
2245 2209 2450 2265 habere
2472 2226 2580 2265 non
2611 2210 2903 2266 videamur
2930 2228 3031 2283 per
3050 2212 3332 2266 auxilium
3360 2226 3470 2264 suae
3496 2205 3716 2263 defensio-
3794 2267 3799 2273 ν

485 2314 634 2369 saepe
663 2296 971 2351 firmamus.
1006 2297 1185 2352 Aliter
1214 2298 1363 2353 enim
1387 2297 1443 2353 in
1465 2297 1678 2353 eisdem
1698 2298 1953 2354 habitare
1974 2315 2085 2354 non
2168 2298 2274 2353 nis.
2304 2297 2411 2353 Sed
2432 2304 2491 2352 et
2520 2299 2773 2354 Ecclesiae
2804 2300 3009 2354 Christi
3043 2316 3170 2372 quae
3193 2302 3327 2371 jure
3363 2304 3558 2353 matres
3580 2292 3717 2350 nemi-

484 2401 804 2458 possumus.
829 2384 938 2440 nisi
976 2386 1232 2441 sensibus
1259 2391 1527 2458 tanquam
1552 2387 1743 2458 januis
1772 2388 2082 2459 patefactis,
2167 2393 2399 2448 nantur,
2452 2404 2599 2459 saepe
2645 2389 3047 2459 persecutionis
3087 2397 3349 2461 tempore
3395 2388 3531 2442 sicut
3575 2382 3716 2437 vidum

482 2473 987 2545 intelligentiarum
1030 2475 1386 2530 latitudinem
1425 2482 1737 2531 teneamus.
1770 2478 1921 2542 Quas
1952 2478 2085 2533 dum
2171 2477 2332 2539 ﬁunt,
2368 2476 2592 2548 quando
2613 2492 2649 2531 a
2675 2477 2793 2531 suis
2812 2477 2964 2542 viris,
2989 2477 3381 2533 sacerdotibus
3408 2472 3713 2547 fugientibus,

482 2563 733 2620 haeretici
761 2564 909 2619 male
937 2564 1244 2619 secundum
1267 2582 1381 2620 sua:
1403 2565 1693 2637 pravitatis
1714 2566 2089 2621 inventionem
2171 2565 2569 2636 relinquuntur
2594 2584 2605 2617 :
2629 2567 2780 2620 velut
2802 2567 2994 2631 etiam,
3011 2568 3241 2639 quando
3256 2568 3314 2621 in
3331 2572 3569 2636 tempore
3580 2559 3713 2633 pacis.

483 2658 837 2713 convertunt,
855 2654 1055 2709 domus
1080 2658 1283 2709 nostrae
1308 2654 1723 2710 alienisincolis
1744 2657 2089 2711 transferun-
2172 2653 2243 2708 ob
2273 2654 2543 2708 desidiam
2585 2659 2641 2708 et
2670 2655 3003 2717 vecordiam,
3035 2656 3253 2711 nullam
3285 2657 3399 2711 Deo
3427 2653 3615 2726 prolem
3642 2663 3718 2720 per

480 2748 579 2799 tur
623 2743 730 2799 Sed
758 2748 816 2798 et
842 2743 1123 2816 spiritales
1140 2743 1404 2815 nequitiae
1425 2745 1675 2799 extranei
1698 2750 1932 2816 possunt
1960 2762 2088 2799 con-
2172 2743 2420 2797 otﬁcium
2443 2757 2556 2797 sua:
2583 2743 2997 2814 praedicationis
3022 2745 3286 2816 gignunt.
3320 2746 3458 2800 Dum
3488 2741 3617 2797 enim
3642 2743 3718 2792 aut

483 2837 757 2905 gruenter
784 2832 1022 2903 intelligi
1055 2850 1067 2884 :
1104 2833 1199 2904 qui
1230 2832 1506 2904 perversis
1534 2833 1987 2903 cogitationibus,
2006 2833 2085 2886 di-
2167 2830 2322 2885 lucra
2347 2837 2636 2886 sectantur
2653 2832 2855 2893 saeculi,
2873 2839 2974 2887 aut
2994 2833 3111 2888 suis
3132 2834 3489 2906 implicantur
3510 2827 3709 2900 ﬂagitiis

482 2922 743 2976 vinarum
774 2921 1190 2992 Scripturarum
1235 2920 1587 2974 sermonibus
1625 2920 1792 2975 falsas
1832 2921 2089 2976 inserunt
2167 2920 2250 2973 vel
2277 2919 2501 2990 ignavia
2519 2936 2623 2974 sua
2655 2929 2960 2991 pascuntur
2988 2923 3307 2994 imperitiae.
3336 2919 3532 2977 Christi
3559 2916 3712 2977 Eccle-

483 3011 808 3082 pravitates.
840 3010 957 3063 Nec
986 3024 1096 3063 non
1127 3009 1328 3063 domus
1356 3014 1560 3063 nostra:
1586 3014 1802 3064 mentes
1831 3009 2089 3065 videlicet
2168 3008 2266 3062 siue
2300 3025 2423 3080 qua:
2462 3026 2588 3063 vere
2620 3016 2828 3064 matres
2858 3018 2990 3065 sunt
3020 3011 3485 3072 Christianorum,
3513 3008 3635 3061 sicut
3657 3002 3714 3056 vi-

483 3099 746 3153 humanae
778 3101 1188 3151 convertuntur
1231 3097 1301 3150 ad
1344 3102 1637 3151 extraneos
1679 3105 1734 3152 et
1770 3096 2293 3157 immundostuxe
2335 3098 2497 3153 ﬁunt.
2530 3099 2834 3171 Propterea
2863 3100 3087 3172 quidem
3120 3118 3237 3157 non
3275 3102 3468 3164 viduae,
3498 3096 3612 3169 quia
3635 3090 3715 3145 viri

482 3186 733 3259 spiritus,
763 3202 889 3239 cum
918 3185 1371 3256 praevaricatione
1393 3186 1603 3255 peccati
1626 3187 1695 3241 ad
1715 3188 1850 3242 vitia
1870 3189 2087 3245 animas
2170 3201 2364 3241 earum
2420 3187 2604 3242 vivere
2654 3188 2934 3254 videntur,
2965 3190 3061 3244 sed
3101 3192 3265 3262 quasi
3305 3190 3491 3245 viduae.
3520 3184 3631 3256 quia
3664 3196 3713 3234 ex

478 3274 771 3331 inclinant.
806 3274 1057 3340 Quarum
1111 3274 1322 3329 scilicet
1349 3274 1649 3331 hereditas
1678 3277 1748 3331 ad
1792 3284 2088 3334 extraneos
2170 3275 2307 3347 ipsis
2330 3277 2543 3331 nullum
2572 3278 2814 3333 fructum
2846 3279 2959 3333 Deo
2984 3280 3190 3335 ferunt.
3224 3282 3377 3346 Quas
3402 3278 3533 3332 bene
3560 3285 3713 3328 eorum

482 3363 847 3429 convertitur,
877 3363 1012 3418 dum
1060 3363 1251 3435 pervia
1303 3364 1579 3419 immundi
1633 3366 1865 3438 spiritus
1919 3369 2089 3423 corda
2171 3380 2271 3418 vox
2296 3365 2353 3418 in
2375 3364 2901 3437 Ecclesiadeplorat,
2921 3369 3251 3439 quiaadhuc
3276 3385 3375 3441 per
3396 3363 3711 3421 intentionem

487 3457 683 3508 nostra
721 3452 1029 3525 possident.
1075 3452 1253 3509 Aliter
1289 3455 1439 3509 enim
1468 3455 1536 3509 ad
1566 3473 1669 3511 nos
1711 3457 1929 3529 ingredi
1973 3476 2085 3514 non
2168 3452 2351 3507 cordis
2379 3458 2437 3507 et
2477 3454 2790 3508 dilectionis
2819 3472 3090 3522 amorem,
3131 3458 3202 3512 ad
3240 3460 3410 3513 Deum
3455 3452 3711 3524 suspirant-

482 3547 729 3616 possent,
763 3543 896 3615 quia
942 3560 1052 3597 non
1086 3561 1150 3598 ex
1186 3550 1391 3600 natura
1430 3545 1704 3617 originem
1740 3547 2079 3619 possidendi,
2170 3540 2278 3596 Sed
2328 3548 2384 3595 εἴ
2420 3543 2811 3598 hereticorum
2862 3546 3078 3617 plangit
3112 3548 3479 3601 sterilitatem
3522 3540 3713 3608 [53’

484 3631 584 3687 sed
610 3647 673 3686 ex
703 3632 867 3704 culpa
894 3647 1127 3687 sumunt
1179 3633 1358 3699 Quam
1401 3635 1675 3707 prepheta
1712 3642 1970 3692 retexens
1999 3656 2085 3693 co-
2168 3646 2405 3702 quorum
2430 3632 2558 3700 jure
2601 3633 2856 3688 Εοοιθείω
2883 3635 3043 3705 quasi
3073 3635 3253 3692 Viduas
3277 3637 3526 3690 dicunt“r
3552 3649 3563 3697 ς
3592 3625 3708 3699 (ληίδ’

484 3736 606 3776 ram
627 3735 847 3775 summo
862 3720 1052 3791 judice
1078 3721 1384 3788 miseriam,
1409 3738 1519 3776 non
1540 3723 1724 3779 minus
1742 3741 1868 3779 eum
1891 3733 2086 3782 contra
2169 3720 2273 3773 θιεί
2306 3720 2543 3775 Domino
2580 3720 2713 3776 Iesu
2752 3723 2976 3777 Christo
3007 3724 3125 3779 Viro
3167 3725 3465 3781 fortissimo
3507 3737 3564 3775 ex
3589 3720 3711 3789 Pa"te

484 3804 694 3871 hostes,
740 3825 908 3880 quam
948 3810 1118 3864 etiam
1158 3810 1230 3865 ad
1260 3811 1436 3865 nostri
1477 3812 1829 3868 clementiam
1866 3814 2084 3871 invitat.
2163 3807 2499 3878 junguntur.
2531 3808 2587 3863 iu
2620 3827 2686 3864 eo
2718 3812 2867 3883 quod
2897 3829 3024 3867 eum
3057 3813 3464 3884 quodammodo
3490 3807 3709 3864 ϐοηθίεη·

488 3893 649 3950 Unde
691 3897 948 3970 sequitur
985 3916 997 3951 :
1033 3900 1243 3968 Pupilli
1278 3902 1416 3968 facti
1446 3918 1642 3955 sumus
1670 3903 1867 3972 absque
1890 3910 2086 3973 patre:
2168 3900 2285 3965 tur,
2319 3896 2658 3968 baptismum
2707 3906 3039 3971 sequuntur.
3082 3920 3274 3959 sacras
3303 3904 3505 3958 litteras
3538 3895 3704 3965 legunt

486 3989 693 4040 matres
724 3992 924 4042 nostra:
967 3990 1130 4057 quasi
1175 3991 1370 4043 vidum.
1422 3990 1527 4045 Ubi
1575 3991 1719 4046 alius
1760 3992 2038 4065 interpres
2070 4014 2082 4049 :
2170 3986 2543 4042 GOCIGSiu-Stica
2568 3993 2856 4043 sectantur
2884 3991 3089 4059 ofﬁcia,
3106 3998 3299 4048 tamen
3320 3992 3481 4063 digne
3505 3982 3636 4059 quasi
3655 3977 3708 4030 Vi“

487 4073 739 4146 Orphani
768 4076 900 4130 facti
948 4093 1161 4144 sumus,
1204 4077 1406 4149 inquit,
1458 4080 1610 4135 velut
1653 4096 1763 4136 non
1818 4082 2089 4139 habentes
2169 4073 2293 4129 dum
2321 4075 2704 4148 depiomntur.
2741 4079 2874 4150 quia
2920 4082 3137 4136 nullum
3178 4098 3243 4136 ex
3291 4082 3404 4137 suis
3444 4070 3708 4133 doctoribus

487 4167 728 4233 patrem.
757 4164 832 4217 Ex
855 4181 965 4235 quo
987 4165 1167 4237 liquet
1193 4168 1338 4238 quod
1367 4169 1640 4240 propheta
1668 4170 1737 4225 ad
1768 4171 1949 4226 Deum
1980 4173 2087 4227 Pa-
2170 4163 2286 4218 D60
2323 4164 2564 4220 fructum
2612 4167 2859 4238 Puriuut-
2905 4169 3062 4233 Ουοά
3083 4170 3245 4245 ,δθηε
3298 4167 3590 4239 ωηοιώίηε
3624 4157 3705 4212 in“

486 4253 632 4304 trem
665 4252 886 4305 oculum
930 4252 1190 4315 intendit,
1235 4256 1329 4326 qui
1380 4256 1597 4327 plebem
1645 4259 1933 4315 Judaicam
1983 4262 2087 4317 sibi
2170 4251 2345 4307 David
2377 4254 2694 4325 deSignant,
2747 4257 2817 4311 ad
2864 4274 3006 4329 quas
3047 4276 3210 4315 verus
3259 4259 3427 4317 David
3471 4259 3633 4311 noster
3661 4245 3705 4298 in

485 4337 852 4411 adaptaverat
878 4340 937 4395 in
967 4341 1129 4395 filios.
1161 4343 1241 4397 Ex
1268 4360 1378 4415 quo
1406 4345 1487 4399 ait
1518 4361 1530 4395 :
1584 4349 1756 4402 Filius
1789 4366 1938 4404 meus
1970 4355 2087 4421 pri-
2170 4340 2332 4397 initio
2360 4342 2667 4414 ingressus,
2703 4346 2799 4400 sed
2837 4362 2950 4401 non
2979 4364 3075 4403 eas
3093 4349 3200 4404 sibi
3230 4352 3393 4422 pleno
3423 4352 3475 4402 et
3511 4333 3702 4397 σιπίῖθίί

488 4430 799 4498 mogcnitus
827 4429 1197 4489 IsraeltEmod.
1222 4435 1317 4493 γι).
1333 4433 1405 4486 At
1422 4449 1552 4487 vero
1572 4433 1630 4488 hi
1653 4435 1782 4491 facti
1797 4446 1929 4494 sunt
1942 4422 2150 4496 velutD
2169 4431 2452 4502 copulavit
2477 4434 2735 4505 conjugio
2762 4457 2773 4486 :
2810 4435 2879 4490 ad
2910 4452 3050 4507 quas
3078 4437 3344 4495 Absalom
3368 4430 3613 4493 crudelior
3626 4440 3702 4480 na-

486 4534 600 4573 non
640 4516 912 4599 habentes
955 4524 1193 4590 patrem,
1227 4520 1321 4591 qui
1370 4520 1485 4575 suis
1513 4539 1577 4576 ex
1608 4524 1785 4596 culpis
1833 4530 2089 4599 quamvis
2170 4524 2281 4587 tus,
2311 4521 2414 4578 sub
2443 4523 2627 4594 specie
2656 4523 2876 4580 Satanae
2905 4525 3211 4596 ingressus,
3244 4525 3503 4584 adulterio
3523 4511 3703 4576 fmdavit

488 4620 618 4659 eum
648 4597 922 4663 haberent
955 4624 1055 4681 per
1081 4608 1489 4665 invocationem
1528 4597 1866 4685 adoptionis,
1895 4624 2085 4674 tamen
2169 4626 2285 4665 sua!
2314 4611 2789 4682 pﬁWitatiSUnde
2820 4614 2993 4669 Πανίά
3022 4622 3233 4672 aeterna
3255 4613 3586 4672 damnatione
3605 4603 3701 4658 ί¹¹⁸⁸

490 4692 624 4763 quia
642 4692 1002 4752 irritaverant
1040 4703 1268 4766 [53'
1311 4716 1437 4754 eum
1469 4702 1633 4757 malis
1662 4704 1797 4765 suis.
1824 4707 1946 4775 jam
1975 4724 2085 4763 non
2169 4698 2316 4753 infra
2344 4716 2475 4755 suus
2503 4702 2764 4757 tenebras
2794 4704 3042 4758 ηειαείῐ·
3067 4705 3201 4770 Qua!
3232 4706 3370 4762 bene
3393 4699 3535 4776 quasi
3562 4692 3700 4747 Vidn”

485 4778 769 4835 habebant
802 4785 1106 4856 propitium
1136 4803 1237 4859 per
1262 4788 1523 4845 ail‘ectum
1568 4791 1828 4863 pietatis;
1862 4801 1919 4850 et
1960 4796 2085 4851 ideo
2168 4788 2528 4859 planguntur,
2563 4808 2688 4862 qua:
2723 4797 2934 4847 matres
2973 4809 3095 4848 esse
3123 4794 3427 4851 debuerant
3453 4791 3697 4845 electorum

487 4868 779 4941 signanter
805 4871 886 4926 ait
916 4889 928 4924 :
963 4872 1119 4929 Sicut
1147 4892 1257 4931 non
1286 4879 1540 4935 habentes
1568 4888 1871 4952 patrem,ut
1898 4885 2088 4941 ﬂectat
2167 4877 2289 4934 Dei.
2314 4878 2362 4932 si
2394 4885 2541 4934 recta
2558 4896 2684 4935 cum
2708 4881 2930 4936 Christo
2950 4882 3081 4938 ﬁdei
3096 4888 3501 4940 conservassem
3515 4872 3694 4931 foedera.

483 4973 588 5029 per
614 4956 862 5013 lamenta
889 4961 1288 5018 obsecrationis
1316 4972 1551 5037 paterna
1579 4970 1796 5025 viscera
1824 4972 1893 5026 ad
1923 4975 2087 5028 mise-
2167 4972 2225 5021 et
2269 4973 2425 5022 casta
2465 4970 2712 5041 conjugii
2743 4979 3112 5027 sacramenta.
3145 4976 3411 5030 Caeterum
3447 4960 3693 5024 momliwn

481 5044 780 5101 ricordiam
820 5048 922 5119 piae
949 5051 1370 5108 recordationis.
1417 5058 1483 5111 Et
1516 5064 1719 5113 matres
1753 5067 1967 5127 nostra,
2001 5063 2083 5118 in-
2166 5060 2374 5111 matres
2403 5064 2643 5124 nostras.
2667 5059 2723 5113 id
2753 5066 2839 5113 est
2869 5066 3082 5116 matres
3101 5064 3350 5119 omnium
3375 5059 3696 5114 virtutum-'9'

483 5137 781 5208 quit,sicut
811 5139 1006 5191 vidtur.
1038 5138 1243 5195 Matres
1260 5159 1408 5210 vero,
1434 5163 1732 5219 synagogas
1762 5149 2083 5222 intelligun-
2164 5149 2251 5198 cte
2281 5145 2469 5211 ﬁdem,
2486 5163 2663 5218 spem,
2689 5154 2744 5202 et
2765 5148 3098 5204 charitatem
3121 5152 3414 5224 accipimus
3434 5169 3446 5205 :
3464 5158 3520 5199 ex
3536 5134 3693 5210 quibus

481 5230 578 5281 tur
605 5232 839 5298 septem.
857 5242 979 5299 qua:
1007 5227 1389 5299 principaliter
1408 5234 1464 5288 in
1491 5242 1678 5292 monte
1690 5238 1890 5294 oliveti
1910 5241 2082 5295 fuisse
2163 5248 2275 5287 non
2304 5234 2483 5288 solum
2516 5252 2617 5290 nos
2644 5236 2996 5291 renascimur
3016 5238 3148 5303 Deo,
3166 5256 3355 5296 verum
3376 5237 3522 5294 etiam
3541 5233 3691 5282 οωηεε

480 5314 799 5371 constituta:
827 5323 1138 5372 noscuntur
1170 5336 1180 5370 :
1212 5319 1282 5373 de
1320 5321 1522 5390 quibus
1568 5325 1652 5379 lac
1697 5326 2076 5385 doctrinarum
2163 5321 2393 5394 reliqua:
2419 5324 2657 5379 Virtutes
2684 5326 2856 5379 animi
2886 5334 3253 5395 generantur.
3278 5330 3381 5387 Sed
3416 5337 3523 5380 cum
3546 5323 3687 5381 “BP”

480 5405 703 5471 ﬂueret,
728 5406 811 5460 vel
837 5406 1091 5479 aquibus
1112 5408 1201 5462 lex
1232 5410 1627 5480 nuntiaretur;
1652 5416 1748 5469 sed
1778 5416 2081 5474 obsidionis
2161 5411 2277 5466 rint
2316 5412 2373 5466 iu
2403 5412 2564 5469 nouis
2603 5414 2941 5470 vanitatibus
2971 5418 3159 5471 Surculi
3206 5420 3405 5479 \‘itiari.
3432 5403 3688 5471 Οῧήδίίίῖηθ

480 5498 593 5549 tem
601 5509 733 5565 pore
759 5495 842 5551 vel
862 5497 1174 5553 Chaldaicee
1190 5497 1486 5565 vastitatis,
1500 5501 1735 5559 sublatis
1760 5507 2081 5571 filiis,desti-
2160 5509 2405 5565 charitas
2419 5528 2523 5583 per
2537 5529 2705 5584 quam
2720 5529 2916 5568 verum
2932 5521 3191 5571 servatur
3203 5508 3579 5573 connubium,et
3591 5494 3685 5554 sub

478 5585 615 5637 tutae
642 5588 775 5639 sunt
801 5589 859 5639 et
887 5585 1112 5656 ignibus
1141 5593 1526 5645 concremata.
1559 5590 1709 5655 Quas
1747 5592 1888 5650 bene
1918 5597 2077 5671 quasi
2161 5599 2370 5655 stantia
2398 5616 2523 5672 qum
2551 5602 2701 5659 Deus
2725 5608 2826 5669 est,
2858 5602 2915 5659 in
2945 5602 3097 5659 aliud
3133 5606 3293 5663 nobis
3320 5593 3573 5662 demutari,
3594 5595 3681 5644 tu"
