3960 6168
276 328 418 387 1241
964 327 1344 384 EXPOSITIO
1384 330 1462 385 IN
1498 328 2108 385 LAMENTATIONES
2148 328 2495 384 JEREMIE.
2542 360 2604 370 —
2644 332 2781 386 LIB.
2823 333 2889 387 V.
3409 333 3557 392 1242

270 453 406 509 istae
426 453 665 509 virtutes
692 453 840 508 sicut
868 452 1064 515 vidum,
1107 453 1295 524 potius
1324 469 1492 524 quam
1529 472 1673 509 vera:
1699 455 1878 509 viduae
1894 454 2035 517 Asis
2058 471 2168 509 non
2189 456 2431 509 dabatur
2454 460 2683 525 requies.
2719 458 3115 531 Contemptum
3146 461 3337 533 itaque
3374 461 3555 534 capti-

264 539 577 615 plora‘ntur
608 561 620 595 :
650 543 781 614 quia
812 547 869 597 et
893 542 938 596 si
962 542 1255 597 videantur
1284 543 1589 599 forinsecus
1622 544 1876 599 verbote-
1960 561 2153 599 vorum
2185 550 2242 598 et
2287 544 2637 599 vexationem
2688 546 2960 613 insinuat,
3007 566 3194 603 coram
3236 549 3553 620 aequissimo

265 648 389 687 nus
417 633 599 687 virum
631 632 926 703 complecti
961 631 1246 686 Christum
1291 650 1388 702 per
1415 634 1876 688 consuetudinem
1952 633 2159 704 judice,
2194 634 2288 704 qui
2335 634 2605 705 superbos
2634 635 2926 708 disperdit.
2959 645 3016 693 et
3043 640 3251 694 exaltat
3279 639 3548 695 humiles.

266 720 615 777 Christianae
659 720 966 791 religionis,
1009 721 1127 791 jam
1184 720 1519 776 intrinsecus
1567 722 1881 776 amiserunt
1962 724 2466 777 Enumeratautem
2491 726 2770 794 quomodo
2798 743 2998 780 manus
3018 728 3387 799 superborum
3410 727 3558 796 adje-

268 809 548 864 virtutem
582 808 711 863 boni
741 809 925 881 Operis
951 810 1280 880 generandi,
1307 815 1363 865 et
1378 810 1775 891 fecunditatem
1792 827 1880 864 ca-
1960 812 2203 867 ctionem
2233 812 2291 866 in
2331 813 2636 867 cervicibus
2666 816 2913 884 percussi
2954 818 3415 887 propellahantnr
3443 834 3453 869 :
3491 821 3557 871 ut

267 903 382 955 sta:
413 898 817 971 procreationis
846 898 905 952 in
925 899 1140 953 Lhristo
1166 919 1177 952 :
1204 901 1337 970 quia
1366 900 1637 971 quidquid
1662 916 1772 953 non
1794 904 1881 954 est
1960 896 2129 956 etiam
2162 902 2293 955 lassi
2315 918 2379 957 ac
2406 903 2536 956 fessi
2566 903 2898 958 crudelitate
2920 905 3109 959 hostili
3149 907 3405 960 nolentes
3425 922 3554 959 cur-

264 987 338 1042 in
354 988 483 1051 fide,
508 992 798 1059 peccatum
822 992 909 1042 est
932 1006 945 1054 ;
970 994 1023 1041 et
1046 1004 1168 1059 quae
1181 988 1301 1043 sine
1323 989 1595 1044 charitate
1611 994 1872 1060 aguntur,

264 1077 547 1149 prodesse
563 1093 672 1131 non
690 1081 941 1145 possunt.
966 1076 1232 1147 Sequitur
1252 1095 1263 1130 :
1288 1078 1506 1148 Aquam
1527 1083 1772 1132 nostram
1790 1095 1880 1147 pe-

270 1169 454 1220 cunia
484 1168 724 1220 bibimus
756 1185 771 1220 :
804 1169 957 1235 tigna
989 1172 1179 1220 nostra
1202 1169 1381 1235 pretio
1410 1170 1874 1235 comparavimus.

264 1256 592 1311 Immanem
619 1254 895 1326 propheta
919 1253 1181 1308 describit
1213 1255 1606 1310 crudelitatem
1639 1260 1697 1310 et
1728 1255 1877 1310 affli-

266 1343 521 1397 ctionem
535 1343 723 1413 gentis
746 1360 879 1397 sum.
907 1342 1161 1414 Inopiam
1191 1343 1468 1414 Siquidem
1490 1360 1683 1399 eorum
1710 1349 1879 1417 atque

265 1432 651 1503 privationem
679 1431 833 1498 boni,
867 1431 1150 1486 intantum
1198 1438 1263 1486 ut
1295 1449 1499 1504 aquam
1542 1450 1664 1504 quae
1703 1434 1879 1504 gratis

265 1522 538 1578 omnibus
557 1528 879 1594 praestatur,
901 1522 1068 1577 etiam
1088 1539 1189 1578 suo
1209 1524 1389 1595 pretio
1409 1525 1873 1596 comparaverint.

266 1611 440 1668 Unde
472 1628 695 1667 movere
712 1629 839 1667 cum
859 1612 1122 1685 lacrymis
1151 1612 1559 1685 indulgentiam
1579 1615 1656 1686 pii
1672 1614 1878 1685 judicis

1958 998 2166 1056 rerent,
2200 997 2257 1045 et
2290 991 2410 1045 sine
2439 992 2631 1063 requie
2681 992 2924 1047 laborem
2969 995 3154 1065 operis
3202 994 3531 1065 praeferrent

1960 1080 2066 1135 Sed
2100 1086 2157 1135 et
2183 1080 2510 1151 spiritaliter
2523 1082 2767 1136 Ecclesia
2786 1082 2991 1137 Christi
3008 1084 3186 1153 gemit
3207 1084 3264 1137 in
3296 1081 3558 1154 martyri-

1958 1168 2063 1222 bus
2090 1169 2227 1233 suis,
2258 1169 2480 1239 quando
2509 1170 2758 1241 colaphis
2781 1172 3024 1241 percussi
3057 1177 3114 1225 et
3143 1170 3401 1225 manibus
3423 1186 3553 1241 per-

1960 1263 2278 1312 secutorum
2299 1259 2356 1312 in
2385 1258 2688 1313 cervicibus
2708 1259 3220 1331 vexati.multisque
3242 1259 3556 1331 opprobriis

1961 1353 2019 1402 et
2063 1347 2401 1402 cruciatibus
2431 1348 2648 1414 afflicti,
2692 1349 2761 1403 de
2810 1350 2920 1402 alia
2956 1349 3013 1403 in
3058 1349 3224 1403 aliam
3271 1348 3554 1403 civitatem

1974 1443 2211 1503 I534
2263 1437 2467 1508 passim
2516 1437 2711 1508 fugere
2757 1437 2875 1492 sine
2918 1437 3111 1508 requie
3147 1437 3557 1508 compelleban-

1963 1531 2075 1580 tur.
2106 1526 2267 1581 Unde
2296 1526 2503 1581 dicitur
2533 1527 2680 1598 quod
2710 1527 2933 1598 requies
2965 1543 3076 1581 non
3102 1526 3343 1581 dabatur
3371 1524 3550 1580 nobis.

1959 1615 2135 1669 Porro
2164 1632 2264 1685 per
2280 1615 2460 1669 minas
2491 1615 2546 1668 in
2577 1614 2900 1679 cervicibus,
2945 1615 3126 1669 omnis
3155 1614 3385 1668 afﬂictio
3414 1613 3555 1667 insi-

264 1718 378 1774 per
404 1702 627 1771 singula
664 1700 911 1763 festinat,
945 1701 1080 1756 dum
1119 1719 1187 1756 ea
1215 1719 1401 1757 coram
1438 1704 1921 1775 clementissimo“
1959 1708 2188 1769 nuatur,
2237 1709 2294 1757 et
2347 1704 2631 1775 despectio
2681 1704 3038 1769 humilitatis,
3095 1704 3349 1775 quamvis
3395 1705 3558 1774 juxta

266 1773 537 1862 deplorat
557 1796 735 1862 patre,
767 1807 889 1862 quae
919 1790 1005 1845 vix
1035 1792 1164 1845 ullis
1192 1792 1464 1846 accidisse
1484 1792 1747 1864 gentibus
1767 1810 1873 1847 un-
1891 1773 1939 1832 Β
1962 1792 2322 1863 Evangelium
2346 1773 2558 1859 (Matth.
2584 1798 2640 1862 ν)
2699 1793 2946 1863 percussi
2972 1794 3031 1847 in
3053 1773 3224 1847 unam
3245 1773 3552 1859 maxillam,

268 1895 446 1951 quam
476 1880 761 1951 leguntur.
798 1881 1073 1952 Congruit
1099 1886 1286 1936 autem
1321 1881 1421 1936 iste
1459 1898 1658 1937 sensus
1685 1882 1878 1936 rdver—

268 1985 374 2023 sus
405 1968 636 2040 cupidos
663 1969 981 2024 sacerdotes
1009 1971 1349 2041 templorum
1374 1970 1492 2033 Dei,
1520 1971 1614 2041 qui
1644 1971 1873 2025 domum

269 2056 381 2113 Dei
410 2058 638 2112 domum
660 2057 874 2112 faciunt
891 2057 1290 2128 negotiationis
1308 2078 1321 2125 ;
1355 2059 1486 2130 quia
1501 2067 1729 2131 propter
1746 2059 1877 2131 bap-

265 2146 448 2201 tisma
475 2152 534 2200 et
556 2146 868 2202 doctrinam
901 2147 1311 2219 praedicationis
1338 2152 1469 2213 tuae,
1511 2165 1609 2203 seu
1649 2156 1880 2221 propter

271 2235 617 2289 charismata
651 2236 927 2291 donorum
976 2236 1096 2301 Dei,
1149 2236 1307 2290 lucra
1352 2242 1641 2291 sectantur
1667 2243 1725 2291 et
1763 2237 1878 2291 im-

268 2323 575 2395 pensiones
606 2329 865 2396 quaerunt
892 2324 979 2379 sui
1010 2330 1255 2396 quaestus
1283 2343 1294 2378 :
1326 2330 1523 2379 contra
1549 2342 1689 2396 quos
1721 2326 1877 2398 plebs

270 2412 488 2467 Christi
540 2414 675 2484 jure
730 2413 985 2485 deplorat
1016 2420 1074 2467 et
1126 2414 1361 2485 plangit.
1407 2415 1599 2485 Aquas
1630 2422 1873 2480 nostras,

279 2505 533 2569 I583
565 2501 877 2556 doctrinam
925 2502 1139 2556 scilicet
1179 2502 1595 2573 Scripturarum
1626 2509 1682 2558 et
1729 2504 1875 2558 dona

270 2590 458 2646 sancti
492 2591 738 2662 Spiritus
768 2590 824 2645 in
849 2592 1113 2662 pecunias
1150 2591 1454 2663 accipimus
1475 2593 1833 2663 praemiorum
1859 2612 1871 2648 :

271 2679 346 2735 de
371 2679 576 2751 quibus
599 2679 761 2734 nobis
789 2680 920 2734 olim
952 2680 1127 2735 Isaias
1151 2680 1425 2752 propheta
1445 2682 1795 2752 promiserat,
1822 2687 1881 2737 et

273 2771 347 2823 ad
370 2785 548 2840 aquas
576 2786 678 2823 nos
698 2770 876 2840 gratis
894 2770 1261 2825 invitaverat:
1288 2771 1483 2826 Omnes
1510 2772 1772 2835 sitientes,
1797 2771 1881 2825 in-

277 2858 423 2930 quit.
456 2863 634 2912 venite
661 2860 735 2912 ad
753 2875 925 2928 aquas
948 2878 961 2920 ;
993 2865 1041 2913 et
1071 2863 1171 2929 qui
1189 2876 1298 2913 non
1325 2860 1532 2913 habetis
1558 2865 1873 2927 argentum,

279 2952 596 3017 properate,
629 2950 807 3007 emite,
840 2952 888 3001 et
915 2948 1077 3001 bibite
1101 2950 1297 3001 vinum
1322 2952 1373 3001 et
1404 2951 1505 3012 lac,
1536 2950 1732 3017 absque
1761 2952 1881 3003 ulla

281 3038 714 3090 commutatione
759 3037 884 3101 (Isa.
932 3042 1042 3103 ιν).
1078 3035 1228 3099 Quas
1261 3052 1386 3090 cum
1420 3036 1667 3107 profecto
1694 3037 1879 3109 cupidi

280 3124 602 3178 sacerdotes
631 3124 813 3195 pretio
844 3123 1186 3189 distrahunt,
1218 3130 1369 3179 recte
1406 3125 1561 3196 plebs
1604 3126 1780 3196 luget,
1814 3142 1879 3180 eo

276 3213 427 3285 quod
456 3212 609 3284 ligna
630 3214 1046 3285 Scripturarum
1081 3214 1290 3268 scilicet
1319 3220 1377 3269 et
1411 3215 1685 3270 donorum
1718 3216 1881 3270 Chri-

273 3302 351 3357 sti
378 3303 676 3366 elementa,
708 3303 912 3374 quibus
956 3303 1101 3374 ignis
1153 3303 1401 3375 quotidie
1431 3305 1610 3358 sancti
1641 3304 1883 3375 Spiritus

275 3391 564 3446 enutritur
591 3392 646 3445 in
674 3392 841 3446 altari
871 3392 1114 3458 Domini,
1146 3393 1327 3464 pretio
1353 3400 1755 3464 comparantur
1783 3410 1881 3464 pe-

273 3480 573 3537 cuniarum
599 3500 612 3548 ;
646 3486 704 3535 et
732 3480 923 3535 omnia
956 3498 1079 3552 quae
1105 3481 1263 3535 nobis
1292 3482 1349 3535 in
1380 3497 1678 3535 commune
1704 3482 1882 3552 gratis

275 3571 415 3625 data
437 3576 589 3636 sunt,
612 3570 667 3624 in
690 3570 1090 3642 proprietatem
1122 3576 1329 3625 nostra:
1357 3570 1553 3625 salutis
1582 3570 1885 3625 crudeliter

276 3659 500 3714 venalia
533 3664 685 3713 sunt.
718 3660 994 3714 Caeterum
1043 3660 1377 3726 mortaliter,
1422 3676 1597 3730 aquas
1627 3660 1881 3731 proprias

277 3748 517 3821 pecunia
542 3747 761 3812 bibunt,
771 3748 903 3820 quia
921 3749 1297 3821 lacrymarum
1320 3765 1551 3803 suarum
1571 3749 1882 3820 liquoribus

276 3837 556 3908 gemenda
577 3842 935 3891 saturantur:
958 3836 1193 3909 pecunia
1214 3837 1426 3891 scilicet
1442 3837 1880 3908 Scripturarum,

277 3927 415 3981 dum
446 3926 677 3997 praemia
706 3932 928 3982 aeternae
958 3927 1085 3981 vitae
1115 3926 1170 3980 in
1202 3926 1412 3981 eisdem
1442 3927 1795 3998 perpendunt
1823 3944 1888 3982 ac

1963 1887 2017 1936 et
2039 1882 2145 1953 ipsi
2179 1881 2419 1935 ultronei
2449 1882 2685 1935 alteram
2718 1881 3032 1952 praeberent
3088 1884 3230 1951 Ergo
3262 1881 3556 1935 moraliter

1959 1988 2060 2042 per
2089 1970 2331 2025 cervices
2367 1970 2633 2042 superbia
2668 1977 2862 2024 nostra
2889 1966 3234 2041 ddignatur,
3269 1970 3415 2023 sicut
3451 1968 3556 2023 Job

1957 2060 2038 2114 ait
2067 2079 2078 2114 :
2113 2062 2695 2115 Posuerunteeruieem
2723 2076 2885 2114 suam
2912 2062 3054 2114 sicut
3080 2064 3298 2113 scutum
3327 2077 3343 2113 :
3368 2074 3555 2127 super-

1962 2152 2110 2204 biam
2131 2152 2337 2204 scilicet
2355 2165 2515 2203 suam
2540 2166 2561 2218 3
2586 2152 2899 2203 roteetionis
2921 2151 3225 2205 auxilium.
3269 2148 3374 2201 Per
3413 2148 3555 2201 hanc

1960 2238 2166 2310 quippe
2196 2238 2515 2309 superbiam
2548 2244 2819 2310 tanquam
2851 2238 2909 2292 in
2930 2236 3233 2292 cervicibus
3256 2237 3464 2291 nostris
3480 2236 3556 2291 fe-

1959 2327 2139 2381 rimur
2154 2328 2229 2381 ad
2262 2327 2508 2382 laborem
2542 2332 2600 2382 et
2634 2327 2900 2398 fugamur
2926 2343 2961 2381 a
2993 2327 3208 2398 requie,
3239 2326 3463 2398 quando
3490 2343 3555 2380 ex

1958 2416 2300 2471 conscientia
2335 2422 2525 2470 reatus
2576 2416 2753 2470 nostri
2786 2416 2939 2470 intus
2968 2415 3319 2487 percutimur
3352 2433 3363 2468 :
3407 2414 3555 2486 quod

1959 2508 2099 2561 Deus
2114 2509 2347 2559 excelsus
2369 2507 2614 2559 humilia
2645 2508 2885 2573 respicit,
2908 2512 2955 2559 et
2987 2510 3107 2559 alta
3135 2509 3347 2573 alonge
3368 2521 3558 2572 cogno-

1957 2597 2079 2650 scit.
2109 2593 2410 2665 Cognoscit
2439 2594 2686 2665 quidem,
2718 2594 2891 2660 novit,
2933 2593 3224 2666 approbat,
3254 2593 3351 2648 sed
3382 2598 3447 2647 ut
3473 2593 3554 2647 fe-

1959 2684 2072 2737 riat
2098 2689 2155 2738 et
2174 2684 2526 2738 condemnet.
2548 2683 2616 2737 Et
2638 2684 2741 2737 hoc
2769 2689 2855 2737 est
2883 2684 3100 2738 dicere:
3129 2683 3437 2738 Cervicibus
3454 2684 3558 2735 mi-

1963 2775 2259 2834 nabamur,
2289 2779 2339 2827 et
2356 2775 2518 2827 lassis
2540 2789 2650 2826 non
2669 2774 2909 2826 dabatur
2929 2774 3178 2841 requies;
3205 2770 3339 2842 quia
3367 2786 3557 2842 pecca-

1959 2861 2033 2916 tis
2056 2868 2114 2916 et
2141 2861 2289 2915 vitiis
2321 2868 2444 2933 post
2466 2862 2634 2916 ﬁnem
2667 2860 2874 2915 laboris
2903 2861 3059 2915 nulla
3094 2865 3288 2915 manet
3312 2859 3552 2930 requies.

1964 2951 2160 3006 Omnis
2186 2951 2334 3005 enim
2366 2951 2510 3019 sicut
2530 2951 2722 3021 quieta
2758 2950 3029 3021 spiritalis
3056 2955 3141 3004 est
3169 2949 3283 3004 vita
3314 2967 3325 3001 :
3360 2949 3438 3002 ita
3475 2949 3558 3003 in-

1964 3040 2157 3112 quieta
2184 3046 2241 3094 et
2271 3040 2513 3095 carnalis
2541 3046 2598 3094 et
2622 3039 2919 3094 laboriosa.
2954 3040 3023 3093 Et
3046 3039 3177 3093 hinc
3192 3044 3280 3093 est
3299 3038 3447 3109 quod
3470 3037 3557 3091 di-

1925 3129 1940 3149 ‘
1963 3129 2127 3193 citur,
2164 3129 2294 3200 quia
2327 3133 2484 3184 lassis
2517 3146 2629 3183 non
2659 3131 2900 3183 dabatur
2928 3131 3161 3197 requies.
3188 3130 3431 3196 digypto,
3465 3127 3556 3181 in-

1964 3218 2104 3290 quit,
2133 3220 2384 3272 dedimus
2430 3235 2664 3273 manum
2683 3223 2735 3273 rt
2775 3221 3017 3286 Assyriis
3063 3223 3128 3271 ut
3168 3223 3562 3271 saturaremur

1960 3323 2127 3376 pane.
2155 3307 2262 3361 Ubi
2289 3307 2400 3360 alia
2420 3307 2810 3379 interpretatio
2850 3308 3017 3375 longe
3046 3306 3211 3360 aliter
3239 3305 3320 3360 ait
3349 3324 3361 3359 :
3397 3308 3565 3374 Egi/~-

1961 3402 2108 3465 ptus,
2136 3395 2337 3466 inquit,
2371 3397 2517 3450 dedit
2549 3413 2751 3450 manus
2770 3398 3031 3463 Assyriis,
3057 3399 3120 3449 in
3136 3399 3386 3450 satietate
3404 3398 3558 3463 ipsis.

1965 3484 2239 3538 Historice
2268 3490 2455 3539 autem
2486 3485 2719 3556 plangit,
2745 3485 2891 3557 quod
2915 3489 3071 3539 tanta
3100 3484 3362 3538 nobilitas
3387 3500 3562 3556 gene-

1965 3572 2044 3626 ris
2073 3574 2496 3644 praarogativann
2520 3580 2744 3644 patrum
2767 3572 2935 3627 habet
2952 3589 3016 3626 ex
3036 3589 3244 3643 genere
3266 3573 3563 3643 propheta-

1963 3679 2088 3717 rum
2119 3680 2183 3717 ac
2210 3663 2677 3734 patriarcharum,
2711 3662 2855 3733 quod
2889 3661 3135 3731 Egypto
3164 3661 3252 3714 cui
3282 3665 3413 3713 ante
3441 3675 3563 3713 ser-

1963 3751 2220 3817 vitutem,
2263 3756 2328 3805 ut
2362 3756 2757 3805 saturarentur
2790 3748 3049 3821 panibus,
3088 3748 3233 3802 sicut
3261 3746 3393 3801 alibi
3421 3746 3561 3801 scri-

1966 3846 2124 3912 ptum
2158 3844 2243 3894 est
2269 3843 2321 3907 (Ι
2348 3842 2468 3908 Reg.
2511 3843 2573 3907 ιι)
2608 3858 2619 3892 :
2654 3841 2857 3908 Repteti
2878 3840 3058 3907 prius,
3108 3853 3213 3906 pro
3240 3837 3480 3905 panibus
3509 3853 3561 3890 se

1970 3934 2306 3995 tocarerunt,
2358 3935 2415 3983 et
2456 3945 2566 3983 non
2614 3929 2793 3983 solum
2825 3927 3066 3998 Egypto
3096 3943 3155 3981 se
3182 3925 3555 3991 tradiderunt,

278 4015 573 4087 supplicia.
599 4016 850 4080 Quarum
887 4016 1134 4087 profecto
1156 4015 1521 4071 meditatione
1551 4016 1885 4071 charitatem
1967 4031 2160 4069 verum
2193 4015 2363 4069 etiam
2393 4020 2451 4069 et
2477 4013 2722 4086 Assyriis
2748 4012 2817 4067 ob
2848 4011 3092 4066 inediam
3123 4011 3283 4083 panis
3315 4025 3327 4057 ε
3360 4009 3562 4083 quibus

278 4103 433 4159 intus
451 4105 711 4160 nutriunt
730 4121 794 4160 ac
821 4105 1113 4160 timorem:
1145 4106 1319 4176 ﬁtque
1340 4110 1498 4160 tanto
1519 4105 1750 4178 pronior
1771 4106 1889 4160 ani-
1969 4104 2103 4158 olim
2136 4104 2285 4159 Deus
2318 4119 2525 4158 manna
2552 4104 2621 4157 de
2649 4103 2787 4157 ccelo
2809 4103 3048 4174 pluerat,
3076 4106 3134 4156 et
3165 4100 3451 4155 miraculis
3475 4116 3564 4154 co-

282 4209 411 4249 mus
430 4194 499 4247 ad
522 4194 845 4256 dolendum,
866 4201 1076 4265 quanto
1097 4194 1358 4265 ampliori
1384 4195 1556 4249 fuerit
1575 4194 1888 4249 inﬂamma-
1968 4192 2344 4259 ruscantibus,
2373 4193 2431 4247 in
2458 4209 2693 4264 regnum
2725 4209 2912 4247 coram
2943 4191 3158 4246 cunctis
3183 4190 3448 4262 gentibus
3474 4206 3564 4245 su-

281 4288 375 4338 tus
404 4282 719 4337 dilectionis
749 4299 959 4349 amore,
1002 4289 1102 4338 aut
1150 4283 1344 4337 aculeo
1372 4283 1442 4337 ob
1471 4284 1884 4339 immanitatem
1967 4281 2259 4337 blimarat:
2284 4290 2545 4337 caeterum
2568 4282 2716 4354 quod
2738 4282 2902 4336 dicit:
2922 4283 3181 4350 ﬁgyptus
3198 4282 3345 4334 dedit
3362 4295 3564 4334 manus

282 4372 558 4426 scelerum
605 4373 853 4427 conﬁxus
900 4372 1141 4427 timoris.
1199 4372 1398 4443 Sicque
1428 4373 1488 4428 fit
1532 4378 1597 4427 ut
1643 4373 2213 4470 pecuniaDAssyriis
2228 4376 2292 4426 in
2316 4374 2627 4427 satietatem
2644 4370 3381 4443 ip.-is,signiticat1Egyptios
3398 4370 3565 4470 Assy-

285 4461 703 4532 Scripturarum
756 4478 932 4533 aquas
961 4461 1219 4517 bibamus
1249 4462 1630 4534 lacrymarum
1666 4468 1882 4517 nostra-
1901 4458 1945 4470 ”
1970 4462 2192 4533 riosque
2224 4462 2432 4516 milites
2463 4461 2809 4516 unanimiter
2834 4462 2904 4515 ad
2937 4460 3315 4532 captivitatem
3339 4458 3563 4513 Israeli-

283 4549 582 4604 rum.Hinc
600 4566 822 4621 quoque
843 4550 1012 4605 David
1039 4568 1050 4603 :
1078 4552 1291 4606 Cibabis
1306 4567 1420 4614 nos,
1439 4550 1789 4622 inquitmane
1810 4555 1887 4605 la.
1969 4551 2090 4606 ticae
2120 4550 2297 4623 plebis
2311 4552 2653 4613 convenisse,
2675 4557 2740 4606 ut
2759 4551 2940 4623 spolia
2955 4549 3333 4604 distraherent
3344 4564 3559 4614 eorum,

285 4655 642 4707 erymarum:
665 4644 713 4693 et
728 4645 920 4708 potum
942 4641 1096 4694 dabis
1117 4641 1270 4695 nobis
1290 4644 1351 4695 in
1370 4642 1638 4708 lacrymis
1661 4643 1721 4694 in
1739 4657 1888 4695 men-
1968 4659 2210 4714 suasque
2239 4642 2577 4714 cupiditates
2606 4642 2811 4699 divitiis
2840 4641 3131 4695 satiarent.
3159 4640 3327 4693 Juxta
3355 4638 3565 4710 allego-

285 4729 993 4799 sura(Psal.Lxx1x).Ligna
1009 4730 1300 4801 quoquein
1324 4729 1589 4801 pabulum
1608 4730 1885 4785 Dominici
1969 4732 2113 4786 riam
2142 4748 2291 4797 vero,
2317 4740 2511 4785 contra
2535 4732 2832 4785 Ecclesium
2859 4729 3067 4785 Christi
3088 4728 3369 4800 [Egyptus
3398 4728 3568 4783 simul

284 4818 429 4889 ignis
451 4819 634 4889 pretio
654 4817 914 4881 emimus,
937 4818 1156 4890 quoties
1192 4824 1419 4874 terrena
1452 4824 1510 4875 et
1545 4820 1757 4875 caduca
1787 4836 1886 4892 pro
1968 4838 2095 4877 cum
2128 4819 2373 4893 Assyriis
2405 4820 2708 4892 conspirat,
2755 4836 2866 4874 non
2906 4818 3197 4874 charitatis
3234 4818 3438 4890 gratia,
3470 4817 3568 4873 sed

286 4906 672 4980 spiritualibus
693 4914 1125 4964 commutemus.
1153 4909 1222 4963 Et
1241 4909 1346 4963 hoc
1367 4914 1453 4964 est
1473 4926 1648 4981 aquas
1669 4916 1889 4965 nostras
1971 4917 2036 4966 ut
2065 4911 2321 4966 Ecclesia:
2352 4910 2673 4965 firmitatem
2703 4914 3047 4980 oppugnent.
3081 4909 3162 4963 De
3187 4908 3393 4979 quibus
3423 4923 3568 4963 unus

285 4996 524 5070 pecunia
550 4995 760 5064 bibere,
794 4996 1128 5069 sapientiam
1157 5003 1327 5070 atque
1365 4998 1657 5053 scientiam
1697 5016 1888 5054 rerum

288 5087 640 5142 saecularium
667 5103 769 5159 pro
807 5086 1153 5160 spiritalibus
1181 5089 1335 5143 dare.
1371 5089 1536 5144 Certe
1564 5094 1666 5144 aut
1694 5107 1725 5144 e
1753 5105 1887 5144 con-

286 5176 461 5231 trario
528 5176 763 5232 virtutes
815 5177 988 5232 animi
1034 5178 1186 5232 intus
1231 5178 1383 5233 vitiis
1436 5179 1888 5233 excrescentibus

288 5266 447 5337 quasi
477 5280 581 5338 pro
608 5266 1047 5321 commutatione
1070 5266 1350 5322 amittere.
1379 5267 1485 5323 Sed
1513 5273 1775 5322 neutrum
1799 5284 1889 5323 eo-

287 5370 414 5410 rum
445 5355 569 5409 sine
598 5354 779 5427 pretio
823 5355 1030 5411 laboris
1068 5362 1450 5413 commutatur
1492 5363 1592 5413 aut
1628 5357 1836 5412 doloris
1868 5378 1881 5413 :

288 5443 419 5517 quia
448 5443 668 5499 nullum
694 5444 964 5517 injustum
996 5446 1214 5502 lucrum
1238 5447 1358 5503 sine
1377 5448 1533 5520 justo
1554 5447 1780 5513 damno,
1798 5464 1894 5503 ne-

291 5549 396 5606 que
416 5533 639 5589 lucrum
659 5540 914 5591 sanctum
949 5536 1070 5592 sine
1098 5535 1405 5592 labentium
1434 5552 1623 5592 rerum
1663 5536 1891 5610 dispen-

290 5621 379 5678 dio
400 5627 788 5697 comparatur.
801 5625 1109 5682 Gervieibus
1133 5626 1729 5699 (inquit)minabamur
1746 5646 1763 5682 :
1779 5631 1890 5684 las-

1970 5008 2292 5056 sanctorum
2319 5003 2462 5055 :Non
2482 4998 2900 5070 timeboinquit,
2925 5001 3111 5053 millia
3124 4998 3316 5068 populi
3333 5001 3569 5052 circum-

1971 5093 2157 5145 dantis
2177 5107 2263 5144 me
2306 5092 2465 5149 (Psal.
2492 5093 2574 5149 II).
2601 5088 2887 5160 Siquidem
2917 5088 3193 5160 {Egyptus
3223 5087 3449 5140 tenebras
3476 5084 3567 5137 in-

1972 5185 2318 5251 terpretatur
2336 5199 2346 5233 :
2364 5178 2579 5251 Assyrii
2600 5180 2899 5246 dirigentes
2925 5196 2941 5232 :
2972 5177 3029 5231 in
3053 5176 3255 5248 quibus
3282 5189 3459 5229 aerem
3473 5187 3569 5245 po-

1970 5274 2203 5324 testates
2217 5267 2733 5339 intelliguntur.qui
2745 5284 2805 5321 se
2816 5266 3064 5339 Assyriis
3075 5261 3570 5328 hominibus,vide—

1970 5357 2100 5412 licet
2116 5357 2546 5429 potientioribus
2564 5357 2631 5412 ad
2633 5358 2901 5429 jungunt,
2916 5360 2981 5410 ut
2999 5370 3099 5426 per
3117 5369 3211 5407 eos
3233 5352 3572 5424 persecutio-

1973 5464 2073 5503 nes
2111 5448 2372 5519 ingerent
2417 5447 2516 5502 Dei
2556 5446 2746 5502 electis
2779 5464 2791 5500 :
2833 5446 2903 5500 de
2967 5442 3168 5515 quibus
3213 5442 3487 5498 Dominus
3514 5443 3573 5498 in

1973 5537 2273 5609 Evangelio
2298 5556 2310 5592 :
2331 5539 2653 5593 Veniet/mra
2676 5543 2714 5602 ι
2730 5542 2843 5601 53
2859 5541 2922 5600 6
2944 5531 3173 5604 (inquit)
3186 5537 3251 5587 ut
3271 5535 3451 5587 omnis
3473 5534 3574 5602 qui

1973 5644 2062 5684 vos
2090 5629 2367 5697 occiderit,
2389 5628 2701 5683 arbitretur
2736 5625 3052 5694 obsequium
3082 5639 3136 5677 se
3178 5627 3444 5693 prastare
3466 5621 3569 5677 Deo
