3960 6168
492 291 627 351 1243

1249 291 1307 346 8.
1349 289 1726 345 PASCHASII
1762 290 2129 349 RADBERTI
2165 295 2470 354 ABBATIS
2507 294 2997 352 CORBELENSIS.

3578 301 3689 362 ιω

489 419 669 485 (Joan.
707 424 818 488 κη)
849 439 860 477 :
898 427 959 479 et
986 422 1094 476 hoc
1126 419 1349 493 quidem
1399 416 1628 478 faciunt,
1663 421 1942 488 quatenus
1970 422 2322 483 sumAdiam
2358 426 2423 478 in
2447 424 2635 477 millia
2663 423 2768 486 his,
2803 423 2903 491 qui
2930 421 3184 489 diligunt
3212 436 3313 487 me,
3345 426 3392 476 et
3432 426 3692 483 custmiiunl

485 510 707 565 saevitiae
732 511 1014 567 feritatem
1049 510 1275 570 satient,
1302 507 1591 577 impietate
1612 523 1921 577 poenarum.
1940 508 2083 578 Ergo

485 600 827 670 tropologice
851 602 1127 672 Egyptw
1159 600 1256 652 dat
1280 613 1478 650 manus
1507 596 1749 667 Assyriis
1769 596 1827 650 in
1859 598 2086 652 satieta-

486 691 603 741 tem
651 689 824 759 ipsis,
868 690 1091 760 quando
1133 685 1381 741 hazretici
1420 687 1742 756 junguntur
1782 686 2079 755 haereticis,

488 776 797 833 Donatistis
834 778 1045 833 scilicet
1087 775 1511 830 Maximianistze
1574 782 1631 830 et
1673 776 2082 832 Valentinianis

485 865 857 922 Marcionistaa
881 868 967 920 vel
996 865 1307 923 Manichazi.
1331 866 1389 919 in
1417 864 1733 919 satietatem
1762 866 2081 937 acquisitio-

484 955 574 1010 nis
586 957 777 1027 populi
788 958 906 1027 jam
930 956 1292 1012 seducti.Serl
1313 956 1477 1026 juxta
1515 954 1847 1010 Hebraicam
1876 957 2080 1011 verita-

484 1048 597 1098 tem
628 1046 814 1116 plorat
840 1046 1088 1101 Ecclesia
1123 1062 1275 1110 suos,
1323 1044 1546 1116 quando
1588 1044 1845 1099 membra
1872 1046 2081 1101 Christi

484 1137 543 1188 et
574 1134 817 1189 ministri
853 1136 1067 1201 altaris,
1118 1152 1218 1207 pro
1258 1134 1498 1189 terrenis
1538 1134 1708 1188 etiam
1741 1134 1908 1190 rebus
1944 1136 2083 1191 dant

483 1238 687 1278 manus
717 1224 1126 1295 potentioribus
1159 1231 1218 1279 et
1241 1223 1599 1279 saecularibus
1646 1224 1797 1289 viris,
1831 1225 1928 1296 qui
1965 1225 2081 1280 suis

482 1309 847 1368 obfuscantur
896 1314 1219 1369 divitiarum
1270 1313 1357 1367 vel
1394 1313 1727 1368 delictorum
1773 1314 2020 1369 tenebris
2058 1333 2071 1368 :

481 1416 698 1457 necnon
726 1409 785 1457 et
811 1403 1077 1475 Assyriis,
1121 1403 1219 1474 qui
1264 1405 1566 1471 dirigentes
1609 1403 2075 1475 interpretantur,

479 1494 546 1544 ut
567 1497 893 1546 saturentur
921 1509 1066 1563 pane
1100 1511 1111 1545 :
1150 1492 1247 1563 qui
1296 1509 1357 1546 se
1402 1492 1472 1546 ad
1515 1492 1706 1547 omnia
1729 1510 1855 1565 qua:
1884 1495 2081 1550 mundi

480 1585 615 1634 sunt
643 1580 915 1650 dirigunt,
940 1586 1003 1635 ut
1029 1581 1237 1635 divitiis
1257 1583 1515 1646 afﬂuant,
1535 1586 1592 1635 et
1609 1583 1881 1639 extollant
1909 1584 2081 1640 hono-

481 1666 657 1722 ribus.
700 1669 916 1733 Quibus
953 1687 1077 1725 cum
1115 1670 1361 1725 ministri
1399 1671 1608 1726 Christi
1636 1689 1737 1743 pro
1767 1674 1991 1729 caducis
2021 1681 2081 1730 et

2161 518 2426 580 praecepta
2454 528 2575 566 mea
2626 512 2812 577 (Exod.
2846 509 3062 577 xxxtv).
3115 508 3252 573 Qum
3294 526 3399 566 non
3446 513 3694 572 minushic

2165 616 2334 671 quam
2371 606 2429 655 et
2450 600 2583 655 alibi
2612 601 2669 654 in
2689 599 2971 671 parabolis
2999 614 3125 653 esse
3156 599 3416 654 dicuntur
3443 607 3493 656 et
3517 620 3692 673 prover-

2162 686 2252 743 bio
2282 707 2293 741 :
2328 689 2409 743 ita
2430 696 2495 744 ut
2523 689 2675 744 aliud
2696 688 3007 760 praetendat
3025 686 3233 753 verbis,
3263 689 3410 743 aliud
3426 690 3477 744 in
3491 692 3697 750 sensibus

2162 794 2363 833 sonare
2394 779 2666 843 videatur,
2699 795 2811 833 non
2840 778 2985 849 quod
3006 777 3108 832 Dei
3140 777 3411 848 injustitia
3424 780 3572 835 alium
3596 799 3697 854 pec-

2163 882 2291 920 care
2321 866 2549 938 impune
2579 867 2889 937 permittat,
2933 870 2990 919 et
3031 865 3210 920 alium
3247 882 3433 937 pcenas
3466 868 3598 923 luere
3621 887 3697 941 pro

2162 954 2379 1009 delictis
2403 955 2645 1009 aliorum
2677 974 2689 1007 :
2721 955 2816 1008 sed
2840 968 2906 1008 ex
2934 954 3036 1008 hoc
3049 954 3204 1026 quod
3223 954 3469 1026 sequitur
3498 956 3701 1029 :Hisqui

2162 1044 2404 1099 oderunt
2426 1061 2532 1109 me,
2562 1043 3013 1099 comminationis
3045 1044 3331 1098 sententia
3358 1044 3466 1099 sive
3488 1046 3701 1118 praecepti

2162 1134 2485 1188 scandalum
2510 1133 2763 1188 solvitur.
2797 1132 2990 1187 Potius
3016 1133 3172 1187 enim
3198 1138 3386 1205 patres
3414 1134 3502 1205 qui
3519 1134 3700 1190 fuerunt

2162 1228 2218 1279 et
2269 1240 2382 1278 non
2436 1228 2587 1288 sunt,
2639 1220 2798 1294 quasi
2837 1228 3160 1296 peccatores
3207 1222 3405 1293 punire
3427 1222 3699 1278 debuerant

2164 1313 2269 1368 Sed
2289 1313 2421 1383 quia
2434 1318 2658 1385 patrum
2677 1312 3014 1367 exstiterunt
3029 1312 3413 1376 aemulatores,
3433 1324 3487 1367 et
3506 1312 3702 1367 oderunt

2162 1402 2517 1459 hereditario
2538 1402 2684 1456 malo
2705 1407 2764 1456 et
2784 1403 2915 1473 jure
2935 1401 3271 1474 impietatis,
3293 1402 3350 1455 in
3365 1418 3539 1455 ramos
3561 1402 3619 1455 de
3635 1418 3699 1456 ra-

2163 1492 2285 1547 dice
2331 1491 2709 1547 crescentibus
2757 1491 2954 1563 culpis,
3007 1492 3165 1562 juste
3207 1491 3449 1546 vindicta
3478 1491 3699 1562 pervenit.

2164 1582 2233 1637 Et
2271 1582 2375 1637 hoc
2422 1581 2630 1653 quippe
2671 1587 2756 1635 est
2785 1580 2970 1636 dicere
3001 1600 3013 1635 :
3041 1584 3154 1636 Nos
3198 1583 3513 1650 iniquitates
3551 1596 3703 1637 eorum

2162 1675 2524 1740 portavimus,
2559 1686 2745 1726 coram
2786 1670 3106 1742 aequissimo
3142 1670 3356 1741 judice,
3395 1668 3549 1723 etiam
3589 1668 3703 1725 sicut

481 1756 641 1810 vanis
662 1757 827 1813 rebus
862 1776 1063 1815 manus
1090 1760 1349 1815 dederint
1376 1766 1440 1815 ut
1469 1761 1716 1816 serviant
1743 1779 1936 1817 eorum
1969 1765 2077 1819 im-
2096 1744 2144 1805 Β
2163 1762 2331 1816 ﬁnem
2363 1760 2617 1832 imponat
2637 1760 2818 1823 malis,
2840 1760 3148 1831 implorare
3176 1758 3508 1814 sententiam
3530 1756 3703 1811 absolu-

478 1845 670 1917 periis,
701 1849 834 1919 quid
865 1849 1015 1903 aliud
1038 1866 1206 1920 quam
1233 1850 1427 1905 mundi
1458 1851 1689 1912 lumina,
1721 1852 1891 1907 etiam
1921 1854 2079 1925 etip-

481 1935 529 1990 si
560 1936 803 1992 tenebrae
834 1938 1017 1993 ﬁunt?
1048 1938 1263 2003 Quibus
1283 1939 1528 2010 profecto
1554 1939 1734 1996 verbis
1758 1958 2072 2010 monemur,

480 2025 669 2096 potius
699 2027 883 2083 levare
918 2044 1119 2084 manus
1160 2029 1231 2083 ad
1277 2036 1491 2093 sancta,
1525 2035 1583 2084 et
1618 2048 1743 2085 cum
1785 2033 1976 2105 Moyse
2004 2034 2075 2089 ad

481 2115 683 2170 uelum
714 2133 808 2171 eas
852 2134 1076 2190 semper
1113 2118 1430 2184 extendere,
1466 2136 1539 2174 ne
1563 2136 1763 2190 graves
1792 2123 1931 2177 ﬁant
1962 2141 1973 2176 :
2006 2123 2077 2179 de

479 2204 682 2275 quibus
709 2206 885 2261 David
913 2208 1187 2279 propheta
1217 2226 1229 2261 :
1266 2208 1373 2274 Qui
1397 2213 1575 2275 statis,
1606 2209 1808 2281 inquit,
1835 2215 1897 2266 in
1917 2214 2077 2268 domo

476 2293 723 2356 Domini,
754 2298 817 2348 in
847 2300 1015 2350 atriis
1051 2298 1244 2351 domus
1280 2299 1375 2353 Dei
1405 2302 1603 2354 nostri.
1626 2302 1694 2354 In
1723 2304 2076 2357 noctibusez-

478 2383 650 2436 tollite
678 2398 881 2438 manus
911 2391 1120 2439 vestras
1145 2389 1205 2441 in
1235 2393 1447 2449 sancta,
1481 2394 1529 2441 et
1557 2390 1849 2444 benedicite
1893 2392 2076 2445 Domi-

478 2484 619 2523 num
649 2473 813 2525 :Psal.
864 2473 1097 2544 cxxxlv).
1151 2476 1216 2529 In
1262 2479 1531 2542 noctibus,
1562 2477 1765 2549 inquit,
1812 2496 1881 2534 ne
1906 2480 1954 2534 si
1983 2497 2076 2535 re-

476 2556 663 2613 missae
692 2559 906 2616 fuerint
950 2563 1007 2617 in
1050 2563 1297 2618 tenebris
1327 2565 1496 2635 hujus
1532 2568 1718 2622 saeculi
1748 2574 1806 2623 et
1833 2569 2074 2641 Egypto

474 2645 694 2713 dedit'e,
730 2648 1093 2721 obligatiores
1122 2654 1281 2709 ﬁant.
1315 2660 1371 2709 et
1392 2656 1648 2711 servituti
1678 2657 1946 2714 obnoxiae.
1980 2660 2074 2715 Id-

473 2736 620 2792 circo
647 2738 753 2794 ait:
779 2743 844 2796 In
868 2744 1114 2796 noctibus
1134 2746 1373 2797 extoltite
1391 2762 1590 2799 manus
1613 2752 1907 2809 vestras,ut
1931 2766 2074 2802 sem-

475 2843 581 2897 per
604 2845 730 2900 quae
758 2837 953 2885 sancta
981 2838 1132 2896 sunt,
1150 2833 1313 2901 juxta
1342 2834 1693 2903 Apostolum,
1716 2837 2071 2903 meditantes,

467 2916 683 2986 jugiter
728 2918 782 2973 in
838 2920 1059 2975 laudem
1104 2920 1201 2974 Dei
1233 2922 1501 2977 vivamus.
1545 2924 1811 2995 Sequitur
1844 2944 1855 2978 :
1886 2928 2075 2981 Patres

476 3010 658 3059 nostri
671 3015 1029 3075 peccaverunt
1044 3014 1091 3062 et
1106 3026 1216 3063 non
1231 3016 1437 3076 sunt,et
1453 3029 1546 3066 nos
1558 3015 2075 3081 iniquitateseorum

468 3098 838 3163 portavimus.
875 3097 977 3151 Ubi
1009 3097 1152 3151 alius
1184 3098 1460 3169 interpres
1490 3101 1603 3155 ait:
1643 3102 1710 3155 Et
1733 3119 1836 3157 nos
1870 3103 2075 3175 iniqui-

474 3186 623 3235 tates
650 3198 845 3237 eorum
876 3186 1230 3241 exsolvimus.
1256 3187 1390 3251 Quae
1411 3188 1675 3244 nimirum
1690 3193 1970 3247 sententia
1988 3211 2075 3249 ve-
2104 3182 2111 3191 ’

473 3270 708 3325 hemens
734 3278 821 3327 est
865 3279 922 3328 et
967 3273 1247 3338 abstrusa,
1299 3277 1491 3332 multis
1538 3279 1788 3335 involuta
1815 3282 2072 3353 caligini-

474 3357 599 3422 bus,
630 3358 1171 3432 licetsuperJudzeos
1193 3364 1330 3419 satis
1357 3366 1542 3422 soluta
1565 3373 1623 3423 et
1651 3377 1847 3441 aperta
1880 3372 2070 3436 videa-

470 3451 568 3502 tur
599 3465 610 3500 :
642 3448 739 3519 qui
770 3457 1103 3506 vetustatem
1127 3452 1328 3507 litterae
1350 3462 1669 3526 sequentes,
1693 3460 1878 3514 omnia
1903 3462 2072 3516 male-

471 3536 621 3591 dicta
638 3537 777 3609 legis
797 3556 968 3611 super
991 3557 1051 3596 se
1081 3547 1391 3603 traxerunt,
1413 3546 1805 3615 gravissimum
1830 3550 1966 3620 legis
1982 3552 2069 3621 ju-

468 3644 602 3698 gum
655 3636 946 3699 portantes
978 3644 990 3678 :
1027 3631 1173 3702 quod
1218 3649 1322 3687 nec
1366 3634 1470 3705 ipsi
1507 3652 1610 3689 nec
1656 3646 1843 3708 patres
1871 3656 2068 3695 eorum

468 3717 616 3771 ferre
643 3724 965 3788 potuerunt,
992 3720 1246 3775 nolentes
1275 3721 1560 3777 Christum
1581 3725 1949 3797 recipere,qui
1971 3744 2067 3785 eos

470 3819 504 3858 a
561 3806 856 3862 maledicto
905 3809 1046 3878 legis
1093 3811 1420 3867 exsolveret.
1470 3813 1628 3868 Unde
1683 3816 1957 3872 Dominus
2006 3818 2066 3874 in

469 3893 796 3966 Evangelio:
825 3899 887 3953 Ut
908 3902 1112 3963 ueniat,
1128 3900 1331 3972 inquit,
1359 3918 1521 3971 super
1536 3920 1624 3958 vos
1646 3910 2064 3975 omnissanguis

462 3989 647 4053 justus
676 3989 776 4055 qui
802 3989 1003 4054 effusus
1025 3995 1100 4043 est
1116 4006 1279 4059 super
1296 3996 1527 4058 terram,
1558 4009 1593 4047 a
1622 3997 1896 4062 sanguine
1933 3998 2064 4051 Abel

456 4075 606 4141 justi
644 4090 812 4144 usque
830 4079 904 4130 ad
921 4082 1254 4145 sanguinem
1280 4082 1563 4137 Zachariae
1595 4100 1606 4135 :
1641 4089 1688 4138 et
1713 4088 1903 4140 omnia
1932 4087 2062 4151 hac,

466 4159 671 4231 inquit,
702 4179 737 4217 a
766 4170 1116 4231 generatione
1133 4170 1242 4222 ista
1264 4173 1624 4237 requirentur
1651 4174 1860 4241 (Matth.
1883 4180 2061 4243 nm).

466 4248 652 4318 Atque
678 4251 846 4305 alibi:
874 4254 1139 4322 Comptete
1154 4273 1474 4313 mensuram
1497 4266 1727 4328 patrum
1756 4269 2061 4318 vestrorum

470 4338 654 4408 (Ibid).
678 4338 893 4404 Quibus
918 4343 1164 4413 profecto
1186 4346 1365 4401 verbis
1404 4351 1735 4410 ostenditur.
1760 4355 1908 4423 quod
1939 4354 2063 4409 imi-

466 4430 681 4484 tatores
726 4430 963 4486 Patrum
993 4432 1165 4488 etiam
1196 4437 1568 4505 praecedentia
1598 4448 1821 4510 patrum
1852 4443 2060 4501 delicta

468 4518 717 4582 trahant,
767 4520 814 4575 si
855 4538 1049 4581 eorum
1096 4524 1167 4579 ad
1210 4526 1420 4580 malum
1468 4526 1679 4584 fuerint
1719 4537 2052 4593 sectatores.

467 4604 628 4669 Quod
648 4610 785 4664 satis
810 4613 1203 4682 gravissimum
1239 4623 1271 4681 Ι
1288 4621 1484 4683 ωδ
1511 4624 1597 4673 est
1622 4619 1801 4682 nobis,
1836 4622 1931 4692 qui
1957 4639 2059 4678 no-

466 4699 585 4748 stra
604 4712 715 4752 non
727 4700 1038 4759 sufﬁcimus
1063 4704 1267 4761 delicta
1290 4714 1534 4778 portare,
1552 4708 1599 4763 si
1622 4711 2057 4780 praecedentium

466 4788 691 4854 patrum
736 4797 1056 4848 nostrorum
1102 4796 1367 4853 oneribus
1397 4814 1833 4869 praegravemur.
1874 4801 2055 4864 Quam

466 4888 605 4929 sane
618 4877 955 4933 sententiam
979 4882 1230 4940 Ezechiel
1248 4885 1535 4941 absolvere
1552 4886 1785 4949 videtur.
1801 4889 1897 4959 qui
1923 4889 2005 4943 ait
2035 4906 2051 4943 :

467 4964 642 5017 Fiaius
674 4980 787 5020 non
801 4972 1043 5033 portabit
1064 4975 1422 5042 iniquitatem
1450 4980 1648 5044 patris,
1669 4982 1720 5031 et
1754 4984 1916 5047 pater
1944 4995 2056 5034 non

456 5056 704 5123 portabit
725 5058 1084 5124 iniquitatem
1095 5063 1205 5127 ﬁlii
1225 5082 1236 5116 :
1260 5065 1351 5117 sed
1364 5069 1741 5137 unusquisque
1764 5070 1824 5122 in
1840 5074 2054 5136 peccato

461 5161 559 5199 suo
587 5161 694 5214 quo
722 5150 1039 5215 peccaverit,
1077 5154 1139 5202 in
1170 5154 1284 5219 ipso
1331 5158 1606 5210 morietur
1636 5157 1845 5215 (Exacta.
1882 5160 2055 5227 xvm).

461 5233 601 5298 Quae
629 5234 875 5306 profecto
902 5238 1184 5293 sententia
1210 5240 1395 5297 soluta
1423 5259 1545 5299 esse
1592 5246 1896 5307 videretur.
1945 5247 2056 5303 nisi

460 5339 563 5395 per
590 5325 821 5397 Moysen
844 5325 904 5381 in
925 5327 1110 5384 Exodo
1136 5329 1401 5386 Dominus
1421 5332 1746 5404 loqueretur
1769 5355 1781 5390 :
1802 5338 1909 5405 Ego
1927 5354 2055 5392 sum

461 5414 731 5475 Dominus
763 5416 900 5470 Deus
929 5424 1077 5485 tuus,
1117 5419 1259 5473 Deus
1298 5425 1608 5486 zmutator,
1656 5430 1705 5479 et
1759 5428 1858 5495 qui
1892 5429 2054 5482 reddo

455 5509 673 5575 peccata
689 5510 920 5574 patrum
943 5510 1008 5563 in
1023 5509 1187 5576 ﬁlios.
1212 5525 1309 5580 usq
1318 5526 1381 5565 ue
1394 5513 1458 5565 in
1479 5515 1701 5569 tertiam
1723 5521 1771 5569 et
1787 5522 2054 5585 quartam

456 5596 869 5664 generationem
899 5595 985 5652 his
1007 5600 1107 5669 qui
1126 5599 1363 5656 oderunt
1383 5616 1467 5657 me
1485 5617 1500 5657 :
1516 5606 1565 5656 et
1574 5602 1718 5671 facio
1738 5607 2054 5663 misericor-

2159 1849 2349 1904 tionis.
2383 1849 2542 1915 Quod
2577 1849 2731 1904 nullo
2758 1849 2923 1903 modo
2966 1848 3067 1903 lilii
3096 1848 3228 1903 ideo
3272 1847 3579 1919 puniuntur.
3602 1844 3703 1915 quia

2159 1945 2350 2010 patres
2380 1944 2769 2011 peccaverunt,
2809 1938 2909 1993 sed
2944 1938 3077 2010 quia
3098 1938 3309 2009 jugum
3334 1938 3603 1991 traxerunt
3619 1932 3701 1987 ini-

2157 2030 2412 2099 quitatis,
2426 2046 2620 2084 eorum
2645 2028 2825 2099 magis
2853 2028 3178 2099 coaugescit
3205 2032 3261 2082 et
3291 2028 3702 2080 coacervatum)-

2158 2119 2347 2174 mulus
2366 2125 2420 2173 et
2446 2135 2714 2174 mensura
2741 2118 3075 2189 iniquitatis.
3102 2118 3243 2182 Quae
3264 2115 3521 2171 nimirum
3536 2110 3707 2168 scabies

2157 2224 2304 2280 saepe
2349 2207 2590 2279 viguisse
2639 2208 2698 2263 in
2753 2207 2994 2262 Ecclesia
3028 2206 3246 2263 Christi
3283 2206 3410 2277 jure
3447 2201 3696 2275 plangitur,

2158 2297 2307 2368 quod
2323 2296 2729 2361 sacerdotibus,
2743 2294 3086 2368 principibus
3096 2300 3269 2351 terra:
3281 2288 3695 2362 delinquentibus,

2159 2387 2292 2458 quia
2321 2403 2468 2458 szepe
2497 2387 2738 2458 populus
2758 2385 3031 2458 quasipro
3052 2400 3255 2440 eorum
3266 2381 3477 2439 delictis
3495 2378 3700 2450 ﬂagella-

2157 2481 2270 2541 tur,
2296 2493 2536 2547 quorum
2566 2493 2669 2530 vox
2699 2480 2786 2530 est
2813 2488 2826 2524 :
2856 2477 3044 2529 Patres
3089 2476 3281 2529 nostri
3318 2472 3641 2541 peccaverunt
3660 2470 3698 2519 et

2156 2582 2269 2620 non
2295 2571 2505 2631 sunt,et
2527 2582 2622 2620 nos
2645 2566 2967 2633 iniquitates
2996 2579 3195 2618 eorum
3214 2562 3562 2632 portavimus.
3588 2552 3698 2611 Acsi

2154 2662 2412 2727 patenter
2439 2656 2657 2710 dicatur
2678 2670 2697 2709 :
2727 2655 2851 2709 Non
2872 2658 3004 2708 sunt
3033 2653 3187 2724 quod
3215 2651 3533 2712 debuerant,
3548 2650 3599 2700 et
3620 2658 3702 2699 nos

2152 2744 2330 2815 culpis
2358 2743 2729 2814 exigentibus.
2750 2758 2863 2796 una
2890 2758 3021 2797 cum
3058 2741 3199 2814 ipsis
3230 2739 3514 2795 vindictam
3538 2729 3698 2804 iniqui-

2157 2840 2337 2888 tatum
2371 2850 2563 2889 eorum
2590 2839 2900 2905 portamus.
2931 2831 3110 2887 Unde.
3146 2844 3481 2903 qumsumusv
3516 2820 3697 2891 utrique

2158 2939 2327 2994 quam
2357 2922 2685 2977 terribiliter
2712 2921 2987 2992 propheta
3024 2916 3499 2990 lugeataudiant,
3528 2925 3632 2965 cum
3654 2910 3697 2960 et

2158 3018 2348 3083 patres
2379 3029 2479 3084 pro
2506 3011 2622 3067 suis
2668 3011 2936 3083 percellat
2961 3009 3143 3080 culpis
3192 3014 3252 3065 et
3278 3005 3544 3062 auditores
3565 3013 3621 3052 ue
3647 3008 3693 3048 se

2157 3102 2313 3156 vanis
2351 3102 2625 3157 deludant
2654 3099 3066 3163 blandimentis,
3097 3096 3368 3170 quoniam
3397 3098 3452 3147 et
3487 3090 3695 3144 doctam

2156 3207 2258 3262 pro
2287 3192 2490 3246 merito
2521 3190 2809 3261 eliguntur
2829 3189 3026 3260 plebis,
3042 3194 3101 3242 et
3123 3186 3284 3259 plebs
3302 3183 3608 3240 detrimenta
3624 3186 3692 3245 pa-

2154 3279 2296 3334 titur
2324 3296 2389 3333 ex
2437 3279 2783 3350 negligentia
2831 3277 3093 3334 doctoris.
3140 3278 3338 3348 Neque
3382 3270 3520 3327 enim
3545 3275 3693 3360 succe-

2153 3368 2414 3424 dentibus
2443 3348 2620 3441 culpis
2647 3367 2921 3425 minuitur
2944 3383 3131 3439 pmna,
3157 3366 3256 3421 sed
3283 3366 3529 3432 augetur:
3556 3348 3692 3408 utide

2153 3458 2291 3514 Cain
2342 3458 2549 3529 septies
2593 3474 2758 3529 poena
2803 3457 3018 3524 datur;
3071 3457 3143 3512 de
3187 3451 3421 3512 Lamech
3459 3459 3573 3501 vero
3617 3453 3686 3492 δε·

2150 3547 2407 3619 ptuagies
2450 3548 2679 3618 septies.
2729 3547 2874 3611 Quia
2908 3546 3013 3601 etsi
3050 3544 3452 3601 homicidarum
3490 3530 3686 3605 I5”

2149 3638 2267 3693 ulla
2312 3642 2399 3692 est
2433 3636 2720 3702 distantia,
2766 3652 2870 3692 nec
2906 3641 3218 3692 assectator
3259 3637 3381 3705 post
3402 3624 3689 3699 ρηεεεριαηι

2149 3732 2208 3782 et
2259 3727 2596 3797 exemplum,
2655 3725 2928 3781 minorem
2980 3725 3111 3795 jure
3163 3718 3439 3780 contrahit

2149 3832 2319 3887 quam
2364 3816 2622 3872 inventor
2654 3823 2714 3870 et
2756 3821 2954 3870 auctor
2983 3813 3135 3869 mali.
3172 3814 3363 3868 Potest
3386 3811 3443 3861 et
3465 3800 3529 3858 ad
3549 3800 3678 3864 οτῑειο

2149 3906 2300 3960 nalia
2329 3912 2559 3977 peccata
2582 3906 2699 3960 haec
2722 3903 3005 3960 sententia
3032 3903 3261 3969 deterri,
3291 3913 3413 3956 cum
3455 3905 3554 3980 unt)

2149 3970 2347 4059 caute;
2388 3994 2560 4050 etiam
2608 3994 2697 4049 ira
2738 3994 2798 4048 in
2847 4009 3043 4048 omnes
3088 3991 3334 4052 desaevit.
3374 3982 3474 4041 nisi
3515 3970 3682 4032 fuam“

2146 4084 2332 4154 gratia
2360 4083 2602 4139 liberati.
2636 4084 2700 4139 In
2730 4100 2841 4155 quo
2870 4088 3007 4137 sane
3052 4082 3315 4145 conﬁnio,
3358 4084 3524 4143 neque
3556 4065 3680 4156 psit?

2144 4173 2500 4244 iniquitatem
2557 4172 2679 4235 ﬁlii,
2736 4188 2920 4244 neque
2959 4172 3114 4227 ﬁlius
3169 4155 3680 4253 iniquitamfati’f

2142 4262 2320 4318 trahit
2351 4281 2363 4317 :
2395 4263 2493 4317 sed
2517 4261 2902 4333 unusquisque
2941 4277 3156 4322 eorum,
3186 4266 3288 4316 aut
3315 4246 3581 4333 iniustitia

2143 4350 2433 4416 liberatur,
2478 4357 2580 4405 aut
2619 4319 2936 4423 in.peccato
2981 4319 3208 4421 praprio
3248 4319 3524 4403 morietur.
3550 4319 3677 4423 ραοίξ

2141 4445 2332 4495 autem
2352 4414 2432 4495 ait
2463 4460 2476 4495 :
2520 4414 2729 4495 Patres-
2753 4442 2933 4494 nostri
2969 4414 3333 4509 peccavemnz
3373 4436 3418 4486 et
3571 4414 3673 4519 sul“

2143 4546 2255 4585 non
2281 4534 2441 4584 vacat
2467 4528 2536 4584 ab
2564 4529 2856 4584 intellectu
2885 4527 3165 4599 quomodo
3196 4542 3308 4582 non
3323 4522 3445 4579 sint.
3468 4516 3550 4599 ςαέ
3573 4516 3668 4598 mn,"

2141 4619 2274 4674 nino
2304 4619 2475 4674 etiam
2505 4623 2564 4673 et
2589 4624 2715 4690 post
2751 4598 2993 4672 mortem
3020 4633 3141 4672 esse
3177 4614 3470 4671 creduntur
3516 4598 3673 4690 Οωωξ

2143 4709 2350 4780 quippe
2378 4674 2637 4780 peccator
2662 4724 2814 4763 exeo
2844 4706 2995 4778 quod
3024 4706 3304 4778 delinquit
3330 4708 3384 4757 et
3407 4690 3584 4769 peccat:

2138 4778 2681 4869 nihilum—redigitur
2708 4802 2766 4852 et
2793 4812 2907 4852 non
2939 4801 3056 4851 est:
3089 4803 3149 4850 et
3173 4795 3301 4850 ideo
3329 4803 3431 4848 non
3455 4778 3670 4875 Ill“:

2138 4886 2208 4943 ab
2239 4904 2304 4942 eo
2333 4887 2429 4958 qui
2460 4856 2684 4958 semper
2707 4885 2858 4941 idem
2885 4890 2990 4951 est,
3040 4884 3254 4940 corruit,
3283 4886 3343 4939 ut
3377 4888 3478 4932 non
3508 4864 3592 4958 sit.

2137 4944 2419 5033 dilabitur.
2461 4944 2659 5047 Neque
2697 4974 2838 5030 dixit
2874 4944 3010 5046 quia
3046 4981 3237 5046 patres
3284 4944 3665 5058 ρεαῖίινεῗωίῗῖῗί

2142 5081 2255 5119 non
2279 5073 2366 5120 est
2387 5070 2676 5136 peccatum
2710 5080 2926 5129 eorum,
2956 5065 3054 5120 sed
3086 5080 3197 5119 non
3226 5066 3357 5119 sunt
3389 5048 3515 5124 ἱρείε

2142 5126 2433 5227 peccatore
2471 5155 2757 5220 defuncto,
2787 5126 3000 5226 peccati
3043 5152 3273 5209 omnino
3302 5157 3451 5205 causa
3474 5126 3652 5227 “iam?

2142 5215 2308 5317 quam
2336 5244 2437 5299 ﬁlii
2455 5215 3017 5314 sententiamduplici
3036 5242 3200 5297 modo
3220 5254 3361 5313 sape
3376 5215 3652 5317 peml'm‘f'

2135 5313 2281 5397 Dum
2303 5345 2403 5395 aut
2416 5338 2665 5410 paternis
2689 5336 3105 5409 iniquitatibus,
3119 5325 3485 5418 afﬂictionibus.
3505 5313 3651 5418 (‘fo

2138 5435 2373 5485 muntur
2387 5406 2573 5491 variis,
2605 5433 2671 5482 ut
2691 5406 2981 5481 exsolvant
3006 5430 3234 5497 peccata
3254 5427 3455 5498 patrum
3473 5406 3651 5498 impr:-

2137 5479 2604 5579 “(ait
2630 5518 2800 5575 ﬁnem
2825 5531 2939 5572 non
2963 5479 3301 5587 imponendo
3325 5479 3647 5599 malit.

2631 5571 3646 5677 manummanum
