3960 6168
220 277 364 338 ηαδ
904 275 1288 334 EXPOSITIO
1327 277 1406 333 IN
1443 277 2051 335 LAMENTATIONES
2086 272 2439 333 JEREMIIE.
2486 301 2546 314 —
2589 271 2726 329 LIB.
2766 269 2834 322 V.
3366 257 3499 318 ι246

205 403 343 458 rint'
361 401 639 458 institutis
662 402 750 457 vel
778 400 963 472 gratia
989 398 1234 465 liberati,
1283 400 1438 455 nullo
1484 405 1885 473 premunturA
1903 407 1999 457 tur
2023 421 2035 452 ε
2068 400 2319 456 invasam
2349 414 2480 453 vero
2507 398 2564 453 in
2596 392 2956 451 solitudinem
2978 389 3180 446 reddit.
3200 385 3499 445 Desolatur

195 492 351 562 jugo
377 490 714 563 iniquitatis,
743 491 841 546 sed
860 507 959 563 per
984 490 1323 561 baptismum
1340 490 1612 561 disruptis
1629 493 1822 548 vincu-
1903 509 2033 547 vero
2062 498 2122 546 et
2139 489 2476 560 relinquitur
2504 505 2538 541 a
2569 484 2814 555 Deo,qui
2837 482 3231 554 supplantatur
3248 478 3316 531 ab
3339 480 3496 531 boste

206 581 283 635 lis
314 580 650 636 delictorum
670 581 1055 652 unusquisque
1084 596 1300 636 eorum.
1319 585 1420 633 aut
1446 581 1562 635 suis
1592 583 1823 652 punitur
1904 588 1961 636 et
1988 581 2132 635 vitiis
2160 580 2434 635 subvertit
2460 595 2522 631 :r.
2544 575 2830 631 Moraliter
2856 580 3047 626 autem
3077 570 3267 623 anima
3284 567 3401 621 suis
3420 567 3498 621 la-

204 670 404 736 malis,
435 675 537 724 aut
568 669 894 726 absolvitur.
927 671 1105 735 Servi,
1147 668 1352 740 inquit,
1386 671 1665 725 dominati
1689 677 1821 725 sunt
1907 671 2133 726 boribus
2163 686 2362 741 panem
2395 666 2635 739 acquirit
2654 664 2941 723 virtutum,
2969 662 3103 715 dum
3128 658 3289 713 bonis
3309 655 3497 728 operi-

205 762 403 814 nostri
423 778 439 814 :
463 775 576 813 non
595 761 710 827 fuit
729 761 831 828 qui
857 760 1148 813 redimere:
1176 761 1240 813 de
1261 774 1434 813 manu
1465 775 1676 813 eorum.
1698 760 1824 831 Epi-

201 848 410 918 logum
442 847 646 902 retexit
673 848 1053 918 miseriarum,
1092 854 1151 904 et
1179 864 1279 920 per
1305 847 1529 918 singula
1556 850 1823 904 novosin-

198 936 327 990 fert
352 935 633 991 cruciatus
664 936 753 990 sui
783 936 992 991 doloris
1025 954 1036 990 :
1087 944 1367 1008 quatenus
1397 936 1590 991 multis
1640 935 1820 990 modis

200 1022 664 1078 benevolentiam
706 1023 787 1094 pii
827 1023 1035 1094 judicis
1082 1023 1335 1079 inﬂectat
1381 1024 1454 1078 ad
1500 1024 1817 1079 misericor-

202 1111 391 1167 diam.
424 1112 602 1178 Servi,
626 1112 831 1184 inquit,
849 1114 1129 1168 dominati
1163 1118 1295 1167 sunt
1322 1116 1519 1168 nostri.
1549 1115 1631 1169 Ac
1649 1114 1697 1168 si
1728 1130 1822 1185 pa-

203 1206 407 1256 tenter
417 1200 983 1272 insinuetgloriosam
1001 1202 1319 1257 libertatem
1342 1219 1536 1257 eorum
1555 1208 1613 1258 et
1632 1203 1784 1257 dicat
1803 1221 1816 1256 :

205 1291 302 1346 Tu
345 1290 635 1345 redemisti
683 1298 741 1345 et
784 1290 1037 1346 liberasti
1080 1308 1182 1346 nos
1226 1292 1283 1346 in
1334 1290 1560 1347 brachio
1598 1292 1822 1347 virtutis

1903 760 2007 815 bus
2061 761 2212 815 intus
2250 759 2451 813 forisve
2494 760 2783 811 exercetur
2837 769 3057 823 corpus,
3100 748 3253 803 verbi
3288 745 3495 816 gratia,

1902 850 2036 905 dum
2078 850 2150 904 ad
2189 847 2631 904 benevolentiam
2671 862 2772 899 seu
2810 842 3143 897 charitatem
3183 844 3240 893 et
3277 852 3492 908 pacem,

1901 938 2280 1009 pietatemque
2310 936 2641 991 intenditur.
2671 932 2885 998 Quibus
2913 947 3038 985 cum
3062 927 3374 981 viviﬁcatur
3392 925 3500 978 vir-

1901 1028 2136 1092 tutibus,
2168 1028 2447 1082 caelestem
2496 1031 2881 1093 aeternumque
2920 1017 3162 1090 acquirit
3205 1031 3428 1088 panem,
3462 1030 3497 1067 a

1903 1116 2219 1187 faciegladii
2241 1117 2299 1170 in
2318 1116 2539 1170 deserto
2563 1133 2574 1168 :
2596 1113 2728 1184 quia
2748 1110 2975 1166 devictis
3003 1107 3250 1163 hostium
3273 1103 3494 1160 insidiis

1903 1212 1961 1263 et
1988 1205 2394 1261 tentationibus
2432 1203 2618 1267 variis,
2661 1217 2884 1273 semper
2925 1199 2983 1255 in
3022 1199 3199 1253 Deum
3249 1193 3411 1267 quasi
3435 1192 3494 1247 in

1903 1296 2124 1351 deserto
2162 1294 2481 1350 solitudinis
2519 1292 2838 1346 laborantes
2862 1304 3174 1343 versamur.
3204 1288 3368 1340 Pellis
3401 1298 3494 1336 ηο-

203 1383 363 1447 tua;
394 1386 458 1435 tu
482 1381 741 1436 exaltasti
770 1387 829 1436 et
856 1381 1171 1437 sublimasti
1202 1382 1261 1437 in
1286 1399 1545 1453 regnum,
1567 1388 1631 1438 tu
1654 1383 1820 1438 virtu-
1897 1390 2016 1439 stra
2037 1387 2199 1454 quasi
2223 1386 2475 1438 clibanus
2504 1386 2697 1436 ewusta
2719 1384 2813 1443 est,
2860 1394 2895 1432 a
2939 1379 3081 1442 facie
3117 1377 3496 1441 tempestatum

202 1469 369 1524 tibus
407 1480 466 1524 et
493 1470 668 1539 signis
693 1471 1058 1541 gloriﬁcasti:
1088 1477 1145 1526 et
1169 1488 1317 1528 nunc
1347 1489 1458 1528 non
1489 1473 1820 1544 qualescun-
1897 1476 2085 1541 famis.
2110 1475 2223 1528 Aut
2244 1472 2445 1527 aliter:
2468 1475 2513 1524 A
2545 1470 2687 1524 facie
2725 1469 3018 1540 plagarum
3047 1463 3230 1518 famis.
3258 1461 3365 1517 Ubi
3395 1476 3495 1531 per

205 1575 349 1629 que,
380 1559 480 1614 sed
521 1560 665 1614 servi
702 1559 973 1615 dominati
1010 1569 1144 1615 sunt
1180 1562 1356 1616 nostri
1390 1580 1400 1615 :
1454 1578 1556 1617 nec
1584 1562 1692 1617 fuit
1719 1563 1815 1633 qui
1899 1564 2243 1619 exustionem
2257 1552 3500 1633 pellis,magnitudoetimmensitasfamiszseu

204 1648 526 1703 redimeret
556 1666 657 1703 nos
686 1649 755 1705 de
785 1666 956 1704 manu
982 1667 1197 1705 eorum.
1231 1652 1362 1706 Haec
1403 1650 1611 1706 idcirco
1647 1652 1817 1723 repli-
1902 1671 2001 1725 per
2042 1661 2074 1717 Ι
2092 1652 2524 1719 az‘gﬁlividam
2549 1664 2795 1709 carnem,
2814 1652 2878 1701 ut
2893 1646 3039 1699 alius
3067 1644 3491 1713 interpretatur,

206 1744 330 1805 cat,
369 1744 436 1792 ut
480 1738 551 1792 ad
601 1738 871 1793 beneﬁcia
912 1738 1333 1794 clementissimi
1362 1740 1461 1794 Dei
1488 1748 1818 1796 consuetam
1839 1728 1885 1789 Β
1905 1745 2255 1816 exprimitur.
2281 1744 2461 1808 Quam
2487 1758 2621 1797 sane
2647 1741 2849 1794 faciem
2876 1738 2922 1792 si
2952 1736 3077 1808 quis
3108 1736 3240 1789 velit
3269 1732 3489 1798 rescire,

203 1827 487 1899 lacrymis
526 1829 877 1898 provocando
919 1829 1276 1884 clementiam
1320 1829 1537 1895 invitet,
1583 1830 1642 1884 in
1698 1836 1818 1885 toto
1897 1835 2200 1906 Josophum
2235 1834 2384 1903 legat
2415 1850 2425 1885 :
2464 1832 2556 1902 qui
2591 1831 2735 1885 ﬁlios
2764 1829 3060 1882 devorasse
3099 1829 3361 1896 parentes
3390 1822 3493 1888 ait,

206 1916 429 1972 mentis
457 1917 677 1982 all‘ectu,
706 1934 810 1972 sua
843 1918 902 1973 in
944 1919 1024 1972 eis
1056 1919 1242 1990 potius
1283 1918 1569 1984 beneficia,
1605 1920 1698 1991 qui
1730 1937 1820 1974 eo-
1900 1931 1957 1980 et
1988 1922 2375 1979 devorantium
2424 1921 2611 1975 fauces
2654 1917 2997 1973 latrunculos
3036 1914 3362 1986 praefocasse
3390 1931 3401 1964 :
3431 1917 3497 1967 ut

205 2022 347 2061 rum
374 2012 565 2061 errata
590 2006 926 2061 considerat.
962 2008 1241 2062 Caeterum
1279 2008 1463 2080 typice
1504 2009 1660 2079 luget
1686 2009 1819 2063 cho-
1895 2015 2014 2085 jam
2043 2012 2342 2084 deglutitos
2370 2010 2522 2065 cibos
2542 2026 2685 2081 pene
2708 2009 2777 2061 de
2809 2006 2944 2078 ipsis
2972 2003 3274 2059 visceribus
3294 2002 3494 2056 evelle-

202 2112 313 2152 rus
349 2103 697 2162 sanctorum,
761 2113 903 2167 gens
952 2104 1166 2160 sancta,
1216 2099 1455 2169 populus
1493 2098 1817 2170 acquisitio-
1899 2108 2046 2168 rent,
2077 2102 2266 2173 sicque
2286 2108 2549 2172 raptores
2567 2098 2778 2169 absque
2792 2097 3026 2151 horrore
3048 2093 3273 2148 easdem
3293 2107 3493 2146 carnes

201 2185 321 2249 nis,
365 2186 555 2255 regale
591 2185 991 2250 sacerdotium,
1023 2186 1244 2257 quoties
1273 2187 1594 2258 spirituales
1623 2187 1819 2258 nequi-
1898 2198 2205 2247 sumerent.
2236 2190 2547 2260 Allegorice
2569 2194 2757 2242 autem
2787 2202 2890 2240 vox
2921 2189 3242 2239 sanctorum
3262 2186 3349 2235 est
3368 2197 3497 2251 quae

201 2271 307 2326 tim
359 2272 459 2342 qui
507 2273 789 2328 caelestem
830 2274 1198 2345 perdiderunt
1248 2275 1590 2342 libertatem,
1633 2277 1818 2332 domi-
1897 2282 2229 2353 plangitur:
2262 2283 2428 2335 Pellis
2456 2284 2647 2334 nostra
2675 2279 2835 2347 quasi
2863 2276 3115 2329 clibanus
3141 2274 3314 2328 livida
3342 2273 3493 2339 facta

200 2368 424 2417 nuntur
449 2362 631 2419 nostri
661 2367 722 2417 et
745 2363 1011 2434 afﬂigunt
1036 2380 1139 2419 nos
1168 2365 1436 2419 servitute
1459 2366 1670 2437 peccati
1693 2386 1705 2421 :
1728 2368 1814 2422 vel
1895 2377 1990 2436 est,
2037 2376 2138 2425 aut
2179 2375 2374 2424 exusta
2417 2374 2511 2423 est.
2543 2366 2711 2422 Pellis
2749 2365 2963 2436 utique,
3002 2364 3133 2435 quia
3161 2362 3331 2434 primi
3361 2366 3497 2417 sunt

204 2451 439 2523 quando
466 2452 721 2507 carnales
751 2453 959 2524 quique
988 2460 1087 2509 aut
1110 2454 1398 2509 criminosi
1427 2455 1815 2527 principantur
1894 2464 2156 2530 parentes
2181 2458 2358 2513 nostri
2384 2457 2583 2518 induti.
2622 2454 3125 2524 miserabiliterque
3170 2450 3376 2506 finibus
3400 2465 3497 2521 pa-

201 2539 267 2595 in
298 2540 569 2607 Ecclesia,
594 2547 653 2596 et
682 2541 741 2595 in
769 2542 851 2597 eis
877 2559 1018 2614 quos
1048 2543 1391 2615 Redemptor
1424 2551 1666 2611 laus
1699 2546 1812 2600 Do—
1895 2549 2069 2603 radisi
2097 2548 2345 2620 propulsi
2398 2547 2557 2602 Unde
2586 2547 2877 2617 signanter
2904 2560 3017 2599 non
3063 2543 3161 2598 ait.
3196 2542 3369 2613 pelles
3396 2556 3494 2595 no-

203 2629 780 2686 minusadmodicum
798 2631 854 2685 in
872 2648 1043 2687 manu
1060 2648 1255 2687 eorum
1288 2633 1547 2688 deserere
1574 2634 1810 2688 videtur.
1897 2650 2046 2694 straa.
2077 2640 2174 2693 sed
2207 2638 2365 2710 pellis
2399 2642 2612 2699 nostra,
2646 2635 2781 2706 quia
2817 2651 2883 2688 ex
2923 2633 3060 2704 ipsis
3092 2648 3265 2687 unam
3295 2645 3495 2685 omnes

206 2719 426 2775 Luctus
455 2736 593 2791 ergo
619 2720 726 2775 iste
750 2729 899 2776 recte
919 2722 1312 2793 paenitentiam
1336 2728 1438 2789 est,
1474 2723 1569 2794 qui
1595 2724 1816 2780 Satanas
1897 2727 2275 2782 contraximus
2300 2724 2663 2781 mortalitatis
2684 2724 2907 2795 pellem.
2941 2722 3254 2777 Mortalitas
3285 2720 3493 2791 quippe

204 2806 446 2879 laqueos
489 2810 725 2864 evadere
767 2810 1076 2882 cupientes,
1125 2816 1286 2883 cujus
1314 2811 1566 2866 dominio
1593 2812 1819 2869 fuerant
1898 2824 2091 2871 nostra
2122 2816 2293 2871 livore
2330 2813 2544 2886 peccati
2570 2814 2795 2873 foedata,
2828 2811 2986 2883 quasi
3019 2811 3292 2871 clibanus,
3324 2809 3379 2862 id
3405 2812 3494 2863 est
3556 2822 3565 2825 '

210 2895 509 2968 subjugati
532 2904 591 2954 et
615 2898 843 2965 addicti,
877 2900 948 2955 ad
980 2901 1158 2956 Deum
1187 2902 1467 2973 respirare
1497 2920 1597 2957 seu
1624 2920 1817 2975 preces
1898 2906 2059 2978 quasi
2097 2905 2374 2969 diabolus,
2426 2904 2517 2974 qui
2570 2910 2656 2957 est
2699 2902 2895 2956 fornax
2923 2900 3205 2961 vitiorum,
3239 2896 3491 2969 quotidie

205 2987 508 3045 intendere
538 2995 903 3059 praesumunt.
939 2990 1049 3045 Sed
1079 2997 1137 3045 et
1162 2991 1453 3047 haereticos
1481 3009 1670 3047 servos
1695 3009 1817 3048 esse
1833 3051 1873 3073 η
1899 2996 2055 3051 novis
2083 2993 2663 3065 concupiscentiarum
2693 2990 3077 3047 exustionibus
3097 2990 3246 3061 ipsos
3265 2988 3490 3043 inﬂam-

206 3090 490 3147 cognosce
517 3077 748 3148 peccati,
777 3078 873 3149 qui
892 3078 1256 3134 dominantur
1284 3097 1502 3147 eorum,
1536 3098 1678 3153 quos
1698 3082 1814 3137 suis

1897 3092 2090 3141 mante
2132 3053 2345 3156 peccati
2391 3089 2638 3147 auctore,
2682 3081 2959 3136 aduritdr.
2991 3053 3151 3134 Unde
3195 3082 3494 3148 sequentes

202 3164 472 3238 pessimis
499 3165 891 3222 instruxerunt
919 3168 1189 3235 moribus,
1223 3169 1319 3241 qui
1349 3170 1494 3225 servi
1523 3170 1653 3225 facti
1682 3177 1814 3226 sunt

1896 3182 2203 3238 auctorem,
2233 3173 2552 3244 gehennam
2583 3170 2959 3226 damnationis
2978 3168 3317 3224 incurrimus
3351 3185 3362 3219 :
3395 3181 3496 3237 per

203 3255 478 3311 vitiorum
512 3274 524 3310 :
556 3261 611 3310 et
634 3256 769 3312 dum
798 3257 1058 3313 nesciunt
1072 3259 1353 3314 moderari
1378 3261 1581 3332 jugum
1612 3261 1817 3315 doctri-
1897 3253 2062 3336 quem
2090 3263 2443 3334 tempestatis
2480 3262 2628 3316 fame
2657 3260 2979 3331 allligimur.
3016 3274 3088 3312 ne
3117 3257 3248 3312 ullis
3271 3260 3497 3310 aeternae

205 3361 316 3408 nm,
351 3361 519 3400 nemo
544 3352 632 3401 est
653 3346 748 3417 qui
787 3347 1041 3404 absolvat
1077 3348 1363 3404 interdum
1396 3366 1511 3415 eos,
1538 3366 1678 3421 quos
1706 3349 1814 3421 ipsi
1897 3354 2021 3408 vitae
2051 3353 2231 3424 epulis
2259 3369 2293 3406 a
2320 3351 2458 3406 facie
2490 3351 2779 3423 plagarum
2821 3349 2987 3403 faunis
3026 3346 3320 3401 satiemur.
3367 3345 3492 3399 Non

204 3435 327 3490 suis
355 3434 625 3489 irretiunt
648 3435 982 3508 disciplinis.
1015 3439 1082 3492 In
1112 3441 1374 3493 manibus
1405 3442 1610 3493 nostris
1627 3443 1816 3507 alfere-
1898 3443 2047 3497 enim
2065 3443 2186 3496 sine
2203 3457 2374 3495 causa
2392 3441 2503 3494 alia
2521 3438 2931 3510 interpretatio,
2955 3454 2989 3490 a
3004 3439 3149 3504 facie
3165 3439 3491 3505 plagarum,

205 3525 406 3579 bamus
434 3539 637 3593 panem
670 3527 844 3591 nobis,
878 3542 913 3580 a
961 3528 1102 3595 facie
1138 3529 1319 3596 gladii
1346 3530 1411 3582 in
1440 3529 1664 3582 deserto.
1708 3528 1815 3584 Ubi
1895 3540 1995 3586 aut
2024 3539 2238 3594 nostra,
2287 3534 2667 3598 tempestatum
2698 3527 2992 3600 pluraliter
3013 3525 3173 3590 dixit,
3208 3541 3333 3580 cum
3365 3540 3489 3578 cor-

204 3614 353 3670 alius
382 3614 663 3686 interpres
690 3615 773 3670 ait
802 3633 813 3669 :
851 3617 917 3671 In
940 3616 1238 3673 animabus
1275 3617 1484 3673 nostris
1514 3617 1811 3689 acquisivi-

206 3720 335 3759 mus
354 3718 558 3775 panem
590 3709 865 3761 nostrum.
891 3706 969 3761 Ex
993 3722 1103 3777 quo
1134 3707 1397 3762 immensi
1419 3706 1625 3762 laboris
1654 3723 1815 3763 vexa-

205 3793 287 3848 tio
317 3792 675 3858 describitur,
709 3795 932 3866 quando
968 3811 1081 3851 non
1112 3783 1300 3851 minus
1346 3813 1527 3864 mens,
1556 3812 1724 3869 quam
1754 3802 1812 3852 et

206 3898 413 3954 corpus
437 3882 728 3953 fatigatur.
777 3884 911 3940 Erat
954 3884 1231 3956 siquidem
1276 3887 1520 3941 exterius
1564 3886 1724 3941 labor
1750 3886 1811 3943 in

208 3971 552 4043 acquirendo
581 3972 785 4028 victum
817 3974 1208 4045 quotidianum
1242 3995 1252 4004 ·
1299 3975 1539 4031 interius
1578 3992 1707 4031 vero
1737 3975 1810 4030 ti-

212 4076 339 4116 mor
366 4060 678 4117 immensus
725 4078 762 4117 a
808 4063 946 4119 facie
987 4065 1179 4135 gladii,
1222 4071 1282 4121 et
1318 4065 1423 4120 hoc
1468 4072 1555 4121 est
1576 4066 1760 4120 dicere
1792 4085 1805 4121 :

211 4150 277 4205 In
307 4150 607 4207 animabus
637 4152 865 4217 nostris,
901 4154 1033 4225 quia
1063 4154 1225 4225 panis
1252 4171 1379 4210 cum
1411 4155 1657 4226 periculo
1686 4156 1812 4212 vitae

212 4240 572 4312 quaerebatur
620 4242 731 4297 Sed
761 4242 979 4315 typicus
999 4243 1259 4315 optabilis
1291 4251 1375 4299 est
1401 4262 1600 4300 sensus
1632 4264 1644 4299 :
1681 4246 1815 4318 quia

1891 3621 2161 3693 poraliter
2183 3636 2298 3675 una
2326 3618 2402 3673 sit
2448 3618 2613 3689 plaga
2647 3617 2730 3671 vel
2760 3621 3069 3687 tempestas
3112 3613 3297 3668 famis.
3329 3613 3491 3667 Unde

1892 3712 2075 3783 magis
2099 3718 2328 3784 propter
2350 3711 2632 3764 internam
2660 3707 2842 3762 doluit
2878 3706 3105 3765 famem,
3141 3720 3267 3774 quae
3294 3702 3488 3757 multis

1893 3804 2129 3871 coauget
2174 3798 2604 3871 tempestatibus
2640 3803 2699 3851 et
2740 3795 2974 3850 diversis
3014 3792 3263 3849 afﬁcitur
3289 3790 3488 3863 plagis.

1894 3892 2033 3948 Cum
2065 3891 2215 3946 enim
2255 3889 2439 3945 cibum
2477 3887 2603 3942 vita:
2645 3886 2833 3940 anima
2861 3882 3132 3949 amiserit,
3169 3897 3267 3953 per
3295 3896 3490 3936 omnes

1892 3997 2091 4036 sensus
2118 3979 2388 4051 corporis,
2418 3984 2476 4034 et
2506 3993 2604 4049 per
2633 3992 2829 4030 omnes
2855 3975 3089 4029 all‘ectus
3115 3970 3290 4027 animi
3310 3970 3490 4025 diver-

1892 4070 1967 4126 sis
1993 4071 2285 4142 plagarum
2313 4068 2529 4140 patitur
2550 4064 2888 4127 vulneribus,
2917 4064 3052 4118 dum
3080 4063 3302 4117 interno
3320 4063 3490 4119 caecat

1892 4161 2104 4216 lumine
2134 4177 2146 4213 :
2177 4175 2358 4230 neque
2386 4156 2617 4213 auribus
2647 4156 2799 4210 intus
2828 4153 3057 4208 verbum
3080 4158 3266 4224 potest
3291 4149 3488 4207 audire

1893 4249 2110 4304 salutis.
2137 4249 2296 4304 Unde
2322 4248 2590 4303 Dominus
2621 4266 2633 4301 :
2666 4247 2888 4300 Mittam
2910 4248 2973 4298 in
2998 4248 3094 4307 eis,
3138 4258 3250 4296 non
3281 4243 3490 4309 famem

213 4330 369 4387 ﬂexit
394 4330 737 4387 conscientia
767 4339 824 4387 et
848 4349 1008 4388 mens
1024 4333 1206 4400 beata,
1231 4351 1354 4405 qum
1377 4334 1434 4388 in
1461 4334 1649 4389 animo
1669 4351 1876 4439 sem-D
1894 4342 2059 4408 panis
2089 4354 2257 4407 neque
2285 4341 2438 4392 sitim
2469 4353 2645 4406 aqua,
2688 4337 2779 4389 sed
2821 4334 3092 4390 audiendi
3135 4333 3361 4386 verbum
3391 4332 3491 4386 Dei

210 4436 313 4491 per
339 4420 448 4475 sibi
478 4420 740 4477 manibus
770 4439 973 4494 panem
1020 4423 1145 4478 vitae
1192 4424 1454 4496 acquirit,
1496 4425 1580 4480 vel
1626 4425 1812 4481 cibum
1831 4419 1875 4439 ⁵³
1894 4429 2102 4499 (Amos,
2136 4429 2275 4497 vm).
2310 4428 2432 4493 Qua
2459 4426 2726 4482 nimirum
2756 4425 2905 4480 fame
2933 4424 3063 4479 dum
3095 4437 3252 4476 mens
3278 4419 3489 4489 afﬂigi-

212 4508 633 4581 Scripturarum
685 4516 1043 4578 sanctarum,
1105 4514 1498 4586 variarumque
1540 4514 1811 4571 virtutum

209 4598 375 4654 affert
401 4599 509 4654 sibi
536 4599 659 4656 sine
682 4600 868 4657 taedio.
901 4606 1053 4671 Quos
1082 4603 1330 4673 profecto
1355 4620 1529 4675 panes
1554 4603 1614 4659 in
1639 4604 1814 4659 Evan-

207 4688 356 4758 gelio
384 4688 619 4760 fregisse
649 4690 908 4761 legimus,
941 4695 1059 4746 tam
1086 4691 1357 4760 triticeos,
1389 4709 1558 4766 quam
1588 4701 1647 4749 et
1677 4694 1810 4749 bor-

209 4776 465 4844 deaceos,
494 4785 561 4835 ut
587 4779 812 4835 animus
831 4780 1283 4852 copiosissimum
1314 4782 1419 4838 sibi
1450 4783 1591 4838 Novi
1614 4800 1679 4838 ac
1710 4784 1813 4839 Ve-

207 4868 345 4923 teris
365 4868 713 4925 Testamenti
734 4869 954 4941 frugem
975 4875 1245 4942 aggreget
1267 4890 1278 4926 :
1304 4872 1455 4928 unde
1477 4888 1680 4945 panem
1696 4873 1813 4930 suis

209 4955 466 5013 sensibus
488 4964 546 5013 et
576 4959 770 5016 labore
798 4960 1071 5032 acquirat,
1103 4978 1137 5016 a
1179 4961 1318 5018 facie
1345 4963 1522 5034 gladii
1551 4963 1810 5019 solitudi-

215 5044 321 5101 nis.
346 5045 585 5102 Gladius
603 5049 810 5120 quippe
839 5048 1179 5110 solitudinis,
1195 5050 1414 5105 insidiae
1433 5050 1641 5106 diaboli
1663 5057 1813 5106 recte

214 5135 570 5207 accipiuntur
595 5156 608 5191 ε
643 5145 839 5194 contra
868 5139 1028 5210 cujus
1076 5139 1299 5205 faciem,
1330 5157 1556 5212 semper
1583 5142 1815 5214 clypeus

212 5225 441 5296 provide
482 5227 785 5298 opponitur
829 5227 960 5283 fidei
1005 5241 1017 5277 :
1066 5234 1345 5299 quatenus
1397 5236 1525 5284 tuta
1566 5232 1814 5286 salvetur

213 5314 474 5371 meus.ab
501 5316 928 5388 impugnatione
958 5322 1015 5372 et
1032 5317 1173 5373 facie
1203 5320 1565 5390 percussoris.
1600 5320 1681 5376 De
1701 5336 1812 5392 quo

213 5401 423 5461 dictum
437 5410 527 5461 est
549 5425 561 5461 :
589 5407 736 5462 Ante
754 5406 949 5462 faciem
971 5408 1020 5479 ej
1029 5424 1094 5463 us
1114 5408 1428 5480 paradisus,
1452 5414 1509 5465 et
1528 5414 1654 5481 post
1682 5426 1811 5466 eum

214 5493 456 5552 solitudo
494 5496 723 5559 deserti,
754 5497 886 5569 quia
932 5497 1259 5570 priusquam
1295 5498 1563 5555 invaserit
1590 5500 1813 5557 ﬁdelem

487 5585 799 5653 virtutibus.
821 5587 1107 5663 floridam,
1130 5589 1263 5661 jure
1282 5589 1581 5662 paradisus
1604 5589 1812 5665 accipi-

1892 4524 2006 4578 tur.
2061 4518 2296 4573 diversis
2347 4516 2670 4571 verberibus
2710 4515 3007 4587 plagarum
3064 4511 3349 4587 cruciatur
3371 4549 3388 4576 ,
3427 4514 3487 4567 et

1892 4575 2292 4679 tempestatum
2344 4608 2593 4677 jactatur
2644 4575 2919 4675 procellis.
2962 4601 3121 4657 Unde
3174 4575 3431 4672 seqlfltur
3472 4616 3485 4655 :

1892 4699 2149 4752 Mulieres
2169 4700 2233 4750 in
2252 4697 2385 4752 Sion
2401 4697 2845 4749 humiliaverunt
2859 4710 2875 4756 ;
2893 4697 2943 4745 et
2961 4693 3203 4759 virgines
3219 4693 3284 4744 in
3298 4693 3496 4745 civita-

1895 4788 2038 4841 tibus
2056 4786 2229 4840 Juda.
2257 4783 2415 4848 Quod
2433 4782 2503 4837 ad
2524 4781 2771 4835 litteram
2791 4778 2999 4835 Judieis
3026 4778 3315 4842 accidisse,
3349 4779 3490 4835 nulli

1894 4873 2127 4930 dubium
2149 4877 2250 4927 est.
2279 4871 2483 4926 Multas
2512 4874 2702 4924 autem
2741 4867 2951 4923 Christi
2980 4867 3244 4922 ecclesias
3267 4867 3339 4923 ob
3365 4868 3490 4924 ine-

1894 4964 2042 5019 diam
2074 4964 2255 5026 famis,
2299 4966 2354 5016 et
2396 4959 2550 5014 sitim
2586 4957 2853 5012 audiendi
2891 4956 3123 5012 verbum
3173 4958 3293 5021 Dei,
3346 4974 3491 5029 saepe

1897 5052 2284 5108 limreticorum
2325 5049 2601 5122 pravitate
2644 5051 2957 5119 corruptas,
2991 5053 3049 5103 et
3074 5047 3398 5103 humiliatas
3426 5046 3488 5103 in

1896 5143 2004 5197 tide
2025 5142 2217 5205 fuisse,
2240 5157 2405 5197 nemo
2426 5140 2523 5213 qui
2542 5138 2765 5194 dubitat
2785 5157 2799 5207 ;
2820 5137 3028 5210 quibus
3048 5138 3234 5194 aiebat
3260 5143 3488 5208 aposto-

1895 5232 1984 5287 lus
1999 5232 2237 5287 Paulus:
2279 5232 2458 5285 Timeo
2474 5232 2645 5294 enim,
2675 5232 2895 5285 nesieut
2915 5244 3130 5298 serpens
3145 5228 3315 5282 Evam
3339 5232 3490 5283 astu-

1897 5324 1977 5377 tia
2020 5336 2122 5375 sua
2174 5321 2399 5390 decepit,
2449 5321 2530 5373 ita
2568 5322 3008 5387 corrumpantur
3045 5332 3233 5371 sensus
3262 5318 3432 5370 vestri
3451 5332 3489 5379 α

1895 5413 2183 5476 charitate,
2203 5426 2321 5479 quae
2339 5413 2489 5464 estin
2505 5409 2718 5465 Christo
2734 5411 2859 5463 Jesu
2886 5426 2898 5474 ;
2933 5404 3175 5462 etinfra:
3199 5406 3487 5475 Despondi,

1893 5499 2096 5572 inquit,
2128 5515 2216 5554 vos
2242 5501 2349 5553 uni
2374 5500 2495 5553 viro
2522 5498 2800 5565 virginem
2832 5499 3041 5550 castam
3068 5494 3314 5551 exhibere
3334 5495 3491 5551 0hri~

1895 5596 1995 5648 sto.
2049 5590 2202 5669 Quas
2247 5587 2501 5669 profesto
2534 5584 2776 5659 virgine!
2804 5600 2953 5658 sape
2979 5582 3325 5652 humi-1W,
3367 5598 3490 5658 qua
