3960 6168
518 290 664 349 ‘12-’17

1293 286 1351 341 S.
1396 285 1771 341 PASCllASll
1815 286 2175 343 RADBERTI
2214 287 2519 344 ABBATIS
2559 286 3053 346 CORBEIENSIS.

3617 288 3724 348 l2l8

522 416 745 473 Christo
774 414 996 469 fuerant
1034 413 1094 468 in
1142 412 1251 467 ﬁde
1290 412 1662 483 desponsatas,
1706 413 1906 468 merito
1935 430 2121 469 sermo
2137 416 2184 475 A
2205 419 2450 470 rectores
2468 412 2714 487 plebium
2744 420 2878 471 tunc
2900 415 3155 472 hostium
3181 414 3430 470 manibus
3449 415 3727 485 suspendun-

520 506 877 579 propheticus
932 504 1087 573 luget
1131 519 1145 557 :
1198 520 1321 574 quas
1361 502 1465 556 nisi
1519 504 1781 557 mulieres
1838 510 2025 559 essent
2065 512 2121 559 et

520 600 872 648 sectarentur
903 593 1131 646 vulnera
1166 592 1483 654 muliebria,
1525 599 1766 659 |510
1795 610 1905 648 non
1933 600 2121 648 essent

522 681 910 735 haereticorum
959 680 1249 735 fraudibus
1294 682 1558 751 decepta),
1593 697 1773 751 neque
1802 683 2119 737 adulterino

520 774 827 828 humiliatae
888 774 1191 829 connubio.
1237 773 1599 844 Tropologice
1643 781 1854 838 autem,
1900 777 2120 848 quoties

522 871 875 936 peccatorum
906 865 1157 919 fmditate
1170 879 1491 935 gravamur,
1521 869 1578 916 et
1605 862 1674 916 de
1702 865 1835 929 alto,
1860 865 1915 919 id
1945 873 2031 920 est
2050 867 2120 921 de

523 954 658 1009 Sion
686 954 755 1008 ad
788 955 1023 1009 humilia
1054 953 1447 1009 miserabiliter
1463 960 1793 1025 proruentes
1815 957 2121 1011 conslerni-

522 1059 669 1105 mur,
704 1045 989 1114 mulieres,
1019 1045 1224 1099 animae
1254 1043 1509 1099 videlicet
1539 1051 1766 1111 nostrai,
1794 1045 1850 1099 in
1883 1046 2036 1111 Sion,
2061 1046 2119 1100 id

523 1137 610 1187 est
636 1132 693 1187 in
722 1133 964 1187 culmine
990 1133 1365 1188 ecclesiastico
1389 1134 1691 1199 collocatas,
1727 1135 2114 1192 humiliantur.

521 1221 690 1276 Aliud
717 1223 921 1295 quippe
942 1230 1029 1278 est
1048 1226 1105 1278 in
1125 1224 1279 1285 Sion,
1302 1223 1454 1277 aliud
1474 1240 1600 1278 vero
1621 1231 1777 1279 extra
1794 1223 2078 1279 humiliari
2102 1242 2113 1277 :

523 1310 656 1381 quia
674 1317 731 1365 et
749 1312 792 1365 si
814 1318 1131 1382 peccatores
1156 1312 1379 1383 quidem
1400 1328 1615 1377 sumus,
1640 1313 1787 1367 infra
1815 1314 2117 1368 Ecclesiam

524 1400 732 1455 Christi
759 1402 1048 1472 angustias
1078 1402 1349 1456 scelerum
1380 1407 1700 1456 nostrorum
1730 1403 1788 1457 in
1820 1403 1986 1458 domo
2008 1404 2119 1458 Do-

521 1486 659 1541 mini
690 1490 1020 1543 conﬁtentes
1048 1495 1104 1543 et
1129 1494 1419 1560 gementes
1448 1490 1767 1561 pandimus,
1787 1507 1897 1545 non
1928 1490 2121 1563 despe-

523 1583 715 1631 rantes
752 1576 885 1631 boni
926 1579 1167 1649 pastoris
1213 1579 1433 1632 veniam
1479 1578 1769 1649 subrogari
1806 1594 1815 1627 2
1862 1586 1920 1633 et
1966 1581 2012 1634 si
2062 1581 2119 1635 in

524 1665 658 1719 Sion
688 1666 944 1737 lugentes
967 1668 1353 1723 humiliamur.
1382 1651 2120 1738 Hujuscemodimulieribus

2203 509 2298 559 tur
2320 506 2391 559 ad
2420 505 2546 570 alia,
2589 506 2814 577 quando
2850 506 3232 561 intentionem
3284 504 3408 559 boni
3445 504 3616 575 operis,
3651 522 3726 560 seu

2202 600 2402 649 nutum
2434 602 2644 650 rectum
2674 596 3018 663 deserentes,
3039 597 3111 651 ad
3138 596 3469 650 voluntatem
3484 593 3629 647 hostis
3637 596 3727 663 jam

2202 690 2432 758 propter
2459 702 2680 756 poenam
2722 686 2952 757 peccati.
2985 684 3157 756 quasi
3201 690 3322 738 tota
3366 682 3606 753 suspensi,
3637 700 3727 753 quae

2201 775 2558 846 conceperint
2583 775 2895 846 adimplent
2924 793 2935 828 :
2972 774 3098 828 imo
3127 773 3248 829 suis
3274 772 3493 827 devictis
3519 787 3727 824 manuum

2201 863 2482 935 operibus,
2498 864 2660 935 quasi
2681 864 2739 918 in
2761 864 2997 935 equuleo
3016 880 3147 935 quae
3175 862 3478 934 patiuntur,
3500 858 3728 914 miserabi-

2200 953 2331 1007 liter
2341 954 2601 1007 tolerant.
2627 953 2881 1025 Hincque
2902 953 3184 1025 sequitur:
3205 953 3383 1007 Facies
3395 953 3639 1004 seniorum
3649 965 3727 1001 non

2200 1046 2671 1111 gloriﬁcaverunt.
2700 1044 2763 1098 In
2803 1042 3006 1115 quibus
3047 1043 3305 1114 profecto
3333 1038 3572 1094 lamentis
3596 1042 3729 1091 osten-

2201 1132 2287 1186 dit
2311 1132 2689 1187 tentationum
2718 1133 3019 1203 procellam
3054 1133 3113 1187 in
3143 1130 3408 1187 omnibus
3434 1125 3726 1201 pertransire.

2201 1222 2318 1277 Nec.
2344 1222 2494 1277 enim
2526 1222 2682 1276 novit
2712 1223 3111 1277 callidissimus
3140 1222 3236 1277 ille
3270 1221 3435 1274 draco
3462 1216 3622 1290 pueris
3638 1231 3731 1287 par-

2200 1328 2327 1366 cere
2356 1329 2452 1366 seu
2469 1311 2769 1383 juvenibus
2790 1312 2861 1366 ad
2886 1311 3243 1383 peccandum
3279 1329 3293 1364 :
3327 1324 3500 1379 neque
3516 1322 3621 1360 cum
3640 1304 3732 1357 ado-

2200 1401 2536 1456 lescentulos
2564 1401 2839 1456 illecebris
2863 1401 3160 1465 irretierit,
3204 1397 3429 1454 senibus
3458 1399 3651 1467 prestat
3669 1408 3732 1446 re-

2202 1490 2540 1561 quiem,imo
2569 1507 2791 1546 omnem
2813 1497 3062 1556 aetatem,
3087 1502 3428 1559 omnemque
3446 1481 3730 1540 ecclesiastici

2201 1579 2415 1633 ordinis
2470 1579 2825 1651 dignitatem.
2872 1596 2986 1634 una
3032 1578 3322 1634 convolvit
3356 1578 3665 1645 tempestate,
3693 1574 3733 1624 et

2202 1670 2508 1740 prosternit
2532 1669 2730 1724 fraude
2755 1686 2968 1735 sexum,
3004 1668 3411 1730 conditionem,
3442 1660 3731 1736 professionis

523 1754 656 1808 alibi
674 1754 821 1809 idem
846 1758 1121 1828 propheta
1137 1758 1386 1812 clamans
1404 1758 1540 1812 dicit
1566 1780 1577 1812 ;
1603 1761 1819 1820 Audite,
1835 1761 2114 1827 mulieres,
2135 1752 2179 1811 Β
2199 1758 2472 1829 gratiam:
2494 1759 2761 1829 quoniam
2782 1759 3040 1813 voluntas
3064 1757 3247 1829 impia
3268 1755 3443 1810 nescit
3468 1752 3731 1805 miserorum

522 1846 747 1898 verbum
781 1847 1022 1909 Domini,
1047 1853 1095 1901 et
1122 1853 1369 1901 assumat
1406 1851 1567 1902 auris
1595 1855 1774 1903 vestra
1800 1866 2119 1910 sermonem

522 1936 635 1986 oris
664 1938 800 2001 ejus.
835 1938 1037 2001 Docete,
1066 1936 1268 2008 inquit,
1298 1940 1444 2005 ﬁlias
1474 1943 1678 1993 vestras
1705 1943 2030 2003 Iumentum,
2071 1944 2119 1994 et

521 2038 861 2093 unaquaque
888 2029 1211 2094 proximam
1256 2043 1415 2080 suam
1442 2031 1732 2096 planctum
1762 2030 1984 2082 threm.
2018 2039 2114 2082 ιιι.

522 2112 668 2167 Hinc
689 2130 911 2185 quuque
932 2116 1125 2187 liunt,
1150 2116 1296 2187 quod
1319 2133 1649 2171 moneamur
1668 2134 1863 2172 omnes
1878 2118 2121 2173 affectio-

521 2218 622 2257 nes
639 2203 956 2257 animarum
982 2211 1298 2259 nostrarum
1324 2206 1587 2278 lacrymis
1615 2207 1862 2265 abluere.
1883 2214 1940 2261 et
1958 2207 2117 2278 quasi

524 2290 669 2344 ﬁlias
690 2298 755 2345 ut
790 2292 1018 2347 doleant
1063 2300 1121 2347 et
1160 2295 1489 2365 paeniteant,
1536 2296 1605 2349 ad
1652 2298 1936 2367 planctum
1985 2314 2118 2351 con-

520 2395 799 2437 suescere.
836 2383 1201 2454 propriasque
1227 2385 1476 2457 corporis
1522 2387 1702 2439 nostri
1740 2388 2114 2456 operationes,

522 2466 1039 2534 lamentationibus,
1073 2473 1232 2542 quasi
1264 2475 1543 2545 proximas
1567 2476 1873 2531 emundare
1901 2495 1911 2530 :
1939 2483 2004 2531 ut
2022 2478 2117 2549 qui

525 2571 720 2611 sumus
750 2558 1028 2613 humiliati
1059 2563 1267 2617 nostris
1291 2579 1355 2617 ex
1383 2564 1580 2635 culpis,
1613 2565 1992 2621 castiﬁcemur
2021 2584 2120 2638 per

525 2661 675 2710 eum,
698 2646 1026 2717 quiamator
1051 2656 1137 2705 est
1166 2652 1554 2722 paenitentium
1585 2660 1642 2708 et
1660 2654 1953 2710 castitatis.
1974 2656 2117 2710 Nam

527 2736 778 2790 ﬁdelium
816 2744 1032 2793 mentes
1057 2741 1217 2810 quasi
1250 2742 1493 2812 virgines
1533 2751 1665 2797 sunt
1700 2744 1936 2798 Domino
1963 2745 2120 2799 dedi-

525 2829 681 2889 catae,
706 2842 829 2896 qum
848 2830 1222 2899 corruptelam
1245 2831 1373 2884 ﬁdei
1398 2848 1497 2902 per
1514 2832 1610 2886 Dei
1630 2834 1870 2902 gratiam
1888 2834 2123 2888 induen-

524 2917 630 2975 tes,
644 2913 1025 2985 integritatem
1040 2918 1439 2989 deposuerunt.
1456 2921 1720 2975 Civitates
1737 2939 1864 2975 vero
1879 2923 1905 2975 J
1915 2922 2054 2982 udas,
2066 2924 2119 2976 in

525 3002 729 3073 quibus
776 3011 909 3059 sunt
952 3007 1279 3066 humiliataz.
1312 3010 1544 3065 diversa:
1589 3017 1722 3064 sunt
1751 3010 2121 3081 professiones

2201 1848 2449 1919 lapsibus
2480 1848 2716 1902 satiari:
2759 1848 2857 1902 sed
2903 1853 3066 1902 tanto
3120 1845 3306 1916 magis
3349 1852 3729 1912 unumquemque

2202 1937 2432 1993 festinat
2458 1938 2735 2009 decipere,
2769 1941 2979 2008 quanto
3021 1936 3334 2009 proclivius
3374 1948 3466 1987 eos
3501 1928 3667 1983 viderit
3690 1928 3731 1977 et

2201 2026 2476 2082 infelicius
2505 2026 2620 2081 suis
2649 2024 3107 2098 suggestionibus
3137 2023 3387 2079 obedire.
3415 2018 3621 2075 Sedete
3639 2030 3729 2085 per-

2200 2116 2550 2171 secutoribus
2590 2116 2727 2170 talia
2772 2133 2919 2187 saepe
2956 2114 3238 2170 sustinuit
3284 2109 3518 2167 Ecclesia
3556 2102 3728 2164 Christi.

2201 2206 2424 2278 quando
2455 2206 2734 2278 principes
2763 2205 3132 2276 senioresque
3162 2201 3356 2275 populi
3386 2203 3565 2258 morte,
3581 2199 3727 2248 contu-

2200 2295 2383 2350 meliis
2404 2301 2462 2351 et
2488 2295 2785 2351 tormentis
2812 2301 3036 2349 vexatos
3065 2292 3495 2366 suspenderunt,
3520 2291 3570 2339 et
3591 2280 3728 2354 Ρτοὶθ·

2199 2391 2398 2439 cerunt
2433 2385 2505 2439 ad
2549 2383 2913 2456 ignominiam
2948 2402 2959 2437 :
3004 2383 3160 2455 quod
3198 2381 3413 2436 utinam
3449 2383 3729 2430 mereremur

2198 2474 2421 2545 assequi
2464 2479 2530 2528 ut
2571 2490 2670 2546 pro
2718 2474 2958 2529 Domino
2985 2473 3129 2528 talia
3169 2471 3288 2543 pati
3327 2466 3474 2538 digni
3517 2473 3725 2520 essemus,

2199 2569 2477 2636 quatenus
2524 2564 2608 2618 vel
2655 2564 2735 2618 sic
2791 2564 2912 2634 ejus
2957 2561 3261 2633 sanguinis
3315 2555 3486 2631 pretio
3530 2555 3726 2606 nostrum

2201 2654 2604 2708 emundaretur
2626 2669 2847 2724 corpus,
2880 2658 2939 2707 et
2969 2652 3425 2707 sanctiﬁearetur
3455 2642 3618 2699 anim
3638 2651 3729 2708 ΡΝ·

2201 2742 2310 2813 prii
2347 2742 2562 2796 cruoris
2613 2742 2765 2796 unda
2822 2758 3103 2814 respersa,
3158 2756 3284 2812 quae
3330 2734 3496 2792 tantis
3535 2728 3631 2783 suis
3664 2724 3735 2778 ἰω-

2202 2832 2370 2885 datur
2389 2830 2717 2885 criminibus
2759 2830 2997 2885 irretita.
3034 2830 3337 2902 Sequitur:
3368 2815 3732 2881 Adolescenti!!!“

2204 2923 2477 2990 impudice
2491 2923 2668 2983 abusi,
2685 2926 2733 2974 et
2742 2924 2909 2989 pueri
2920 2924 2983 2974 in
3004 2923 3164 2987 ligno
3179 2905 3628 3000 corruerunt.Alia
3637 2914 3734 3000 vero

2202 3010 2594 3082 interpretatio
2640 3011 2803 3081 longe
2834 3010 3001 3064 aliter
3038 3008 3214 3063 habet
3246 3026 3258 3060 :
3284 3007 3547 3060 PotenteS.
3574 2994 3730 3082 ίιιςξιξίτ

525 3091 671 3146 infra
702 3093 1000 3148 Ecclesiam
1033 3096 1153 3151 Dei.
1188 3098 1473 3169 Siquidem
1503 3100 1631 3170 quia
1662 3075 1772 3153 alia
1796 3107 1882 3154 est
1907 3101 2117 3169 profes-
2136 3114 2180 3175 ο
2207 3075 2369 3154 molis
2398 3099 2701 3165 molebant,
2734 3075 2793 3155 et
2823 3103 3060 3171 juvenes
3104 3100 3263 3171 ligno
3288 3091 3477 3150 conﬁxi
3502 3089 3629 3143 sunt.
3654 3075 3731 3134 Ubi

526 3181 610 3236 sio
641 3184 1013 3250 sacerdotum,
1042 3186 1151 3239 alia
1182 3187 1498 3254 levitarum,
1529 3189 1639 3242 alia
1669 3206 1798 3243 vero
1825 3192 2120 3244 monacho-

525 3287 672 3336 rum,
708 3273 815 3326 alia
847 3273 1189 3329 diversorum
1212 3278 1513 3345 graduum,
1546 3278 1657 3332 alia
1690 3278 1984 3349 virginum,
2008 3280 2121 3334 alia

525 3360 819 3415 viduarum
871 3368 929 3417 et
964 3364 1362 3429 caelibatorum,
1416 3366 1529 3421 alia
1572 3369 2022 3439 conjugatorum,
2065 3376 2122 3424 et

527 3449 587 3503 in
638 3450 724 3504 his
778 3451 1017 3523 singulis
1055 3454 1323 3524 gradibus
1380 3457 1582 3528 aliquae
1642 3458 1914 3529 virgines.
1968 3459 2119 3514 scili-

529 3544 618 3594 cet
670 3539 1049 3612 intelligibiles
1096 3545 1299 3600 animae
1341 3546 1722 3602 clariﬁcantur
1768 3548 2070 3603 virtutibus
2102 3590 2115 3614 ,

526 3629 659 3683 dum
686 3631 1004 3701 proﬁciunt.
1021 3633 1089 3686 ad
1122 3633 1392 3689 interiora
1415 3637 1710 3691 tendentes
1732 3655 1832 3708 per
1860 3638 2122 3693 intentio-

527 3734 656 3773 nem
689 3718 846 3775 bonaa
886 3722 1213 3780 voluntatis.
1253 3725 1549 3780 Nonnullae
1578 3743 1709 3781 vero
1758 3727 1906 3781 vitiis
1933 3728 2120 3781 humi-

527 3808 758 3874 liantur,
790 3810 925 3865 dum
954 3828 1066 3867 non
1086 3814 1391 3869 secundum
1420 3816 1766 3886 pr0positum
1784 3833 1947 3871 suum
1966 3816 2122 3871 Chri-

527 3904 675 3954 stum
712 3907 1044 3972 sequuntur,
1086 3905 1172 3958 vel
1214 3905 1359 3975 quod
1393 3911 1479 3959 est
1511 3906 1737 3977 gravius
1777 3906 2118 3974 deﬂendam,

527 3989 730 4060 aliqua;
785 3990 1023 4047 interius
1066 3999 1443 4066 constuprata:
1489 4001 1943 4050 consternuntur.
2006 3996 2121 4051 Has

528 4084 800 4149 praeterea
817 4080 1059 4151 virgines
1085 4082 1234 4137 idem
1264 4084 1537 4139 Jeremias
1566 4085 1623 4139 in
1645 4085 1855 4139 eisdem
1884 4085 2121 4141 Threnis

528 4164 692 4236 longe
710 4183 881 4238 supra
895 4169 1081 4235 deﬂet,
1101 4171 1290 4225 dicens
1315 4191 1326 4225 :
1360 4174 1579 4232 Audite,
1614 4174 1845 4242 obsecro,
1872 4176 2122 4227 universi

523 4258 740 4324 populi,
787 4262 833 4310 et
869 4260 1057 4323 ridete,
1098 4259 1298 4330 inquit,
1350 4263 1591 4316 dolorem
1628 4280 1833 4318 meum.
1879 4265 2121 4331 Virgines

528 4358 682 4411 mea,
703 4350 749 4398 el
760 4348 987 4413 juvenes
1009 4351 1135 4411 mei,
1149 4351 1409 4403 abierunt
1426 4353 1489 4404 in
1509 4354 1879 4419 captivitatem
1897 4353 2116 4414 (Thren.

2204 3189 2528 3244 Sedechiam
2574 3190 2877 3244 secundum
2934 3190 3236 3244 historiam
3284 3197 3463 3255 regem
3504 3176 3729 3249 potentem

2201 3277 2436 3349 Ριεηείῐς
2487 3279 2647 3349 cujus
2685 3278 2875 3333 oculos
2928 3295 3027 3332 rex
3077 3274 3380 3349 Babylonis
3420 3270 3474 3323 in
3515 3255 3730 3356 lteblstha

2203 3346 2421 3433 evulsit,
2456 3346 2696 3439 eumque
2717 3368 2787 3421 ad
2810 3367 3017 3421 molam
3045 3346 3262 3421 molere
3278 3361 3405 3418 fecit
3424 3373 3436 3406 ε
3454 3346 3729 3439 εθάθίνψοδ

2203 3457 2482 3528 principes
2508 3437 2880 3527 vel—juvenes,
2925 3472 3066 3526 quos
3110 3457 3264 3526 ligno
3303 3442 3569 3504 cruciﬁxit.
3600 3437 3730 3492 Θεω-

2201 3562 2328 3600 rum
2355 3546 2501 3616 quod
2525 3551 2717 3600 nostra
2747 3545 2921 3599 editio
2941 3545 3022 3599 ait
3045 3563 3058 3599 ε
3098 3538 3521 3600 Adulescentibus
3555 3532 3727 3594 ιήψυηθ

2203 3637 2363 3689 abusi
2376 3641 2525 3691 sunt.
2544 3635 2923 3689 Romanorum
2947 3634 3135 3705 tangit
3155 3629 3443 3717 ﬂagitium,
3458 3620 3544 3717 qui

2202 3723 2273 3778 lis
2291 3724 2439 3778 coitu
2472 3724 2710 3779 femineo
2737 3731 2769 3788 ι
2786 3728 2975 3790 54‘.
2987 3722 3359 3778 contebantur
3375 3714 3441 3769 ad
3464 3712 3695 3765 lasciviam
3713 3712 3722 3744 ε

2204 3818 2260 3867 et
2287 3813 2357 3866 de
2383 3812 2586 3884 quibus
2616 3813 2823 3868 Paulus
2847 3812 3138 3884 apostolus
3167 3811 3248 3866 ait
3274 3829 3289 3862 τ
3323 3807 3424 3873 Qui
3448 3813 3558 3855 cum
3576 3801 3724 3884 009110:

2204 3876 2418 3956 vissent
2448 3904 2640 3969 Deum,
2676 3919 2787 3956 non
2814 3905 2956 3955 sicut
2996 3903 3172 3956 Deum
3208 3886 3619 3967 gloriﬁcaverunt
3651 3876 3725 3975 αξη

2202 3994 2414 4061 gratias
2426 3996 2673 4059 egerunt,
2692 3992 2784 4045 sed
2794 4007 2926 4045 evan
2934 4007 3071 4045 ueru
3080 3997 3141 4045 ut
3156 3994 3219 4045 in
3232 3975 3614 4055 cogitationibus
3621 3977 3719 4061 suis;

2200 4054 2525 4150 putantes'se
2541 4097 2646 4134 esse
2662 4054 3123 4149 sapientes,stulti
3140 4080 3278 4148 facti
3296 4054 3590 4140 sunt;palll°
3607 4054 3720 4127 Ροδίτ

2196 4177 2423 4240 Propter
2440 4171 2601 4239 quod,
2634 4169 2837 4240 inquit,
2870 4171 3109 4224 tradidit
3142 4186 3224 4224 eos
3244 4164 3496 4221 Dominus
3518 4156 3569 4205 ίη
3586 4154 3721 4240 refro-

2205 4263 2333 4314 bum
2353 4276 2589 4323 sensum,
2611 4264 2672 4312 ut
2698 4261 2912 4327 faciant
2933 4274 2995 4313 ea
3010 4275 3131 4327 quae
3151 4272 3263 4312 non
3282 4241 3597 4339 conveniunt-

2202 4351 2424 4417 feminw
2439 4364 2627 4403 eorum
2648 4353 3005 4402 mutaverunt
3029 4348 3345 4401 naturalem
3365 4348 3532 4395 usum,
3552 4329 3603 4380 in
3628 4329 3718 4417 sui"

528 4440 614 4505 ιι).
667 4409 927 4507 Virgines
979 4409 1190 4492 scilicet
1219 4478 1233 4502 ,
1303 4455 1425 4509 qua:
1483 4409 1686 4495 mentis
1746 4409 2481 4512 incorruptio-Dusumqui
2499 4442 2787 4492 estcontra
2803 4442 3073 4491 naturam
3098 4435 3387 4491 :similiter
3405 4430 3449 4481 et
3470 4409 3720 4512 mit-$001.“):

526 4544 655 4581 nem
682 4532 1050 4617 susceperunt
1081 4545 1092 4580 :
1129 4533 1187 4582 et
1207 4528 1458 4598 juvenes,
1510 4529 1604 4600 qui
1654 4529 1959 4585 novitatem
1998 4530 2122 4584 vitae

526 4615 856 4683 induentes,
908 4617 1171 4690 deinceps
1226 4616 1468 4672 hostium
1526 4618 1783 4685 insidiis,
1834 4625 1893 4674 et
1948 4619 2121 4673 scele-

526 4719 653 4757 rum
706 4706 935 4777 ﬂagitiis
988 4714 1441 4780 corrumpuntur.
1506 4708 1657 4773 Quas
1717 4708 1857 4763 bene
1907 4708 2123 4780 plangit

527 4794 885 4864 propheticus
955 4798 1184 4852 affectus
1214 4841 1228 4862 ,
1294 4798 1388 4869 qui
1440 4800 1508 4853 ad
1564 4798 1709 4853 fceda
1775 4804 1832 4853 et
1885 4798 2121 4853 humilia

526 4881 957 4953 inquinamenta
998 4887 1312 4959 rapiuntur.
1362 4890 1645 4958 Principes
1676 4904 1849 4942 manu
1872 4891 2122 4955 suspensi

538 4979 714 5039 ,Μ
734 4980 768 5039 ι
809 4979 979 5027 sunt:
1010 4978 1180 5043 facies
1204 4994 1398 5031 senum
1430 4995 1540 5032 non
1562 4978 1926 5031 erubuerunt.
1959 4976 2119 5039 Quod

526 5062 632 5135 ipsi
681 5062 861 5118 Judaei
908 5064 1238 5120 crudelitate
1270 5066 1515 5121 hostium
1562 5065 1819 5121 manibus
1862 5066 2119 5137 suspensi

526 5152 643 5207 sint
668 5153 927 5225 equuleo,
960 5159 1060 5206 aut
1087 5155 1302 5209 caeteris
1351 5161 1762 5211 tormentorum
1807 5154 2113 5227 suppliciis,

525 5243 886 5298 manifestum
909 5248 999 5296 est
1017 5258 1082 5296 ex
1103 5244 1229 5298 aliis
1247 5245 1615 5300 atrocioribus
1636 5261 1926 5317 poenarum
1950 5260 2121 5315 gene-

527 5329 703 5386 ribus.
737 5334 901 5388 Certe
929 5337 1028 5386 aut
1066 5331 1173 5403 ipsi
1216 5332 1461 5387 hostium
1499 5341 1633 5389 sunt
1667 5335 1943 5407 suspensi,
1971 5340 2122 5389 certe

527 5426 629 5475 aut
648 5422 889 5493 prapriis
907 5421 1165 5477 manibus
1185 5422 1423 5494 equuleo
1438 5431 1571 5478 sunt
1584 5424 1892 5480 constricti.
1908 5425 1971 5480 In
2002 5424 2122 5496 qui-

527 5508 634 5566 bus
661 5509 908 5583 profecto
937 5512 1242 5585 suppliciis,
1278 5516 1344 5567 ut
1381 5512 1463 5567 eis
1491 5520 1804 5585 parcerent.
1842 5517 2009 5582 facies
2037 5530 2122 5569 se-

529 5615 670 5655 num
694 5617 807 5656 non
831 5605 1201 5662 erubuerunt.
1236 5602 1469 5675 Mystice
1495 5607 1707 5671 autem,
1740 5603 2018 5677 principes
2037 5605 2121 5660 vel

2204 4494 2475 4582 masculos
2507 4528 2882 4595 turpitudines
2922 4532 3205 4596 operantes
3238 4525 3397 4587 (Rom.
3426 4516 3498 4605 il.‘

2204 4617 2428 4672 eosdem
2457 4616 2517 4670 in
2544 4615 2754 4670 eisdem
2786 4633 2926 4686 quos
2948 4595 3215 4687 ceperant
3242 4627 3305 4667 ex
3342 4598 3527 4662 Iudaeis
3546 4595 3718 4687 juveni:

2203 4706 2326 4769 bus,
2340 4706 2476 4760 talia
2495 4682 2842 4777 perpetrasse
2857 4682 3152 4778 plangunt,
3172 4699 3354 4777 prodit
3370 4682 3716 4778 ΡτορξῖθίδξὛ

2202 4764 2340 4850 dicit
2364 4814 2375 4849 :
2408 4764 3320 4863 Adblesbentibusimpu’diceabusi
3338 4764 3475 4840 sunt

2201 4891 2316 4940 tem
2350 4883 2748 4939 cruciﬁxerunt
2776 4900 2872 4939 eos
2900 4883 2960 4938 in
2997 4883 3171 4955 ligno,
3223 4879 3386 4936 etiam
3423 4856 3713 4955 manifest“:1

2203 4981 2310 5045 est,
2335 4974 2405 5029 ob
2426 4974 2838 5029 immanitatem
2858 4933 3206 5029 crudelitatis
3225 4984 3353 5025 suae.
3376 4956 3472 5017 Sed
3491 4933 3712 5050 ᾳξιοῐξὶοὲίξ

2195 5036 2361 5136 juxta
2381 5069 2631 5119 nostram
2659 5062 3202 5134 interpretationem,
3243 5052 3390 5131 pueri
3425 5050 3477 5140 ῘΡ
3503 5036 3710 5140 '58"fo

2200 5116 2476 5221 ciderunt,
2502 5170 2616 5209 non
2642 5154 2787 5209 alius
2808 5116 2974 5225 patet
3001 5170 3219 5214 sensuss
3249 5128 3564 5253 ηίδίίίλυξῗηίῗ
3584 5116 3707 5253 illi:

2204 5251 2354 5301 stum
2375 5207 2710 5317 pendentem
2740 5244 2798 5299 in
2815 5207 3004 5315 ligno,
3035 5243 3261 5344 credere
3279 5207 3702 5344 ηοιὲἰτῗηὲηῐέἓῗὲ

2455 5334 2794 5405 Apostolus:
2825 5298 3004 5400 05w;
3038 5332 3239 5404 inquit,
3266 5318 3489 5397 gentibus

3368 5407 3493 5473 Ergo
3526 5389 3626 5447 ideo
3659 5387 3701 5473 ιξι

3580 5462 3697 5528 eaut

3556 5551 3696 5639 γνοῖε·

2206 5430 2299 5490 est,
2324 5441 2349 5479 e
2397 5425 2602 5479 Judzis
2638 5424 2967 5479 scandalum
2996 5424 3076 5488 (ΙΙ
3109 5422 3227 5478 Cor.
3265 5416 3322 5487 I).
3368 5416 3510 5497 W_

2202 5514 2356 5587 ligno
2387 5518 2737 5578 corruerunt,
2774 5512 2901 5585 quia
2940 5512 3271 5584 pendentem
3309 5497 3545 5587 vitanti.)

2204 5578 2445 5664 mortem
2473 5578 2810 5671 destrueret,
2830 5578 3112 5676 suscipere
3130 5589 3425 5658 noluerunt
3448 5578 3538 5642 Qui
