3960 6168
238 255 382 313 1249

930 220 1308 302 ΕΧΡΟΒΙἸἮ)
1350 248 1425 301 IN
1464 248 1845 301 LAHENTAT

2110 248 2454 303 JEHEMUE.
2501 281 2563 289 —
2606 251 2741 304 LIB.
2792 250 2850 304 ν.

3380 254 3512 313 1250

233 386 327 435 cto
352 380 630 452 potentes,
664 373 795 446 quia
824 372 1181 428 scandalizati
1211 378 1345 427 sunt
1370 373 1430 427 in
1466 371 1636 443 ligno,
1668 371 1827 443 quasi
1847 375 1890 431 Α
1915 387 2131 425 necnon
2149 377 2208 426 et
2233 372 2387 426 chori
2418 390 2557 443 quos
2583 373 2642 429 in
2662 374 2896 429 diversis
2913 374 3168 431 solebant
3190 378 3509 433 solemnita-

230 483 442 541 pueros
478 463 697 520 dimisit
744 479 840 517 eos
869 462 1083 517 inanes.
1133 462 1292 516 Unde
1336 461 1497 515 molis
1528 459 1828 526 molebant,
1912 461 2065 515 tibus
2113 461 2333 525 ducere,
2368 470 2517 516 recte
2556 462 2613 516 in
2639 464 2853 519 luctum
2886 465 3027 520 versi
3067 472 3250 531 erant,
3283 468 3506 537 quando

230 557 371 613 dum
401 557 583 627 legem
608 553 677 607 ad
700 551 949 606 litteram
965 550 1175 605 eisdem
1190 550 1310 605 suis
1326 549 1573 620 vestigiis
1587 554 1828 615 utentes,

228 644 543 702 caecitatem
593 648 920 714 perpetuam
968 641 1339 712 impegerunt.
1384 639 1467 694 Ad
1500 655 1669 710 quam
1710 654 1837 692 cum

229 736 478 791 Samson
504 733 598 787 ille
624 731 967 785 fortissimus
1003 729 1339 793 advenisset,
1372 745 1504 783 eum
1550 728 1836 800 Allophyli

228 826 451 879 molere
478 823 750 887 fecerunt,
794 825 1070 891 quatenus
1104 835 1203 890 per
1235 818 1341 872 hoc
1369 818 1538 872 nullis
1572 835 1632 871 se
1660 818 1834 889 expli-

226 920 394 969 caret
413 910 699 983 gressibus
731 928 745 965 :
792 909 889 964 sed
918 908 1171 963 eamdem
1220 908 1483 961 vertendo
1515 907 1572 961 in
1611 907 1728 961 suis
1777 924 1836 962 se

228 1019 339 1075 per
369 1000 603 1071 vestigia
626 1004 689 1054 ut
714 998 891 1054 Judei
918 998 1121 1053 recollo
1132 1003 1280 1051 saret
1303 996 1609 1051 erroribus.
1661 997 1835 1051 Porro

227 1092 478 1163 mystice
492 1090 643 1143 infra
657 1088 959 1143 Ecclesiam
988 1086 1296 1158 potentium
1310 1103 1521 1157 genera
1540 1087 1651 1140 duo
1668 1092 1803 1141 sunt
1821 1105 1833 1140 :

226 1197 416 1237 unum
447 1195 663 1243 eorum,
698 1177 793 1249 qui
831 1176 1213 1248 corporalibus
1252 1182 1387 1230 sunt
1413 1182 1668 1247 potentes
1696 1175 1836 1229 divi-

227 1270 447 1325 tiarum
465 1266 842 1332 facultatibus,
866 1272 922 1321 et
945 1266 1255 1337 potentiam
1280 1265 1537 1320 obtinent
1551 1271 1835 1336 tempora-

228 1359 378 1414 lium
391 1358 703 1413 vanitatum
729 1374 742 1407 :
770 1356 924 1411 aliud
948 1371 1077 1409 vero
1093 1371 1309 1418 eorum,
1333 1355 1429 1426 qui
1451 1354 1837 1426 spiritualibus

229 1449 455 1520 pollent
479 1445 804 1501 honoribus.
833 1445 898 1499 In
913 1444 1003 1498 his
1023 1443 1229 1515 quippe
1249 1443 1620 1514 cupiditatum
1639 1460 1837 1499 concu-

228 1537 752 1609 piscentiarumque
775 1532 1005 1597 malitia,
1048 1532 1466 1604 pertinaciaque
1497 1533 1794 1587 volvuntur
1821 1549 1832 1584 :

230 1626 337 1697 qui
387 1633 577 1680 autem
605 1623 926 1696 spirituales
965 1623 1109 1677 ﬁunt
1144 1626 1419 1693 potentes,
1455 1621 1596 1691 legis
1629 1622 1834 1675 molam

1918 549 2066 605 inter
2100 552 2288 606 hostes
2314 551 2820 608 ernriamentorum
2840 554 3142 623 generibus
3170 557 3513 627 torqueban-

1919 646 2028 694 tur.
2060 641 2240 695 Aliter
2272 648 2462 696 autem
2490 642 2549 695 in
2582 642 2823 697 Ecclesia
2855 645 3248 715 paenitentiam
3287 654 3373 699 est
3401 646 3513 701 ista

1921 746 2040 794 vox,
2060 730 2158 803 qui
2188 731 2581 785 contritionem
2610 732 2792 787 cordis
2819 733 2906 787 sui
2935 734 3045 787 Deo
3075 734 3319 789 oﬁerunt
3339 734 3397 789 in
3426 752 3513 789 sa-

1917 819 2143 884 criﬁcio,
2179 820 2259 875 uti
2297 820 2463 874 David
2495 821 2686 875 dicens
2714 840 2724 874 :
2775 822 2879 876 Cor
2902 826 3210 878 contritum
3238 829 3284 877 et
3315 827 3510 879 humi-

1919 911 2121 963 liatum
2134 910 2271 963 Deus
2299 927 2408 963 non
2428 913 2658 979 spernit.
2694 911 2943 975 Quorum
2963 911 3509 980 igiturconscientia,

1918 999 2191 1053 scelerum
2232 1005 2289 1053 et
2328 1000 2661 1054 dilectorum
2691 1000 2976 1054 sauciatur
3004 1001 3347 1067 vulneribus,
3384 1003 3513 1071 jure

1918 1087 2146 1141 dicunt:
2179 1089 2515 1142 Dissolutum
2540 1093 2613 1141 est
2639 1091 2911 1155 gaudium
2938 1092 3117 1143 cordis
3148 1089 3513 1155 nostri.Quod

1918 1193 2052 1231 sane
2074 1176 2343 1246 gaudium
2374 1192 2568 1231 rursus
2598 1177 2772 1231 David
2793 1177 2898 1231 sibi
2928 1177 3045 1231 dari
3080 1178 3366 1249 deposcit:
3401 1182 3513 1234 Au-

1918 1268 2070 1320 ditui
2085 1283 2216 1329 meo,
2240 1266 2443 1337 inquit,
2467 1270 2623 1321 dabis
2640 1268 2970 1334 gaudiumet
2986 1270 3271 1321 twtitiam:
3298 1269 3515 1322 reddes-

1918 1370 2019 1421 que
2052 1355 2298 1407 la'titiam
2322 1357 2591 1408 salutaris
2608 1353 2825 1417 tui.Qui
2848 1353 3087 1424 spiritali
3110 1354 3443 1410 contritione
3457 1362 3516 1412 et

1918 1442 2084 1497 corde
2112 1449 2479 1509 coangustato
2499 1444 2730 1515 spiritus
2751 1443 3233 1513 quiescit.quoties
3277 1452 3309 1509 Ι
3326 1450 3516 1512 544

1918 1531 2111 1586 anima
2139 1532 2494 1588 miseriarum
2527 1549 2757 1588 suarum
2800 1539 3135 1602 compuncta
3188 1533 3520 1589 vulneratur

1918 1625 2458 1696 crucnatibus.Cujus
2471 1625 2666 1697 utique
2679 1625 2952 1679 medelam
2969 1625 3323 1681 contritionis
3343 1626 3524 1682 Isaias

226 1691 484 1781 vertunt,
516 1691 653 1769 dum
680 1712 933 1768 eamdem
956 1691 1233 1782 relegunt,
1255 1717 1467 1771 terunt.
1499 1716 1763 1782 repetunt
1780 1715 1838 1765 et
1856 1691 1899 1751 Β
1919 1730 2021 1769 suo
2052 1714 2314 1768 vaticinio
2342 1691 2689 1787 repromittit
2712 1715 2903 1770 dicens
2928 1733 2941 1768 :
2972 1717 3041 1770 In
3071 1717 3159 1769 die
3178 1732 3289 1784 qua
3318 1718 3522 1784 alligar-

228 1806 633 1877 frequentant:
656 1803 845 1873 sicque
866 1802 929 1855 ﬁt
945 1801 1270 1871 utquaedam
1286 1801 1357 1855 sit
1370 1800 1640 1871 spiritalis
1664 1800 1834 1868 mola,
1918 1806 2059 1857 verit
2092 1806 2359 1858 Dominus
2375 1809 2579 1858 vulnus
2607 1808 2799 1872 populi
2816 1807 2983 1867 sui,et
2993 1820 3387 1872 percussuram
3399 1808 3521 1873 pla-

230 1910 354 1966 qua
374 1894 588 1947 molent
614 1890 987 1961 similaginem
1011 1889 1413 1959 triticeigrani.
1437 1889 1834 1959 polentamque
1913 1909 1991 1961 gae
2010 1897 2125 1962 ejus
2152 1897 2451 1955 sanaverit,
2475 1910 2531 1946 eo
2561 1895 2785 1962 quodest
2809 1898 2858 1946 et
2884 1896 2945 1946 in
2975 1896 3051 1946 eis
3081 1897 3287 1947 vulnus
3309 1899 3359 1946 et
3377 1896 3521 1947 livor

230 1980 811 2043 intellectuum.unde
830 1981 945 2034 Deo
958 1978 1135 2050 possit
1148 1978 1480 2032 sacriﬁcium
1496 1977 1837 2039 oﬁerri,con-
1915 1999 1982 2037 ac
2008 1986 2171 2051 plaga
2204 1987 2419 2036 tumens
2437 1984 2566 2048 (Im.
2582 1988 2728 2045 XXX).
2746 1980 3033 2035 Moraliter
3051 1986 3264 2043 autem,
3294 1982 3513 2052 quoties

229 2072 449 2126 ficiant.
505 2070 612 2135 Qui
645 2069 890 2141 profecto
913 2069 1148 2138 juvenes
1193 2067 1347 2137 ligno
1391 2066 1610 2131 conﬁxi,
1664 2067 1834 2121 etiam
1918 2070 2107 2125 anima
2152 2070 2323 2124 livore
2369 2070 2581 2141 peccati
2638 2070 2979 2135 vulneratur,
3025 2075 3146 2124 tum
3186 2077 3242 2124 et
3289 2070 3519 2141 plagata

229 2168 520 2232 martyres
548 2159 885 2213 efﬁciuntur.
911 2158 989 2212 De
1018 2173 1129 2227 quo
1149 2156 1416 2210 nimirum
1445 2156 1599 2227 ligno
1630 2157 1837 2211 Paulus
1918 2176 2148 2215 suorum
2179 2160 2455 2214 scelerum
2484 2159 2728 2231 spiculis.
2754 2160 2930 2229 Cujus
2949 2159 3220 2230 gaudium
3244 2177 3370 2214 mox
3399 2161 3517 2216 dis-

231 2250 564 2323 apostolus:
598 2250 749 2303 Absit
776 2248 919 2301 mihi
944 2248 1205 2315 gloriari,
1221 2245 1423 2317 inquit,
1447 2249 1561 2299 nisi
1590 2248 1653 2299 in
1678 2262 1837 2301 cruce
1919 2249 2172 2312 solvitur,
2204 2266 2331 2303 cum
2364 2265 2521 2304 mens
2567 2249 2635 2302 ad
2668 2248 3065 2303 conscientiam
3115 2249 3422 2316 reducitur,
3463 2256 3521 2305 et

230 2342 470 2394 Domini
489 2339 668 2392 nostri
692 2339 818 2391 Jesu
848 2336 1074 2401 Christi,
1104 2351 1203 2403 per
1234 2351 1395 2404 quem
1424 2335 1566 2388 mihi
1591 2336 1837 2389 mundus
1921 2341 2123 2394 chorus
2151 2338 2419 2392 virtutum
2451 2338 2509 2391 in
2538 2337 2748 2391 luctum
2771 2342 3172 2391 commutatur.
3196 2338 3356 2401 Quod
3379 2338 3520 2393 bene

231 2430 547 2495 cruciﬁxus
573 2431 667 2492 est,
709 2431 757 2479 et
782 2441 874 2493 ego
903 2426 1115 2478 mundo
1155 2424 1356 2491 (Galat.
1391 2428 1471 2489 ιι).
1504 2423 1648 2487 Quia
1678 2422 1837 2492 pueri
1919 2428 2087 2482 Asael
2121 2427 2421 2496 contigisse
2463 2426 2688 2495 legitur,
2720 2425 2815 2496 qui
2856 2442 3050 2479 cursor
3089 2432 3211 2480 erat
3242 2427 3520 2482 velocissi-

231 2514 569 2587 transpositi
596 2515 652 2569 in
685 2512 941 2580 Domino,
971 2513 1183 2567 mundo
1203 2511 1411 2566 mortui
1439 2519 1589 2572 sunt,
1606 2518 1664 2566 et
1686 2511 1838 2566 afﬁxi
1921 2533 2068 2570 mus.
2100 2522 2369 2586 tanquam
2404 2532 2549 2570 unus
2592 2532 2656 2569 ex
2699 2514 2917 2585 capreis
2960 2532 3083 2585 qua:
3129 2523 3424 2571 morantur
3462 2517 3523 2573 in

232 2606 395 2678 ligno
438 2612 473 2670 Ι
489 2612 553 2671 5
569 2609 680 2669 ιιι
707 2602 1011 2657 Dominica':
1042 2601 1239 2656 crucis.
1263 2601 1532 2672 Sequitur
1558 2619 1569 2653 :
1595 2601 1762 2655 Senes
1776 2603 1840 2655 de
1922 2606 2356 2664 silvis.nesciens
2378 2606 2589 2659 veloces
2608 2604 2781 2658 animi
2806 2610 2991 2658 motus
3021 2605 3296 2675 patientia
3315 2613 3373 2660 et
3385 2624 3521 2676 gra-

224 2701 411 2766 portu
428 2695 743 2762 defecerunt
755 2711 770 2757 ;
784 2696 1009 2762 juvenes
1027 2693 1091 2745 de
1111 2692 1274 2745 choro
1284 2692 1645 2759 psallentium
1668 2709 1684 2743 :
1709 2690 1842 2761 quia
1922 2691 2093 2746 vitate
2112 2699 2446 2763 temperare.
2468 2692 2626 2746 Unde
2655 2692 2789 2746 dum
2818 2692 3058 2746 velocius
3088 2693 3407 2765 insequitur
3426 2696 3523 2750 ho-

231 2782 493 2839 veterani
521 2788 579 2837 et
603 2781 772 2853 longo
799 2780 1035 2835 confecti
1063 2780 1220 2835 senio
1249 2779 1330 2833 ita
1359 2779 1416 2833 in
1446 2779 1527 2833 eis
1551 2779 1698 2832 fame
1715 2795 1844 2833 con-
1926 2787 2090 2841 stem.
2116 2781 2257 2836 ictus
2280 2782 2777 2853 vulneredeperiit,
2794 2782 2887 2835 ubi
2907 2781 3296 2837 fornicationis
3308 2784 3522 2839 saevitia

235 2872 457 2944 sumpti
502 2878 653 2938 sunt,
695 2879 762 2927 ut
789 2888 915 2927 cum
946 2887 1046 2942 per
1074 2858 1264 2942 portas
1294 2869 1486 2942 egredi
1527 2870 1736 2924 vellent
1771 2870 1840 2924 ad
1925 2869 2248 2924 dominatur
2276 2870 2333 2923 in
2362 2870 2612 2940 inguine,
2646 2877 2704 2924 et
2730 2869 2967 2925 lasciviae
2997 2870 3225 2926 morbus
3271 2872 3519 2930 desaevit.

241 2964 451 3018 herbas
480 2962 562 3016 vel
597 2961 666 3015 ad
698 2961 960 3032 quaelibet
988 2960 1099 3015 alia
1139 2960 1316 3014 victus
1350 2958 1748 3030 conquirenda,
1783 2959 1842 3012 in
1862 3011 1904 3032 η
1926 2957 2033 3012 Sed
2058 2957 2249 3012 Achab
2281 2959 2338 3012 in
2358 2959 2525 3013 corde
2550 2960 2758 3029 sagitta
2788 2975 3084 3030 percussus
3112 2959 3371 3015 occubuit
3418 2962 3527 3028 (III

239 3053 388 3125 ipsis
419 3051 630 3107 eisdem
661 3011 839 3122 pdrtis
867 3050 947 3104 ita
968 3049 1083 3104 sint
1103 3049 1411 3104 semineces
1440 3011 1651 3103 inventi
1681 3047 1841 3120 quasi
1861 3011 1906 3071 Ο
1926 3049 2212 3115 Reg.xxn),
2226 3048 2375 3101 inter
2395 3011 2688 3118 pulmonZs
2699 3056 2756 3102 et
2776 3011 3055 3119 scapulas,
3079 3066 3174 3104 eos
3194 3011 3517 3121 designans,

236 3141 456 3197 mortui
486 3165 498 3199 :
530 3148 588 3195 et
616 3140 722 3195 hoc
747 3140 823 3194 sit
847 3139 1051 3205 dicere,
1084 3141 1147 3193 de
1169 3142 1345 3208 portis
1373 3140 1724 3206 defecerunt:
1756 3138 1839 3192 vel
1925 3136 2131 3207 quibus
2148 3136 2436 3207 sapientiae
2459 3137 2612 3207 virgo
2632 3138 2940 3192 falsitatum
2961 3139 3288 3193 vulneratur
3297 3140 3521 3209 jaculis.

238 3236 400 3286 certe
419 3247 545 3285 cum
565 3229 636 3284 ab
652 3228 904 3283 hostibus
921 3228 1030 3283 huc
1046 3228 1288 3298 illucque
1306 3226 1535 3282 distenti
1550 3228 1841 3299 perimun-
1924 3225 1995 3280 Et
2025 3226 2225 3280 merito
2257 3226 2406 3280 inter
2427 3226 2739 3297 pulmones,
2773 3226 2869 3281 ubi
2900 3226 3090 3282 vitalia
3110 3228 3299 3298 vigent
3325 3228 3522 3298 flabra,

236 3327 359 3386 tur,
393 3319 596 3374 merito
626 3318 787 3390 quasi
818 3316 1119 3372 consiliarii
1147 3316 1390 3371 civitatis
1406 3323 1464 3371 et
1488 3317 1629 3388 legis
1648 3318 1841 3372 docto-
1923 3314 2017 3369 ubi
2039 3315 2190 3369 salus
2221 3314 2344 3369 vitae.
2367 3322 2717 3385 temperatur
2743 3336 2754 3365 :
2789 3323 2847 3371 et
2876 3318 3152 3388 scapulas.
3188 3318 3283 3373 ubi
3313 3318 3524 3374 Christi

238 3425 359 3471 res,
403 3409 474 3463 de
513 3408 689 3480 portis
712 3406 1000 3470 defecisse,
1032 3406 1114 3460 uti
1141 3412 1196 3460 et
1218 3407 1454 3476 juvenes
1480 3406 1551 3460 de
1579 3405 1780 3476 plateis
1809 3422 1843 3459 a
1925 3419 2097 3458 onera
2127 3409 2425 3475 portantur
2452 3404 2629 3458 laevia.
2664 3405 2837 3474 Cujus
2882 3406 3154 3460 nimirum
3186 3406 3527 3462 dissolutum

241 3498 367 3554 suis
408 3496 695 3570 perterriti
725 3496 941 3561 ofﬁciis,
982 3495 1365 3567 deplorantur.
1406 3494 1611 3566 Typice
1654 3500 1845 3549 autem
1926 3495 2391 3565 cordisgaudium
2406 3500 2492 3550 est
2509 3502 2568 3550 et
2584 3502 2975 3567 peremptum:
3010 3497 3142 3568 quia
3169 3498 3522 3571 defecitipse,

241 3604 413 3643 senes
441 3593 592 3646 sunt.
626 3586 724 3657 qui
769 3584 1032 3639 canitiem
1079 3600 1346 3638 sensuum
1372 3600 1474 3654 per
1501 3584 1846 3638 remissionis
1928 3591 1982 3637 et
2015 3584 2305 3654 praesentis
2336 3583 2462 3638 vitae
2490 3584 2782 3654 gaudium.
2814 3585 2973 3649 Quod
3004 3594 3194 3640 autem
3226 3604 3527 3643 conversus

240 3678 486 3749 patiam
502 3680 940 3747 consequuntur,
956 3673 1096 3728 acin
1121 3672 1607 3727 mansuetudinem
1630 3672 1848 3744 quietu—
1929 3678 2015 3727 est
2038 3673 2094 3727 in
2132 3673 2342 3727 luctum
2368 3673 2573 3727 chorus
2612 3679 2820 3739 noster,
2874 3674 3135 3743 perfectae
3183 3675 3526 3745 paenitentiae

244 3766 399 3821 diuis
443 3782 585 3838 opus
612 3763 925 3836 perﬁciunt.
959 3762 1067 3827 Qui
1118 3761 1161 3817 si
1194 3762 1373 3817 Deum
1403 3762 1754 3825 oﬁ‘enderint,
1787 3762 1846 3817 in
1927 3762 2112 3817 luctus
2139 3761 2486 3832 designatur,
2518 3763 2741 3833 quando
2771 3762 3041 3817 virtutum
3069 3764 3273 3817 chorus
3298 3760 3529 3820 harmo-

246 3855 429 3928 portis
457 3855 745 3913 deﬁciunt.
765 3870 889 3925 quae
916 3852 1181 3907 dicuntur
1199 3868 1321 3906 esse
1336 3851 1600 3923 justitiaa:
1634 3852 1704 3906 de
1725 3851 1845 3923 qui-
1927 3851 2079 3905 niam
2105 3857 2261 3905 tenet
2278 3851 2513 3921 lugendi
2542 3851 2690 3922 quod
2743 3851 3056 3915 amisimus,
3095 3859 3153 3907 et
3192 3860 3526 3908 concentum

246 3944 356 3999 bus
385 3944 589 3999 David:
613 3946 833 4013 Aperite
855 3948 1044 4011 portas
1064 3944 1634 4011 justitia:ingressus
1649 3944 1712 3995 in
1733 3957 1839 4009 eas,
1926 3948 2111 3994 servat
2143 3940 2446 4012 paenitendi
2472 3958 2483 3992 :
2517 3947 2795 4011 quatenus
2824 3941 2973 3995 idem
3005 3943 3208 3996 chorus
3237 3949 3363 4013 post
3393 3959 3530 3997 mm-

249 4036 546 4102 eonﬁtebor
574 4035 805 4087 Domino
841 4034 1191 4097 (Psal.cxvm.
1212 4031 1277 4085 In
1298 4030 1386 4085 his
1416 4047 1550 4102 ergo
1579 4030 1847 4086 deﬁciunt
1928 4046 2084 4084 rores
2112 4036 2169 4084 et
2188 4030 2464 4100 lacrymas
2480 4030 2551 4083 ad
2578 4030 2788 4100 gaudia
2816 4030 2993 4101 possit
3018 4031 3336 4102 pertingere
3367 4047 3527 4086 man-

249 4140 435 4190 senes,
468 4123 602 4177 dum
631 4120 1010 4176 crescentibus
1048 4119 1326 4174 scandalis
1368 4120 1678 4192 fatigantur
1712 4138 1723 4174 :
1768 4120 1848 4175 ita
1928 4136 2080 4174 sura.
2107 4120 2307 4173 Cecidit
2327 4135 2547 4174 corona.
2579 4118 2784 4189 inquit,
2808 4122 3004 4188 capitis
3028 4122 3224 4174 nostri.
3264 4122 3337 4175 Vae
3353 4124 3525 4189 nobis,

250 4219 409 4269 metu
436 4211 657 4267 itineris
684 4226 850 4265 cursu
869 4209 1273 4275 destituuntur,
1294 4214 1358 4263 ut
1384 4209 1649 4264 interciso
1677 4209 1849 4281 poeni-
1930 4212 2063 4278 quia
2090 4211 2449 4278 peccavimus.
2480 4208 2940 4263 Humiliationem
2963 4215 3133 4280 atque
3156 4210 3530 4280 dejectionem

252 4302 413 4358 tendi
441 4318 507 4356 ac
525 4301 753 4373 lugendi
785 4299 1033 4365 tramite,
1066 4299 1308 4370 quadam
1340 4299 1680 4370 negligentia
1715 4315 1849 4354 con-

1934 4298 2255 4353 Judaeorum
2284 4315 2320 4352 a
2349 4314 2541 4369 regno,
2575 4297 2834 4368 designat
2868 4317 2879 4351 :
2914 4300 3138 4369 quando
3168 4299 3348 4353 honor
3380 4300 3531 4369 regis

253 4372 605 4447 sternantur.
625 4391 863 4446 Juvenes
891 4405 1085 4444 eorum
1105 4388 1175 4442 de
1194 4388 1364 4442 choro
1395 4388 1749 4459 psallentium
1760 4389 1853 4442 de-
1872 4372 1921 4431 D
1938 4394 1995 4442 et
2018 4387 2466 4458 gloriadeperiit.
2486 4386 2646 4442 Unde
2669 4387 2817 4441 idem
2842 4388 3116 4459 propheta
3134 4388 3299 4459 longe
3319 4404 3492 4459 supra
3512 4404 3523 4440 :

254 4482 473 4547 ﬁciunt,
508 4481 731 4553 quando
764 4478 1081 4535 decantatio
1120 4477 1448 4549 spiritaliter
1487 4477 1848 4549 conquiescit.

258 4571 369 4627 Sed
399 4570 691 4626 moraliter
716 4568 1070 4624 incontinens
1106 4567 1328 4621 animus
1365 4566 1465 4621 Dei
1497 4583 1712 4621 memor
1731 4567 1853 4637 jam

258 4661 396 4716 dum
423 4677 457 4714 a
488 4665 669 4714 semet
687 4658 926 4731 repellit,
959 4657 1145 4712 dicere
1182 4673 1294 4711 non
1324 4661 1509 4728 potest
1545 4674 1556 4709 :
1609 4659 1853 4711 Psallam

258 4752 487 4820 spiritu,
516 4753 756 4820 psallam
775 4754 825 4803 et
839 4754 1037 4802 mente.
1053 4747 1212 4803 Unde
1226 4746 1393 4801 debet
1404 4746 1526 4800 sine
1541 4745 1854 4801 cessatione

259 4841 350 4913 pia
382 4856 542 4894 mens
564 4840 623 4893 in
653 4837 989 4893 conscientia
1020 4836 1388 4908 proclamare,
1416 4852 1487 4890 ne
1520 4836 1855 4908 quandoque

259 4931 380 4987 Deo
408 4934 636 4985 cantare
665 4928 900 4984 desistat
927 4946 941 4983 :
964 4928 1079 4981 imo
1099 4927 1268 4981 choro
1284 4932 1603 4980 sanctorum
1635 4942 1857 4997 semper

260 5020 503 5076 laudans
519 5020 719 5085 Deum,
738 5017 1212 5084 assistatJJe/ccit,
1234 5016 1713 5087 inquit,gaudium
1736 5030 1857 5068 cor-

264 5111 350 5165 dis
381 5112 561 5164 nat'ri
586 5128 597 5163 :
625 5124 810 5163 versus
834 5114 909 5162 est
938 5110 1001 5161 in
1022 5112 1233 5161 luctum
1250 5107 1446 5160 cturus
1466 5110 1672 5161 noster.
1696 5105 1860 5158 Patet

264 5216 465 5255 sensus
483 5199 553 5253 de
573 5197 934 5269 Judmis,quia
958 5197 1132 5251 Deum
1152 5196 1219 5250 ad
1234 5194 1577 5249 iracundiam
1603 5210 1860 5265 provoca-

265 5288 643 5361 verunt,quod
673 5285 943 5342 deciderit
961 5302 1125 5341 omne
1141 5284 1409 5355 gaudium
1440 5284 1640 5342 cordis.
1658 5290 1716 5338 et
1743 5283 1857 5338 dis-

266 5380 453 5435 soluta
471 5379 587 5433 sint
605 5377 795 5432 omnia
805 5393 999 5432 eorum
1017 5375 1222 5430 laetitiae
1243 5374 1452 5428 viscera
1472 5374 1531 5427 in
1564 5390 1859 5427 maerorem

270 5476 327 5525 et
341 5468 832 5539 tristitiam,atque
845 5466 904 5521 in
924 5466 1173 5521 diversas
1190 5463 1542 5519 miseriarum
1558 5479 1856 5531 erumnas,

271 5560 416 5616 sicut
455 5575 490 5614 a
535 5556 809 5631 principio
844 5557 1029 5613 luctus
1056 5554 1402 5627 prophetalis
1442 5557 1812 5610 connumerat
1844 5571 1855 5606 :

1934 4479 2049 4541 Dic,
2073 4475 2277 4547 inquit,
2309 4479 2425 4544 regi
2454 4482 2505 4530 et
2532 4478 2897 4531 clominatric-i
2918 4497 2933 4530 :
2961 4478 3369 4531 Humiliamini
3388 4482 3530 4532 etse-

1936 4566 2349 4634 dete,quoniam
2376 4566 2567 4619 cecidit
2596 4567 2659 4618 de
2688 4568 2860 4633 capite
2895 4570 3069 4619 vestro
3109 4581 3311 4620 corona
3336 4569 3532 4634 gloria

1934 4661 2140 4709 vestrae.
2175 4654 2281 4709 Ubi
2307 4655 2450 4709 alius
2481 4654 2789 4726 interpres:
2823 4656 3105 4721 Descende,
3126 4654 3226 4708 ait.
3247 4654 3358 4709 Sed
3389 4656 3532 4711 mul-

1936 4752 2056 4799 tum
2124 4744 2376 4810 interest,
2433 4744 2656 4815 quando
2697 4744 2862 4798 cadat
2917 4760 3122 4798 corona
3171 4744 3391 4815 capitis,
3443 4745 3532 4801 vel

1938 4834 2162 4905 quando
2191 4834 2493 4888 descendat
2524 4852 2535 4887 :
2568 4834 2698 4904 quia
2725 4832 2899 4887 levior
2930 4838 3015 4886 est
3043 4833 3332 4888 descensio
3364 4850 3534 4906 quam

1940 4940 2124 4979 ruma.
2173 4923 2447 4977 Paulatim
2502 4940 2635 4992 ergo
2680 4922 2813 4976 dum
2852 4922 3127 4977 desidiose
3174 4924 3395 4989 vivitur,
3435 4940 3537 4995 per

1940 5014 2255 5084 neglectum
2281 5012 2520 5083 gloriam
2546 5012 2828 5077 amittere,
2862 5011 3198 5069 descendere
3238 5020 3322 5066 est
3359 5031 3368 5041 ·
3403 5013 3534 5083 quia

1939 5105 2073 5159 dum
2142 5104 2379 5174 quisque
2461 5102 2529 5156 ad
2599 5102 2802 5155 altiora
2857 5118 2969 5156 non
3018 5104 3213 5166 currit,
3262 5103 3330 5156 ad
3396 5101 3534 5155 infe-

1942 5194 2090 5248 riora
2147 5192 2452 5247 descendit.
2509 5192 2599 5246 Sic
2651 5198 2706 5245 et
2764 5208 2999 5262 regnum
3052 5193 3372 5246 Judzeorum
3433 5205 3535 5260 per

1942 5282 2190 5353 singulos
2234 5298 2524 5351 regressus
2574 5297 2750 5352 usque
2799 5282 2868 5335 ad
2898 5282 3167 5341 Joachim,
3202 5279 3270 5332 de
3318 5279 3534 5334 excelso

1943 5373 2011 5426 ad
2041 5373 2154 5425 ima
2196 5371 2528 5425 descendit:
2562 5371 2827 5442 deinceps
2876 5388 3003 5425 vero
3055 5385 3155 5440 per
3205 5368 3535 5423 Sedechiam

1944 5469 2001 5517 et
2040 5478 2156 5527 eos,
2197 5461 2295 5531 qui
2335 5459 2546 5514 residui
2597 5461 2847 5521 fuerunt,
2904 5459 2973 5513 de
3025 5457 3229 5529 populo
3291 5449 3536 5525 I545

1944 5550 2015 5606 ad
2059 5551 2343 5620 integrum
2387 5549 2613 5607 cecidit.
2678 5550 2928 5620 Hincque
2967 5547 3221 5618 sequitur
3270 5564 3371 5602 vox
3410 5563 3533 5602 om-
