3960 6168
441 184 566 242 1251

1200 174 1256 228 8.
1301 170 1677 227 PASCl-IASII
1717 170 2073 228 RADBERTI
2114 175 2417 234 ABBATIS
2456 179 2946 237 CORBEIENSIS.

3576 190 3704 248 lib?

428 311 585 366 nium
617 306 959 379 captivorum
999 300 1314 372 lugentium
1347 316 1358 350 :
1408 299 1481 351 Vae
1518 299 1693 359 nobis,
1735 299 1870 366 quia
1895 314 1998 366 pec-

2106 302 2223 355 ideo
2251 307 2624 358 contenebrati
2647 311 2782 360 sunt
2804 310 2956 362 oculi
2969 312 3147 364 nostri
3160 356 3170 367 .
3184 311 3481 369 Porrooor
3495 314 3711 372 Indee-

429 396 784 456 carimusEx
815 411 925 465 quo
957 390 1277 464 patet,quod
1297 387 1586 442 ruentibus
1606 385 2016 441 vreimmineat:

424 487 783 561 peccantibus
814 501 912 556 per
951 480 1246 538 desidiam.
1281 479 1587 531 lamentum
1622 482 1809 530 restat.
1858 475 2014 540 Quod

429 579 567 631 bene
598 575 851 631 Ecclesiae
882 569 1141 641 congruit
1192 566 1416 639 quando
1446 566 1763 619 sacerdotes
1786 565 1842 618 in
1874 572 2018 620 eaet

402 667 666 737 ivirgines
707 670 897 725 ruunt,
947 660 1043 731 qui
1075 659 1334 712 videntur
1362 660 1693 710 ornamenta
1721 656 1841 725 ejus
1870 672 2012 721 esse,

424 765 480 812 et
509 755 667 827 quasi
701 768 906 808 corona
935 748 1169 803 decoris.
1195 747 1303 801 Sed
1333 753 1391 800 et
1420 745 1548 799 ﬁdei
1572 744 1812 815 gratiam
1846 745 2017 798 inter-

421 848 552 901 dum
585 846 718 898 dum
770 841 981 897 amittit
1014 839 1197 910 gloria
1224 838 1347 907 ejus
1391 836 1460 889 de
1488 835 1671 905 capite
1699 833 1846 888 ruit:
1882 834 2016 904 quia

416 936 717 991 Dominum
749 930 963 987 decoris
991 930 1047 983 in
1075 927 1365 999 perﬁdiam
1390 929 1702 979 commutat
1726 922 2010 978 falsitatis.

418 1026 575 1090 Quod
617 1030 807 1078 autem
839 1019 1109 1075 Dominus
1148 1032 1355 1071 corona
1384 1014 1457 1069 sit
1506 1013 1778 1079 Ecclesiae,
1834 1013 2010 1068 Isaias

414 1120 676 1179 testatur,
698 1113 913 1167 dicens:
934 1108 999 1163 In
1016 1107 1105 1162 die
1128 1107 1225 1160 illa
1247 1105 1355 1159 erit
1379 1103 1645 1158 Dominus
1665 1102 2010 1156 exercituum

415 1220 618 1260 corona
648 1202 858 1274 gloriae,
895 1208 951 1254 et
981 1198 1240 1252 diadema
1268 1193 1657 1250 exsultationis
1679 1191 1887 1247 residui
1908 1209 2009 1264 po-

415 1296 533 1367 puli
563 1293 667 1348 sui.
702 1292 882 1356 Quam
927 1287 1192 1342 nimirum
1228 1300 1493 1339 coronam
1518 1282 1718 1353 capitis
1744 1289 1879 1336 tunc
1910 1283 2009 1335 Ec-

414 1385 584 1439 clesia
610 1381 811 1454 perdit,
848 1378 1071 1449 quando
1101 1374 1408 1430 sanctiores
1436 1373 1491 1426 in
1520 1389 1585 1426 ea
1621 1372 1676 1425 in
1709 1372 2002 1443 perﬁdiam

2104 406 2229 445 rum
2257 391 2313 446 in
2345 399 2585 464 utraque
2627 396 2967 467 captivitate,
3001 416 3127 454 cum
3161 403 3334 457 variis
3373 412 3713 461 vexarentur

2100 481 2459 542 cruciatibus,
2491 501 2658 555 quam
2692 493 2953 541 mmstum
2980 488 3168 555 fuerit,
3184 491 3335 547 forte
3365 510 3472 548 nec
3501 502 3591 549 est
3617 496 3712 566 qui

2098 569 2305 624 sentiat
2338 588 2350 622 :
2395 578 2453 626 et
2481 589 2649 643 quam
2701 575 2979 630 tenebrati
3014 579 3157 633 oculi
3210 598 3327 651 prae
3356 582 3630 654 lacrymis
3658 591 3714 639 et

2097 657 2401 724 doloribus,
2418 677 2584 716 nemo
2598 663 2693 732 qui
2715 666 3117 735 apprehendat,
3134 675 3222 722 est
3244 676 3445 726 tamen
3466 673 3713 742 ejulatus

2097 748 2348 802 omnium
2370 749 2840 821 delinquentium,
2872 755 2967 825 qui
2998 756 3104 810 sibi
3130 757 3423 829 imputant
3446 777 3713 832 perarasse

2095 836 2152 890 in
2205 838 2402 892 Deum.
2453 840 2559 894 Sed
2589 841 2793 912 duplex
2835 844 3114 900 mmstitiae
3140 863 3206 901 ac
3233 848 3453 905 doloris
3492 852 3713 922 species

2095 926 2511 983 aestimatur.De
2529 946 2641 1001 qua
2660 948 2796 985 sane
2824 933 3100 989 Jeremias
3120 954 3132 987 :
3156 938 3329 992 Dolor
3356 956 3515 994 meus
3538 957 3713 1009 super

2092 1017 2333 1071 dolorem
2366 1032 2377 1066 :
2410 1021 2473 1073 in
2504 1036 2589 1073 me
2612 1036 2707 1074 eor
2734 1037 2919 1076 meum
2948 1040 3180 1079 marem
3231 1026 3363 1094 (Jer.
3394 1034 3539 1091 ml).
3595 1030 3715 1087 Hoc

2091 1105 2298 1177 quippe
2325 1107 2473 1162 dicto
2505 1109 2803 1179 signiﬁcat,
2837 1110 3017 1166 dolori
3046 1120 3403 1184 peccatorum
3445 1118 3713 1175 dolorem

2089 1195 2533 1264 compunctionis
2563 1196 2912 1267 adjunctum,
2948 1207 3011 1254 ut
3037 1202 3114 1255 sit
3139 1202 3304 1257 dolor
3331 1221 3512 1276 super
3537 1207 3711 1262 dolo-

2090 1298 2229 1336 rem.
2261 1284 2359 1338 Est
2381 1284 2558 1355 igitur
2583 1288 2764 1342 malus
2792 1287 2970 1352 dolor,
2994 1296 3058 1344 ut
3084 1298 3167 1345 est
3192 1291 3332 1348 illud
3371 1313 3383 1347 :
3410 1295 3478 1350 In
3502 1295 3711 1351 dolore

2088 1371 2274 1440 paries
2314 1372 2498 1426 ﬁlios:
2544 1380 2631 1428 est
2667 1382 2726 1428 et
2754 1374 2931 1431 bonus
2969 1383 3033 1432 ut
3060 1384 3147 1433 est
3177 1395 3190 1434 :
3223 1388 3280 1434 et
3324 1381 3494 1436 dolor
3534 1400 3713 1440 metu

411 1479 603 1528 ruunt.
643 1472 777 1534 Quae
806 1467 1071 1521 nimirum
1103 1479 1308 1519 corona
1350 1462 1630 1516 interdum
1679 1463 1847 1527 cadit,
1902 1462 2003 1515 sed
2084 1468 2384 1516 renovatus
2429 1467 2533 1528 est,
2573 1463 2839 1519 nimirum
2873 1467 3216 1536 pcrnitendo.
3255 1469 3364 1533 Qui
3396 1488 3537 1543 ergo
3573 1479 3711 1543 post

410 1567 596 1634 potest
636 1556 1130 1613 lamentationibus
1168 1552 1440 1623 reparari,
1472 1557 1642 1621 atque
1680 1550 2064 1634 integritate__
2086 1556 2375 1619 peccatum
2404 1551 2709 1607 salubriter
2735 1554 2910 1625 luget,
2945 1556 3001 1610 in
3048 1558 3317 1613 maestitia
3360 1576 3463 1615 cor
3508 1561 3713 1617 humi-

410 1620 541 1705 ﬁdei
566 1648 803 1703 reindui.
822 1645 1083 1715 Alioquin
1106 1620 1345 1697 Ecclesia
1370 1620 1579 1696 Christi
1611 1620 1860 1712 specioSa
1879 1657 2001 1695 esse
2018 1620 2067 1682 B
2088 1638 2223 1693 liat:
2258 1647 2322 1693 ut
2351 1641 2670 1696 medicinali
2698 1620 2912 1709 dolore,
2934 1646 3096 1700 dolor
3117 1646 3471 1705 inﬁrmitatis
3495 1650 3708 1709 absce-

408 1757 520 1795 non
553 1744 755 1810 potest,
774 1736 881 1790 nisi
901 1740 1200 1788 coronetur
1218 1732 1441 1787 Christo
1457 1731 1681 1784 veniens
1709 1747 1745 1784 a
1762 1730 1997 1795 Libano,
2080 1727 2195 1781 dat.
2219 1728 2524 1800 Propterea
2544 1730 2717 1786 David
2747 1731 2933 1803 inquit
2967 1752 2978 1787 :
3006 1734 3109 1789 Ger
3136 1741 3445 1792 contritum
3486 1746 3539 1793 et
3590 1742 3708 1794 hu-

406 1830 491 1885 uti
516 1829 571 1883 in
595 1826 841 1883 Canticis
870 1824 1094 1878 canitur
1120 1841 1129 1875 :
1160 1824 1286 1878 Veni
1307 1823 1372 1874 de
1402 1823 1623 1886 Libano,
1638 1837 1837 1888 sponsa
1854 1836 1994 1887 mea,
2080 1819 2367 1872 miliatum
2396 1820 2537 1873 Deus
2566 1836 2676 1874 non
2705 1822 2924 1891 spernit
2966 1824 3132 1888 (Psal.
3163 1830 3238 1893 1.).
3272 1826 3598 1897 Propterea
3626 1830 3707 1885 sit

404 1923 534 1974 υεηε
562 1920 625 1972 ἀρ
658 1918 879 1980 Libano,
913 1911 1411 1975 reni,coronaberis
1433 1929 1448 1963 :
1469 1911 1532 1963 de
1554 1913 1728 1979 capite
1750 1909 1994 1974 Amana,
2083 1905 2142 1959 in
2170 1906 2363 1961 animo
2380 1908 2632 1963 omnium
2644 1908 3091 1981 delinquentium
3119 1913 3403 1970 humilitas
3423 1924 3485 1971 et
3502 1919 3709 1989 pudor

401 2011 466 2064 de
494 2011 690 2063 vertice
718 2006 893 2062 Sanir
913 2009 961 2057 et
987 2004 1231 2057 Hermon
1263 2018 1275 2053 :
1303 2002 1366 2054 de
1395 2001 1670 2054 cubilibus
1690 2000 2001 2064 leonum,de
2081 1995 2151 2048 de
2191 1997 2499 2068 perpetrati
2528 1998 2712 2069 operis
2741 1999 2986 2055 facinore
3014 2020 3027 2055 :
3060 2002 3223 2058 dolor
3251 2021 3379 2059 vero
3408 2023 3482 2061 ex
3505 2009 3706 2079 paeni-

403 2099 683 2152 montibus
707 2096 1014 2164 pardorum
1048 2093 1223 2159 (Cant.
1257 2092 1353 2157 iv).
1409 2089 1515 2144 Sed
1547 2094 1605 2142 et
1634 2088 1753 2160 ipsa
1789 2103 1998 2141 corona
2078 2085 2276 2140 tudine
2295 2087 2451 2141 inﬁxi
2480 2088 2742 2143 vulneris.
2767 2092 2909 2157 Ideo,
2931 2090 3136 2162 inquit,
3157 2097 3536 2150 contenebrati
3550 2106 3701 2154 sum

401 2185 612 2243 Christi
658 2184 924 2245 creditur,
956 2181 1025 2234 de
1055 2196 1167 2250 qua
1212 2179 1267 2233 iu
1314 2177 1558 2233 Canticis
1591 2178 1819 2249 pulchre
1867 2178 1990 2231 ait:
2076 2178 2223 2229 oculi
2251 2180 2448 2241 nostri,
2495 2185 2717 2247 propter
2746 2186 2985 2234 montem
3034 2181 3168 2237 Sion
3207 2184 3351 2251 quod
3390 2184 3617 2253 datm-3'
3610 2189 3698 2243 ῃ,

402 2276 759 2344 Egredimini
788 2279 835 2326 et
864 2272 1058 2333 videte,
1080 2271 1211 2337 ﬁlia:
1237 2268 1394 2332 Sion,
1417 2283 1597 2335 regem
1619 2268 1988 2332 Salomonem,
2076 2263 2328 2327 Quorum
2356 2282 2490 2336 ergo
2520 2267 2711 2321 oculos
2750 2268 2967 2323 malitia
2995 2269 3266 2326 infecerat
3282 2271 3697 2344 delinquendi,

399 2369 463 2419 in
494 2365 805 2418 diademate
832 2378 938 2430 quo
969 2361 1251 2413 coronavit
1280 2374 1405 2411 eum
1447 2362 1623 2410 mater
1665 2372 1769 2409 sua
1810 2360 1873 2410 in
1903 2357 1991 2409 die
2066 2352 2195 2422 jure
2250 2355 2595 2426 planguntur
2620 2358 3029 2419 contenebrari,
3066 2360 3197 2430 quia
3235 2363 3533 2417 excaecavit
3587 2381 3700 2421 eos

397 2455 831 2524 desponsationis
859 2453 1038 2516 illius,
1066 2454 1114 2503 et
1154 2452 1215 2502 in
1267 2450 1355 2501 die
1404 2450 1605 2501 laetitia
1647 2447 1826 2500 cordis
1872 2450 1989 2514 ejus
2073 2443 2289 2498 malitia
2315 2461 2543 2499 eorum:
2581 2452 2646 2500 ut
2674 2447 2930 2502 Christus
2951 2447 3047 2520 qui
3069 2458 3158 2504 est
3178 2450 3701 2521 lapisabscisusde

400 2544 577 2613 (Cant.
604 2546 711 2611 IlI).
743 2541 924 2605 Quam
944 2554 1081 2593 sane
1107 2552 1370 2591 coronam
1404 2536 1664 2601 Ecclesia,
1705 2550 1829 2605 quae
1860 2550 1988 2588 vere
2071 2540 2262 2587 monte
2283 2534 2403 2588 sine
2434 2535 2709 2597 manibus,
2742 2542 2800 2590 et
2822 2538 2998 2591 crevit
3025 2538 3083 2592 in
3107 2546 3352 2595 montem
3374 2557 3697 2612 magnum,

392 2649 597 2705 sponsa
624 2630 829 2685 Christi
878 2635 981 2692 est,
1030 2634 1164 2682 tunc
1216 2626 1420 2698 perdit,
1463 2625 1685 2697 quando
1729 2624 1985 2678 decorem
2068 2620 2255 2676 videre
2284 2639 2393 2677 non
2427 2632 2662 2694 possunt
2691 2625 2825 2696 quia
2847 2626 3125 2697 disperiit,
3151 2628 3207 2682 id
3236 2636 3321 2684 est
3356 2647 3488 2685 cum
3516 2640 3701 2689 esset

392 2722 541 2788 ﬁdei,
574 2727 631 2775 et
660 2718 1040 2789 integritatem
1073 2732 1304 2787 Operam
1332 2715 1454 2785 ejus
1472 2714 1682 2767 amittit
1708 2712 1766 2766 in
1790 2712 1874 2765 his
1890 2710 1985 2782 qui
2067 2711 2299 2780 aequalis
2337 2712 2452 2767 Deo
2482 2714 2656 2779 Patri,
2692 2715 3059 2786 semetipsum
3088 2716 3410 2773 exinaniens
3454 2737 3467 2772 :
3512 2730 3592 2776 ut
3626 2722 3695 2778 hi

392 2811 598 2866 summi
627 2810 889 2863 videntur
916 2807 973 2860 in
1006 2804 1271 2859 membris
1302 2804 1511 2857 Christi
1560 2805 1675 2856 Aut
1716 2810 1867 2855 certe
1889 2817 1983 2854 co-
2067 2799 2163 2870 qui
2192 2800 2455 2855 videbant
2481 2802 2658 2873 prius,
2675 2805 2794 2874 jam
2813 2821 2925 2858 non
2942 2806 3191 2873 videant;
3218 2812 3274 2862 et
3300 2808 3395 2879 qui
3415 2818 3702 2867 contem-

389 2918 531 2956 rona
575 2899 774 2969 capitis
826 2895 1003 2950 nostri
1032 2899 1166 2947 tunc
1195 2893 1325 2955 ruit,
1364 2891 1587 2963 quando
1618 2891 1673 2944 hi
1705 2889 1800 2961 qui
1831 2889 1983 2943 vide-
2002 2942 2044 2969 η
2068 2888 2721 2961 ριαὺεηῐανιεεετημεοὶ
2752 2894 2918 2947 ﬁant:
2951 2894 3032 2949 ita
3063 2901 3126 2950 ut
3148 2912 3329 2968 neque
3345 2898 3692 2969 Christum,

389 2990 597 3045 bantur
619 2989 687 3041 ad
718 2988 975 3040 decorem
1007 2990 1064 3036 et
1089 2982 1325 3051 gloriam
1359 2980 1637 3050 insigniri,
1669 2997 1767 3050 pro
1796 2980 1983 3033 diade—
2002 2980 2045 3002 υ
2066 2994 2248 3051 neque
2275 2981 2397 3051 ejus
2428 2981 3006 3046 Ecclesiam,montem
3027 2985 3285 3041 videlicet
3306 2987 3699 3056 spiritualem

392 3083 543 3130 mate
574 3076 630 3127 in
661 3073 903 3136 Christo,
946 3070 1041 3140 qui
1072 3076 1241 3139 caput
1276 3075 1362 3123 est
1402 3068 1575 3121 totius
1606 3067 1881 3131 Ecclesiae,
1921 3067 1979 3121 in
2061 3073 2181 3122 toto
2209 3069 2343 3123 orbe
2373 3077 2652 3125 terrarum
2681 3080 3044 3138 crescentem,
3077 3074 3389 3147 prospicere
3411 3088 3692 3148 queant:

387 3163 699 3237 perﬁdiam,
731 3161 814 3215 vel
854 3160 911 3213 in
941 3159 1171 3223 scelera,
1204 3158 1290 3211 vel
1311 3156 1525 3227 ﬂagitia
1554 3157 1784 3212 cadunt.
1818 3155 1979 3210 Cadit
2063 3157 2195 3228 quia
2223 3158 2606 3214 contenebrati
2634 3166 2770 3216 sunt
2796 3162 2938 3216 oculi
2987 3163 3239 3219 omnium
3289 3166 3692 3238 perﬁdorum,

387 3254 594 3325 quippe
640 3267 846 3307 corona
875 3248 1072 3321 capitis
1108 3247 1302 3310 nostri,
1337 3263 1463 3300 cum
1493 3245 1550 3299 hi
1577 3246 1851 3304 deﬂuunt,
1884 3244 1980 3316 qui
2062 3254 2293 3319 propter
2320 3266 2525 3304 nomen
2555 3250 2686 3305 Sion
2719 3251 2852 3323 quia
2883 3252 3158 3324 disperiit.
3210 3256 3409 3323 Vulpes,
3446 3256 3681 3328 inquit,

386 3341 447 3396 in
489 3342 710 3397 Christo
758 3345 1154 3395 ornamentum
1199 3336 1536 3391 videbantur
1563 3351 1685 3390 esse
1712 3335 1925 3389 decoris
1962 3352 1975 3387 :
2059 3340 2489 3393 ambulaverunt
2514 3343 2578 3394 in
2615 3356 2691 3394 eo.
2726 3341 3120 3398 Persecutores
3149 3342 3401 3399 videlicet
3430 3345 3521 3400 vel
3550 3346 3689 3404 hae-

386 3432 485 3487 sed
529 3438 664 3486 tunc
700 3447 779 3485 vae
808 3428 1082 3494 imminet,
1120 3443 1247 3481 cum
1289 3433 1346 3481 et
1391 3426 1449 3480 hi
1478 3442 1578 3497 per
1606 3425 1824 3479 diversa
1852 3441 1976 3478 cor-
2057 3425 2250 3479 retici:
2280 3426 2412 3498 quia
2432 3428 2577 3483 male
2606 3429 2677 3483 de
2696 3429 3299 3488 incarnationeChristi
3325 3444 3679 3500 senserunt.

2068 3521 2305 3581 [541
2349 3517 2797 3573 dilaceraverunt
2823 3535 3046 3575 omnem
3089 3522 3387 3577 Ecclesiam
3416 3523 3678 3593 Christi,

2056 3609 2112 3658 et
2141 3621 2363 3660 omnem
2407 3608 2736 3663 catholicam
2767 3610 3218 3681 intelligentiam,
3247 3612 3316 3667 de
3358 3628 3426 3667 ea
3453 3613 3680 3677 fraude

2057 3700 2114 3748 et
2140 3695 2267 3749 dolo
2295 3704 2669 3769 corruperunt
2696 3716 2709 3751 :
2741 3699 2948 3755 idcirco
2969 3706 3025 3755 et
3047 3700 3154 3772 ipsi
3184 3706 3370 3772 partes
3398 3704 3679 3775 vulpium

2055 3792 2233 3838 erant.
2267 3785 2394 3841 Fuit
2425 3803 2667 3858 namque
2688 3788 2940 3844 Herodes
2969 3796 3295 3861 persecutor
3321 3792 3558 3854 Christi.
3607 3803 3679 3851 et

2053 3882 2375 3946 peremptor
2394 3876 2624 3931 Joannis
2655 3878 2866 3949 vulpes,
2898 3879 2968 3933 de
2998 3896 3108 3951 quo
3139 3880 3409 3936 Dominus
3440 3899 3455 3935 :
3498 3884 3673 3939 Dici-

2054 3969 2119 4028 te,
2154 3964 2357 4034 inquit,
2386 3968 2543 4034 vulpi
2577 3968 2695 4023 illi.
2722 3968 2867 4021 Sunt
2894 3974 2952 4022 et.
2973 3985 3167 4023 omnes
3190 3969 3433 4024 haeretici
3458 3972 3674 4044 vulpes

383 3529 577 3586 ruunt,
610 3521 706 3592 qui
735 3519 994 3573 videntur
1040 3516 1247 3572 summi
1279 3534 1290 3568 :
1318 3515 1519 3570 deinde
1569 3515 1768 3585 vulgus
1809 3514 1975 3568 lasci-

382 3612 557 3677 viens,
592 3611 649 3664 in
678 3615 904 3681 peccata
933 3613 990 3662 et
1036 3606 1249 3677 ﬂagitia
1292 3605 1460 3660 venit.
1511 3605 1651 3658 llinc
1692 3610 1779 3658 est
1821 3603 1974 3674 quod

382 3701 660 3772 prepheta
694 3699 863 3753 simul
907 3714 1034 3751 cum
1077 3696 1301 3768 populo,
1333 3696 1448 3749 imo
1481 3711 1581 3766 pro
1612 3710 1678 3749 eo
1710 3693 1926 3765 plangit
1955 3710 1970 3747 :

401 3793 477 3847 Va
495 3791 810 3858 nobis,quia
821 3793 1165 3857 peccavimus
1193 3785 1470 3855 Evigilant
1490 3800 1627 3854 ergo
1651 3792 1973 3855 peccatores

382 3887 439 3935 et
465 3897 545 3934 va:
570 3878 674 3933 sibi
691 3875 1258 3948 imputant,quoniam
1285 3876 1460 3929 Deum
1475 3875 1831 3929 ollendcrunt
1848 3889 1972 3943 pec-

379 3970 573 4025 cando.
610 3968 768 4023 Unde
795 3966 955 4020 dolor
973 3964 1227 4019 oriturin
1257 3965 1440 4029 corde,
1475 3970 1574 4018 aut
1593 3962 1968 4035 delinquendo

378 4059 629 4122 sufﬁxus,
657 4063 757 4111 aut
783 4054 1101 4127 paenitendo
1132 4055 1755 4108 commotus.Caeterum
1790 4070 1969 4108 mora-
2047 4052 2380 4108 insidiantes
2414 4072 2426 4107 :
2459 4055 2529 4108 de
2560 4054 2764 4126 quibus
2793 4074 3001 4128 sponsa
3050 4057 3111 4112 in
3140 4058 3386 4113 Canticis
3418 4075 3431 4113 :
3466 4061 3673 4131 Capite

375 4148 524 4211 liter,
555 4163 760 4201 corona
789 4145 987 4216 capitis
1031 4143 1207 4198 nostri
1257 4151 1393 4197 tunc
1439 4143 1602 4214 perit,
1650 4159 1776 4197 cum
1822 4142 1967 4197 bona
2048 4146 2201 4197 nobis
2230 4147 2433 4213 vulpes,
2455 4161 2572 4213 quae
2599 4148 2983 4201 demetiuntur
3000 4150 3186 4202 vineas
3218 4150 3394 4210 (Cant.
3424 4148 3518 4219 II).
3545 4150 3669 4210 De.

372 4234 939 4291 voluntasamittitur.
957 4233 1036 4287 De
1066 4249 1178 4304 qua
1202 4248 1338 4285 sane
1360 4241 1506 4285 recte
1524 4232 1801 4302 Propheta
1831 4248 1964 4301 gra-
1982 4294 2025 4308 ἢ
2047 4232 2358 4287 moliuntur
2385 4250 2520 4304 ergo
2563 4234 2795 4289 heretici
2823 4235 3040 4290 vineam
3096 4237 3320 4292 Domini
3371 4237 3659 4308 Sabaoth,

368 4326 714 4383 tulabundus
762 4324 913 4379 canit
944 4341 957 4377 :
1009 4294 1190 4387 Scuto,
1223 4322 1423 4392 inquit,
1466 4324 1613 4375 bonae
1633 4294 1962 4376 maturitatis
1982 4294 2212 4394 unam
2239 4294 2515 4394 plantavit
2539 4323 2675 4394 ipse,
2716 4324 2936 4379 vineam
2970 4325 3197 4380 Snrech.
3230 4326 3447 4381 Idcirco
3482 4330 3663 4399 plan-

372 4424 497 4486 tuaz,
521 4418 923 4477 coronastinos,
955 4414 1187 4468 Domine
1208 4414 1437 4483 (Psa/.v-
1452 4411 1623 4464 .Tunc
1647 4427 1781 4481 ergo
1803 4428 1961 4465 mens
2041 4413 2286 4483 gendum
2309 4418 2396 4468 est
2413 4413 2626 4467 cunctis
2643 4413 3181 4486 catholicis,propter
3196 4415 3429 4471 insidias
3443 4434 3657 4478 eorum

368 4515 562 4561 nostra
612 4522 818 4561 corona
867 4505 1138 4558 virtutum
1187 4502 1505 4564 decoratur,
1536 4516 1663 4554 cum
1714 4499 1960 4566 ιείιιῡ
2043 4509 2100 4557 et
2122 4502 2367 4569 fraudes,
2389 4502 2775 4557 contenebrati
2805 4510 2939 4558 sunt
2969 4504 3027 4558 hi
3047 4504 3346 4576 etiam,qui
3371 4506 3655 4564 videban-

370 4603 527 4649 scuto
558 4595 713 4650 bonae
734 4594 1037 4650 voluntatis
1069 4593 1127 4647 in
1156 4590 1417 4646 omnibus
1447 4606 1558 4644 non
1587 4590 1768 4644 solum
1796 4605 1960 4644 orna-
2040 4597 2135 4646 tur
2164 4591 2309 4646 oculi
2339 4592 2399 4646 in
2441 4591 2688 4646 Ecclesia
2713 4593 2860 4660 (Luc.
2892 4591 3038 4662 xm),
3070 4599 3127 4648 et
3153 4593 3346 4649 lumen
3389 4595 3654 4653 scientia

367 4689 680 4748 tur,verum
711 4686 877 4738 etiam
902 4685 960 4738 in
990 4683 1336 4756 protectione
1359 4680 1454 4735 Dei
1474 4680 1791 4735 defenditur
1847 4680 1957 4735 Sed
2042 4681 2275 4752 reliquis
2288 4687 2554 4752 praestare
2567 4679 3141 4754 meiubrisincorpore
3160 4682 3454 4739 dedicatis.
3476 4685 3650 4742 Unde

368 4790 493 4829 cum
547 4772 698 4826 bona
744 4775 999 4828 voluntas
1040 4775 1098 4828 in
1140 4780 1386 4828 mentem
1417 4771 1584 4838 cadit,
1618 4770 1751 4843 quid
1800 4770 1954 4825 aliud
2040 4770 2291 4825 dicamus
2319 4769 2545 4841 singuli,
2578 4770 2831 4825 dicamus
2855 4787 3051 4826 omnes
3081 4787 3094 4818 :
3119 4773 3415 4836 litamina,
3448 4775 3653 4831 Domi-

368 4879 535 4935 quam
563 4877 767 4915 corona
788 4861 1149 4928 virtutum,et
1172 4864 1340 4917 decor
1360 4868 1566 4916 nostrae
1580 4859 1779 4915 salutis
1792 4860 1956 4914 amit-
2037 4875 2123 4926 ne,
2146 4861 2326 4914 cordis
2352 4862 2532 4915 nostri
2559 4862 2797 4927 obtutus,
2831 4867 2879 4915 et
2905 4863 3079 4928 digna
3107 4862 3236 4929 ﬁdei
3254 4862 3518 4919 claritate
3538 4881 3647 4921 ne:

363 4952 550 5010 titur?
588 4951 731 5005 Hinc
770 4966 990 5020 quoque
1019 4957 1102 5005 est
1131 4952 1277 5022 quod
1322 4958 1472 5006 recte
1511 4950 1814 5022 plangitur.
1858 4951 1954 5004 Vae
2037 4951 2268 5003 illustra
2290 4951 2476 5019 (Cant.
2505 4952 2569 5018 II)
2605 4961 2616 4995 ε
2649 4954 2712 5003 ut
2735 4965 2861 5019 quae
2909 4949 3086 5020 digna
3117 4956 3271 5014 sunt,
3308 4951 3638 5022 videamus;

364 5043 545 5107 nobis,
601 5040 732 5112 quia
774 5040 1140 5110 peccavimus,
1178 5041 1310 5112 quia
1340 5058 1506 5095 omne
1529 5041 1676 5112 quod
1705 5040 1945 5111 agimus,
2033 5055 2157 5110 quae
2179 5047 2368 5093 autem
2398 5038 2648 5110 indigna,
2680 5038 2938 5094 vitemus.
2974 5039 3241 5110 Sequitur
3270 5053 3281 5086 ε
3312 5042 3392 5096 Tu
3419 5049 3637 5109 autem,

362 5135 471 5188 nisi
500 5136 802 5187 coronetur
828 5134 983 5181 scuto
1002 5127 1160 5183 bonae
1199 5130 1500 5184 Voluntatis
1532 5137 1817 5201 peccatum
1839 5135 1941 5183 est.
2028 5131 2274 5193 Domine,
2311 5134 2373 5182 in
2398 5133 2668 5183 sternam
2692 5129 3041 5197 permanebis
3065 5134 3113 5183 et
3130 5132 3336 5185 solium
3366 5136 3539 5186 tuum
3567 5136 3633 5189 in

361 5223 431 5278 Et
475 5230 610 5276 tunc
657 5218 932 5282 imminet,
983 5218 1114 5288 quia
1159 5220 1510 5289 peccavimus
1555 5220 1763 5274 amissa
1805 5221 1950 5274 bona
2028 5221 2378 5287 generatione
2406 5222 2455 5272 et
2483 5220 2889 5287 generationem
2920 5216 3023 5273 Ubi
3043 5218 3187 5273 alius
3214 5219 3629 5291 interpresait:

359 5312 785 5382 voluntate,jam
812 5324 923 5363 non
954 5323 1056 5379 per
1075 5310 1492 5369 excessum,sed
1514 5327 1614 5381 per
1641 5309 1940 5374 desideria,
2027 5309 2096 5362 In
2138 5314 2407 5362 aeternum
2441 5308 2656 5361 habitas
2707 5310 2843 5377 quia
2864 5312 3002 5362 recte
3022 5309 3371 5372 inhabitans,
3396 5312 3461 5364 in
3473 5316 3629 5365 aster-

356 5418 483 5459 cum
540 5401 851 5455 intentione
905 5398 1159 5472 pessimae
1197 5397 1498 5452 voluntatis
1544 5400 1940 5470 delinquimus.
2028 5414 2167 5451 num
2190 5414 2514 5467 permanere
2540 5399 2768 5453 dicitur.
2796 5398 3027 5453 1Eterna
3046 5397 3252 5469 quippe
3282 5399 3507 5454 mansio
3536 5405 3626 5454 est

354 5495 665 5564 Propterea,
696 5490 1166 5562 inquit,m¢estum
1192 5491 1404 5558 factum
1443 5494 1518 5544 est
1543 5505 1637 5546 cor
1664 5495 1938 5557 nostrum,
2026 5487 2110 5542 illi
2142 5507 2153 5544 :
2186 5488 2432 5561 idipsum
2460 5504 2589 5544 vero
2618 5504 2761 5556 esse,
2795 5495 2883 5544 est
2898 5488 3050 5561 quod
3079 5495 3622 5561 permanetmtesse
