3960 6168
276 253 411 311 1252

948 254 1329 309 ΕΧΡΟΞΙΤΙΟ
1371 254 1446 308 ΙΝ
1488 242 2096 310 LAMEN’TATIONES
2133 255 2479 313 JEREMIE.
2525 293 2588 303 —
2630 264 2764 319 LIB.
2808 270 2874 323 V.

3411 280 3541 339 125i

258 376 492 433 Patrem
521 377 583 434 in
601 377 760 440 Filio.
778 374 1095 450 Filinmque
1114 380 1173 434 in
1197 381 1379 445 Patre,
1398 387 1461 435 ut
1480 383 1555 436 sit
1572 382 1632 436 in
1646 382 1725 436 eis
1747 398 1859 436 una
1875 385 1917 443 Α
1943 382 2128 436 minus
2162 400 2172 435 :
2209 386 2465 450 Populus,
2495 388 2699 459 inquit,
2737 409 2894 448 meus
2914 399 3114 452 oblitus
3129 406 3207 454 est
3226 406 3335 457 mei
3347 405 3538 461 diebus

258 467 571 531 atemitas,
607 484 834 539 unaque
861 468 1249 525 substantialis
1271 471 1706 542 sempiternitas,
1748 488 1859 526 non

254 555 538 611 habitatio
562 557 772 618 localis,
802 574 982 629 neque
1015 560 1232 613 mansio
1264 561 1588 631 temporalis
1621 582 1632 615 :
1666 562 1762 616 sed
1802 563 1860 617 in

252 645 507 716 seipsum
551 662 663 701 una
701 654 757 701 et
804 646 1093 702 individua
1153 650 1519 719 permanendi
1582 652 1850 711 essentia.

246 733 528 800 Quamvis
543 735 692 789 enim
718 736 866 789 ﬁlius
885 737 1251 808 semetipsum
1275 738 1607 794 exinanierit
1620 740 1858 795 formam

246 823 403 879 servi
442 823 741 895 accipiens,
765 830 954 879 tamen
1004 826 1062 880 in
1110 832 1381 882 aeternum
1421 845 1569 884 unus
1599 829 1859 901 idemque

245 917 407 968 recte
426 913 964 969 incommutabiliter
979 930 1306 985 permanere
1322 918 1449 971 cred
1456 918 1535 973 itu
1543 935 1586 984 r,
1604 919 1735 973 licet
1747 936 1858 974 non

243 1002 712 1057 inconvenienter
731 1002 891 1057 sedes
936 1004 986 1057 ei
1016 1005 1322 1059 secundum
1354 1006 1753 1073 humilitatem,
1798 1010 1855 1063 in

241 1091 515 1146 Saeculum
549 1091 733 1147 saeculi
751 1098 1067 1163 praeparata
1082 1094 1418 1165 praedicatur
1441 1114 1451 1148 :
1478 1112 1599 1167 qua:
1624 1103 1855 1169 propter

240 1181 655 1236 mortalitatem
671 1187 1041 1253 assumptam,
1064 1191 1325 1255 suscepta
1344 1185 1723 1256 cognoscitur.
1756 1188 1849 1242 Id-

235 1269 394 1324 circo
430 1270 489 1325 in
527 1276 801 1325 aeternum
842 1278 1083 1343 utraque
1112 1278 1317 1328 natura
1354 1291 1685 1346 permanere
1714 1276 1853 1331 dici-

233 1362 358 1414 tur.
393 1359 458 1413 Et
483 1363 687 1414 solium
713 1363 893 1426 tuum,
922 1360 1121 1431 inquit,
1144 1365 1209 1416 in
1235 1366 1586 1430 generatione
1614 1371 1663 1418 et
1691 1382 1852 1433 gene-

224 1452 534 1508 rationem.
550 1454 615 1503 ut
632 1449 764 1504 dum
788 1450 993 1504 solium
1018 1451 1303 1522 regnantis
1322 1451 1586 1515 intendis,
1595 1453 1842 1522 judicem

224 1554 471 1594 summa;
493 1538 788 1609 potestatis
822 1555 1153 1611 expavescas
1187 1559 1199 1593 :
1234 1545 1289 1595 et
1317 1541 1365 1595 si
1409 1541 1657 1595 humana
1691 1559 1840 1597 mor-

1943 473 2279 526 innmneris.
2312 474 2391 528 Ac
2418 484 2710 547 propterea
2741 488 2923 538 totum
2952 494 3115 557 rogat
3143 489 3439 562 Pr0pheta,
3471 510 3542 549 ne

1944 561 2119 614 nostri
2141 561 2499 618 obliviscatur
2529 567 2828 631 Dominus.
2869 590 2980 629 non
3004 576 3127 632 dico
3159 580 3229 632 ad
3254 561 3539 637 modicum

1942 656 2327 714 netentemur,
2348 654 2443 707 sed
2469 654 2523 708 in
2545 666 2874 729 perpetuum
2900 681 2969 718 ne
2999 665 3431 737 absorbeamur;
3476 688 3543 726 ac

1942 738 2143 793 deinde
2162 741 2586 799 reminiscentes
2607 756 2785 818 regat,
2808 767 2878 805 ne
2909 753 3265 827 derelinquat
3288 775 3389 813 nos
3413 777 3543 831 pas-

1941 827 2193 882 sionibus
2224 830 2533 902 subjacere,
2566 837 2663 890 sed
2716 841 3010 897 conﬁrmet
3042 850 3106 899 ut
3149 827 3545 906 convertamur

1941 918 2009 970 ad
2033 934 2181 982 eum,
2205 935 2369 990 quem
2402 927 2524 977 toto
2555 926 2721 981 corde
2740 928 3256 1002 diligerejubemur
3293 938 3436 993 Hinc
3456 945 3543 994 est

1939 1007 2084 1076 quod
2117 1008 2403 1079 sequitur:
2439 1012 2695 1069 Converte
2724 1033 2839 1082 nos,
2856 1020 3104 1087 Domine,
3136 1026 3209 1077 ad
3238 1030 3304 1091 te,
3337 1032 3387 1081 et
3414 1044 3539 1083 eon-

1934 1101 2231 1161 vertemur,
2252 1101 2455 1153 innova
2479 1102 2592 1155 dies
2609 1111 2817 1159 nostros
2836 1111 2977 1162 sicut
2999 1128 3033 1164 α
3048 1115 3344 1182 principio.
3370 1116 3536 1172 Novit

1930 1184 2107 1254 igitur
2139 1185 2420 1256 Propheta
2469 1191 2789 1247 aversiones
2847 1202 3092 1265 nostras,
3126 1202 3331 1257 multas
3370 1220 3529 1273 esse;

1938 1272 2145 1327 idcirco
2175 1282 2337 1345 rogat
2367 1284 2492 1347 post
2512 1280 2690 1334 multa
2746 1285 3043 1357 naufragia
3083 1296 3139 1343 et
3168 1296 3532 1363 tempestates

1934 1363 2232 1418 contractis
2278 1365 2507 1420 viribus.
2538 1368 2811 1426 Converte
2857 1391 2978 1441 nos,
3013 1378 3265 1445 Domine,
3320 1389 3376 1436 et
3404 1400 3531 1440 ron-

1931 1457 2231 1507 vertemur.
2264 1454 2478 1518 Quibus
2510 1457 2755 1527 profecto
2797 1462 2977 1518 verbis
3006 1466 3249 1536 pietatis,
3283 1471 3528 1541 primum

1924 1539 2191 1611 implorat
2218 1544 2459 1613 gratiam
2492 1560 2503 1595 :
2535 1546 2739 1602 deinde
2763 1566 2865 1620 per
2903 1556 3150 1620 ,ΜΟ
3172 1539 3412 1627 gratiam
3443 1578 3530 1617 re-

221 1627 426 1682 talitas
445 1629 639 1682 multis
651 1628 846 1683 attrita
868 1630 1341 1701 corruptionibus,
1365 1638 1428 1686 ut
1439 1631 1835 1687 vestimentum
1856 1697 1901 1713 _
1923 1631 2203 1699 promittit
2223 1632 2537 1699 arbitrium,
2566 1642 2628 1690 ut
2655 1638 2885 1694 eﬂ‘ectus
2912 1643 3099 1713 capiat
3117 1648 3335 1702 salutis.
3369 1650 3523 1705 Alio-

222 1722 551 1779 veterascit.
584 1723 707 1793 ejus
732 1722 975 1776 essentia
1002 1729 1057 1777 et
1100 1725 1385 1794 majestas,
1419 1724 1743 1779 indeﬁciens
1782 1697 2056 1789 θιΒιιιιίη
2088 1720 2195 1774 Diei
2222 1739 2322 1792 per
2345 1724 2608 1793 gratiam.
2643 1728 2830 1782 nullus
2889 1697 2994 1784 est.
3024 1735 3119 1803 qui
3168 1745 3526 1795 convertatur

221 1810 713 1865 incommutabilis
742 1812 1020 1866 credatur.
1055 1813 1357 1867 Convertat
1382 1819 1569 1868 autem
1604 1830 1664 1867 se
1698 1815 1834 1869 Pro-

222 1899 406 1970 pheta
430 1906 612 1954 totum
636 1900 706 1954 ad
735 1900 936 1965 Deum,
970 1906 1172 1955 cuncta
1228 1901 1538 1971 despiciens
1563 1902 1829 1968 labentia,

222 1988 325 2059 qui
347 2004 573 2060 semper
598 1989 746 2043 idem
777 1995 864 2043 est
894 2008 906 2042 :
940 1996 1003 2044 ut
1034 2007 1098 2043 ex
1133 1991 1234 2044 hoc
1262 1990 1410 2044 inter
1458 1991 1612 2046 varia
1642 1992 1832 2047 disc’ri-

220 2077 388 2131 mina
416 2078 544 2133 vitaa
574 2078 1012 2133 consolationem
1043 2079 1297 2150 accipiat.
1346 2080 1504 2134 Unde
1525 2082 1832 2151 querelosis

219 2166 489 2237 precibus
519 2167 789 2222 auxilium
820 2167 1120 2239 implorat:
1148 2171 1345 2236 Quare,
1383 2167 1583 2239 inquit,
1612 2174 1674 2223 in
1703 2187 1830 2239 per-

213 2261 457 2325 petuum
487 2259 822 2311 obliviscaris
846 2260 1044 2322 nostri,
1076 2259 1416 2327 deretinquis
1440 2274 1534 2312 nos
1562 2261 1625 2313 in
1655 2263 1831 2327 longi-

222 2345 656 2399 tudinedierum
678 2351 701 2398 ?
727 2345 854 2399 Non
885 2345 1031 2415 quod
1055 2344 1519 2400 Deusvthesauros
1546 2348 1830 2402 memoriae

218 2432 485 2488 amiserit
510 2440 613 2488 aut
641 2434 911 2492 scientia
950 2434 1036 2488 vel
1057 2434 1189 2505 quia
1216 2435 1405 2489 differt
1453 2436 1669 2490 occulto
1699 2453 1832 2507 quo-

218 2521 358 2576 dam
385 2522 598 2593 judicio
650 2523 920 2577 auxilium
951 2529 1218 2594 praestare
1265 2525 1476 2590 statim,
1510 2525 1642 2579 dum
1669 2526 1830 2596 quasi

226 2616 407 2677 [54
421 2617 482 2676 8
505 2610 739 2683 despicit
766 2610 1145 2678 obsecrantes,
1167 2618 1226 2667 et
1244 2613 1415 2667 corda
1443 2630 1556 2667 non
1583 2614 1831 2668 consola-

216 2704 315 2753 tur
335 2699 398 2753 in
418 2701 680 2771 angustia
695 2700 1086 2771 depressorum
1108 2719 1119 2754 :
1149 2702 1260 2755 imo
1277 2702 1347 2756 ad
1396 2702 1675 2757 modicum
1701 2720 1828 2757 cum

218 2787 462 2854 deserit,
494 2796 560 2843 ut
586 2806 686 2861 per
714 2790 1041 2861 patientiam
1074 2792 1288 2861 probet,
1321 2797 1377 2845 et
1419 2809 1518 2863 per
1540 2792 1827 2846 victoriam

221 2884 555 2933 remaneret
584 2895 724 2949 quos
775 2879 1113 2950 probaverit,
1148 2897 1213 2934 ex
1256 2881 1503 2935 humana
1526 2881 1829 2951 fragilitate

218 2982 386 3022 mens
417 2967 731 3039 quibusque
755 2970 948 3039 pressa
986 2968 1258 3023 molestiis
1312 2970 1491 3024 Deum
1549 2971 1831 3025 existimat

1917 1824 2165 1871 aversus,
2203 1811 2337 1880 quia
2367 1819 2621 1867 nostrum
2653 1822 2739 1869 est
2755 1819 2900 1887 quod
2924 1823 3259 1879 cecidimus:
3296 1827 3395 1881 Dei
3426 1845 3524 1883 au-

1914 1902 2026 1950 tem
2041 1899 2188 1967 quod
2201 1901 2547 1970 resurgimus
2571 1921 2583 1969 ;
2610 1910 2709 1957 aut
2728 1905 2803 1959 sit
2830 1911 3137 1965 secundum
3158 1914 3518 1984 Apostolum:

1913 1987 2095 2055 Neque
2120 1992 2348 2042 volent-is
2376 2005 2543 2057 neque
2574 1997 2851 2048 currentis
2882 2015 2897 2050 :
2928 2001 3019 2051 sed
3081 2004 3395 2057 miserentis
3424 2007 3521 2060 Dei

1912 2076 2088 2141 (Rom.
2122 2090 2220 2131 Ix‘.
2254 2077 2323 2131 Et
2353 2079 2660 2133 notandum
2694 2083 2841 2152 quod
2871 2085 2940 2139 ad
2970 2092 3045 2150 te,
3080 2088 3281 2160 inquit.
3314 2091 3517 2147 intelli-

1910 2180 2030 2233 gas,
2066 2165 2337 2236 quidquid
2369 2175 2454 2221 est
2478 2169 2625 2238 quod
2654 2170 2787 2225 alibi
2811 2172 3173 2239 intendimus,
3201 2179 3333 2249 quia
3361 2198 3517 2237 aver-

1910 2253 1993 2307 sio
2021 2260 2126 2307 est.
2156 2254 2351 2325 Neque
2380 2256 2529 2310 enim
2571 2260 2778 2314 sufﬁcit
2808 2267 2867 2316 ut
2896 2271 3183 2319 convertat
3210 2284 3312 2323 nos
3342 2270 3510 2338 Deus,

1911 2340 2019 2396 nisi
2050 2349 2108 2396 et
2128 2359 2227 2397 nos
2256 2344 2325 2397 ad
2354 2360 2482 2399 eum
2513 2362 2615 2417 per
2639 2349 2881 2418 gratiam
2904 2359 3094 2409 nostra
3118 2362 3514 2414 convertamur

1912 2432 2201 2486 voluntate
2254 2434 2355 2487 Est
2378 2443 2565 2489 autem
2602 2438 3016 2507 quodammodo
3065 2444 3316 2500 velamen
3355 2447 3514 2502 inﬁr-

1913 2520 2126 2574 mitatis
2144 2526 2367 2587 [ιο-εγω,
2386 2525 2644 2579 sensibus
2666 2528 2873 2582 nostris
2892 2530 3199 2601 objectum:
3234 2536 3382 2606 quod
3403 2537 3513 2592 nisi

1911 2608 2082 2663 fuerit
2108 2610 2518 2667 illuminatione
2545 2614 2753 2670 Christi
2782 2617 3124 2685 submotum,
3167 2626 3414 2679 converti
3442 2626 3514 2681 ad

1913 2698 2090 2752 Deum
2130 2699 2286 2753 nulla
2312 2702 2530 2757 ratione
2561 2704 2810 2760 valemus
2848 2708 3006 2762 Unde
3023 2712 3088 2763 tit
3107 2717 3171 2766 ut
3198 2719 3253 2765 et
3284 2712 3513 2770 libertas

1912 2787 2183 2841 reddatur
2200 2806 2298 2859 per
2314 2790 2577 2860 gratiam,
2614 2799 2671 2846 et
2697 2796 2881 2864 gratia
2902 2797 3179 2854 libertatis
3207 2818 3513 2874 cooperen-

1912 2879 2007 2929 tur
2035 2876 2268 2931 arbitrio
2294 2878 2451 2934 bona:-
2474 2881 2793 2937 voluntatis.
2828 2885 2894 2939 Et
2928 2886 3054 2941 ideo
3083 2892 3398 2947 exorandus
3425 2899 3512 2949 est

1910 2965 2079 3027 Deus,
2113 2973 2177 3020 ut
2204 2983 2305 3021 nos
2335 2968 2405 3021 ad
2451 2986 2510 3023 se
2542 2978 2670 3041 post
2723 2976 3063 3044 apostasiam
3110 2987 3314 3034 nostrae
3351 2999 3513 3037 aver-

219 3055 497 3111 oblivisci.
530 3056 674 3111 Nam
719 3056 921 3112 oblivio
971 3057 1181 3112 fontem
1236 3059 1486 3130 cooperit
1517 3059 1887 3122 charitatis,C
1910 3054 2083 3108 SiODiS
2112 3064 2434 3111 convertere
2466 3058 2747 3129 dignetur.
2790 3064 2928 3127 Quis
2957 3066 3105 3121 enim
3137 3075 3328 3140 septus
3363 3079 3513 3127 tene-

218 3145 531 3200 miserendi
555 3147 665 3201 cito
694 3146 978 3201 subtrahit
994 3147 1316 3202 facultatem
1342 3166 1353 3201 :
1378 3148 1640 3203 obtundit
1651 3149 1825 3203 aciem

218 3235 558 3305 prestandaa
574 3236 788 3306 gratiae.
817 3253 917 3291 nec
933 3236 1068 3290 sinit
1092 3237 1358 3292 auxilium
1405 3244 1671 3308 praestare
1701 3255 1829 3293 mox

221 3322 280 3377 in
315 3323 547 3378 miseria
570 3325 910 3379 constitutis.
944 3325 1101 3389 Quod
1135 3325 1275 3380 bene
1302 3327 1602 3398 «Propheta
1630 3344 1830 3397 cogno-

221 3428 387 3466 scens
402 3412 597 3468 deﬂet:
620 3414 825 3480 Quare,
843 3414 1044 3485 inquit,
1065 3416 1118 3468 in
1135 3424 1465 3486 perpetuum
1488 3415 1828 3469 Oblivisceris

219 3502 404 3556 nostri
424 3502 451 3555 7
480 3503 572 3574 qui
603 3504 650 3557 si
676 3504 747 3557 ad
798 3504 1076 3558 modicum
1108 3505 1268 3575 quasi
1325 3504 1551 3569 oblitus,
1582 3506 1826 3576 gratiam

220 3598 497 3662 prestare
518 3592 825 3656 distuleris,
851 3592 1061 3655 multis,
1095 3594 1346 3665 depressi
1376 3594 1551 3648 ruinze
1582 3596 1820 3667 casibus,

221 3681 378 3736 vitiis
390 3680 825 3751 subjacebimus.
863 3681 1073 3736 Idcirco
1092 3699 1317 3753 semper
1344 3684 1684 3738 exorandum
1714 3694 1817 3754 est,

221 3785 291 3824 ne
320 3770 687 3841 derelinquas
717 3787 820 3825 nos
846 3771 905 3825 in
934 3771 1343 3842 longitudinem
1376 3772 1617 3827 dierum.
1662 3774 1821 3830 Unde

221 3866 550 3915 necesseest
569 3876 793 3932 semper
807 3861 929 3931 ejus
965 3877 1243 3915 memores
1274 3861 1482 3915 simus:
1517 3867 1580 3916 ut
1604 3868 1660 3917 et
1704 3863 1824 3935 ipse

222 3950 405 4005 nostri
437 3966 653 4005 memor
680 3950 1034 4005 misereatur.
1076 3950 1194 4004 Nec
1230 3952 1378 4005 enim
1432 3951 1823 4008 obliviscentes

224 4054 282 4093 se
308 4038 721 4104 recordabitur,
756 4039 866 4094 nisi
912 4039 984 4093 ad
1029 4039 1133 4093 hor.
1175 4045 1420 4103 tantum,
1450 4046 1514 4095 ut
1560 4042 1683 4111 ejus
1723 4059 1815 4113 per

220 4129 466 4199 gratiam
514 4128 765 4183 insinuet
813 4112 1237 4200 requirendum,
1274 4129 1420 4200 quod
1477 4130 1633 4201 prius
1666 4112 1822 4187 mens

222 4220 371 4273 male
391 4218 580 4273 nescia
598 4218 882 4289 inquirere
903 4218 1205 4273 nesciebat.
1238 4217 1387 4290 Ergo
1440 4219 1574 4275 dum
1606 4236 1673 4275 ea
1699 4238 1822 4293 quae

1911 3141 2045 3204 bris,
2066 3148 2259 3213 potest
2286 3145 2420 3199 solis
2459 3148 2713 3202 contueri
2752 3150 3109 3207 claritatem?
3153 3158 3267 3211 Aut
3304 3175 3414 3229 quo
3452 3160 3512 3216 in

1912 3230 2032 3285 loco
2064 3232 2389 3303 requiritur.
2424 3253 2590 3306 quem
2608 3238 2838 3302 scimus,
2863 3240 2919 3294 in
2941 3234 3106 3297 terris
3128 3244 3378 3301 invenire
3399 3265 3514 3304 non

1911 3322 2249 3390 possumus?
2274 3322 2472 3378 Restat
2520 3325 2694 3395 igitur
2742 3331 3000 3399 quamvis
3030 3333 3274 3389 tenebris
3302 3336 3515 3393 obsessi

1909 3409 2106 3473 simus,
2124 3411 2465 3481 fulgentibus
2490 3415 2659 3469 radiis
2690 3434 2789 3486 per
2810 3420 3073 3487 gratiam,
3093 3429 3156 3475 ut
3177 3424 3259 3477 sol
3274 3424 3512 3494 justitiaa

1908 3499 2126 3553 oriatur
2149 3500 2207 3554 in
2237 3500 2414 3563 nobis,
2450 3502 2546 3571 qui
2579 3504 2751 3558 nullis
2782 3505 3069 3562 obtinetur
3100 3511 3504 3581 voluptatibus,

1906 3605 2008 3658 per
2035 3589 2309 3644 libertatis
2357 3590 2673 3658 arbitrium,
2754 3596 2852 3649 sed
2907 3615 2970 3650 ex
3018 3597 3295 3654 infusione
3327 3604 3507 3658 sancti

1905 3676 2146 3748 Spiritus
2170 3679 2414 3732 Charitas
2443 3680 2715 3735 radiatur.
2748 3682 2906 3737 Unde
2931 3684 3209 3756 Propheta
3236 3706 3512 3746 aconver-

1906 3766 2019 3820 sis:
2052 3768 2116 3821 Et
2140 3783 2311 3834 nunc,
2365 3769 2567 3840 inquit,
2602 3774 2889 3839 sequimur
2920 3776 2984 3827 in
3006 3781 3112 3829 toto
3142 3780 3319 3843 corde,
3353 3784 3507 3835 time-

1908 3872 2032 3909 mus
2065 3862 2129 3923 te,
2162 3863 2210 3911 et
2231 3862 2533 3927 querimus
2551 3862 2750 3926 [aciem
2789 3867 2965 3926 tuam,
2998 3864 3245 3933 Domine,
3279 3884 3346 3922 ne
3373 3884 3504 3924 con-

1903 3946 2114 4013 fundas
2140 3962 2253 4000 nos.
2280 3946 2386 4011 Qui
2415 3964 2547 4019 ergo
2584 3964 2653 4003 ex
2707 3954 2825 4004 toto
2854 3951 3021 4007 corde
3050 3955 3324 4025 sequitur,
3367 3975 3503 4013 con-

1903 4050 2117 4100 versus,
2140 4043 2266 4106 post
2297 4044 2519 4107 tergum
2553 4038 2654 4092 Dei
2684 4038 2771 4092 sui
2806 4039 2889 4094 ire
2936 4058 3065 4098 non.
3103 4046 3356 4111 retardat
3384 4069 3397 4104 :
3438 4063 3506 4103 ac

1902 4130 2201 4195 propterea
2242 4127 2533 4196 sequitur:
2566 4130 2781 4182 Innova
2840 4131 2954 4183 dies
3008 4138 3222 4188 nostros
3278 4140 3419 4190 sicut
3467 4153 3503 4192 a

1897 4216 2197 4283 principio.
2230 4214 2304 4270 Ut
2322 4218 2395 4269 ad
2429 4218 2685 4271 brevium
2718 4218 3055 4291 quandoque
3085 4238 3376 4280 conversus
3405 4243 3503 4281 su-

222 4308 511 4363 memoriag
538 4307 843 4363 inseruerit
860 4307 1204 4368 dilabuntur,
1236 4308 1344 4362 nisi
1388 4326 1585 4365 rursus
1614 4328 1714 4381 per
1735 4328 1823 4366 οο.
1896 4318 2083 4371 pernae
2105 4307 2401 4359 vocationis
2430 4306 2715 4377 pertingat
2743 4328 2755 4361 :
2799 4308 2933 4379 quia
2962 4312 3247 4367 conversio
3278 4314 3504 4372 initium

222 4396 432 4451 cultam
460 4396 706 4467 gratiam
736 4396 931 4452 itidem
989 4397 1364 4468 impii-merit,
1396 4398 1656 4469 passione
1684 4389 1886 4455 obii.D
1904 4397 1990 4445 est
2024 4393 2393 4463 reparationis
2422 4396 2668 4467 antiquae
2698 4398 2842 4453 vitae.
2878 4399 3053 4454 Porro
3083 4401 3367 4458 innovatio
3382 4406 3503 4461 die-

221 4485 403 4540 vionis
420 4487 478 4540 in
510 4485 700 4540 animo
728 4486 1120 4541 obliterantur.
1167 4486 1436 4541 Priesidet
1477 4487 1624 4542 enim
1672 4490 1821 4545 Deus

221 4574 508 4630 thesauris
527 4575 812 4631 memoriae
834 4582 1058 4639 nostrae,
1083 4575 1177 4647 qui
1197 4582 1327 4631 sunt
1344 4576 1578 4649 abyssus
1608 4580 1814 4634 multa:

223 4669 278 4719 et
302 4665 523 4719 occulta
551 4664 795 4735 quadam
823 4665 1239 4736 dispensatione
1268 4682 1388 4728 sua,
1424 4684 1546 4738 quae
1569 4666 1681 4722 illic
1737 4686 1821 4723 re-

222 4754 469 4809 condita.
493 4754 907 4825 quodammodo
926 4760 1225 4827 temperat,
1265 4756 1523 4811 medetur
1542 4763 1601 4812 et
1628 4758 1818 4830 dispo-

220 4842 326 4901 nit.
351 4843 512 4899 Unde
532 4843 742 4899 dictum
765 4851 851 4899 est
872 4858 883 4894 :
909 4846 1344 4901 Rcminiscentur
1362 4852 1409 4900 et
1433 4854 1820 4903 convertentur

223 4935 294 4988 ad
320 4935 646 4999 Dominum,
682 4937 933 4989 universi
958 4937 1091 5002 ﬁnes
1137 4939 1295 4989 terra:
1344 4936 1501 4997 (Psal.
1540 4940 1669 5003 xxi).
1715 4937 1817 4991 Re-

223 5023 594 5079 miniscentur
616 5024 841 5095 quidem
872 5025 1046 5095 prius,
1079 5041 1150 5079 ne
1180 5029 1237 5078 et
1281 5023 1386 5095 ipsi
1419 5024 1812 5081 mandatorum

222 5111 322 5167 Dei
349 5113 748 5169 obliviscantur
779 5129 793 5163 :
825 5114 1028 5168 deinde
1073 5131 1269 5169 rursus
1313 5121 1709 5169 convertentur
1744 5116 1812 5170 ad

221 5200 558 5256 Dominum:
592 5209 655 5256 ut
680 5218 803 5273 quae
863 5202 1147 5257 memoria;
1203 5202 1476 5274 inspirata
1522 5210 1674 5267 sunt,
1717 5221 1818 5275 per

223 5291 449 5347 occultae
471 5290 855 5362 inspirationis
895 5292 1137 5361 gratiam
1172 5291 1320 5346 vobis
1366 5291 1626 5347 omnibus
1672 5310 1819 5347 com-

221 5379 498 5449 pleantur.
531 5381 677 5445 Quid
706 5381 855 5435 enim
905 5380 1301 5447 reminiscitur,
1344 5382 1452 5436 nisi
1483 5383 1624 5452 ejus,
1668 5380 1817 5453 quod

222 5470 504 5526 memorie
522 5470 882 5525 commissum
930 5470 1080 5525 fuit?
1108 5473 1219 5525 Aut
1258 5472 1388 5542 quid
1446 5472 1809 5538 obliviscitur,

221 5557 327 5614 nisi
354 5560 502 5632 quod
518 5559 641 5616 sine
662 5559 831 5617 dubio
849 5560 1085 5617 insitum
1123 5559 1234 5617 fuit
1260 5560 1490 5617 animo?
1513 5561 1674 5619 Unde
1702 5562 1815 5618 Do-

1903 4497 2047 4544 rum,
2067 4482 2346 4554 perceptio
2367 4489 2455 4538 est
2481 4485 2810 4540 aeternitatis
2856 4488 2935 4541 De
2965 4505 3076 4559 qua
3102 4506 3236 4545 sane
3281 4491 3503 4549 dierum

1902 4571 2251 4636 aeternitatis,
2286 4572 2343 4626 in
2367 4589 2603 4643 persona
2642 4575 2850 4651 Christi
2892 4576 3174 4648 Propheta
3201 4580 3354 4636 canit
3386 4601 3397 4637 :
3433 4584 3504 4639 Et

1900 4676 2141 4728 egressus
2166 4666 2302 4728 ejus,
2334 4662 2536 4732 inquit,
2568 4666 2708 4717 sirut
2736 4682 2770 4718 a
2796 4668 3077 4733 principio
3097 4669 3319 4724 dierum
3351 4677 3503 4727 aeter-

1901 4751 2114 4804 nitatis.
2141 4749 2225 4803 Ad
2241 4751 2389 4820 quod
2408 4768 2543 4806 sane
2566 4752 2902 4823 principium
2929 4754 3305 4813 innovationis
3338 4777 3498 4817 revo-

1899 4854 2115 4905 camur,
2147 4855 2273 4893 cum
2304 4841 2683 4895 convertimur
2714 4860 2725 4894 :
2762 4858 2888 4896 cum
2939 4851 3127 4899 autem
3166 4856 3499 4917 perventum

1898 4927 2069 4983 fuerit
2097 4929 2165 4983 ad
2206 4928 2281 4993 id,
2316 4929 2728 4985 innovabimur.
2773 4930 3097 4988 Renovatur
3127 4942 3317 4992 autem
3345 4940 3497 5011 quod

1898 5017 2270 5074 inveteratum
2301 5025 2386 5073 est
2438 5024 2497 5074 et
2544 5021 2943 5093 corrumpitur,
2998 5024 3133 5095 quia
3171 5026 3290 5082 dies
3317 5029 3496 5084 nostri

1897 5106 1954 5160 in
1978 5109 2252 5177 paradiso,
2282 5126 2421 5179 quos
2450 5110 2644 5164 habuit
2674 5111 2885 5182 primus
2930 5113 3118 5177 homo,
3152 5115 3495 5172 immortales

1898 5203 2076 5253 erant.
2108 5197 2166 5251 in
2196 5199 2475 5254 mandatis
2512 5201 2607 5254 Dei
2634 5202 2679 5255 si
2714 5204 3130 5272 permansisset.
3166 5205 3492 5275 priusquam

1899 5292 2279 5341 averteremur
2298 5288 2367 5341 ab
2396 5307 2480 5343 eo.
2504 5289 2661 5344 Unde
2693 5292 2823 5362 quia
2867 5299 2901 5358 |
2922 5298 3110 5359 ἥδε)
3130 5310 3228 5363 per
3247 5294 3491 5349 aversio-

1898 5394 2025 5432 nem
2053 5379 2354 5433 cecidimus
2382 5379 2434 5433 in
2495 5388 2849 5443 vetustatem,
2883 5386 2941 5435 et
2992 5380 3337 5452 perdidimus
3372 5383 3493 5439 dies

1896 5469 2249 5534 aeternitatis,
2281 5469 2436 5524 novit
2486 5470 2767 5542 Propheta
2814 5486 2913 5541 per
2946 5470 3363 5526 conversionem
3396 5490 3491 5527 eos

1897 5576 2060 5631 posse
2080 5560 2407 5628 restaurari,
2450 5559 2656 5617 idcirco
2672 5560 2841 5617 etiam
2864 5559 2997 5615 alibi
3025 5566 3150 5616 orat
3173 5579 3186 5616 :
3217 5562 3490 5618 Converte
