3960 6168
239 236 383 295 1⁸257

868 237 1007 293 LIB.
1050 237 1144 293 DE
1185 238 1520 296 CORPORE
1561 240 1651 295 ET
1690 241 2059 298 SANGUINE
2096 242 2378 299 DOMINI.
2425 272 2490 284 —
2527 244 2888 301 MONITUM.

3377 249 3514 337 125:3

225 363 474 448 perinde
488 363 573 448 sit
580 363 725 416 hanc
743 378 815 416 an
816 362 989 448 illum
1003 364 1338 448 impugnare
1358 371 1457 421 aut
1470 366 1787 448 defendere,
1809 390 1831 415 ι
1853 370 1904 429 Α
1919 366 2083 448 νει·δὲ
2141 372 2312 448 atque
2356 370 2666 448 sententias
2714 369 3062 448 suborn_arit_
3086 374 3509 448 intruseritque,

226 433 367 510 cum
400 440 457 488 et
478 452 509 510 ς
522 433 782 510 _R_om_an_a
814 434 1054 510 Ecclesia
1073 433 1191 490 Rad
1201 435 1418 510 bertum
1442 440 1589 510 velut
1610 444 1836 510 aposto-

225 506 359 560 licae
389 505 708 559 traditionis
738 506 841 559 hac
883 505 940 559 in
972 523 1141 561 causa
1169 507 1433 562 eximium
1475 505 1836 564 interpretem

227 593 304 630 ac
333 576 689 647 defensorem
714 582 998 647 agnoscat.
1034 596 1059 629 υ
1095 578 1241 642 Quin
1272 584 1327 632 et
1356 580 1411 634 S.
1445 580 1584 646 Odo,
1617 576 1842 635 Clunia-

229 646 425 722 censis
455 645 648 722 abbas,
678 645 861 722 in'lib.
898 648 1364 722 It_Collationum,
1398 645 1591 722 relatis
1626 652 1843 722 aliquot

228 718 376 791 locis
404 735 472 771 ex
498 717 640 791 libro
678 718 981 791 Paschasii,
1008 736 1109 791 cap
1163 720 1233 791 30
1263 727 1321 775 et
1351 720 1438 786 31,
1470 722 1585 777 haec
1610 717 1837 777 subdit:

233 808 259 842 ι
301 789 433 844 Haec
461 795 517 842 et
545 789 657 843 alia
682 789 859 843 multo
881 789 1044 859 plura
1068 789 1131 843 ex
1152 790 1314 845 dictis
1337 792 1567 847 Patrum
1594 793 1663 847 ad
1688 810 1839 848 reve-

229 859 481 935 rentiam
514 860 689 935 ipsius
719 860 971 935 mysterii
1002 862 1503 935 commendandam
1525 870 1695 935 atque
1716 882 1836 919 ma-

196 992 201 1001 ,
220 932 499 1001 jestatem
549 932 670 1002 ejus
713 930 1207 986 demonstrandam
1248 935 1460 989 conscri
1505 930 1753 1006 sitfquze
1791 937 1839 990 si

236 1002 395 1058 auis.
425 1001 557 1055 licet
576 1002 798 1058 sciolus.
828 1003 1044 1058 legerit.
1067 1009 1222 1058 tanta
1249 1006 1415 1058 credo
1444 952 1638 1058 (ἕδεα.
1673 1014 1735 1058 ut
1770 1008 1839 1058 de

236 1002 395 1073 quis,
425 1001 557 1055 licet
576 1002 798 1073 sciolus,
828 1003 1044 1072 legerit,
1067 1009 1222 1058 tanta
1249 1006 1415 1059 credo
1444 1001 1735 1071 discetfut
1770 1008 1839 1061 de

229 1072 355 1149 lioc_
368 1072 634 1149 mysterio
657 1089 855 1149 parum
876 1090 936 1127 se
962 1073 1231 1149 hactenus
1252 1078 1579 1149 cognovisse
1603 1084 1781 1149 putet.
1806 1098 1834 1149 ρ)

318 1143 527 1219 Quanti
549 1160 681 1219 ergo
706 1143 780 1197 sit
796 1145 1063 1199 momenti
1082 1143 1439 1219 testumtejus
1463 1143 1664 1219 purum
1692 1156 1749 1203 et
1767 1148 1839 1203 ab

234 1215 396 1291 omni
444 1214 649 1269 mendo
679 1222 1081 1291 _expurgatum,
1116 1215 1185 1270 ab
1216 1214 1408 1291 eodem
1438 1214 1667 1274 auctore
1696 1237 1838 1291 prae-

233 1286 438 1362 sertim
470 1285 816 1355 recognitum
849 1292 909 1339 et
935 1293 1182 1362 auctum;
1216 1288 1349 1362 viris
1377 1290 1613 1345 eruditis
1642 1285 1714 1345 ac
1735 1291 1840 1362 piis

236 1356 527 1431 exhibere.
577 1372 742 1431 nemo
780 1373 905 1431 non
938 1358 1106 1412 videt.
1142 1360 1209 1413 Et
1256 1360 1399 1415 hanc
1436 1362 1662 1431 quidem
1692 1356 1751 1416 in
1780 1379 1841 1417 se

282 1428 586 1482 rovinciam
612 1428 732 1501 jam
787 1428 999 1498 pridem
1056 1437 1381 1501 susceperat
1416 1428 1607 1487 noster
1642 1433 1843 1487 Petrus

263 1498 553 1563 iabbalier,
583 1498 678 1568 qui
703 1513 829 1552 cum
852 1506 1073 1554 sanctos
1095 1498 1289 1556 Patres
1313 1502 1382 1556 de
1404 1503 1754 1558 Eucharistia
1776 1521 1844 1559 ex

237 1570 496 1644 professo
530 1576 866 1644 tractantes,
889 1571 959 1623 ad
1004 1573 1412 1644 manuscripros
1440 1575 1657 1630 codices
1688 1592 1844 1630 reco-

326 1641 434 1718 itos
462 1639 739 1718 publicam
765 1641 824 1694 in
852 1641 1034 1697 lucem
1065 1644 1231 1718 edere
1252 1639 1638 1718 meditaretur,
1658 1647 1844 1718 ipsum

1921 455 2033 524 quc
2044 438 2402 524 Paschasium
2417 440 2715 524 errorisuo
2730 438 3462 524 patrocinari‘pereuaderét.
3480 438 3505 499 xi

1992 510 2293 581 Duodecim
2324 519 2451 581 post
2477 512 2660 577 annis,
2688 510 2957 569 nimirum
2994 510 3146 577 1540.
3179 517 3512 573 Guillelmus

1920 580 2117 664 Ratus,
2165 580 2360 666 doctor
2399 582 2711 666 theologus,
2765 585 3008 641 ecclesia
3042 585 3512 666 Bothomagensis

1922 653 2221 706 canonicus
2245 657 2302 705 et
2325 653 2794 723 pmnitentiarius,
2825 671 2952 710 cum
2981 673 3017 710 a
3042 653 3356 713 Francisco'
3368 657 3515 722 Qua-

1923 722 2105 801 drato,
2136 722 2398 801 Beccensi
2435 725 2728 801 monacho,
2758 726 3074 801 Lanfranci,
3110 729 3514 801 archiepiscopi

1924 794 2344 871 Cantuariensis
2362 796 2760 871 Beccensisque
2776 797 2906 851 olim
2927 800 3204 865 monachi,
3218 794 3515 871 Dialoguin

1922 864 2408 942 in_Bereugarium
2433 864 2861 942 haeresiarcham
2884 864 3205 942 accepisset,
3233 864 3515 942 illum'pu-

1920 934 2121 1012 blicam
2166 934 2225 989 in
2253 935 2979 1012 lucem_emittere_statuit,
2999 934 3169 1012 atque
3194 934 3268 995 ut
3289 934 3511 1012 justum

1921 1006 2140 1061 efﬁcere
2162 1013 2349 1078 posset
2369 1008 2490 1062 volo
2499 1024 2625 1063 men
2636 1050 2648 1070 ,
2661 1010 2713 1064 ei
2726 1009 3009 1066 Paschasii
3022 1006 3513 1066 Radberti'librnm

1922 1077 1991 1153 de
2012 1077 2267 1153 Corpore
2296 1083 2353 1153 et
2390 1079 2673 1153 sanguine
2720 1080 2943 1136 Domini
2979 1082 3255 1153 adjunxit,
3287 1083 3513 1153 praeﬁxo

1919 1148 2028 1220 ipsi
2065 1148 2170 1203 hoc
2197 1148 2361 1202 titulo
2390 1167 2402 1202 :
2437 1148 2528 1204 Ea?
2546 1154 2928 1205 vetustissimis
2956 1148 3383 1207 crthodoxorum
3412 1156 3516 1209 Pa-

1922 1226 2073 1274 trum
2096 1221 2385 1288 Cypriani,
2412 1221 2643 1286 Hilarii,
2666 1222 2963 1289 Ambrosii,
2986 1226 3307 1291 Augustini.
3327 1225 3516 1279 Hiera-

1923 1294 2100 1361 nymi,
2136 1291 2345 1351 lsichii,
2379 1296 2428 1345 ct
2464 1293 2761 1357 Paschasii,
2795 1294 2859 1347 de
2883 1297 3126 1360 genuino
3155 1295 3516 1349 Eucharistia

1925 1364 2130 1430 negotii
2147 1363 2428 1415 intellectu
2449 1368 2499 1416 et
2516 1379 2624 1415 usu
2640 1365 2876 1428 libellus,
2892 1381 2960 1418 ea:
2975 1366 3184 1419 divinis
3205 1365 3517 1433 Scripturis

1923 1434 1993 1486 ab
2020 1434 2217 1487 iisdem
2236 1433 2485 1486 dexterri
2490 1449 2571 1486 me
2599 1436 2882 1502 con/latus,
2907 1440 3101 1489 contra
3119 1451 3302 1490 omnes
3323 1452 3517 1491 vesano

1924 1506 2362 1557 sacramentario
2389 1506 2593 1572 spiritu
2618 1507 2995 1571 vertiginosos,
3019 1508 3118 1574 qui
3136 1522 3263 1559 cum
3284 1508 3391 1575 ipsi
3419 1508 3518 1561 Pa-

1928 1579 2082 1646 trum
2120 1575 2473 1643 opinionibus
2499 1575 2939 1643 pertinacissime
2976 1578 3325 1642 innitantur,
3354 1579 3519 1646 plane

1926 1644 2237 1701 Achilleum
2266 1647 2436 1698 telum
2478 1660 2657 1714 nuper
2686 1661 2751 1699 ea:
2778 1650 2981 1700 vetusto
3012 1650 3329 1715 exemplari,
3356 1644 3522 1702 bonis

297 1711 513 1790 adherti
546 1711 752 1790 librum
781 1728 904 1790 cum
934 1715 1334 1790 manuscriptis
1354 1717 1546 1786 viginti
1570 1711 2147 1790 jam'icon-Bavibus,
2158 1718 2220 1790 in
2245 1711 2626 1790 fanaticoru'm
2640 1719 2895 1769 omnium
2913 1711 3266 1790 interniciem
3277 1711 3524 1790 deprom-

238 1782 458 1836 tulerat
470 1801 489 1870 ς.
502 1782 614 1863 ,8Θά
644 1798 768 1836 cum
800 1783 871 1864 ad
902 1782 1309 1870 restituendam
1332 1782 1616 1868 sacrcrufn
1650 1782 1907 1870 Diblid—
1927 1792 2072 1851 pius.
2100 1785 2628 1870 ‘Cujuseditionem
2656 1803 2796 1870 ‘cum
2825 1789 3223 1870 manuscliptis
3258 1782 3521 1870 collatam

240 1869 370 1907 rum
399 1852 690 1924 antiquam
718 1854 1026 1909 versionem
1051 1856 1301 1911 Italicam
1330 1859 1520 1912 omnia
1537 1859 1724 1913 studia
1744 1875 1848 1913 sua

240 1924 630 2005 convertisset,
690 1924 973 1995 integrum
1003 1926 1253 1982 laborem
1309 1928 1447 1983 mihi
1507 1930 1656 1984 ultro
1710 1946 1844 1985 con-

237 2002 429 2049 cessit.

318 2066 550 2121 Codices
578 2071 769 2121 autem
801 2066 872 2120 ab
900 2083 967 2121 eo
996 2069 1183 2125 collati
1211 2070 1271 2124 hi
1300 2077 1434 2125 sunt
1458 2089 1470 2124 :

315 2136 628 2215 Anicifnsis
675 2138 919 2215 ecclesias
965 2140 1155 2215 codex_
1181 2141 1625 2213 antiquissimus,
1675 2148 1845 2215 atque

240 2208 423 2283 ipsius
455 2207 723 2262 Radberti
752 2217 915 2264 aetate
947 2213 1310 2283 conscriptus.

318 2279 624 2354 Puteanus,
651 2279 1179 2354 annorumcirciter
1194 2282 1316 2348 9:)0,
1348 2284 1444 2354 qui
1475 2285 1640 2338 modo
1665 2290 1847 2340 exstat

241 2349 304 2403 in
336 2349 674 2404 bibliotheca
706 2351 856 2420 regis
882 2349 1380 2419 Christianissimi;
1403 2372 1458 2411 n.
1492 2356 1657 2413 4356.

319 2420 678 2474 Bibliotheca
693 2422 945 2490 ejusdem
976 2423 1073 2477 alii
1105 2433 1218 2481 tres
1250 2426 1468 2480 codices
1489 2426 1646 2490 4070,
1677 2444 1849 2482 anno-

242 2492 643 2568 cum‘circiter
680 2492 799 2568 500.
836 2494 933 2564 qui
988 2494 1163 2568 factas
1220 2498 1490 2568 temporis
1531 2500 1772 2553 decursu
1815 2515 1850 2552 a

244 2562 547 2636 Paschasio
575 2562 920 2636 accessiones
942 2567 1212 2634 continet,
1240 2562 1382 2624 407—4
1410 2575 1467 2622 et
1490 2568 1650 2636 4357,
1674 2586 1846 2624 anno-

244 2649 374 2687 rum
404 2632 628 2688 circiter
656 2632 778 2691 600.

322 2704 628 2758 Colbertini
657 2704 769 2759 duo
793 2703 899 2762 939
919 2711 976 2760 et
996 2704 1153 2775 368?,
1178 2725 1453 2766 annorum
1479 2710 1702 2766 circiter
1717 2708 1841 2767 800.

321 2775 551 2853 Reginae
578 2775 788 2853 Sueciaa
809 2777 1097 2853 duo,_1547
1120 2786 1177 2834 et
1200 2782 1354 2853 1544,
1373 2799 1610 2853 quorum
1635 2783 1849 2836 varian-

248 2846 633 2923 tcs_lectio_nes
652 2846 849 2923 Bome
873 2849 1115 2903 existens
1140 2852 1313 2923 excipi
1342 2846 1636 2907 curaverat
1659 2861 1850 2907 noster

250 2916 629 2999 Mabillonius.
652 2917 727 2971 Ex
748 2918 836 2972 his
862 2935 1008 2974 unus
1028 2916 1381 2993 supradictas
1401 2925 1652 2979 continet
1669 2941 1849 2979 acces-

251 3004 459 3042 mones.

329 3058 653 3133 Vaticanus,
699 3076 755 3114 n.
788 3058 946 3118 3472.
990 3062 1085 3133 qui
1132 3064 1265 3118 olim
1312 3065 1614 3120 Brixiensis
1644 3071 1849 3121 sanctae

260 3129 585 3188 Euphemus
613 3133 936 3186 monasterii
965 3129 1088 3188 fuit.

414 3202 718 3256 udunensis
747 3204 991 3258 ecclesiae
1021 3205 1082 3258 Β.
1117 3205 1306 3260 Mariae
1334 3206 1525 3262 codex.

330 3272 670 3344 Turonensis
722 3274 1317 3344 Majoris-Monasterii,
1369 3294 1646 3333 annorum
1695 3278 1853 3334 mini-

261 3358 418 3414 mum
436 3341 557 3398 700.
570 3341 911 3398 Turonensis
929 3346 1073 3400 alter
1090 3348 1147 3401 S.
1167 3348 1414 3414 Martini,
1430 3365 1708 3405 annorum
1725 3348 1847 3406 600.

333 3413 666 3486 Bhemeusis
690 3415 744 3468 S.
760 3415 1034 3486 Remigii.

333 3483 801 3554 Rothomagensis
831 3487 868 3540 S
924 3483 1170 3542 Kudoeni
1222 3505 1499 3545 annorum
1530 3489 1650 3546 500.

334 3555 391 3609 S.
424 3555 691 3625 Germani
722 3573 754 3610 a
785 3557 967 3611 Pratis
994 3564 1127 3621 tres,
1177 3560 1389 3615 scilicet
1429 3579 1484 3615 n.
1516 3561 1639 3625 462,
1675 3577 1854 3615 anno-

260 3641 386 3679 rum
418 3624 556 3692 600;
588 3634 646 3681 et
675 3643 728 3680 n.
762 3628 885 3692 667,
914 3646 1191 3685 annorum
1220 3631 1345 3696 200,
1378 3649 1503 3686 cum
1533 3633 1711 3687 altero
1740 3648 1854 3687 non

260 3697 441 3751 multo
470 3698 805 3768 antiquiore.

336 3768 689 3823 Corbeiensis
709 3771 1033 3825 monasterii
1057 3772 1188 3833 duo,
1211 3789 1267 3826 n.
1291 3771 1417 3839 297,
1433 3790 1709 3830 annorum
1727 3772 1850 3839 500,

264 3839 489 3911 optimae
518 3849 681 3894 nota.
708 3847 766 3895 ct
792 3858 848 3895 n.
882 3842 1005 3903 361,
1029 3859 1304 3898 annorum
1338 3844 1458 3901 600.

335 3911 436 3964 His
453 3912 633 3980 adjeci
649 3912 1031 3967 Florentinum
1051 3915 1297 3970 codicem
1316 3917 1549 3971 fratrum
1572 3917 1853 3970 Minorum

264 3983 595 4057 monasterii
625 3992 851 4057 sanctae
880 3985 1091 4057 Crucis,
1133 4002 1198 4039 ex
1249 4004 1485 4057 quorum
1521 3987 1857 4041 bibliotheca

264 4052 369 4123 piae
403 4054 688 4108 memoriae
707 4056 1005 4109 cardinalis
1036 4057 1187 4110 Bona
1216 4052 1452 4113 Gezonis
1480 4058 1696 4112 abbatis
1725 4058 1857 4112 Der-

267 4124 521 4201 tonensi-s
542 4132 838 4201 tractatum
866 4127 935 4179 de
965 4127 1209 4201 corpore
1238 4136 1296 4182 et
1324 4130 1606 4201 Sanguine
1633 4128 1855 4184 Domini

264 4193 501 4267 describi
524 4196 755 4267 curavit,
777 4203 947 4267 atque
975 4199 1044 4252 ad
1075 4193 1329 4253 nostrum
1356 4193 1655 4255 Acherium
1679 4208 1859 4255 trans-

263 4265 691 4342 misit.__Q__uo
723 4265 908 4342 opere,
957 4271 1150 4338 paucis
1189 4272 1452 4342 exceptis,
1499 4272 1719 4341 integer
1749 4272 1858 4325 Pa-

266 4335 470 4389 schasii
501 4336 720 4412 libellus
742 4335 1077 4412 contine-tur.
1104 4342 1287 4411 Atque
1310 4335 1374 4397 ut
1402 4335 1537 4397 nihil
1559 4335 1860 4412 diligentiae

1927 1874 2055 1912 cum
2084 1856 2490 1928 discussissem,
2512 1856 2766 1928 eamdem
2789 1874 2911 1912 esse
2925 1856 3252 1928 reperi'cum
3275 1858 3522 1914 editione

1927 1928 2105 1991 Gasti,
2140 1943 2311 1998 quam
2355 1927 2449 1981 ille
2495 1926 2705 1998 absque
2753 1928 2867 1982 ullo
2905 1926 3016 1983 alio
3058 1928 3332 1996 examine,
3372 1929 3522 1984 bona

1926 2000 2036 2053 ﬁde
2060 1998 2296 2053 recudit.

2002 2069 2158 2124 Idem
2206 2068 2562 2123 sentiendum
2610 2084 2731 2140 esse
2758 2070 2979 2140 opinior
3011 2070 3082 2124 de
3120 2070 3218 2124 illa
3252 2070 3517 2137 editione,

1925 2156 2051 2267 quae
2090 2140 2523 2222 Lovaniiaanno
2553 2139 2709 2205 1541,
2737 2139 2885 2195 faeta
2925 2141 3096 2196 fuisse
3122 2140 3346 2209 dicitur,
3387 2157 3522 2196 nam

1970 2213 2080 2266 lam
2111 2228 2224 2265 non
2252 2211 2381 2265 Vldl.

1970 2213 2080 2266 lam
2111 2228 2224 2265 non
2252 2210 2381 2265 vidi.
3546 2224 3556 2233 ’

1998 2282 2218 2337 Primus
2246 2280 2492 2336 haeretici
2533 2280 2787 2336 fraudem
2829 2286 2886 2336 et
2915 2282 3067 2337 virus
3096 2282 3309 2338 detexit
3351 2283 3522 2338 Nico-

1928 2354 2051 2426 laus
2073 2355 2431 2408 Mameranus
2465 2352 2984 2426 Luxemburgensis,
3006 2354 3120 2425 qui,
3144 2353 3524 2426 depravatoris

1928 2424 2135 2480 librum
2166 2441 2293 2478 cum
2345 2423 2743 2495 manuscriptis
2789 2423 3097 2484 conferens.
3142 2423 3339 2481 mirari
3385 2425 3524 2481 satis

1930 2496 2079 2551 haud
2110 2496 2294 2567 potuit
2332 2494 2753 2567 perversissimi
2800 2496 3044 2551 hominis
3089 2496 3522 2567 impudentiam.

1930 2585 1958 2620 α
1987 2566 2158 2631 Scire,
2187 2566 2530 2639 inquit,_non
2559 2582 2805 2639 possum,
2832 2566 3204 2639 quidnamilli
3230 2568 3443 2622 homini
3463 2567 3525 2622 in

1926 2643 2173 2692 mentem
2219 2637 2456 2709 venerit,
2504 2637 2605 2709 aut
2640 2653 2817 2709 quem
2848 2644 2967 2692 tum
3006 2638 3193 2709 potius
3235 2639 3292 2692 in
3335 2643 3525 2692 mente

1928 2714 2242 2763 vexatorem
2272 2708 2531 2779 spiritum
2562 2706 2841 2773 habuerit,
2885 2706 3024 2763 cum_
3042 2709 3121 2764 ita
3151 2709 3301 2762 hunc
3328 2714 3524 2779 aucto:

1928 2777 2330 2861 remnequiter
2352 2778 2724 2861 dilaniaverit,
2747 2784 2813 2833 ut
2838 2779 2904 2861 in.
2924 2784 3044 2861 toto
3073 2779 3197 2861 fere.
3214 2779 3359 2861 lier
3382 2777 3525 2861 nihil

1930 2850 2086 2915 salvi,
2118 2849 2259 2905 nihil
2288 2849 2494 2921 integri
2520 2855 2578 2904 et
2600 2849 2907 2920 incorrupti
2938 2850 3262 2921 reliquerit:
3290 2850 3430 2904 adeo
3460 2854 3526 2905 ut

1930 2922 2102 2976 etiam
2124 2921 2306 2992 ipsum
2329 2920 2622 2992 verborum
2643 2924 2962 2975 contextum
2983 2920 3188 2992 passim
3212 2920 3521 2987 inverterit,

1932 2993 2111 3047 multa
2133 2991 2300 3045 verba
2331 2991 2603 3055 omiserit,
2636 2992 2887 3062 quaedam
2921 2991 3238 3056 mutaverit,
3280 2991 3527 3062 plurima

1931 3063 2150 3117 noviter
2186 3061 2505 3123 intexuerit,
2539 3061 2688 3116 totas
2712 3062 2989 3116 clausulas
3015 3061 3309 3116 sustulerit
3330 3077 3396 3116 ac
3425 3077 3525 3116 va-

1868 3125 2178 3191 Criaverit.
2223 3140 2281 3187 et
2324 3132 2526 3187 alicubi
2574 3133 2805 3193 medias,
2846 3133 3049 3186 alicubi
3079 3135 3327 3203 integras
3364 3132 3525 3203 pagi-

1936 3222 2055 3268 nas,
2079 3205 2300 3275 integra
2318 3208 2500 3275 capita
2522 3203 2804 3275 abiecerit.
2828 3210 2886 3258 et
2903 3205 2973 3257 de
2993 3220 3096 3257 suo
3116 3202 3327 3275 aliquid
3356 3202 3412 3275 in
3436 3202 3530 3257 ab-

1930 3277 2208 3346 jectorum
2241 3274 2421 3329 locum
2443 3274 2903 3346 suffarcinaverit.
2928 3275 3018 3329 Sic
3039 3274 3240 3346 misere
3263 3281 3320 3328 et
3340 3274 3529 3345 inique

1934 3345 2208 3400 tractatus
2244 3347 2451 3408 nullus,
2485 3345 2669 3399 credo.
2702 3361 2950 3416 unquam
3001 3345 3144 3400 alius
3189 3362 3224 3399 a
3263 3345 3529 3469 Excipiam

1936 3424 2131 3469 auctor
2157 3424 2261 3469 est.
2299 3435 2324 3468 υ
2350 3417 2418 3469 Et
2443 3416 2607 3469 paulo
2636 3422 2757 3469 est:
2795 3437 2816 3466 ι
2853 3416 2944 3469 Sic
2971 3415 3065 3468 ille
3099 3421 3241 3469 ritus
3399 3416 3529 3469 θείω

1936 3424 2131 3471 auctor
2157 3424 2261 3471 est.
2299 3435 2324 3468 n
2350 3417 2418 3470 Et
2440 3416 2607 3486 paulo
2636 3422 2757 3469 est:
2795 3415 2944 3486 dSic
2971 3415 3065 3468 ille
3099 3421 3241 3469 ritus
3274 3415 3529 3470 Ecclesia

1934 3488 2201 3541 Romana:
2231 3484 2673 3543 exosos'hahuit,
2699 3491 2764 3539 ut
2797 3484 3114 3543 ubicunque
3142 3486 3197 3540 in
3233 3486 3528 3540 Paschasio

1933 3559 2020 3612 vel
2049 3558 2372 3618 sacerdotis,
2400 3556 2480 3610 vel
2498 3551 2709 3617 altaris,
2738 3557 2819 3610 vel
2849 3551 3268 3618 immolationis,
3293 3558 3373 3610 vel
3394 3572 3532 3611 ron-

1935 3629 2281 3691 secrationis,
2324 3628 2409 3681 vel
2449 3626 2789 3697 penitentize
2835 3643 3040 3680 nomen
3081 3627 3310 3687 invenit,
3344 3628 3401 3681 id
3430 3633 3532 3681 aut

1936 3699 2208 3759 omiserit.
2232 3705 2331 3753 aut
2354 3696 2628 3768 expuncto
2649 3713 2733 3761 eo,
2757 3697 2908 3751 aliud
2928 3696 3337 3768 subrogaverit.
3357 3697 3531 3751 Nimi-

1937 3788 2060 3825 rum
2084 3772 2201 3825 loco
2222 3767 2546 3825 sacerdotis,
2562 3768 2768 3839 ubique
2791 3767 3119 3821 ministrum
3136 3767 3412 3839 Ecclesiae,
3431 3772 3531 3822 aut

1936 3842 2256 3896 ministrum
2309 3839 2457 3894 verbi
2507 3837 2712 3893 Christi
2767 3839 3037 3910 pusuerit,
3100 3837 3245 3910 quod
3272 3843 3531 3910 nonest

1937 3913 2372 3967 Paschasianum
2399 3930 2412 3975 ;
2445 3911 2565 3963 loco
2595 3908 2808 3972 altaris,
2843 3925 3093 3963 mensam
3122 3908 3347 3963 Domini
3408 3908 3529 3962 loco

1936 3982 2353 4042 immolationis,
2383 3980 2841 4035 intercessionem
2870 3998 2882 4045 ;
2927 3980 3046 4033 loco
3074 3978 3528 4043 consecrationis,

1938 4054 2411 4116 benedictionem;
2439 4052 2559 4106 loco
2582 4050 2941 4121 penitentiae,
2956 4050 3300 4121 agnitionem
3319 4048 3531 4120 peccati

1939 4134 1996 4180 et
2021 4126 2334 4180 commissae
2363 4120 2770 4177 inobedientize.
2804 4122 2945 4176 Item
2976 4138 3077 4192 pro
3105 4120 3531 4192 celebrari.ali-

1939 4197 2065 4253 cubi
2116 4196 2320 4268 posuit,
2350 4266 2358 4268 ν
2373 4195 2533 4268 nullo
2586 4192 2826 4268 rationis
2853 4191 3055 4268 sensu,
3097 4191 3533 4268 manducari,_et

1941 4263 2263 4338 hujusinodi
2312 4266 2423 4320 alia
2469 4263 2884 4338 plurima.
2914 4263 2962 4318 si
3004 4263 3066 4338 in
3090 4269 3233 4338 _toto
3265 4280 3375 4317 non
3407 4264 3531 4338 plus

1939 4333 2240 4411 peccasset.
2260 4353 2371 4411 non
2388 4333 2525 4411 satis
2543 4335 2725 4411 alieno
2746 4334 2804 4390 in
2828 4333 2970 4411 l_i_bro
2987 4333 3532 4411 designatumaudaf

265 4414 471 4481 nostra:
501 4408 932 4481 desideraretur,
956 4405 1217 4481 antiquas
1239 4413 1407 4467 etiam
1438 4405 1710 4468 editiones
1736 4428 1911 4481 con-_
1939 4405 2039 4464 ciae
2068 4415 2125 4463 et
2164 4408 2364 4478 ﬂagitii
2393 4406 2567 4481 videri
2597 4411 2802 4481 posset.
2834 4405 3043 4459 Verum
3075 4406 3191 4460 hac
3225 4405 3363 4460 nihil
3400 4408 3533 4459 sunt

266 4478 563 4559 soluimus,
596 4478 666 4533 de
694 4479 897 4549 quibus
927 4476 1138 4555 aliquid
1168 4482 1353 4538 dicere
1398 4500 1579 4555 operae
1616 4484 1858 4554 pretium
1878 4477 2148 4559 Dad_a[ia
2179 4476 2303 4550 qua:
2330 4477 2582 4559 corrupit
2604 4476 2847 4559 plurima
2878 4495 2928 4539 ».
2962 4482 3068 4559 etc.

267 4553 371 4602 est.

338 4619 625 4695 Paschasii
645 4618 913 4695 Radberti
934 4620 1139 4677 librum
1154 4624 1223 4679 de
1237 4618 1482 4695 Corpore
1498 4629 1556 4679 et
1575 4623 1861 4694 Sanguine

268 4688 493 4766 Domini
524 4690 741 4761 primus
762 4692 1065 4766 _Hag_enoae
1094 4695 1243 4766 apud
1283 4688 1571 4766 Joannem
1586 4688 1860 4766 Secenum

271 4760 465 4835 edidit,
513 4768 613 4835 aut
659 4760 1219 4835 potiuscdepravaiit,
1253 4782 1399 4820 anno
1447 4763 1601 4830 1528,
1651 4765 1863 4821 Hiobus

271 4831 517 4895 Gastius,
551 4831 720 4907 homo
744 4831 1120 4903 Luther'anus,
1140 4838 1297 4907 cujus
1320 4836 1625 4891 editionem
1651 4842 1868 4891 novato-

274 4905 813 4978 rum_cacodoa:orum
820 4909 1160 4978 propudium
1179 4905 1226 4962 et
1242 4910 1467 4962 dedecus
1479 4914 1603 4978 post
1617 4907 1869 4978 cardina-

394 4973 724 5050 Peq‘onium
742 4972 950 5050 merito
967 4978 1213 5050 appellat
1231 4972 1522 5050 Philippus
1535 4977 1867 5050 Labbeusiin

270 5043 367 5097 lib.
395 5044 467 5098 de
487 5045 865 5120 Scriptoribus
881 5043 1274 5120 ecclesiasticis
1296 5043 1436 5104 tom:
1464 5050 1531 5114 Il,
1562 5066 1616 5120 p.
1638 5050 1762 5104 157.
1787 5049 1868 5103 De

262 5131 329 5191 ea
358 5131 540 5191 pauc_a
585 5116 701 5191 haec
746 5116 1101 5191 Mabillonius
1128 5120 1185 5174 in
1215 5119 1541 5191 praefatione
1562 5116 1645 5174 'ad
1693 5135 1868 5173 saecu-

270 5186 388 5241 lum
412 5200 465 5240 vI
487 5186 937 5253 Benedictinum,
962 5196 1098 5244 tom.
1124 5192 1195 5254 II,
1215 5186 1475 5246 disserit:
1501 5212 1523 5242 ι
1556 5191 1635 5245 Ex
1658 5191 1867 5245 Luthe-

270 5257 425 5332 ranis
459 5257 673 5332 Iliobus
700 5258 907 5332 Gustus
939 5261 1324 5332 Hagenoensis
1352 5262 1634 5316 Paschasii
1663 5261 1868 5315 librum

272 5327 521 5397 vulgavit
549 5345 698 5382 anno
734 5328 867 5386 1528
894 5327 1144 5403 eumque
1173 5334 1395 5403 penitus
1426 5340 1741 5403 pervertere
1771 5332 1869 5385 de-

277 5415 431 5452 mum
450 5415 638 5474 ausus
661 5406 787 5474 estL
799 5402 1058 5474 pudendo
1095 5402 1263 5474 plane
1292 5422 1356 5458 ac
1383 5402 1711 5458 detestando
1740 5403 1871 5457 faci-

273 5473 577 5523 nore.Cum
591 5470 738 5523 enim
759 5470 1118 5531 Paschasium
1136 5490 1244 5528 non
1258 5476 1441 5529 minus
1460 5475 1875 5529 transsubstan-

274 5540 529 5628 tiationis
541 5541 1059 5628 etsacr‘iﬁcii,quam
1073 5546 1240 5598 realis
1256 5547 1873 5628 prsesentim’patronum

275 5610 1007 5692 ubiqueanimadverteret,
1035 5632 1101 5669 eo
1130 5610 1408 5692 processit
1428 5610 1670 5692 hominis
1693 5617 1767 5692 im
1775 5633 1875 5688 pu-

275 5681 592 5758 dentissimi
621 5684 932 5751 temeritas,
955 5692 1019 5758 ut
1042 5681 1156 5740 non
1185 5687 1365 5741 solum
1394 5688 1615 5757 integra
1641 5681 1873 5758 hujusce

274 5751 400 5807 libri
447 5753 634 5827 capita
671 5756 1017 5826 expunxerit,
1052 5773 1248 5812 verum
1287 5758 1459 5813 etiam
1501 5751 1611 5813 alia
1638 5751 1872 5815 subinde

501 5854 750 5915 PA'rnor.
823 5854 1003 5915 CXX.

2013 4544 2345 4621 Igitur-cum
2376 4544 2586 4621 falsarii
2605 4544 2923 4621 nequitiam
2953 4544 3416 4621 deprehendisset
3451 4544 3536 4600 vir

1943 4615 2251 4677 catholicus
2272 4628 2329 4674 et
2352 4620 2623 4674 sincerus.
2641 4615 3005 4689 praztermisit
3025 4615 3251 4689 omnino
3281 4615 3440 4689 nihil,
3472 4622 3539 4671 ut

1946 4692 2280 4769 Paschasius
2308 4692 2606 4769 integeret
2622 4686 3245 4769 incorruptusinlucem
3263 4687 3533 4769 prodiret,

1943 4769 2018 4823 et.
2042 4770 2104 4818 ut
2128 4763 2247 4834 ipse
2271 4762 2369 4826 ait,
2402 4757 2503 4834 n'ec
2534 4757 3120 4834 laboribusmaximis,
3144 4773 3248 4812 nec
3266 4757 3537 4828 impensis

1948 4835 2078 4912 ullis
2104 4830 2332 4912 parcere
2355 4832 2549 4912 voluit.
2573 4846 2684 4901 quo
2706 4830 2991 4912 publicum
3014 4835 3369 4912 promoveret
3391 4845 3539 4912 (ἱρω-

1948 4898 2198 4983 modum,
2226 4904 2361 4983 quin
2388 4908 2452 4983 et
2478 4898 2895 4983 quamprimum
2926 4898 3250 4983 postpositis
3278 4899 3539 4955 omnibus

1951 4971 2261 5047 quamlibet
2293 4973 2453 5047 seriis
2480 4971 2737 5047 negotiis,
2771 4971 3048 5047 optimum
3087 4977 3375 5047 auctorem
3424 4986 3537 5025 sua

1949 5041 2260 5117 integritati
2290 5041 2691 5117 restitueretet
2718 5041 2984 5117 in_lucem
3013 5042 3191 5106 daret,
3223 5057 3294 5095 ne
3331 5041 3539 5117 iterum

1949 5111 2151 5173 alicubi
2169 5116 2484 5188 Hagenoica
2499 5113 2909 5188 adulteratione
2927 5119 3275 5188 monstrosus
3291 5111 3542 5188 prgdiret

1949 5206 2051 5261 per
2070 5182 2287 5261 orbem:
2309 5201 2660 5261 cum‘maguo
2688 5202 2804 5261 sua:
2826 5182 3252 5261 existimationis
3276 5188 3335 5236 et
3360 5182 3542 5261 Eccle-

1951 5256 2046 5314 siae
2068 5259 2405 5313 detrimento
2424 5256 2839 5310 distrahendus.
2864 5256 3216 5324 Quapropter
3237 5269 3363 5324 cum
3390 5259 3543 5306 vetu-

1952 5331 2227 5385 stissimos
2247 5330 2386 5382 duos
2404 5327 2685 5381 Paschasii
2705 5327 2923 5381 codices
2940 5323 3260 5380 oﬁendisset
3275 5323 3541 5388 Colonia,

1952 5418 2127 5456 unum
2159 5401 2213 5454 in
2241 5398 2605 5454 celeberrimo
2634 5398 2844 5451 ordinis
2874 5398 2929 5451 S.
2956 5393 3235 5449 Benedicti
3259 5393 3316 5446 S.
3342 5394 3546 5448 Panta-

1956 5472 2132 5526 leonis
2159 5470 2427 5536 coenobio,
2469 5470 2709 5523 alterum
2738 5468 2795 5521 in
2825 5468 3083 5521 Fratrum
3112 5464 3546 5536 Prmdicatorum

1956 5543 2206 5612 ejusdem
2236 5542 2389 5596 urbis
2432 5546 2732 5612 conventu,
2755 5538 2821 5612 ad
2874 5552 3065 5612 eorum
3105 5535 3271 5589 ﬁdem
3304 5536 3547 5588 Pascha-

1955 5607 2099 5669 sium
2124 5613 2475 5693 sinceruni_et
2495 5611 2565 5664 ab
2584 5609 2737 5693 pmni
2761 5607 3005 5693 haeretici
3025 5607 3155 5689 fazce
3176 5611 3549 5693 expllrgetum

1956 5685 2091 5761 dare
2118 5699 2231 5761 non
2249 5683 2485 5761 distulit2
2507 5678 3125 5761 vulgavitque‘qupniaa
3149 5673 3295 5731 anno
3322 5673 3476 5761 1550.

2030 5755 2331 5813 Consimile
2352 5771 2452 5827 per
2469 5746 2526 5807 id
2553 5746 2824 5822 teinporis
2840 5748 3088 5804 studium
3117 5762 3418 5818 aggressus
3436 5746 3555 5803 fue-

3226 5847 3307 5909 40
