3960 6168
540 196 670 253 MSS)

530 326 621 375 rat
647 321 891 375 Joannes
913 317 1272 389 Ulimmerus,
1305 314 1534 389 Lovanii
1562 315 1705 389 apud
1741 317 1798 371 S.
1822 315 2123 389 Martinum
2145 320 2193 380 Α

502 390 924 456 ,ωηοιιίοοιιυιη
950 386 1495 510 regulariumJirior,
1527 386 1620 457 qui
1653 386 1895 458 acceptis
1923 405 1990 441 ex
2016 389 2126 441 Au-

524 462 644 510 alia
667 462 884 510 aliauot
912 458 1195 510 Paschasii
1217 459 1300 510 Ra
1343 457 1484 510 berti
1514 456 1793 510 codicibus
1815 458 2125 510 manuscri-

496 505 501 510 .
524 462 644 533 glia
667 462 884 532 aliquot
911 456 1195 533 Paschasii
1212 456 1484 533 Radberti
1514 456 2125 533 codicibusimanuscrij

520 528 661 605 ptis,
693 528 1067 605 ndvamdibri
1098 530 1167 583 de
1198 530 1471 605 Corpore_
1488 535 1546 582 et
1588 528 1871 599 Sanguine
1902 528 2125 584 Domini

525 599 827 675 paraverat
855 601 1158 656 editionem
1183 599 1321 675 ;_sed
1352 615 1387 652 a
1414 599 1739 675 Mamerano
1770 616 2124 675 pmoqcupa-

526 670 639 743 ius,
691 681 874 729 totum
905 670 1246 743 exspectavit
1279 670 1633 743 decennium,
1667 670 1781 743 quo
1809 670 2124 743 exspirante

528 741 649 823 ejus
667 743 980 823 privilegio,
1002 741 1173 823 atque
1198 746 1320 795 tota
1339 747 1395 823 et
1419 741 1645 823 integra
1675 741 1923 823 editione
1940 742 2126 823 distrif

526 812 1097 940 δύιαζὲἓῗοὶωείυώ
1122 813 1307 868 denuo
1355 812 1585 868 Lovanii
1634 814 1789 885 prelo
1844 813 2127 869 commisit

526 902 673 940 anno
846 927 858 939 .

525 902 673 941 anno
698 902 726 939 ἰ
736 902 832 940 θοι
846 927 858 939 .

595 957 836 1011 Demum
866 972 1014 1011 anno
1047 953 1184 1011 1618
1214 955 1524 1011 recolendas
1572 955 1857 1010 memoriae
1885 954 2124 1011 Jacobus

524 1026 1183 1099 Sirmondus,_societatis
1204 1028 1232 1082 ,ἶ
1237 1044 1337 1082 esu
1364 1026 1677 1099 presbyter
1686 1026 2119 1099 eruditissimus,

525 1099 715 1154 omnia
743 1097 1030 1154 Paschasii
1058 1114 1248 1170 opera,
1281 1114 1347 1153 ac
1364 1096 1611 1170 proinde
1643 1096 1850 1153 librum
1878 1097 1949 1153 de
1978 1098 2124 1153 Cor-

1292 196 1347 246 S.
1391 193 1767 247 PASCIIASII
1812 192 2169 246 RADBERTI
2213 190 2518 246 ADDATIS
2559 188 3034 244 C‘ORBEIENSIS

3595 195 3614 246 1
3624 194 3704 248 'llill

2251 332 2347 369 ore
2376 321 2432 369 et
2472 314 2756 386 Sanguine
2795 312 3015 386 Domini
3044 328 3109 366 ex
3131 328 3262 386 _ms._
3284 310 3582 386 bibliotheca
3604 317 3708 371 Cor-

2251 332 2347 369 ore
2376 332 2432 369 et
2472 332 2756 386 Sanguine
2795 332 3015 368 uommi
3044 332 3109 366 ex
3152 332 3252 366 ms.
3288 332 3582 370 nnnuomccae
3604 332 3708 371 uor-

2211 332 2469 452 Eoicnsis,
2518 385 2845 440 Nivellianis
2882 384 3030 456 typis
3064 381 3309 456 subjecit,
3339 384 3469 439 unde
3498 385 3546 440 in
3572 387 3709 442 varias

2207 459 2437 512 Patrum
2468 456 2839 511 Bibliothecas
2867 454 3093 511 tandem
3121 454 3355 508 transiit.

2277 528 2377 582 His
2420 528 2478 582 in
2513 527 2774 582 omnibus
2805 527 2922 581 fere
2952 524 3287 580 editionibus
3322 530 3473 596 atque
3497 543 3604 581 mss.
3628 528 3713 582 Pa-

2207 599 2410 654 schasii
2438 616 2578 670 opus
2607 599 2675 670 in,
2701 597 2895 669 viginti
2926 597 3037 651 duo
3066 596 3251 670 capita
3286 595 3597 670 distributum
3621 615 3713 653 cer-

2206 687 2339 725 nere
2378 667 2528 724 licet.
2575 669 2681 724 Sed
2716 667 3069 724 Mameranus
3100 668 3158 721 in
3199 667 3539 738 quadraginta
3564 686 3714 724 novem

2206 741 2418 804 divisit,
2435 757 2630 795 recens
2653 739 2831 795 sancti
2854 738 3121 793 Germani
3163 754 3198 791 a
3228 739 3398 793 Pratis
3411 739 3556 793 codex
3571 741 3717 794 sectio-

2207 828 2306 866 nes
2335 812 2788 884 sexagintaduas
2814 810 3001 884 habet,
3033 808 3341 884 Laubiense
3364 810 3627 884 nonaginta
3643 828 3715 884 no-

2206 900 2351 938 vem.
2373 881 2515 938 Eam
2539 881 2876 937 retinuimus
2896 881 3243 945 divisionem,
3269 897 3384 945 qua:
3408 881 3618 934 omnium
3634 883 3715 935 fere

2207 960 2293 1025 est
2319 954 2851 1025 manuscriptorum,
2875 952 3070 1008 titulos
3090 952 3602 1025 capitulorum,_quos
3616 953 3717 1007 Lau-

2205 1024 2415 1080 biensis
2459 1021 2683 1079 exhibet
2709 1024 2881 1079 codex
2908 1021 3174 1095 propter
3188 1039 3340 1078 suam
3380 1021 3715 1095 antiquitatem,

2207 1096 2266 1152 in
2293 1095 2545 1152 inferiori
2574 1095 2829 1167 margine
2855 1094 3130 1150 adnotare
3158 1094 3417 1149 contenti.

1977 1411 2350 1487 VERSUS

586 1563 740 1638 Quos
765 1561 1002 1643 scripsit
1029 1560 1112 1625 ad
1140 1558 1425 1624 Carolum
1459 1577 1661 1640 regem
1692 1560 2071 1643 Psscnssms
2101 1560 2474 1623 Ransnnrus
2504 1557 2709 1643 abbas,
2741 1577 2768 1643 ξ
2795 1558 3034 1642 quando
3061 1556 3148 1621 ad
3176 1575 3307 1619 eum
3332 1554 3484 1616 misit
3507 1551 3677 1613 librum

1542 1658 1714 1701 suum
1738 1639 1810 1701 de
1830 1659 2076 1722 corpore
2109 1649 2168 1702 et
2190 1643 2484 1721 sanguine
2511 1639 2776 1701 Domini.

525 1884 552 1924 ιι
580 1882 870 1938 Audenter
891 1895 1042 1935 nunc
1068 1895 1217 1935 nunc
1240 1877 1431 1950 gelida
1456 1878 1526 1934 de
1554 1895 1695 1950 rupe
1726 1878 1984 1934 Camenae

528 1973 601 2028 Ut
626 1970 857 2027 veniant
883 1968 1127 2042 petimus
1155 1986 1167 2023 :
1204 1985 1400 2023 verum
1426 1973 1506 2034 te,
1538 1967 1747 2040 Saphia
1774 1968 1949 2039 virgo,

522 2059 814 2132 Fulgentis
836 2058 1059 2114 niveum
1090 2074 1213 2130 quas
1240 2073 1428 2113 servas
1456 2056 1679 2112 culmen
1697 2063 1715 2088 °
1745 2057 1976 2129 olympi,

522 2151 713 2207 Aurea
738 2149 835 2204 lux
863 2146 890 2189 ά
920 2147 1195 2202 mundum
1233 2146 1530 2212 irradians,
1561 2146 1651 2201 cui
1687 2145 1891 2200 vertice
1919 2143 2118 2217 surgit,

523 2238 601 2295 Et
626 2238 849 2294 Phoebas
876 2237 1064 2292 radios
1088 2235 1261 2291 facies
1287 2236 1610 2306 gratissima
1640 2235 1834 2302 mittit,

524 2326 933 2399 Componitque
962 2326 1229 2381 humeros
1259 2324 1453 2395 ignitis
1481 2340 1735 2396 purpura
1758 2323 2026 2394 gemmis;

520 2415 803 2488 Deprecor
825 2420 891 2471 ut
918 2413 1176 2487 precibus
1204 2413 1453 2485 digneris
1480 2413 1678 2467 cedere
1703 2412 1930 2481 nostris,

521 2504 695 2577 Regis
720 2509 779 2561 et
804 2504 875 2559 ad
904 2504 1107 2559 solium
1138 2519 1239 2575 pro
1262 2504 1559 2574 majestate
1588 2501 1893 2556 verendum

517 2595 747 2651 Incessu
775 2609 1043 2666 properes
1062 2592 1294 2663 gravido
1321 2592 1592 2663 vultuque
1620 2590 1896 2661 modesto,

518 2681 595 2738 Ut
619 2699 808 2738 coram
835 2682 1060 2738 steteris
1089 2681 1268 2736 nitido
1295 2681 1377 2735 sic
1402 2697 1499 2735 ore
1528 2679 1778 2751 loquaris
1816 2698 1828 2732 :

591 2772 708 2828 Rex
717 2772 925 2827 virtute
938 2777 1152 2844 potens,
1170 2769 1381 2841 sophiae
1396 2785 1564 2841 quem
1578 2767 1845 2839 splendor
1857 2766 2113 2833 adornat,

590 2893 614 2919 ι
634 2880 796 2944 Quod
817 2879 1042 2949 quidem
1052 2893 1180 2949 non
1200 2875 1436 2949 contigit
1453 2881 1585 2949 ante
1605 2891 1817 2949 annum
1837 2873 1963 2949 844,
1984 2890 2114 2945 quo,

493 2986 499 2991 -
518 2949 783 3005 defuncto
802 2945 994 3005 Isaaco
1017 2947 1218 3002 abbate
1240 2945 1760 3013 Corbeize-Veteris,
1783 2945 2119 3017 subrogatus

517 3026 606 3076 est
632 3020 964 3076 Paschasius
990 3017 1328 3072 Radbertus.

474 3131 480 3137 .
587 3091 617 3133 δ
645 3090 833 3146 Codex
865 3088 1217 3145 Colbertinus
1256 3088 1361 3142 hoc
1405 3087 1570 3143 modo
1617 3086 1818 3158 incipit
1851 3104 1862 3139 :
1914 3088 2119 3142 Idonea:

519 3178 672 3217 nunc
700 3176 853 3216 nunc
879 3161 1080 3229 gelida,
1111 3164 1231 3230 etc.
1256 3176 1268 3211 :
1301 3159 1463 3230 cujus
1489 3158 1826 3230 auctoritate
1855 3158 2120 3229 expunxi-

515 3216 1316 3303 musigelidz,'quod'praafert
1343 3216 1515 3286 cbdex
1541 3228 1876 3297 Aniciensis,
1908 3216 1977 3284 ex
2007 3245 2117 3301 quo
2136 3216 2181 3278 Ο

2136 1883 2184 1944 Β
2204 1880 2427 1948 Karole,
2461 1882 2549 1937 cui
2584 1898 2791 1939 nomen
2817 1882 2963 1938 serie
2992 1884 3286 1941 descendit
3313 1886 3468 1951 avita,

2204 1968 2294 2024 En
2321 1971 2484 2025 oﬂ‘ert
2508 1971 2755 2027 famulus
2780 1972 2980 2028 devoto
3008 1980 3238 2044 pectore
3266 1991 3462 2031 munus

2203 2056 2390 2113 Abbas
2417 2058 2752 2127 Radbertus,
2776 2061 2993 2132 placide
3023 2063 3176 2133 quod
3203 2063 3327 2118 diva
3355 2068 3575 2135 potestas

2202 2146 2478 2218 Accipias.
2510 2165 2727 2205 necnon
2755 2150 2929 2205 oculis
2959 2156 3016 2205 et
3046 2156 3275 2222 pectore
3303 2168 3487 2207 cernas

2203 2235 2347 2301 Quid
2378 2236 2601 2305 habeat,
2628 2255 2728 2293 seu
2758 2239 2893 2310 quid
2922 2239 3143 2294 calamo
3171 2240 3424 2311 signante
3452 2244 3652 2313 peroret.

2201 2322 2331 2379 Non
2355 2330 2644 2381 terrenum
2670 2326 2906 2398 aliquid,
2935 2328 3032 2382 sed
3054 2328 3183 2383 caeli
3209 2330 3443 2402 mystica
3468 2327 3652 2401 promit

2201 2414 2344 2467 Nam
2371 2429 2573 2486 corpus
2602 2415 2829 2481 Christi,
2871 2431 3094 2470 roseam
3121 2433 3224 2472 seu
3271 2418 3539 2488 sanguinis
3562 2415 3718 2470 undam

2200 2502 2264 2556 In
2289 2501 2469 2555 lucem
2496 2503 2716 2573 retegit,
2750 2520 2873 2575 qua:
2900 2503 3014 2558 sint
3041 2509 3317 2576 mysteria
3345 2511 3639 2569 monstrans,

2197 2590 2517 2669 Legeritlut
2539 2592 2793 2663 quisquis
2817 2592 3019 2648 devota
3045 2602 3241 2650 mente
3266 2595 3458 2662 ﬁdelis,

2199 2677 2417 2734 Visibili
2445 2680 2628 2751 specie
2653 2681 2921 2737 caelorum
2951 2697 3165 2740 arcana
3192 2689 3445 2757 pavescat
3460 2695 3496 2736 ο.

2199 2875 2303 2929 hos
2330 2891 2524 2947 versus
2556 2875 2772 2947 primus
2802 2876 2981 2931 edidit
3008 2876 3388 2935 Mabillonius.

2232 3015 2243 3027 .
2269 2957 2293 2987 ο
2307 2946 2411 3027 ‘Sic
2429 2944 2654 3027 optimae
2674 2954 2818 3003 noue
2839 2948 2961 3003 cod.
2988 2948 3366 3018 Colbertinus,
3387 2964 3505 3006 cum
3523 2944 3724 3002 Anicien-

2199 3016 2277 3072 sis
2307 3016 2695 3072 legat’lumen.

2270 3084 2298 3127 ἀ
2327 3084 2391 3142 Id
2426 3094 2531 3156 est,
2562 3105 2756 3144 mense
2783 3088 3097 3145 Decembri.

2271 3171 2295 3200 ο
2322 3157 2481 3214 Anio.
2514 3176 2643 3228 ms.,
2674 3170 2894 3216 arcana
2909 3164 3173 3231 pavescit.

1916 3543 2382 3618 EPISTOLA

1459 3693 1757 3776 Ejusdem
1797 3696 2130 3757 Pascnasn
2174 3692 2258 3755 ad
2301 3692 2586 3757 Carolum
2628 3715 2849 3777 regem.

586 3940 826 4000 Domino
850 3936 1365 4011 prmeellentissimo
1392 3935 1514 4006 regi
1538 3935 1768 3991 humilis
1794 3942 1852 3991 et
1881 3935 2113 4007 exiguus

519 4033 861 4087 Pascaasws
886 4028 1215 4082 Ranaan'rus
1233 4032 1252 4056 ⁸
1269 4030 1472 4091 vester,
1501 4026 1608 4080 etsi
1633 4025 1901 4096 indignus
1936 4024 2113 4079 abbas

517 4136 583 4175 ac
611 4119 638 4160 δ
667 4116 835 4173 levita
865 4115 1093 4180 Christi,
1127 4114 1531 4170 monachorum
1570 4114 1822 4169 omnium
1860 4115 2112 4186 peripse-

516 4223 631 4274 ma,
662 4204 966 4278 plurimam
992 4209 1009 4233 °
1036 4203 1296 4268 salutem,
1327 4219 1425 4256 rex
1452 4202 1679 4274 inclyte,
1714 4202 1884 4258 vobis.

589 4295 733 4351 Hinc
780 4292 931 4359 inde,
980 4296 1047 4347 ut
1087 4291 1427 4361 condignum
1466 4296 1570 4353 est,
1604 4292 1675 4345 ad
1703 4298 2113 4364 superventura

517 4384 628 4440 diei
668 4378 945 4445 Dominici
973 4376 1000 4420 ἀ
1028 4378 1173 4433 festa
1199 4377 1427 4432 missuri
1455 4384 1588 4433 sunt
1616 4380 1739 4433 auri
1778 4382 2112 4453 argentique

2194 3933 2416 4003 nuistis,
2446 3940 2504 3990 et
2530 3950 2677 4001 mea,
2699 3938 2765 3991 ut
2791 3939 2943 4006 opto,
2960 3950 3059 3988 vos
3086 3933 3397 4002 delectant;
3426 3925 3615 3986 decrevi
3637 3936 3720 3979 non

2193 4024 2381 4096 ignavi
2404 4024 2668 4096 ponderis
2694 4022 2908 4078 metalli
2936 4028 3137 4079 vestras
3169 4021 3448 4095 majestati
3472 4030 3643 4074 munus
3663 4008 3720 4065 0f-

2194 4114 2342 4169 ferre
2372 4131 2385 4167 :
2417 4113 2630 4168 scilicet
2657 4112 2928 4178 libellum,
2958 4113 3219 4184 quamvis
3245 4112 3497 4182 exiguum
3521 4113 3717 4174 corpore.

2196 4219 2464 4274 magnum
2484 4206 2677 4257 tamen
2703 4201 2771 4256 de
2793 4213 2819 4244 θ
2845 4202 3225 4257 Sacramentis
3254 4217 3420 4255 sacrae
3442 4187 3719 4253 communio-

2194 4292 2301 4360 nis,
2358 4309 2523 4364 quem
2571 4292 2783 4347 dudum
2824 4293 3070 4347 Placidia
3116 4308 3244 4347 meo
3282 4290 3304 4331 ΐ
3350 4290 3552 4345 Warino
3575 4274 3719 4336 abbati

2193 4382 2392 4437 devoto
2422 4386 2480 4436 et
2505 4381 2657 4435 ﬁdeli
2684 4385 2872 4436 vestro
2899 4396 3253 4446 consecrans,
3284 4379 3406 4434 ideo
3432 4376 3505 4431 sic
3526 4380 3719 4427 commu-

466 4464 467 4467 “
518 4480 577 4529 et
602 4486 864 4527 vasorum
888 4467 1093 4524 diversi
1120 4467 1344 4539 generis
1366 4483 1601 4522 munera
1628 4485 1844 4523 necnon
1864 4475 1923 4524 et
1944 4452 2176 4527 νειὲίωο
2196 4470 2321 4524 nius
2347 4469 2495 4523 volui
2539 4470 2685 4541 stylo
2725 4474 3041 4539 temperare
3087 4468 3337 4533 subulco,
3367 4471 3430 4521 ut
3454 4479 3516 4517 ea
3538 4474 3639 4532 qua
3667 4452 3717 4508 de

518 4560 879 4633 supellectilis
907 4557 1145 4614 vestium
1176 4562 1527 4623 ornamenta,
1554 4558 1790 4613 falerata
1816 4575 2109 4631 equorum,

466 4690 469 4693 ‹
517 4654 958 4719 caterorumque
986 4647 1315 4702 animalium
1342 4662 1576 4718 quaeque
1605 4646 1884 4719 praecipua
1919 4667 1933 4702 :
1963 4649 2114 4703 inter

462 4750 473 4816 ς
519 4751 658 4808 quas
681 4736 971 4801 nimirum,
994 4735 1100 4790 etsi
1127 4734 1382 4799 ultimus,
1413 4735 1524 4790 fide
1564 4735 1797 4790 devotus
1826 4736 1960 4807 quia
1988 4753 2110 4792 mo-

588 4852 613 4882 ι
634 4843 933 4909 Proprium
954 4842 1085 4895 huic
1099 4857 1296 4896 nomen
1313 4847 1434 4896 erat
1449 4843 1734 4906 Radberto;
1769 4858 1872 4912 quo
1888 4845 2111 4898 nomine

517 4914 810 4970 subscribit
833 4913 1039 4983 synodo
1058 4914 1382 4970 Parisiensi.
1399 4915 1675 4983 eidemque
1694 4916 1884 4967 scribit
1904 4915 2105 4983 Lupus.

515 4984 834 5042 Ascititium
862 4982 1166 5047 Paschasio,
1181 4984 1325 5054 quod
1346 5000 1617 5053 agnonem
1635 4987 1861 5054 proprio
1890 4982 2111 5040 nomini

456 5108 459 5111 λ
510 5070 824 5141 przponere
852 5055 964 5141 ipse
1000 5054 1166 5141 solet,
1205 5053 1390 5124 inquit
1429 5053 1781 5111 Mabillonius
1827 5056 1886 5110 in
1926 5054 2107 5128 elogio

518 5125 643 5199 ejus
673 5125 958 5187 historico,
990 5138 1111 5193 cap.
1142 5125 1196 5178 1.
2020 5125 2043 5128 ⁷

586 5197 613 5238 b
640 5197 858 5278 Quippe
898 5192 1214 5278 Radbertus
1242 5210 1314 5278 ne
1356 5195 1582 5266 quidem
1610 5195 1790 5278 factus
1826 5196 2018 5278 abbas
2033 5198 2107 5278 ad

514 5265 812 5351 sacerdotii
852 5265 1091 5338 gradum
1122 5266 1299 5321 voluit
1341 5265 1655 5337 promoveri
1683 5270 1768 5323 vir
1810 5270 2109 5325 modestis-

514 5355 848 5492 sf‘PEgcidjt
867 5406 941 5490 ab
968 5406 1133 5492 editis
1159 5422 1265 5492 γοξ
1278 5409 1616 5492 ρξιινῄηιιτη,
1646 5426 1816 5482 quam
1846 5410 2109 5468 exhibent

514 5488 573 5540 et
599 5479 916 5537 Aniciensis
940 5479 1112 5536 codex
1132 5483 1195 5535 et
1221 5476 1595 5534 Colbertinus.

581 5561 612 5604 «ι
630 5554 696 5610 Id
712 5556 825 5624 est;
849 5550 921 5605 ad
937 5551 1142 5624 Natale
1160 5549 1405 5624 Domini,
1425 5556 1491 5607 ut
1510 5551 1736 5624 coniicit
1752 5552 2106 5613 Mabillonius

510 5623 676 5685 Praef.
708 5622 780 5682 ad
804 5637 930 5680 saec.
961 5636 1017 5681 x.
1050 5621 1260 5681 Bened.
1288 5627 1436 5697 part.
1467 5635 1532 5693 ιι,
1557 5621 1690 5696 p.'9.

2196 4560 2557 4614 Sacramenta
2572 4556 2820 4629 corporis
2840 4562 2898 4611 et
2915 4556 3205 4628 sanguinis
3226 4554 3427 4612 Christi
3445 4556 3562 4607 sunt
3576 4558 3719 4601 neces-

2193 4648 2344 4704 saria
2372 4648 2605 4715 rescire;
2639 4663 2778 4718 quos
2810 4645 3047 4701 necdum
3078 4646 3233 4701 unda
3257 4642 3549 4700 liberalium
3565 4633 3718 4703 attige-

2192 4743 2281 4792 rat
2324 4737 2661 4804 litterarum,
2702 4736 2828 4792 vitm
2878 4735 3146 4807 pabulum
3194 4741 3251 4791 et
3294 4731 3479 4790 salutis
3507 4730 3716 4783 haustum

2262 4854 2286 4886 ο
2317 4843 2393 4898 Ex
2436 4841 2542 4896 hoc
2587 4841 2708 4896 loco
2757 4841 3000 4896 refutata
3050 4845 3242 4913 manet
3269 4833 3517 4913 LudOViCi

2191 4893 2501 4985 genesta;
2520 4893 2633 4985 an;
2651 4893 3309 4985 suasids‘sucisa'sa;
3323 4893 3578 4985 Pascnasji
3602 4893 3713 4985 Regi:

2189 4984 2333 5040 berti
2362 4973 2882 5056 libros‘distinguit.
2907 4999 3085 5038 unum
3115 4983 3415 5056 breviorem
3450 4979 3508 5031 de
3530 4973 3714 5056 ὁζᾳνρςζς

2190 5061 2239 5112 et
2279 5057 2566 5125 Sanguine
2594 5043 2838 5122 Domini,
2872 5055 3143 5110 hactenus
3180 5053 3493 5125 vulgatum:
3520 5043 3712 5125 alterum

2230 5112 2546 5183 rolixibrem
2602 5129 2663 5180 de
2716 5112 3108 5196 Sacramentis,
3151 5112 3314 5196 quem
3360 5122 3434 5196 ait
3475 5112 3709 5196 excidis'ff.

2230 5144 2546 5183 rounorem
2602 5144 2663 5180 ae
2716 5144 3108 5191 sacramentis,
3151 5144 3314 5196 quem
3360 5144 3434 5177 an
3475 5144 3709 5171 ωυιυιοσυ·

2190 5144 2333 5253 ξιίῐιο
2354 5199 2499 5252 enim
2524 5202 2679 5269 patet
2697 5196 2910 5269 librum,
2923 5196 2992 5269 de
3017 5195 3260 5269 corpore
3283 5198 3338 5249 et
3362 5186 3611 5269 Sanguine

2190 5270 2331 5324 mini
2348 5262 2655 5323 alium-non
2684 5284 2805 5323 esse
2825 5285 2860 5323 a
2879 5267 3019 5322 libro
3038 5268 3101 5322 de
3126 5262 3500 5321 Sacramentis.
3520 5269 3614 5326 quo
3636 5262 3707 5326 μοι

2191 5319 2527 5396 manus
2544 5319 2807 5411 "assensi
2828 5319 3092 5411 signa;
3115 5319 3418 5411 camena
3440 5331 3493 5411 ip
3518 5319 3681 5411 31.8%

2262 5415 2281 5483 ἰ
2302 5411 2453 5483 Hinc
2473 5400 2670 5483 collige
2698 5408 2939 5483 Waring
2954 5408 3377 5483 _Corb_ei€e'n0"8
3402 5400 3577 5483 abba?

2187 5458 2636 5539 ιίιίιῐιὶῗῗιιῖἐέἑδ
2645 5458 2897 5538 ἱιόιὶιῖιῗ
2904 5458 3322 5552 1)ιέἑίᾱῶῗῷιό
3338 5458 3613 5547 ὶεηοωίηε
3632 5458 3705 5515 δία

2186 5554 2411 5627 ignotus
2431 5552 2628 5625 jacuit.
