3960 6168
256 247 382 304 Hm
1011 240 1101 292 DE
1143 237 1478 292 CORPORE
1525 236 1607 290 ET
1647 231 2016 288 SANGUINE
2054 230 2338 288 DOMINI.
2382 261 2446 272 —
2487 230 2779 288 VERSUS.
3397 235 3532 295 1'26!

246 370 472 442 planius
497 371 764 440 caperent
787 365 857 419 ad
889 364 1185 418 medelam.
1205 363 1366 416 Nunc
1394 367 1582 416 autem
1610 359 1852 430 dirigere
1868 362 1918 420 Α
1935 371 2174 428 sponsus
2197 362 2256 410 et
2283 371 2488 428 sponsa
2507 355 2760 412 dulcibus
2781 356 3109 414 deliciarum
3122 359 3387 417 fruuntur
3413 378 3532 419 mu-

246 476 361 514 non
392 459 556 513 timui
583 468 605 497 ι
635 455 808 519 vobis,
844 458 1124 525 quatenus
1167 451 1329 506 nobis
1368 451 1551 523 Operis
1582 454 1854 520 praestan-
1935 445 2180 510 neribus,
2201 450 2258 499 et
2284 445 2398 500 Rex
2417 445 2591 500 totius
2612 451 2888 502 creatura:
2910 447 3160 520 quotidie
3190 450 3526 521 ingreditur,

248 551 364 604 tior
389 565 488 619 per
511 564 606 600 vos
631 544 965 599 exuberaret
986 543 1201 596 fructus
1220 540 1492 595 mercedis
1508 555 1608 610 pro
1627 537 1852 603 sudore,
1936 540 2002 589 ut
2021 534 2206 588 videat
2225 533 2659 600 discumbentes,
2676 535 2723 589 si
2744 541 2955 590 vestem
2980 536 3040 591 in
3068 553 3180 608 qua
3199 539 3381 594 renati
3401 546 3534 596 sunt

248 656 380 694 cum
410 653 511 710 per
537 653 632 690 vos
663 634 733 688 ad
766 632 1036 705 plurimos
1066 630 1383 703 pervenerit
1409 627 1851 692 commendatus,
1938 622 2182 676 habeant
2229 623 2539 694 nuptialem
2570 625 2786 690 (Matth.
2834 639 2968 692 χχιι,
3016 624 3099 691 ιι,
3156 625 3256 694 12).
3289 628 3538 700 Quapro-

251 735 311 783 et
354 725 541 797 gratia
575 723 733 777 nobis
785 720 1138 793 responderit
1183 718 1356 774 oblati
1396 717 1646 772 muneris
1681 733 1692 768 :
1726 715 1855 787 quia
1938 716 2064 782 pter
2089 727 2200 765 non
2246 711 2646 782 pervipendere
2674 710 2943 768 debemus
2985 719 3200 769 tantam
3240 717 3486 787 gratiam
3520 736 3532 771 :

252 816 492 890 pecunia
510 813 665 868 verbi
698 813 862 880 (sicut
893 810 1133 883 plenius,
1152 808 1387 863 Domine
1413 807 1486 860 mi
1512 803 1852 874 rex.nostis,)
1937 799 2034 852 sed
2063 798 2308 868 cogitare
2338 799 2582 869 qualiter
2609 799 2887 870 Ροεείῐηπε
2916 817 3042 857 Cum
3082 803 3288 859 ﬁducia
3315 809 3537 862 meme

259 886 504 977 quantos
534 902 835 974 repleverit
864 901 980 956 suis
1011 898 1328 971 sumptibus
1358 898 1663 960 auditores,
1683 895 1855 949 tantis
1937 886 2062 940 Vita)
2101 901 2309 977 pascua
2329 887 2676 977 contingere.
2709 888 2853 942 Hinc
2881 905 3034 959 ergo,
3069 894 3532 961 praestantissime

253 974 535 1066 copiosius
573 993 632 1066 in
669 1008 728 1045 se
774 989 1152 1061 amplificatur
1198 989 1531 1042 meritorum
1574 985 1772 1056 opibus
1804 983 1851 1038 δ.

1972 991 2052 1040 ex,
2079 974 2156 1028 ’de
2185 975 2289 1029 hoc
2317 976 2528 1045 exiguae
2562 995 2585 1022 ο
2616 976 2870 1032 lectionis
2900 979 3122 1049 eloquio
3159 981 3379 1050 placeat
3405 983 3534 1038 dili-

254 1062 382 1147 Qua
407 1081 475 1135 de
504 1062 673 1134 causa
687 1078 852 1132 velim
886 1094 998 1131 non
1031 1077 1136 1131 levi
1161 1077 1349 1130 animo
1367 1076 1474 1130 ista
1489 1075 1856 1146 perlegatve-
1939 1068 2140 1134 genter
2168 1063 2482 1130 intendere,
2514 1070 2726 1134 quanta
2753 1066 2829 1119 Sit
2867 1067 3042 1122 Virtus
3080 1067 3138 1122 in
3166 1069 3378 1125 eiSdem
3410 1088 3535 1144 my-

254 1178 389 1227 straa
407 1171 650 1225 solertiae
669 1168 1026 1238 magnitudo;
1052 1166 1345 1221 verborum
1369 1165 1439 1219 ad
1461 1165 1571 1219 alia
1591 1163 1856 1236 pretioso-

1972 1153 2092 1206 ticis
2122 1153 2508 1219 sacramentis,
2533 1153 2702 1208 vitam
2725 1159 2992 1209 aeternam
3022 1155 3530 1227 imprmsentiarum

255 1277 387 1316 rum
406 1276 598 1314 amore
621 1259 852 1312 ductus:
879 1257 977 1310 sed
999 1261 1078 1310 sic
1099 1273 1268 1326 super
1292 1257 1436 1310 hanc
1459 1254 1716 1308 intendat
1730 1269 1858 1324 pru-
1939 1242 2211 1314 aCCipel‘e,
2245 1247 2303 1296 et
2321 1243 2586 1313 angelicis
2611 1243 2751 1297 escis
2779 1244 2987 1299 Christi
3031 1246 3090 1300 in
3118 1262 3348 1319 corpore
3384 1267 3532 1322 quo-

256 1350 454 1404 dentia
481 1355 664 1403 vestra
684 1345 995 1401 mensulam
1028 1344 1395 1416 paupertatis,
1423 1361 1487 1398 ac
1514 1343 1560 1397 si
1587 1343 1656 1397 ad
1680 1342 1858 1396 fercu-

1972 1331 2076 1385 idie
2102 1331 2655 1401 saginari.Quoniam
2677 1333 2781 1386 etsi
2802 1349 2836 1386 a
2859 1334 2974 1388 Deo
2994 1335 3158 1405 plena
3179 1341 3532 1407 suntomnia,

255 1441 379 1494 lum
409 1435 906 1507 Salomonis,quod
937 1433 1194 1488 ambiunt
1222 1451 1287 1488 ex
1310 1431 1630 1488 fortissimis
1661 1446 1858 1502 super-
1941 1437 2155 1492 nosque
2187 1437 2379 1474 coram
2409 1421 2582 1474 OCUIiS
2607 1420 2804 1475 diVimB
2825 1424 3137 1493 maiestatis
3163 1443 3388 1498 semper
3406 1445 3535 1484 ver.

258 1545 466 1584 norum
485 1528 687 1582 civium
705 1526 1008 1580 electorum
1033 1523 1323 1594 sexaginta
1352 1521 1524 1576 fortes
1556 1521 1732 1588 (Cant.
1750 1523 1856 1586 ιιι),

1972 1525 2153 1571 amur,
2181 1515 2237 1563 et
2265 1509 2494 1579 perﬁdis
2523 1508 2730 1580 ubique
2759 1510 2947 1564 nullus
2973 1517 3132 1567 tutus
3161 1520 3246 1568 est
3273 1515 3537 1582 locus,ta-
3572 1591 3576 1595 Α

258 1618 314 1684 7,
333 1617 407 1682 9).
425 1616 532 1674 Ubi
562 1615 816 1687 profecto
836 1614 881 1668 si
914 1613 1039 1684 quis
1068 1611 1464 1684 superciliosus
1494 1615 1592 1664 aut
1617 1608 1855 1675 invidus,
1943 1615 2074 1652 men
2103 1597 2411 1687 plurimum
2429 1615 2618 1687 coram
2637 1600 2853 1687 sanctis
2866 1599 3138 1657 altaribus
3157 1601 3538 1675 frequentiam

260 1709 347 1761 vel
368 1686 632 1776 indignus
660 1704 956 1758 accesserit
982 1718 1242 1774 usquam,
1264 1717 1457 1755 eorum
1483 1704 1641 1754 tutus
1663 1699 1898 1785 loquor]

1972 1687 2270 1756 .ngelorum
2300 1686 2516 1740 vultum
2548 1686 2649 1740 Dei
2677 1689 3169 1760 contemplantem,
3209 1689 3329 1764 [acj-
3350 1691 3540 1750 divina

262 1772 541 1869 praesidio,
574 1795 642 1848 de
673 1793 878 1865 quibus
900 1798 984 1846 est
1005 1772 1208 1856 sermo,
1243 1807 1356 1844 non
1382 1790 1492 1844 ista
1527 1787 1736 1860 absque
1763 1805 1863 1860 pe-
1877 1772 1922 1785 u
1944 1772 2207 1869 Obse‘lUia
2228 1774 2523 1869 (fhservaf‘e
2543 1781 2765 1846 oportet
2785 1782 2842 1830 et
2867 1779 3328 1869 Vergittaliaque
3349 1789 3540 1840 mente

262 1864 438 1940 riculo
469 1864 769 1944 contemni,
805 1881 1068 1953 quoniam
1093 1880 1534 1950 uniuscujusque
1558 1877 1706 1931 ensis
1731 1877 1862 1931 hinc
1945 1870 2000 1918 εἴ
2030 1864 2219 1918 anima
2239 1864 2546 1918 instantius
2575 1866 2936 1935 Pemcrumri-
2969 1867 3036 1921 Et
3061 1873 3124 1922 ut
3152 1869 3269 1925 Ῐιαθθ
3297 1871 3540 1944 ἀίιίεθη-

263 1975 397 2029 inde
424 1973 674 2028 vibratur
701 1973 892 2040 (lbid.,
936 1988 985 2024 υ.
1027 1971 1103 2039 8),
1136 1975 1252 2023 tam
1282 1974 1344 2022 ut
1370 1967 1569 2022 talium
1597 1966 1862 2021 retundat
1943 1953 2057 2007 tius
2074 1957 2261 2007 vestra
2280 1953 2534 2024 Perlegi“
2551 1969 2719 2024 sagax
2740 1953 3132 2025 ίηιειιίεθηῐὶει,
3149 1957 3278 2012 licet
3299 1961 3535 2017 humilia

254 2063 575 2129 audaciam,
607 2078 776 2133 quam
809 2066 872 2114 ut
913 2058 1061 2130 regis
1091 2057 1350 2112 excubias
1381 2055 1662 2110 custodiat
1688 2061 1706 2084 °
1730 2071 1858 2108 con-

1979 2042 2256 2108 ideantur,
2308 2043 2604 2114 prostratis
2662 2043 2899 2114 imploro
2941 2045 3218 2115 precibus,
3259 2055 3540 2120 quatenus

249 2161 341 2208 tra
372 2153 562 2207 hostes
588 2131 699 2218 (ἰν.
726 2152 848 2217 Reg.
867 2147 1038 2219 ΜΛ).
1067 2146 1173 2210 Qui
1207 2145 1311 2200 etsi
1332 2145 1518 2199 minus
1547 2149 1634 2198 est
1661 2144 1720 2198 in
1750 2145 1858 2197 elo-

1973 2135 2122 2184 estro
2147 2131 2403 2185 examine
2431 2131 2826 2203 comprobatus
2850 2133 3039 2200 codex,
3074 2135 3179 2190 etsi
3201 2137 3539 2207 jamdudum

253 2243 410 2314 quio,
431 2242 608 2295 multo
638 2238 994 2312 praestantius
1029 2237 1086 2290 in
1116 2235 1372 2300 materia,
1407 2251 1516 2304 qua
1543 2233 1713 2302 digne
1743 2249 1858 2287 cre-
1939 2219 2010 2314 a_d
2035 2219 2304 2314 Plurimos
2325 2220 2596 2314 Ρθξνθηίῑν
2627 2220 3168 2314 ἀθίξιοθΡε-ξθουνίυε
3195 2225 3389 2283 haberi
3418 2245 3542 2300 Ροε·

253 2331 520 2386 dentibus
551 2330 662 2383 vita
690 2332 992 2400 praestatur
1022 2322 1465 2394 incorruptibilis
1514 2329 1571 2375 et
1606 2321 1853 2376 aeterna'!

253 2421 472 2476 Idcirco
500 2435 571 2473 ne
604 2435 692 2472 me
719 2423 898 2488 putes,
923 2417 1308 2484 Augustorum
1335 2411 1662 2465 charissime
1688 2409 1732 2477 (Ι,
1771 2411 1855 2464 fa-

257 2510 451 2564 bulam
473 2508 624 2562 vobis
656 2513 950 2561 contexere
972 2504 1040 2557 de
1071 2502 1319 2557 Maronis
1347 2501 1586 2555 salsura.
1611 2501 1731 2554 Imo
1763 2516 1856 2554 ca—

260 2598 502 2652 vendum
533 2612 602 2650 ne
633 2596 780 2649 ullus
809 2594 867 2647 in
889 2593 974 2646 his
1003 2591 1281 2651 offendat;
1309 2589 1442 2660 quia
1457 2589 1600 2642 nihil
1622 2587 1854 2655 felicius,

260 2687 309 2741 si
334 2686 505 2756 digne
529 2685 596 2738 ad
629 2700 696 2737 ea
721 2688 890 2753 gustu
918 2677 1263 2749 intelligibili
1288 2677 1523 2748 quisque
1551 2676 1855 2748 pertingat.

261 2775 391 2836 Ubi,
426 2774 473 2828 si
495 2778 644 2827 recte
665 2772 839 2843 sapio,
865 2767 1221 2841 quotieslibet
1237 2766 1555 2837 quicunque
1587 2765 1861 2819 recumbit

263 2865 416 2918 inter
443 2880 510 2917 ea
533 2863 602 2916 de
633 2861 834 2932 quibus
864 2860 1070 2930 agitur,
1094 2857 1243 2910 inter
1256 2857 1583 2926 angelorum
1607 2854 1863 2926 frequen-

266 2956 405 3008 tiam
439 2960 495 3008 et
523 2957 842 3006 sanctorum
876 2949 1127 3004 omnium
1159 2947 1353 3018 epulas
1399 2951 1655 3000 versatur
1683 2964 1694 2998 :
1733 2946 1864 3016 quia

266 3042 582 3098 convivium
612 3041 808 3096 aeterni
839 3039 1004 3110 Regis
1035 3043 1121 3092 est
1151 3037 1221 3090 ad
1251 3035 1396 3106 quod
1428 3034 1864 3106 ingreditur,ubi
1883 3047 1928 3108 ς,

340 3193 358 3214 ⁸
389 3185 491 3239 Ms.
526 3183 880 3238 Colbertinus
910 3181 1045 3252 legit
1070 3183 1284 3252 curaui.

341 3257 368 3295 δ
401 3257 604 3310 Eadem
637 3256 751 3309 fere
780 3255 839 3308 in
860 3249 1097 3326 epistola
1119 3251 1191 3306 ad
1224 3249 1552 3307 Placidium.

339 3334 355 3355 θ
390 3328 493 3381 Ms.
523 3330 855 3382 custodiant.

337 3411 366 3453 τι
397 3399 581 3462 Forte,
605 3401 934 3454 clarissime.

343 3479 369 3508 ⁸
398 3470 642 3536 Colbert,
681 3471 900 3537 exiguo.

1941 2308 2015 2361 sit
2050 2328 2060 2362 :
2095 2308 2228 2379 quia
2257 2324 2370 2362 non
2389 2307 2458 2362 de
2489 2312 2684 2362 nostro
2713 2308 2822 2363 ista
2851 2310 3152 2379 edidimus,
3185 2315 3283 2369 sed
3307 2317 3542 2373 catholi-

1939 2412 2132 2451 corum
2162 2397 2392 2451 Patrum
2421 2397 2756 2463 doctrinam,
2785 2399 3036 2455 veritatis
3061 2403 3276 2459 calamo
3297 2406 3538 2463 conscri-

1938 2492 2115 2556 ptam,
2146 2491 2338 2540 nostro
2370 2487 2515 2558 stylo
2531 2488 3068 2548 commendavimus.
3093 2492 3255 2556 Quod
3279 2495 3327 2549 si
3348 2496 3539 2566 digni-

1939 2580 2025 2628 tas
2047 2579 2228 2629 vestra
2257 2590 2324 2628 ea
2351 2591 2473 2645 qua:
2503 2575 2738 2630 devotus
2758 2577 2949 2644 offero,
2983 2579 3286 2650 dignanter
3320 2599 3544 2657 accepe-

1940 2663 2032 2729 rit,
2063 2679 2299 2735 meaque
2329 2662 2349 2704 ΐ
2379 2663 2742 2736 taliacunque
2761 2673 2926 2736 grata
2955 2667 3337 2740 fuerint,illud
3359 2675 3538 2730 Maro-

1942 2751 2028 2806 nis
2055 2751 2114 2805 in
2139 2753 2251 2806 ﬁne
2277 2751 2513 2808 cantabo
2537 2771 2548 2807 :

2152 2929 2309 2978 Aurea
2331 2931 2456 2979 mala
2477 2931 2640 2981 decem
2669 2932 2802 2998 misi,
2823 2949 2929 2984 cras
2959 2938 3107 2986 altera
3133 2939 3346 2992 mittam.

2796 3033 2963 3098 (Virg.
3002 3036 3192 3101 Bucol.,
3217 3040 3363 3102 eclog.
3389 3042 3479 3105 ιη.)

1978 3249 1988 3259 ι
2019 3176 2051 3260 ί.
2068 3178 2230 3260 Hunc
2246 3179 2441 3260 locum
2485 3184 2905 3240 emendavimus
2941 3202 3046 3258 Ope
3079 3189 3282 3246 codicis
3322 3193 3546 3249 Colber-

1949 3250 2076 3328 _tin_i,
2106 3250 2206 3328 qui
2243 3251 2381 3328 legit
2400 3270 2653 3328 _meaquc,
2696 3273 2808 3310 non
2839 3260 2902 3310 in
2933 3250 2995 3312 ea
3023 3277 3161 3328 qua,
3202 3269 3266 3317 ut
3296 3263 3353 3319 in
3381 3266 3548 3321 editis

1951 3319 2209 3404 habetur,
2234 3319 2558 3404 manifesto:
2570 3319 2931 3404 amanuensis
2956 3319 3165 3396 errore,
3211 3334 3306 3404 qui
3343 3352 3409 3390 ex
3437 3319 3551 3392 una

1951 3408 2007 3446 φη
2036 3391 2254 3448 litteras
2275 3393 2417 3449 duas
2449 3395 2579 3452 fecit
2608 3401 2690 3465 in,
2725 3406 2782 3453 et
2802 3415 2920 3468 qua
2938 3403 3126 3470 posuit
3145 3391 3246 3474 pro
3271 3423 3394 3475 que.

1806 3622 3557 3655 ...__..__________________

1194 3726 1551 3802 VERSUS
1602 3725 2103 3800 PASCHASII
2141 3727 2607 3805 RADBERTI
2679 3712 2682 3714 ⁷

1282 3878 1370 3939 De
1404 3877 1668 3960 (‘orpore
1693 3885 1749 3939 et
1781 3876 2094 3958 Sanguine
2121 3850 2377 3945 Domini.

286 4099 466 4170 :degis
493 4111 517 4143 ι
539 4098 699 4153 adire
723 4114 893 4154 sacrae
913 4099 1008 4170 qui
1037 4100 1125 4155 vis
1152 4099 1425 4154 solemnia
1453 4115 1677 4166 mensae,

285 4189 614 4249 >lmiﬁcum
637 4188 844 4244 Christi
873 4205 1074 4261 corpus
1103 4189 1427 4260 contingere
1455 4189 1616 4254 votis,

283 4278 530 4336 celicias
551 4278 577 4318 δ
600 4278 764 4344 vesci,
799 4295 1022 4335 roseum
1053 4286 1249 4352 potare
1274 4295 1555 4343 cruorem,

283 4367 564 4425 waeehiea
595 4373 788 4423 nostra
814 4368 998 4436 velim,
1032 4385 1205 4441 puero
1228 4381 1250 4409 ο
1279 4385 1400 4440 quae
1427 4367 1680 4423 misimus
1709 4365 1862 4433 olim,

281 4464 364 4518 est
397 4458 591 4512 niveos
617 4463 772 4512 casto
801 4458 1008 4512 condas
1035 4458 1094 4513 in
1123 4464 1348 4531 pectore
1377 4458 1544 4512 ﬂores
1571 4474 1581 4508 :

283 4547 524 4607 mustica
549 4546 694 4602 forte
722 4547 912 4602 animo
933 4547 1179 4612 sordent,
1205 4547 1303 4602 sed
1325 4546 1492 4601 mella
1511 4543 1538 4586 ἀ
1555 4545 1866 4602 manabunt
1883 4537 1930 4597 D

283 4640 541 4697 viantum
563 4648 586 4675 ο
613 4651 734 4705 quae
760 4635 1008 4689 calamus
1029 4635 1236 4690 Christi
1260 4636 1327 4690 de
1351 4636 1501 4690 fonte
1523 4635 1826 4702 ministrat,

282 4724 450 4781 dnde
470 4723 618 4777 sitim
634 4723 823 4794 puerif
838 4724 1056 4794 possint
1075 4725 1425 4796 restinguere
1443 4728 1536 4794 (al.
1549 4725 1868 4795 ,restringe—

283 4813 358 4866 mi
387 4813 562 4867 libeat
589 4813 757 4882 digne
783 4813 983 4867 sectari
1008 4815 1167 4884 jussa
1194 4814 1482 4868 Tonantis.
1551 4815 1647 4884 [rc)
1672 4814 1872 4869 saltem

339 4926 357 4949 ⁸
388 4922 743 4976 Mameranus
769 4927 825 4974 et
853 4919 1217 4978 Ulimmerius
1249 4920 1544 4976 manifesto
1568 4937 1757 4975 errore
1787 4922 1868 4975 le-

267 4997 414 5060 gunt
436 4994 602 5059 Legis,
628 5009 738 5064 quo
767 4993 969 5063 posito,
996 4994 1338 5050 acrostichus
1368 4993 1427 5047 in
1468 4993 1652 5064 prima
1679 4993 1870 5048 littera

267 5062 629 5116 claudicaret.

267 5069 629 5117 claudicaret.

342 5133 368 5164 "
398 5134 548 5187 Editi
582 5137 800 5188 Deliciis
829 5141 967 5192 vesci
983 5141 1178 5191 contra
1201 5135 1367 5189 fidem
1393 5135 1584 5188 decem
1621 5151 1750 5188 mss.
1771 5135 1868 5205 qui

268 5211 598 5276 constanter
622 5206 816 5276 legunt
847 5211 1078 5262 Delicias
1098 5209 1254 5272 vesci,
1285 5223 1385 5261 nec
1403 5207 1575 5261 male:
1609 5221 1739 5258 nam
1764 5206 1868 5260 etsi

268 5275 619 5347 frequentius
639 5275 817 5331 vescor
843 5296 969 5334 cum
1000 5295 1133 5333 casu
1162 5277 1402 5332 ablativo
1426 5279 1869 5347 jungatur,non-

268 5362 562 5418 nunquam
593 5354 784 5420 tamen
815 5367 940 5404 cum
973 5349 1286 5404 accusativo
1311 5349 1458 5420 apud
1499 5348 1740 5418 Optimos
1769 5364 1870 5420 au-

269 5417 455 5493 ctores
489 5419 734 5493 ponitur,
768 5427 832 5475 ut
873 5420 1308 5493 apudPlinium
1347 5417 1560 5493 _lib:__x’,
1602 5435 1726 5493 cap.
1771 5417 1868 5493 38;

269 5489 630 5564 Ijropertium
653 5491 750 5564 lib.
776 5506 837 5559 η,
862 5489 1001 5564 eleg.
1026 5492 1076 5552 6;
1097 5492 1348 5564 Tacitum
1365 5492 1419 5544 in
1439 5491 1567 5544 Vita
1583 5489 1870 5561 Agricolas.

272 5560 349 5615 Ex
379 5560 486 5636 hoc
502 5579 673 5636 porro,
699 5563 819 5618 loco
850 5560 1007 5636 patét
1033 5563 1299 5617 Radberti
1320 5578 1525 5617 nomen
1547 5560 1672 5636 cum
1704 5564 1878 5629 d,non

273 5633 778 5717 cumi'legendurn
794 5633 898 5717 hoc
916 5636 1414 5717 modgﬁaa‘ocrlas‘
1434 5650 1544 5717 non
1562 5635 1875 5703 Ralpertus.

347 5734 368 5764 c
400 5705 640 5760 Warino
663 5706 893 5774 scilicet,
921 5723 1019 5762 seu
1049 5705 1298 5761 Placidio
1329 5705 1535 5771 abbati,
1558 5721 1724 5775 quem
1751 5721 1882 5774 puc-

1967 4098 2232 4154 r‘ibertas
2263 4099 2470 4155 etenim
2499 4100 2628 4155 ﬁdei
2656 4115 2945 4172 nunquam
2971 4097 3212 4171 abnegat
3240 4102 3341 4157 ulli

1968 4188 2224 4244 eximios
2251 4189 2379 4245 vita:
2406 4189 2618 4246 fructus
2647 4189 2716 4244 de
2739 4189 2947 4262 cespite
2976 4190 3161 4244 carnis
3197 4206 3209 4242 :

1967 4277 2120 4344 <ita,
2155 4279 2326 4345 salus,
2360 4296 2485 4351 pax,
2519 4279 2632 4346 lux,
2667 4278 2943 4352 sapientia
2969 4279 3211 4352 denique
3235 4282 3450 4338 cunctis

1964 4366 2130 4422 unde
2158 4373 2352 4423 manet
2379 4383 2480 4440 per
2506 4383 2635 4422 eum
2664 4379 2693 4422 ε
2729 4367 2854 4423 οωιί
2877 4366 2982 4424 sub
3009 4368 3235 4424 cardine
3265 4370 3499 4441 quadra,

1962 4506 2056 4553 eu
2081 4507 2304 4563 quoque
2334 4492 2660 4548 muneribus
2688 4492 2736 4546 si
2764 4492 2969 4565 dignus
2999 4491 3199 4552 vixeris
3227 4493 3351 4548 istis

1963 4580 2222 4652 >ccipies
2251 4581 2492 4652 palmam
2515 4582 2673 4653 regni
2697 4582 2901 4638 virtute
2924 4581 3122 4637 beatus
3150 4579 3198 4635 h.

1949 4723 2210 4794 Disponit
2230 4739 2456 4778 causam
2488 4723 2692 4778 nostris
2711 4724 2859 4778 Deus
2890 4722 3080 4778 usibus
3105 4729 3316 4796 aptam,

1954 4814 2028 4868 Ut
2059 4813 2214 4884 panis
2243 4829 2462 4884 corpus,
2486 4813 2676 4867 vinum
2705 4814 3046 4884 sanguisque
3069 4814 3144 4868 sit
3170 4815 3312 4885 ejus,

1949 4937 2082 4991 rum
2105 4925 2283 4978 vocat.
2317 4920 2465 4990 quod
2489 4936 2523 4973 a
2550 4921 2745 4991 primis
2775 4937 2902 4975 eum
2931 4922 3096 4976 annis
3119 4922 3435 4977 erudiisset.

2021 4989 2049 5031 ά
2079 4992 2165 5046 Ita
2193 4989 2701 5046 Mam’eranus‘cum
2733 5010 2865 5046 mss.
2896 4993 2970 5046 At
3011 5009 3140 5048 vero
3183 4994 3543 5049 Ulimmerius

1952 5068 2008 5117 et
2027 5062 2357 5118 Sirmondus
2383 5063 2578 5132 legunt
2613 5065 2781 5118 mella
2803 5066 3082 5118 meabunt.

2018 5145 2043 5176 ο
2070 5133 2381 5187 Aniciensis
2414 5133 2604 5200 codex,
2630 5135 2851 5206 duoque
2881 5134 3204 5202 Colbertini,
3226 5137 3329 5190 Iste
3359 5141 3541 5190 tamen

1950 5208 2217 5260 calamus.

2021 5276 2041 5316 ί
2072 5275 2162 5330 Sic
2193 5276 2726 5349 restituimushunc
2757 5294 2975 5332 versum
3008 5295 3112 5349 ope
3143 5277 3544 5349 manuscripto—

1952 5364 2078 5402 rum
2109 5347 2332 5418 optimae
2362 5354 2526 5403 notae.
2553 5348 2696 5402 Nam
2723 5349 2858 5404 editi
2889 5347 3060 5404 antea
3082 5348 3374 5417 legebant:

2081 5425 2210 5475 Unde
2234 5426 2370 5475 sitim
2400 5428 2553 5488 possis
2583 5428 2894 5491 ﬂammasque
2911 5429 3206 5491 exstinguere
3229 5429 3418 5477 mortis.

2031 5500 2060 5543 ε
2073 5490 2535 5544 Ιωὶιεωειωηυε
2546 5507 2673 5546 cum
2690 5507 2804 5545 mss
2813 5489 3406 5554 .duodecimQuatuor
3421 5508 3549 5546 vero

1961 5577 2094 5616 mss.
2123 5560 2321 5632 legunt
2350 5563 2484 5616 Inde
2508 5566 2638 5632 [luit
2665 5567 2854 5627 testor;
2884 5561 2996 5615 duo
3022 5576 3153 5614 vero
3175 5577 3307 5616 mss.
3341 5562 3550 5617 habent

1963 5635 2096 5703 Inde
2121 5639 2312 5687 manat
2336 5649 2564 5703 semper.
2582 5633 2891 5688 Aniciensis
2914 5649 2924 5686 :
2948 5634 3077 5687 Inde
3095 5640 3285 5687 manat
3301 5649 3544 5702 peracri.

2036 5702 2063 5744 ιι
2089 5704 2190 5759 Hic
2219 5704 2423 5759 desinit
2451 5702 2675 5759 Carmen
2693 5720 2724 5756 a
2747 5703 3012 5758 Martenio
3034 5705 3550 5776 praepositumlibro
