3992 6166
570 248 713 310 1263
1442 244 1818 300 mscnasn
1862 246 2217 300 numnam
2261 245 2561 299 manus
2602 242 3089 297 (.‘OltllElENSIS.
3624 220 3724 304 iam

573 374 683 430 Sed
713 356 884 445 queat
910 373 974 424 ut
1001 368 1262 424 submisit
1290 367 1447 433 odor,
1480 367 1652 433 color,
1684 384 1750 422 ac
1770 384 1938 440 sapor
1960 370 2157 424 isdem.
2185 374 2227 428 A
2250 367 2560 438 Participes
2590 368 2777 422 calicis
2804 368 3043 421 mundos
3065 374 3306 438 perstare
3334 385 3526 424 necesse
3549 376 3627 423 est.

568 462 659 517 Fit
683 458 813 515 ﬁdei
844 473 1076 522 merces,
1109 456 1269 526 cujus
1289 460 1378 510 est
1404 456 1656 511 maxima
1681 456 1878 511 virtus.
2248 457 2441 512 Abluit
2464 457 2595 511 inde
2618 457 2807 528 pedes,
2836 473 3007 511 caena:
3032 473 3157 511 cum
3188 463 3393 529 tempus
3412 459 3607 525 adesset,

567 550 678 603 Lex
702 565 773 603 ea
801 552 1016 602 natum
1045 550 1131 601 est
1155 544 1294 600 verti
1314 544 1372 600 in
1397 545 1546 617 quod
1559 546 1796 616 jusserit
1824 550 2038 600 auctor.
2248 546 2543 617 Discipulis
2572 546 2838 600 mundam
2864 546 3105 601 suadens
3135 546 3233 600 hos
3260 547 3443 602 ducere
3471 549 3623 609 vitam.

560 636 870 708 Imperium
898 635 1153 707 sequitur
1179 635 1249 690 de
1276 652 1355 701 se,
1389 651 1517 690 mox
1545 634 1751 689 transit
1777 635 1835 689 in
1866 633 2003 688 illud
2242 634 2551 705 Participes
2574 635 2765 700 divini,
2800 651 2909 705 quo
2941 635 3297 700 mandentur,
3327 637 3624 692 sacramenti.

563 723 724 789 Quod
747 723 912 794 jubet
938 724 1326 794 Omnipotens,
1355 739 1446 778 res
1476 722 1536 778 in
1557 723 1829 777 miracula
1852 728 2093 777 vertens.
2240 724 2325 779 Ne
2353 732 2417 779 ut
2443 726 2600 780 Iudae
2630 724 2842 779 similes
2863 723 3090 795 capiant
3117 741 3274 794 mage
3294 724 3483 779 damna
3505 726 3673 790 salutis,

559 811 829 869 Protinus
860 829 993 884 ergo
1023 813 1201 868 vicem
1225 817 1410 867 mutat
1432 817 1639 866 natura
1662 815 1904 866 suetam.
2242 814 2524 869 Immundi
2549 814 2816 868 mundam
2847 812 3111 884 quoniam
3141 812 3343 867 audent
3369 830 3560 867 sumere
3588 813 3727 867 libam.

560 902 689 958 Mox
718 918 849 957 caro
872 903 935 957 ﬁt
965 902 1143 973 panis,
1167 901 1360 956 vinum
1385 916 1511 955 mox
1542 900 1785 971 denique
1806 899 2055 970 sanguis,
2134 890 2140 895 ’
2241 902 2383 957 Nam
2403 904 2565 957 docet
2590 902 2647 957 in
2679 901 2864 956 calicis
2893 900 3165 972 quosdam
3191 902 3371 957 natale
3396 903 3599 967 futuros,

554 990 778 1063 Datque
798 990 1133 1056 sacerdotes,
1166 989 1272 1045 sibi
1306 1006 1446 1060 quos
1475 989 1799 1060 incorporat
1816 1004 2029 1056 omnes,
2240 991 2347 1056 Qui
2373 991 2477 1046 sibi
2500 991 2777 1062 judicium
2806 1007 2964 1045 sacra
2991 1008 3093 1063 per
3124 992 3384 1063 mysteria
3408 997 3622 1045 sumunt.

557 1080 691 1135 Haec
725 1087 792 1135 ut
817 1085 992 1151 agant
1020 1096 1121 1151 per
1147 1094 1278 1134 eum
1308 1077 1599 1149 mysteria,
1627 1082 1685 1131 et
1703 1078 1822 1148 ipse
1845 1094 1945 1148 per
1972 1078 2116 1132 illos.
2238 1079 2381 1134 Hinc
2409 1080 2545 1134 sinit
2562 1080 2712 1135 inter
2740 1096 2835 1134 eos
2850 1079 2947 1150 qui
2976 1080 3335 1134 convivantur
3361 1080 3563 1145 amicos,

554 1170 643 1224 An
670 1169 840 1224 homo
863 1175 1126 1224 naturam
1147 1184 1250 1240 per
1280 1184 1341 1221 se
1369 1166 1673 1221 mutaverit
1700 1166 1901 1232 ullam,
2236 1168 2311 1223 Ut
2333 1168 2506 1223 Iudas
2531 1169 2758 1239 epulum
2789 1173 2981 1238 gustet
3000 1168 3154 1223 canis
3174 1169 3267 1223 ille
3283 1168 3532 1239 polosum.

550 1257 641 1312 An
668 1258 838 1312 homo
868 1256 1145 1312 triticeam
1175 1254 1524 1327 praestavel'it
1554 1270 1677 1309 esse
1703 1253 1975 1308 Dealem?
2235 1258 2422 1313 Ofﬁcit
2448 1258 2695 1327 inﬁrmo,
2726 1258 2954 1329 prodest
2977 1258 3124 1329 quod
3146 1258 3379 1330 denique
3406 1274 3544 1312 sano.

550 1346 670 1401 Vox
699 1347 799 1402 sed
820 1347 877 1401 id
906 1347 1091 1419 explet
1111 1361 1404 1417 opus,quae
1420 1343 1671 1398 condidit
1693 1342 1884 1399 omnia
1898 1358 2146 1414 prorsus.
2237 1346 2345 1412 Qui
2374 1347 2519 1419 pluit
2542 1346 2787 1418 injustis,
2821 1346 3109 1419 solemque
3140 1347 3415 1401 ministrat
3440 1345 3631 1417 iniquis,

549 1436 696 1492 Nam
727 1435 903 1491 semel
923 1440 987 1490 ut
1006 1443 1214 1490 terram
1229 1432 1575 1505 jussit,quod
1598 1432 1880 1503 germinet
1898 1431 2147 1498 herbam,
2237 1436 2482 1507 Esseque
2510 1436 2630 1492 vult
2657 1436 2855 1499 salvos,
2889 1440 2948 1490 et
2974 1452 3164 1490 verum
3185 1452 3471 1506 agnoscere
3488 1438 3686 1489 cunctos.

549 1525 710 1589 Quod
730 1524 866 1579 facit
892 1523 1007 1589 illa,
1039 1522 1243 1578 dehinc
1274 1538 1374 1594 per
1398 1527 1601 1576 cuncta
1624 1520 1912 1577 volumina
1930 1522 2077 1577 saecli
2237 1524 2354 1578 Hoc
2380 1540 2680 1579 commune
2709 1524 2920 1578 bonum
2950 1524 3166 1578 cunctis
3186 1524 3418 1595 largitur
3443 1523 3506 1577 ad
3530 1537 3687 1582 usum;

544 1612 724 1668 Iussit
746 1618 805 1666 et
826 1612 933 1666 hoc
963 1611 1103 1677 ﬁeri,
1133 1611 1215 1666 sic
1231 1627 1292 1665 se
1317 1610 1636 1665 substantia
1661 1611 1846 1677 vertit,
2162 1678 2200 1684 _
2235 1612 2484 1684 Quisque
2503 1618 2695 1668 tamen
2723 1612 2929 1679 videat,
2953 1613 3153 1683 qualis,
3185 1614 3267 1667 vel
3295 1613 3471 1683 qualia
3493 1616 3661 1675 sumat,

542 1701 664 1756 Hoc
683 1717 823 1771 opus
849 1705 909 1755 et
934 1714 1105 1755 caena;
1135 1717 1235 1771 per
1264 1716 1392 1754 eum
1418 1704 1677 1771 patratur
1702 1698 1928 1771 ubique.
2162 1678 2208 1738 Β
2228 1678 2470 1757 Praemia
2497 1702 2589 1756 cui
2614 1702 2758 1769 vitae,
2786 1701 2875 1756 cui
2901 1678 3016 1755 sint
3044 1678 3350 1771 augmenta
3369 1702 3619 1772 gehennae.

539 1789 795 1844 Plurima
816 1789 1019 1844 visibili
1041 1804 1266 1860 semper
1289 1788 1497 1843 virtute
1519 1788 1754 1860 peregit,
2226 1792 2442 1847 Caetera
2470 1790 2713 1846 sanciret
2748 1807 2877 1845 cum
2899 1791 3005 1856 lex,
3030 1808 3154 1862 quae
3184 1791 3299 1845 haec
3326 1806 3483 1845 causa
3504 1786 3712 1860 reposcit,

536 1879 682 1934 Nam
702 1894 856 1933 mare
886 1894 1015 1933 cum
1040 1876 1263 1941 scindit,
1286 1875 1513 1931 coluber
1540 1877 1605 1931 ﬁt
1634 1876 1789 1947 virga
1818 1877 2081 1944 vicissim,
2223 1881 2341 1935 Hoc
2371 1880 2557 1952 posuit
2578 1879 2847 1951 primum,
2872 1879 3155 1951 jussitque
3177 1879 3487 1934 vorantibus
3513 1893 3694 1949 agnum,

536 1968 818 2038 Petraque
837 1967 985 2023 fudit
1011 1983 1207 2039 aquas,
1229 1964 1456 2021 nimbus
1473 1982 1695 2037 quoque
1712 1965 2136 2037 praebuitescas,
2222 1968 2297 2023 Ut
2330 1967 2649 2039 quicunque
2674 1985 2805 2023 suos
2834 1968 3060 2023 studeat
3081 1970 3418 2040 praecingere
3448 1966 3648 2028 lumbos,

534 2057 779 2128 Fertque
804 2056 1064 2111 columna
1095 2055 1303 2126 ignem,
1340 2054 1568 2127 pellitve
1589 2054 1829 2110 subinde
1852 2072 2135 2127 vaporem.
2222 2057 2384 2122 Quod
2408 2056 2587 2128 magis
2618 2057 2897 2129 expediat.
2922 2057 3027 2112 hoc
3056 2058 3240 2130 primo
3261 2058 3442 2113 locans
3468 2054 3739 2111 manifestat.

533 2145 652 2201 Ista
678 2151 875 2217 patent
901 2162 1110 2210 coram,
1139 2145 1315 2199 virtus
1339 2143 1640 2199 manifesta
1666 2143 1920 2212 videtur;
2222 2144 2492 2201 Convivas
2518 2145 2668 2217 epuli
2696 2151 2880 2200 castos
2910 2145 3074 2201 docet
3098 2163 3221 2201 esse
3251 2146 3486 2218 superni,

534 2234 642 2288 Illa
670 2235 857 2306 palam
887 2234 1039 2301 fecit,
1067 2235 1171 2289 hoc
1188 2233 1331 2288 clam
1358 2232 1508 2303 gerit
1530 2238 1781 2287 attamen
1799 2234 1937 2306 ipse.
2221 2234 2329 2299 Qui
2358 2234 2485 2289 litat
2514 2234 2571 2288 in
2598 2234 2794 2299 veteri,
2822 2233 2959 2288 libat
2981 2235 3306 2289 velitamina
3335 2235 3458 2300 ritu,

531 2322 653 2378 Hoc
680 2339 820 2395 opus
847 2322 1183 2378 absconsum
1211 2322 1361 2394 quod
1390 2322 1551 2393 signa
1580 2322 1832 2394 patentia
1861 2321 2128 2394 produnt,
2219 2324 2392 2379 Lotus
2417 2328 2471 2377 et
2497 2340 2530 2377 a
2560 2322 2711 2378 licito
2732 2340 2791 2377 se
2814 2323 3070 2394 conjugis
3097 2323 3347 2379 abstinet
3363 2338 3481 2388 usu,

530 2409 678 2467 Nam
704 2411 1004 2467 manifesta
1034 2412 1184 2466 Deus
1215 2410 1366 2477 fecit,
1395 2411 1662 2466 credatur
1689 2418 1755 2466 ut
1781 2411 1954 2466 istud.
2220 2412 2357 2467 Hinc
2393 2411 2547 2466 licito
2596 2411 2666 2466 ad
2711 2416 2957 2482 tempus,
2987 2411 3119 2482 quia
3156 2413 3269 2466 fert
3295 2412 3467 2466 tribus
3504 2424 3602 2464 una
3626 2405 3744 2461 mini-

527 2501 677 2557 Dum
707 2501 859 2556 videt
875 2501 976 2555 illa
1002 2500 1215 2566 oculus,
1238 2506 1432 2555 cernat
1451 2500 1580 2555 ﬁdei
1624 2500 1680 2554 id
1705 2517 1928 2572 quoque
1957 2500 2129 2568 visus,
3534 2499 3684 2569 [siros

530 2590 666 2656 Quae
694 2606 878 2662 neque
906 2604 1164 2645 veracem
1193 2588 1434 2655 dubitat,
1459 2606 1562 2644 nec
1582 2590 2048 2660 omnipotentem.
2215 2588 2432 2646 Umbra
2455 2593 2645 2644 tamen
2674 2589 2875 2643 veteris
2895 2594 3028 2644 sunt
3042 2589 3159 2655 illa,
3189 2596 3461 2662 typusque
3478 2580 3742 2642 holocausti.

527 2681 902 2737 Frumentum
930 2684 988 2735 et
1015 2680 1205 2734 vinum
1224 2679 1557 2750 generantia
1577 2678 1961 2750 virginitatem
2214 2678 2394 2743 Quam
2426 2676 2605 2748 magis
2635 2693 2761 2732 ecce
2791 2677 2951 2732 decet
2970 2678 3339 2749 nitidum,qui
3367 2676 3556 2732 talibus
3579 2668 3746 2726 heret?

529 2769 661 2825 Haec
686 2776 963 2839 generant
989 2774 1208 2823 turmas
1237 2769 1307 2824 de
1329 2768 1649 2839 virginitate
1679 2768 1932 2822 decoras.
2211 2768 2363 2823 Mors
2393 2772 2557 2820 necat
2584 2766 2749 2823 hunc.
2770 2765 2984 2821 umbrae
3009 2766 3226 2820 cultum
3246 2766 3340 2837 qui
3365 2761 3632 2836 spreverit;
3648 2755 3746 2811 inde

527 2857 777 2929 Virginis
805 2859 909 2913 has
938 2859 1151 2930 species
1177 2858 1316 2929 legit
1344 2874 1515 2929 quam
1538 2856 1785 2911 maxima
1811 2857 2015 2929 proles,
2213 2854 2427 2926 Collige
2449 2853 2581 2925 quid
2613 2860 2859 2922 maneat,
2887 2872 3005 2909 rem
3033 2855 3220 2926 ipsam
3246 2854 3341 2926 qui
3372 2853 3503 2907 forte
3523 2849 3742 2922 profanat;

527 2947 672 3002 Hinc
699 2953 764 3001 ut
787 2947 1059 3002 castiﬁcet
1086 2963 1321 3002 numero
1349 2962 1489 3017 quos
1520 2945 1690 3017 prolis
1721 2946 1971 3016 adOptat.
2216 2944 2357 2998 Cum
2384 2954 2583 3013 gravet
2611 2959 2805 2997 omnes
2824 2944 3006 2998 scelus
3036 2944 3280 2998 multum
3299 2930 3518 3015 pollutio
3545 2940 3691 3011 pejus.

528 3036 747 3091 Horrea
773 3034 1120 3090 frumentum
1148 3034 1327 3107 replet
1358 3034 1482 3101 hoc,
1516 3034 1745 3089 cellaria
1772 3034 1984 3099 vinum,
2152 3019 2196 3081 C
2217 3031 2495 3102 Virgineae
2515 3032 2657 3103 proli
2686 3032 2827 3086 nihil
2856 3038 2943 3087 est
2969 3033 3263 3087 adversius
3294 3033 3407 3097 illa,

529 3124 642 3180 Cor
669 3123 912 3179 hominis
931 3123 1063 3179 facit
1084 3125 1207 3191 hoc,
1232 3123 1368 3178 illud
1398 3139 1622 3195 quoque
1646 3124 1900 3189 ﬁrmum,
2218 3122 2594 3191 Majestasque
2624 3121 2725 3188 rei,
2759 3122 2805 3177 si
2836 3138 2947 3176 non
2968 3121 3332 3188 discernitur,
3360 3120 3567 3185 obstat;

527 3213 664 3269 Haec
692 3213 805 3269 duo
833 3214 1115 3286 virgineas
1142 3219 1418 3284 generant
1438 3213 1518 3267 sic
1546 3229 1680 3283 ergo
1708 3212 1962 3267 choreas.
2218 3209 2498 3264 Iudicium
2527 3209 2718 3276 sumit,
2742 3210 2841 3281 qui
2868 3227 2981 3265 non
3000 3211 3297 3282 dijudicat,
3327 3209 3521 3282 inquit.

527 3357 598 3483 ge
632 3357 879 3428 Corpore
923 3357 981 3408 et
1021 3353 1306 3425 Sanguine
1332 3354 1581 3411 Domini.
1625 3355 1937 3427 Sequentes
1966 3368 2159 3408 versus
2187 3368 2254 3408 ex
2282 3350 2584 3407 Anecdotis
2626 3352 2940 3421 Muratorii,
2976 3358 3114 3408 tom.
3144 3353 3252 3421 IlI,
3282 3351 3594 3425 excepimus,
3620 3347 3744 3404 EDIT-

576 3442 771 3483 ATROL.
3132 3439 3139 3443 ·

576 3442 771 3484 ATROL.
3132 3439 3139 3443 ’

1996 3816 2020 3846 ³
2043 3801 2335 3865 INCIPIT

1381 3958 1875 4034 PROLOGUS
1926 3961 2424 4036 PASCHASII
2478 3963 2952 4037 RADBERTI

1228 4135 1331 4197 Ad
1355 4139 1701 4200 Pucumm
1732 4138 2090 4221 discipulum
2117 4161 2288 4204 suum
2316 4144 2389 4206 de
2415 4162 2591 4224 opere
2617 4141 3015 4223 subsequenti.

600 4438 947 4494 Pascuasms
985 4437 1012 4477 δ
1060 4436 1399 4492 ΒΑυΒειιωυε
1457 4438 1671 4502 Levita,
1720 4440 2125 4495 monachorum
2145 4446 2194 4504 D
2277 4440 2417 4496 Novi
2448 4440 2636 4511 igitur,
2669 4457 2690 4483 ο
2720 4455 2823 4494 nec
2849 4439 3079 4510 ambigo
3105 4444 3208 4494 tua
3238 4437 3604 4511 experimento
3619 4424 3729 4484 disci

528 4528 779 4582 omnium
802 4527 1138 4599 peripsema,
1162 4525 1525 4583 dilectissimo
1547 4527 1682 4592 ﬁlio,
1708 4533 1765 4582 et
1786 4528 1903 4583 vice
1920 4529 2128 4584 Christi
2208 4530 2487 4602 plinarum
2518 4529 2765 4596 solertia,
2782 4529 2927 4601 quod
2959 4528 3234 4591 Arsenius
3252 4526 3281 4570 ά
3308 4532 3661 4595 noster,quem
3673 4530 3747 4570 ηο-

526 4616 865 4685 praesidenti,
894 4616 1166 4689 magistro
1190 4616 1514 4672 monasticae
1541 4617 1866 4690 disciplinae,
1893 4618 2126 4673 alternis
2205 4624 2324 4674 stra
2340 4635 2490 4674 nunc
2518 4618 2677 4673 nobis
2705 4617 2906 4673 saecula
2929 4618 3236 4673 Ieremiam
3280 4618 3513 4673 alterum
3537 4606 3747 4667 tulerunt

524 4702 869 4758 successibus
896 4704 1147 4761 veritatis
1177 4705 1578 4779 condiscipulo.
2207 4705 2277 4762 ab
2297 4708 2411 4776 illo,
2431 4708 2491 4762 in
2517 4708 2649 4762 ﬁdei
2676 4712 2733 4763 te
2751 4705 2887 4761 mihi
2901 4707 3250 4762 commiserit
3274 4706 3490 4763 ratione
3516 4722 3527 4757 :
3556 4700 3746 4772 propter

595 4856 617 4882 ³
650 4844 739 4899 Ita
759 4844 987 4923 titulum
1015 4850 1242 4923 praefert
1268 4850 1444 4923 codex
1468 4849 1823 4906 Colbertinus
1847 4851 2119 4923 antiquis-
2198 4918 2213 4923 _
2271 4848 2299 4887 ι)
2322 4848 2519 4923 Plures
2555 4844 3071 4923 mssspraefationis
3118 4849 3532 4923 inscriptionem
3570 4836 3743 4923 habe}lt

521 4915 717 4991 simus.
767 4911 1036 4991 Sic__ver6
1080 4920 1221 4989 regii
1250 4920 1362 4975 duo
1406 4938 1540 4977 mss.
1576 4940 1587 4974 :
1624 4924 1827 4991 Incipit
1854 4911 2112 4991 protegas
2198 4918 2304 4974 hoc
2331 4919 2498 4974 modo
2530 4938 2542 4973 :
2573 4911 2894 4975 Pasch-asins
2925 4922 3224 4977 Radbertus
3254 4911 3491 4977 Placidia
3518 4911 3742 4991 suosma-

520 4988 820 5062 Paschasiz:
846 4989 1070 5062 diaconi
1087 4983 1176 5062 Δἰῆ
1209 4991 1353 5045 libro
1379 4994 1448 5047 de
1479 4994 1710 5062 Corpore
1745 4983 1795 5048 et
1823 4983 2110 5062 Sanguine
2194 4996 2319 5056 tem,
2350 4996 2473 5046 tum
2508 4993 2860 5046 dilectissimo
2897 4995 3017 5060 ﬁlio
3056 4995 3168 5046 vice
3215 4993 3426 5047 Christi
3447 4983 3737 5062 praesidali-

516 5055 1131 5133 Ilomini.Corbeiensis
1149 5076 1313 5116 unus.
1341 5065 1407 5117 In
1436 5051 1873 5120 nomines-uncta:
1886 5051 2108 5119 etvindi-
2188 5062 2264 5116 At
2292 5051 2471 5133 magis
2502 5063 2752 5132 genuina
2788 5068 2845 5117 et
2882 5051 3049 5133 genio
3080 5063 3324 5119 auctoris
3365 5051 3740 5133 accommogﬁt8

515 5133 695 5207 vidua;
710 5132 1021 5207 Trinitatis.
1044 5133 1261 5207 Incipit
1296 5135 1434 5207 liber
1453 5136 1700 5190 Ratberti
1726 5136 2005 5191 Paschasii
2036 5140 2107 5191 ιθ-
2190 5122 2608 5207 ηοεῐτειᾜθοῖἱο,
2645 5151 2769 5207 quae
2806 5122 3273 5191 estvCorbeiensis
3302 5132 3503 5191 codicis
3536 5132 3588 5182 et
3625 5122 3737 5177 Ger-

512 5204 636 5258 uita
654 5203 959 5271 dcam-pore
970 5201 1320 5276 ctSqnguine
1338 5206 1588 5276 ﬂamini.
1615 5209 1815 5276 Incipit
1838 5211 2096 5276 prologus
2179 5204 2486 5259 manensis.
2660 5201 2682 5207 “
3187 5275 3193 5276 γ
3622 5262 3660 5276 _
3676 5259 3706 5276 ,,

510 5278 782 5353 sequentis
825 5261 1021 5353 operis.
1049 5261 1195 5353 _gu'i,
1228 5275 1420 5353 paucis
1447 5261 2097 5353 mutatis._con'sen_t_iunt
2186 5344 2216 5353 Δ.
2248 5276 2387 5353 ¢_I_ta
2417 5277 2775 5353 Mamertinus
2797 5293 2925 5353 cum
2944 5282 3068 5353 octo
3084 5275 3307 5353 optimae
3332 5280 3474 5353 notae
3496 5261 3731 5353 mss-'1‘???

508 5344 688 5398 sancti
718 5343 980 5401 Germani
1009 5348 1067 5418 et
1084 5341 1424 5418 Turonensis
1455 5347 1511 5400 S.
1553 5348 1801 5402 Martini.
1839 5351 1904 5404 In
1933 5349 2094 5404 Vati-
2177 5344 2255 5418 tio
2274 5346 2721 5412 Sirmondi,cum
2739 5348 3072 5418 quibusdam
3091 5341 3727 5411 codicibus,Novitigt'tur.

502 5429 662 5500 cano,
695 5417 956 5500 Proles/lis
976 5417 1110 5498 ἰίᾲνί
1127 5417 1202 5470 ad
1219 5418 1738 5500 Plam'dum,_atque
1767 5419 1931 5500 ita_in
1952 5421 2092 5500 du_o-
2176 5417 2365 5500 minus
2394 5418 2620 5500 quidem
2655 5417 2897 5500 proprie.

499 5484 606 5573 bus
630 5476 1097 5573 reginae'Sueciae
1145 5492 1372 5573 mssast
1414 5476 1564 5559 apud
1609 5476 2090 5573 Sirmondum._l_n
2188 5560 2202 5573 ι
2238 5476 2777 5573 ξιᾼνξὲηίίηριῐὶῇιιὲ
2807 5490 3061 5573 plerique
3080 5491 3350 5545 hactenus
3375 5476 3733 5573 ἱηξθιιεξῗξξιξξ

496 5552 752 5633 pluribus
774 5562 966 5614 tamen
994 5564 1113 5615 tam
1142 5557 1367 5632 scriptis
1395 5552 1565 5633 quam
1607 5560 1774 5616 editis
1806 5562 1964 5618 deest
2001 5562 2091 5617 hic
2171 5558 2517 5633 Adalardum
2529 5559 2790 5616 abbatem
2802 5552 3213 5626 Corbeiensem,
3234 5575 3402 5633 quem
3432 5552 3726 5633 Paschasius

490 5613 713 5688 titulus.
880 5613 916 5614 ’7
1321 5613 1359 5615 ν
1812 5613 1961 5618 mn
2003 5613 2086 5617 ﬁ"
2171 5613 3724 5704 inejnamaniuamaaaaga‘aiqmaoappel-
