3992 6166
336 260 482 319 1265

972 261 1091 316 LIB
1129 261 1223 316 DE
1262 262 1602 321 CORPORE
1640 266 1732 321 ET
1771 267 2141 323 SANGUINE
2178 268 2466 324 DOMlNl.
2506 297 2579 310 —
2615 269 3017 333 PROLOGUS.

3494 278 3630 336 1266

337 368 488 458 quod
514 404 549 443 a
574 387 839 460 primaevo
864 386 1176 442 indefessus
1193 388 1378 442 curavi
1400 393 1458 443 te
1481 406 1680 462 rapere
1697 392 1767 445 de
1786 391 1935 447 inter
1951 393 2210 453 Aamore
2234 393 2316 448 ita
2351 397 2518 448 tenus
2555 393 2954 466 perstringere,
2988 402 3053 452 ut
3082 402 3287 467 caeteri,
3319 419 3459 475 quos
3487 419 3623 459 nec-

335 477 518 531 undas
549 496 563 544 ;
597 477 696 532 sed
722 477 903 532 fateor
926 475 1029 531 tibi
1059 475 1237 547 magis
1267 478 1530 533 melotam
1558 479 1735 551 patris
1764 497 1934 553 supra

335 566 601 621 verticem
651 565 927 638 profuisse
965 582 977 618 :
1033 582 1145 637 qua
1186 565 1428 639 denique
1473 567 1797 624 subvectum
1820 577 1839 599 ⁸
1876 574 1933 625 te

333 655 697 726 congratulor
741 654 1001 720 evasisse,
1032 671 1123 708 me
1161 671 1383 726 quoque
1421 657 1705 726 jucundor
1731 674 1844 713 non
1875 659 1932 713 in

329 760 571 799 vacuum
628 743 959 799 cucurrisse.
1000 744 1291 811 (Praefatus
1313 742 1339 785 ι)
1387 750 1577 800 autem
1622 752 1804 818 pater,
1848 747 1932 803 uti

326 832 567 901 justitiee
583 832 897 887 faventibus
914 832 1085 887 moris
1106 837 1209 896 est,
1227 834 1483 888 exsilium
1512 851 1536 881 c
1554 835 1662 889 fert
1678 852 1777 907 pro
1800 830 1927 904 fide,

329 919 430 974 illo
462 926 526 975 ut
552 927 686 975 utar
712 922 941 987 Comici,
968 922 1101 993 quia
1130 923 1327 993 plenus
1344 923 1614 978 rimarum
1636 924 1929 980 veritatem

329 1008 514 1064 sciens
552 1010 718 1065 silere
764 1010 960 1067 noluit.
1014 1010 1173 1065 Unde
1220 1011 1403 1066 adhuc
1438 1013 1682 1083 suspecti
1735 1030 1930 1069 sumus

329 1098 466 1169 quid
492 1099 595 1153 Dei
616 1099 959 1171 dispensatio
986 1116 1053 1154 ex
1082 1116 1147 1154 eo
1176 1100 1411 1155 ulterius
1447 1101 1599 1166 velit,
1629 1118 1793 1172 quem
1810 1104 1927 1173 jam

324 1186 660 1259 inspicimus
704 1188 1171 1261 promissionibus
1228 1191 1559 1245 meritorum
1614 1190 1743 1245 hinc
1798 1192 1928 1247 inde

323 1275 594 1332 divinitus
615 1276 643 1317 ἀ
671 1277 893 1348 agitari.
926 1278 1010 1332 Tu
1040 1282 1229 1332 tamen
1270 1295 1381 1333 non
1412 1297 1470 1334 es
1499 1285 1725 1334 secutus
1761 1282 1923 1352 juve-

318 1365 481 1432 nilia,
514 1372 580 1421 ut
606 1367 868 1432 assolent,
893 1367 1187 1433 desideria,
1208 1369 1304 1440 qui
1327 1368 1560 1424 diutinis
1589 1376 1924 1441 premuntur

318 1454 486 1509 inviti
515 1455 934 1526 disciplinarum
961 1456 1340 1528 compedibus,
1373 1458 1470 1512 sed
1500 1458 1781 1513 radicatus
1810 1459 1919 1514 ﬁde

313 1544 527 1599 Christi
559 1545 850 1600 ultroneus
896 1544 1145 1600 moribus
1190 1550 1248 1599 et
1283 1545 1397 1599 vita
1425 1546 1675 1617 quotidie
1704 1547 1776 1601 ad
1807 1565 1920 1603 me-

314 1631 480 1695 liora,
513 1633 752 1688 Domino
774 1634 1024 1703 juvante,
1062 1633 1301 1705 proﬁcis.
1329 1634 1543 1706 Neque,
1575 1641 1640 1690 ut
1660 1635 1918 1707 frequen-

2013 480 2147 535 dum
2168 481 2322 536 unda
2338 491 2376 517 ιιι
2399 481 2714 537 liberalium
2736 484 3005 555 attigerat
3023 487 3362 557 litterarum,
3381 491 3509 546 vita
3523 509 3620 563 pa-

2014 567 2208 623 bulum
2239 576 2296 624 et
2323 571 2520 625 salutis
2540 571 2807 626 haustum
2839 574 3063 644 planius
3089 589 3111 617 τε
3143 582 3330 633 tecum
3350 586 3619 651 caperent

1974 658 1987 665 ’
2013 658 2082 711 ad
2110 658 2405 725 medelam,
2428 664 2485 713 et
2512 659 2674 714 nobis
2702 661 2887 732 operis
2909 666 3267 734 praestantior
3286 667 3621 724 exuberaret

2013 746 2229 801 fructus
2257 755 2301 817 °,
2341 752 2510 819 atque
2544 765 2757 804 merces
2798 767 2900 821 pro
2930 753 3135 808 sudore
3165 771 3179 807 :
3217 755 3350 826 quia
3379 757 3620 828 pecunia

2012 834 2183 900 verbi,
2231 836 2377 890 sicut
2412 837 2632 908 plenius
2668 839 2837 903 nosti,
2889 846 3131 911 quantos
3169 844 3468 918 repleverit
3499 846 3618 902 suis

2011 923 2326 995 sumptibus
2347 925 2650 992 auditores,
2675 927 2851 981 tantis
2879 929 3157 1000 copiosius
3182 930 3241 986 in
3260 948 3382 987 sese
3410 934 3609 1005 ampli-
3652 950 3661 953 ·

2012 1012 2214 1067 ficatur
2258 1014 2585 1069 meritorum
2617 1015 2835 1086 opibus.
2880 1016 3013 1071 Ideo
3050 1018 3215 1074 velim
3260 1036 3371 1075 non
3410 1023 3617 1093 puerili
3692 1042 3700 1049 ·

2011 1100 2200 1156 animo
2232 1101 2344 1156 ista
2370 1103 2644 1173 perlegas.
2683 1103 2980 1159 verborum
3007 1107 3077 1160 ad
3101 1107 3213 1162 alia
3240 1110 3616 1180 pretiosorum

2009 1204 2201 1243 amore
2239 1190 2461 1256 ductus,
2491 1192 2589 1246 sed
2627 1193 2708 1246 sic
2757 1193 2954 1248 sedeas
2999 1195 3070 1249 ad
3114 1196 3258 1252 hanc
3298 1200 3617 1255 mensulam

2008 1279 2378 1348 paupertatis,
2405 1295 2471 1332 ac
2498 1279 2546 1333 si
2572 1280 2644 1333 ad
2664 1280 2937 1335 ferculum
2968 1283 3283 1339 Salomonis
3342 1286 3616 1342 Ambiunt

2004 1380 2138 1436 ergo
2167 1382 2294 1420 eum
2326 1367 2633 1422 electorum
2658 1369 2950 1439 sexaginta
2985 1370 3158 1426 fortes
3186 1389 3253 1427 ex
3277 1373 3597 1429 fortissimis

2003 1469 2395 1524 supernorum.
2422 1456 2527 1511 Ubi
2553 1457 2601 1511 si
2628 1458 2753 1528 quis
2782 1458 3178 1529 superciliosus
3201 1468 3302 1515 aut
3336 1462 3558 1518 invidus
3574 1472 3602 1511 ι’

2004 1543 2084 1596 vel
2107 1543 2371 1615 indignus
2385 1546 2682 1600 accesserit
2696 1562 2956 1617 usquam,
2975 1563 3171 1602 eorum
3188 1554 3347 1604 tutus
3360 1551 3562 1622 loquor
3575 1567 3603 1605 ιι

1999 1631 2277 1700 przesidio,
2308 1633 2418 1688 ista
2446 1649 2556 1688 non
2587 1633 2800 1706 absque
2827 1635 3076 1706 periculo
3104 1638 3433 1693 contemnit.
3456 1640 3603 1703 Quo-

305 1724 400 1775 ter
426 1721 528 1775 tibi
558 1721 890 1792 objeceram,
913 1739 1085 1793 supra
1103 1722 1343 1793 glaciem
1361 1722 1608 1778 scribens
1636 1725 1707 1778 ad
1736 1726 1910 1781 solem
1934 1743 1981 1803 Β
1999 1719 2150 1774 niam
2182 1721 2619 1794 uniuscujusque
2657 1724 2809 1778 ensis
2846 1741 3018 1795 super
3048 1724 3233 1780 femur
3276 1726 3531 1782 vibratur
3554 1736 3595 1796 ι,

303 1810 594 1880 posui,sed
614 1810 672 1865 in
700 1811 980 1866 soliditate
1003 1811 1132 1866 fidei
1162 1816 1218 1866 et
1246 1811 1519 1866 charitate
1536 1812 1746 1868 Christi
1772 1814 1913 1870 inte.
1996 1812 2112 1861 tam
2142 1815 2207 1862 ut
2234 1810 2430 1864 talium
2477 1811 2746 1866 retundat
2792 1812 3104 1879 audaciam,
3141 1831 3311 1885 quam
3357 1821 3423 1870 ut
3448 1816 3599 1887 regis

302 1897 426 1952 rius
454 1898 657 1969 spiritu
677 1911 702 1940 ε
728 1898 1004 1953 solidante
1036 1899 1252 1953 semina
1281 1900 1405 1954 vitae
1434 1899 1568 1954 sevi.

380 1987 559 2052 Unde,
592 1993 847 2054 votorum
878 1989 997 2054 ﬁlii,
1029 2004 1263 2043 censura
1293 1988 1441 2052 ﬁdei,
1474 1994 1531 2043 et
1555 1988 1910 2044 dilectionist

302 2077 495 2146 gratia
523 2077 693 2131 etiam
722 2078 872 2133 inter
906 2078 1102 2132 mundi
1133 2078 1401 2144 turbines,
1428 2078 1739 2149 praesertim
1771 2078 1907 2133 dum

303 2170 629 2220 nostrarum
649 2178 679 2220 ς
701 2167 817 2220 suis
846 2166 1252 2222 discordiarum
1282 2166 1625 2221 anfractibus
1655 2183 1798 2238 pene
1828 2168 1907 2222 la-

302 2251 459 2309 bitur
486 2255 657 2319 orbis,
688 2256 863 2309 ell‘usa
891 2272 1063 2327 super
1087 2261 1379 2325 magnates
1407 2254 1765 2310 contentione
1794 2255 1905 2310 im-

302 2342 470 2413 perii,
503 2342 690 2398 divino
725 2343 979 2401 arbitrio.
1012 2359 1250 2415 quorum
1289 2343 1386 2397 lite
1425 2343 1666 2407 multum
1694 2343 1904 2415 diuque

300 2445 627 2497 concussus,
650 2432 877 2486 tandem
894 2430 1132 2504 patentll
1155 2432 1391 2498 occulta,
1418 2448 1542 2502 quae
1567 2449 1601 2487 a
1628 2433 1902 2505 principio

298 2536 407 2590 per
434 2524 624 2591 partes
653 2519 781 2574 hinc
808 2519 939 2574 inde
969 2524 1384 2585 concreverant,
1416 2519 1750 2576 delictorum
1799 2522 1901 2576 ha-

296 2606 463 2662 benis
510 2607 716 2681 ubique
757 2607 1336 2680 concupiscentiarum
1379 2609 1597 2674 refusis,
1631 2609 1752 2680 jam
1798 2626 1902 2665 sua

296 2714 552 2752 summos
579 2698 790 2753 feriunt
806 2699 1030 2769 fulgura
1060 2704 1308 2765 montes;
1332 2698 1413 2752 ita
1432 2705 1496 2753 ut
1518 2698 1659 2752 nihil
1677 2704 1901 2754 nostras

296 2785 407 2840 nisi
439 2787 688 2841 confusio
724 2787 972 2859 undique
1014 2804 1116 2859 per
1156 2788 1378 2858 singula
1417 2789 1685 2843 horarum
1716 2789 1902 2860 spatia

295 2875 642 2947 repercutiat
665 2892 829 2931 aures
852 2894 863 2929 :
886 2880 1077 2930 tamen
1103 2893 1215 2931 non
1244 2877 1553 2947 supersedi,
1574 2893 1646 2931 ne
1671 2877 1898 2932 unicum

294 2981 362 3019 ac
390 2964 689 3035 specialem
717 2970 775 3018 te
802 2965 1003 3019 divinis
1031 2966 1323 3033 duntaxat,
1357 2965 1609 3036 quamvis
1636 2966 1859 3021 clausus
1884 2967 1895 3007 ί

1993 1896 2251 1952 excubias
2278 1899 2558 1954 custodiat
2602 1904 2799 1954 contra
2841 1900 3063 1967 hostes;
3098 1902 3230 1972 quia
3274 1904 3378 1958 etsi
3407 1905 3595 1961 minus

1990 1990 2075 2038 est
2103 1984 2161 2038 in
2196 1986 2437 2057 eloquio,
2494 1987 2635 2042 nihil
2681 1988 3045 2060 praestantius
3081 1990 3142 2044 in
3192 1992 3435 2046 materia
3481 2009 3596 2064 qua

1987 2070 2157 2142 digne
2183 2074 2539 2131 credentibus
2581 2076 2697 2131 vita
2726 2082 3026 2147 praestatur
3065 2079 3507 2151 incorruptibilis
3533 2086 3593 2135 et

1988 2166 2217 2217 aeterna.

2058 2250 2201 2305 Hinc
2231 2267 2364 2322 ergo
2396 2268 2467 2307 ne
2491 2257 2655 2324 putes
2693 2269 2783 2309 me
2821 2253 2944 2317 tibi,
2975 2254 3075 2320 fili,
3104 2253 3350 2311 fabulam
3380 2255 3449 2311 de
3474 2256 3588 2312 Ma-

1985 2339 2140 2394 ronis
2168 2340 2386 2395 salsura
2414 2348 2725 2408 contexere,
2744 2342 2859 2397 imo
2889 2344 3073 2404 crede,
3090 2349 3214 2416 post
3230 2344 3317 2398 lac
3336 2344 3587 2400 infantia

1983 2426 2124 2483 nihil
2155 2429 2334 2501 magis
2360 2430 2685 2495 cavendum,
2704 2447 2773 2485 ne
2802 2431 2861 2485 in
2892 2430 2979 2486 his
3008 2432 3257 2487 offendas
3284 2450 3297 2500 ;
3332 2433 3584 2505 nihilque

1982 2516 2216 2579 felicius,
2238 2518 2286 2573 si
2314 2518 2483 2589 digne
2503 2519 2574 2572 ad
2604 2535 2672 2573 ea
2692 2525 2863 2589 gustu
2894 2520 3238 2592 intelligibili
3261 2523 3581 2593 pertingas;

1982 2606 2099 2672 ubi,
2122 2607 2171 2661 si
2197 2610 2217 2637 '
2247 2613 2400 2662 recte
2445 2607 2623 2679 sapio,
2656 2608 3053 2679 quotienslibet
3098 2610 3396 2674 recumbis,
3433 2612 3585 2667 inter

1979 2695 2309 2765 angelorum
2334 2696 2710 2767 frequentiam
2733 2703 2791 2751 et
2815 2703 3136 2752 sanctorum
3165 2699 3422 2754 omnium
3439 2716 3579 2772 epu-

1980 2782 2084 2848 las,
2116 2783 2250 2854 quia
2276 2784 2589 2839 convivium
2619 2793 2634 2827 ι
2663 2791 2748 2840 est
2779 2786 2927 2857 regis
2964 2787 3178 2852 aeterni,
3221 2787 3568 2843 admisceris.

1980 2870 2086 2926 Ubi
2109 2888 2347 2944 sponsus
2377 2878 2434 2928 et
2450 2890 2656 2944 sponsa
2675 2874 2929 2930 dulcibus
2957 2875 3285 2931 deliciarum
3312 2877 3578 2934 fruuntur

1980 2960 2325 3027 muneribus,
2351 2968 2409 3016 et
2436 2963 2555 3017 Rex
2579 2963 2755 3018 totius
2779 2969 3049 3021 creaturae
3066 2965 3316 3036 quotidie
3334 2966 3578 3038 ingredi-

292 3052 355 3106 in
385 3052 659 3119 custodia,
693 3070 948 3108 curarem
969 3055 1157 3108 eluere
1180 3054 1342 3111 votis.
1370 3060 1428 3109 et
1455 3055 1525 3108 ad
1557 3055 1898 3110 immortalia
1917 3060 1961 3120 C
1978 3053 2092 3115 tur,
2123 3054 2189 3103 ut
2218 3049 2402 3104 Videat
2428 3050 2860 3118 discumbenteS,
2877 3053 2924 3107 εἰ
2946 3059 3154 3109 vestem
3181 3055 3239 3109 in
3262 3071 3372 3126 qua
3393 3058 3575 3112 renati

290 3146 656 3206 mternorum,
675 3142 808 3197 licet
832 3159 1093 3197 sermone
1111 3143 1421 3208 inelimato,
1447 3143 1669 3213 pulsum
1698 3159 1733 3197 a
1751 3144 1894 3199 lacte

289 3231 499 3285 annuis
551 3230 853 3302 angoribus
907 3237 971 3285 ut
1017 3231 1221 3301 gliscus
1273 3230 1520 3286 feliciusi
1574 3232 1888 3287 invitarem.

289 3318 454 3383 Quod
483 3318 609 3373 ideo
640 3320 850 3390 placuit
894 3321 1179 3375 communi
1208 3322 1234 3355 κ
1282 3321 1427 3391 ston
1466 3322 1771 3393 temperari
1802 3339 1891 3376 su-

290 3407 473 3470 bulco,
502 3413 560 3462 et
589 3424 657 3462 ea
686 3425 808 3479 quae
833 3409 902 3463 de
926 3415 1278 3463 sacramento
1293 3409 1568 3463 Dominici
1597 3411 1888 3481 sanguinis

287 3502 347 3551 et
375 3496 626 3567 corporis
664 3496 767 3551 tibi
797 3497 970 3567 exigis
1006 3497 1342 3564 necessaria,
1373 3498 1459 3552 tui
1487 3503 1849 3568 praetextatus
1874 3499 1886 3530 ¹

284 3638 467 3710 latum
496 3638 669 3693 fuisse
694 3637 968 3704 observat,
1002 3655 1277 3710 nusquam
1308 3641 1622 3694 Arsaniam.
1645 3641 1754 3696 Sed
1776 3642 1882 3698 hoc

283 3709 514 3785 nomine
538 3710 893 3785 designatum
917 3711 1085 3785 fuisse
1106 3709 1327 3765 Walam
1349 3711 1752 3785 ejusfratrem,
1784 3714 1879 3785 qui

281 3786 341 3834 et
367 3783 635 3834 Jcremias
664 3781 845 3835 dictus
873 3787 974 3847 est,
1010 3780 1415 3837 demonstravit
1442 3780 1883 3839 Mabillonius-in

281 3852 408 3924 ejus
437 3852 567 3906 Vita
585 3868 753 3923 quam
781 3853 996 3924 primus
1016 3852 1189 3907 edidit
1215 3853 1319 3908 sub
1356 3854 1463 3908 hoc
1479 3854 1665 3923 titulo,
1688 3856 1880 3924 Epita-

274 3923 476 3991 phium
504 3926 745 3978 Arsenii.

352 4000 371 4022 ⁸
402 3994 628 4065 Septem
658 4010 792 4048 mss.
834 3994 1046 4065 legunt,
1075 3997 1354 4050 subvectus
1385 3999 1471 4050 tui
1512 4002 1558 4050 te
1593 4000 1868 4065 gratulor.

276 4064 668 4119 Laudunensis
702 4082 714 4117 ε
746 4064 1023 4119 subvectus
1045 4072 1177 4120 tunc
1193 4070 1468 4131 gratulor.

351 4136 652 4190 bIsthaecin
675 4137 997 4206 parenthesi
1011 4138 1284 4191 desuntin
1306 4138 1549 4192 editione
1564 4137 1867 4202 Sirmondi,

276 4207 420 4279 etiin
452 4224 557 4261 ms.
591 4208 647 4261 S.
682 4207 966 4262 Germani.
1001 4210 1377 4279 Reperiuntur
1414 4217 1601 4263 tamen
1649 4210 1707 4263 in
1754 4226 1870 4264 om-

275 4278 444 4361 nibu‘s
471 4279 585 4359 fere
613 4279 1004 4361 manuscriptis
1033 4278 1261 4361 et’apud
1290 4281 1697 4361 lilameranum‘.

1976 3143 2111 3191 sunt
2139 3137 2386 3193 habeant
2432 3138 2761 3211 nuptialem.
2798 3142 2959 3196 Unde
2992 3142 3143 3213 quia,
3185 3144 3569 3213 charissima“,

1973 3225 2111 3279 talia
2122 3227 2487 3297 periculosius
2506 3233 2594 3282 est
2604 3246 2963 3300 praesumere,
2978 3247 3224 3303 opesque
3241 3232 3570 3288 deliciarum

1974 3314 2183 3369 Christi
2209 3317 2417 3371 foedare
2446 3317 2571 3372 vitae
2599 3319 2944 3386 criminibus,
2978 3325 3036 3374 et
3058 3336 3181 3390 quae
3211 3328 3407 3376 sancta
3438 3328 3572 3377 sunt

1968 3402 2330 3474 impudenter
2357 3406 2653 3476 attingere,
2670 3408 2836 3462 velim
2857 3424 3052 3463 caveas
3076 3409 3147 3463 ad
3172 3409 3291 3464 haec
3306 3426 3419 3465 una
3437 3427 3567 3466 cum

1968 3489 2163 3563 iniqua
2176 3495 2501 3564 gerentibus
2523 3495 2776 3551 introire.
2795 3498 2915 3551 Imo
2934 3496 3057 3550 lava
3074 3496 3223 3552 inter
3237 3498 3564 3554 innocentes

1959 3637 2124 3717 jussu
2150 3637 2389 3709 Augusti
2412 3638 2484 3693 ad
2513 3654 2642 3693 eum
2672 3638 2896 3706 missus,
2929 3637 3255 3709 aliquandiu
3280 3639 3562 3694 demorari

1960 3714 2163 3779 potuit-

2038 3777 2270 3847 lVatic.,
2302 3783 2546 3847 facilius.

2033 3841 2062 3878 ¹ί
2091 3850 2163 3924 In
2181 3841 2459 3924 plerisque
2501 3850 2895 3922 manuscriptis
2936 3849 3144 3921 legitur
3180 3853 3551 3917 communitis,

1961 3921 2021 3976 in
2051 3921 2387 3989 quibusdam
2413 3926 2798 3977 communiter.

2033 3989 2046 4026 ¹
2075 3991 2244 4057 Editi,
2276 4011 2393 4063 quae
2423 3998 2513 4048 tui
2534 3997 2911 4063 pratezcantur
2937 4009 3142 4048 amore.

2029 4076 2066 4103 ιιι
2104 4064 2287 4119 Editio
2324 4064 2603 4120 Sirmondi
2634 4065 2798 4128 unde,
2834 4064 2932 4118 sed
2964 4064 3163 4118 melius
3193 4065 3365 4127 unda,
3400 4069 3464 4118 ut
3492 4064 3550 4119 in

1953 4152 2057 4191 ms.
2087 4135 2671 4205 Majoris-monasterii
2699 4140 2756 4189 et
2783 4134 2927 4200 aliis,
2962 4135 3046 4189 vel
3074 4142 3139 4190 ut
3167 4135 3377 4190 habent
3403 4135 3553 4191 Lau-

1953 4207 2153 4273 biens.,
2180 4213 2238 4261 et
2256 4224 2401 4262 unus
2420 4207 2607 4277 regius
2624 4206 2816 4271 codex,
2838 4208 3000 4260 undae
3015 4208 3337 4262 liberalium
3360 4210 3551 4275 attige-

1953 4285 2087 4334 rant
2115 4282 2458 4332 litterarum.

345 4358 369 4384 ε
397 4348 567 4402 Varia
593 4349 763 4443 subiit
806 4348 1240 4443 VZalaJexsilia,
1257 4350 1439 4420 primo
1469 4367 1628 4443 annoj
1656 4349 1764 4443 6130
1794 4351 1864 4405 ad
1883 4385 1931 4443 D
2074 4349 2342 4443 Raab:_et

272 4419 583 4493 _Lem_anurn
614 4420 816 4483 lacum,
839 4421 1040 4475 deinde
1059 4438 1205 4475 anno
1227 4419 1543 4493 insequenti
1561 4422 1632 4475 ad
1655 4423 1867 4477 Herum

272 4489 538 4563 insulam,
572 4490 627 4545 in
647 4508 768 4563 Aqua
791 4499 1005 4563 septem
1035 4493 1199 4546 annis
1228 4489 1380 4547 exsul
1407 4499 1600 4563 egerat
1629 4494 1686 4547 S.
1718 4494 1871 4548 Ada-

271 4561 467 4635 lardus
487 4563 607 4633 ejus
633 4561 808 4635 frater
833 4561 943 4630 {ac
971 4564 1196 4617 demum
1227 4564 1297 4617 ad
1332 4561 1613 4635 quoddam
1644 4564 1871 4619 Germa-

269 4632 377 4686 niae
413 4634 836 4689 monasterium.

339 4701 368 4743 ἀ
394 4704 534 4776 Tres
559 4704 781 4776 optima:
810 4710 955 4759 notae
981 4721 1138 4765 mss.
1173 4705 1382 4776 scilicet
1410 4705 1713 4767 Puteanus,
1746 4705 1869 4760 Col-

266 4772 525 4829 bertinus
563 4772 619 4830 et
660 4776 992 4829 Rhemensis
1022 4777 1084 4831 S.
1126 4775 1363 4845 Remigii
1393 4776 1587 4845 legunt
1613 4779 1859 4842 actitari,

2024 4431 2047 4456 °
2071 4422 2326 4480 Mamer.,
2353 4422 2572 4488 fructus
2594 4421 2872 4473 mercedis.

1951 4563 1969 4617 Ι
2023 4504 2047 4541 ν
2071 4492 2373 4546 Vaticanus
2398 4491 2567 4546 codex
2615 4506 2728 4544 non
2781 4491 3022 4557 invidus,
3066 4490 3165 4544 sed
3219 4489 3545 4543 immundus

1974 4564 2108 4617 egit.

1974 4580 2108 4617 821E.

2065 4580 2108 4617 ι.

2004 4580 2332 4702 ῗΜαωειεη
2359 4633 2620 4701 praesidia
2648 4635 2756 4686 ista
2785 4647 2897 4687 non
2915 4633 3111 4700 absque
3133 4634 3377 4700 periculo
3415 4646 3546 4685 con-

1950 4712 2224 4841 ιωῗὲἒὶῐῇ
2247 4776 2447 4838 vibrat,
2467 4779 2581 4828 tam
2598 4778 2656 4827 ut
2675 4775 2879 4828 talium
2900 4773 3203 4827 retundant
3219 4773 3539 4838 audaciam,
3619 4776 3625 4785 ‘

1943 4861 2111 4913 quam
2140 4852 2201 4899 ut
2232 4848 2375 4914 regis
2403 4847 2658 4898 excubias
2687 4846 2996 4899 custodiant
3027 4849 3221 4898 contra
3251 4844 3443 4914 hostes.

2014 4935 2034 4962 ι
2062 4913 2303 4988 Optimae
2352 4921 2496 4970 notae
2550 4915 2768 4988 codices
2810 4916 3116 4988 Puteanus,
3161 4913 3534 4988 Colbertiiius,

1942 4984 2263 5053 Vaticanus,
2296 4986 2626 5041 Rhemensis
2657 4987 2714 5041 S.
2748 4986 3009 5056 Remigii,
3043 4984 3390 5049 Laubiensis,
3424 4985 3541 5038 Ro-

1940 5059 2323 5129 tliomagensis
2339 5059 2395 5111 S.
2419 5057 2693 5129 Audeoni,
2713 5056 3075 5123 Turonensis,
3099 5056 3539 5129 Majoris-mona-

1941 5130 2115 5189 sterii,
2139 5126 2325 5200 regius
2348 5145 2492 5207 unus
2516 5128 2730 5207 legunt,
2755 5130 2862 5197 Qui
2881 5131 2932 5182 si
2951 5132 3094 5207 recte
3112 5130 3314 5207 sapias.
3339 5126 3531 5207 Mam:2

1941 5217 2059 5268 qme
2084 5204 2135 5253 si
2164 5198 2300 5254 recte
2339 5202 2541 5267 sapias.
2573 5199 2759 5253 Codex
2785 5215 2913 5254 vero
2950 5198 3535 5269 Majoris-monasterii

1940 5271 2124 5325 addit:
2157 5272 2600 5339 Qte-undecunque
2628 5273 2730 5323 tibi
2754 5275 2933 5339 placet
2954 5272 3102 5325 illud
3123 5271 3534 5322 sacrosanctum

1940 5344 2207 5395 celebrare
2247 5345 2322 5395 vet
2357 5343 2698 5409 participare
2737 5344 3081 5409 mysterium,
3112 5340 3534 5407 quotiescunque

1939 5414 2231 5478 recumbis,
2264 5418 2370 5466 etc.

2008 5489 2024 5518 ι
2050 5484 2185 5538 Cod.
2224 5484 2418 5553 regius
2452 5498 2619 5549 unus,
2641 5485 2740 5551 qui
2758 5484 2831 5536 ad
2858 5483 3190 5553 convivium.

2006 5561 2031 5586 “
2063 5554 2245 5610 Editio
2273 5549 2464 5622 Sirm.,
2497 5549 2805 5617 commune,
2843 5557 3037 5608 contra
3065 5550 3235 5607 ﬁdem
3279 5549 3533 5607 omnium

1939 5643 2077 5685 mss.
2113 5625 2210 5700 qui
2238 5626 2438 5701 legunt
2466 5626 2804 5683 charissim.

264 4847 427 4915 cujus
462 4846 584 4900 loco
621 4846 977 4901 Mameranus
1024 4863 1149 4900 cum
1201 4864 1334 4899 mss.
1368 4847 1637 4900 Vaticano
1667 4853 1723 4900 et
1749 4848 1863 4901 Ro-

264 4916 624 4987 thomagensi
651 4918 707 4970 S.
733 4917 987 4971 Audoeni
1018 4917 1228 4971 habent
1250 4921 1502 4971 accitari.

331 4999 355 5025 ⁸
375 4988 443 5041 In
471 4987 715 5041 editione
745 4988 1028 5043 Sirmondi
1059 4989 1413 5043 desideratur
1449 4991 1674 5058 spiritu,
1711 4988 1860 5058 quod

262 5074 460 5129 omnes
489 5075 623 5112 mss.
652 5059 961 5129 proferunt.

330 5128 353 5169 ΐ
374 5129 575 5193 Vatic.,
599 5128 896 5184 devotionis
916 5133 1122 5197 gratia.

330 5212 360 5252 It
383 5201 466 5254 Ita
494 5201 610 5254 fere
635 5216 764 5255 mss.
789 5217 982 5255 omnes
1017 5201 1161 5255 Editi
1195 5219 1207 5252 :
1244 5207 1441 5253 noster.
1653 5259 1656 5262 ,

331 5269 469 5342 hlta
513 5271 683 5325 codex
720 5271 1299 5342 Majoris-monasterii
1346 5287 1473 5325 cum
1522 5268 1848 5340 Sirmondo;

258 5341 355 5396 sed
389 5342 448 5396 in
479 5342 761 5413 plerisque
792 5341 924 5397 mss.
952 5349 1009 5398 et
1041 5343 1190 5415 apud
1220 5344 1606 5397 Mameranum
1636 5343 1855 5399 deside-

258 5419 422 5467 ratur
446 5418 655 5481 patent.

328 5483 341 5524 ί
371 5484 521 5548 Quid
549 5500 728 5539 causae
754 5483 928 5539 fuerit
949 5501 1049 5540 cur
1071 5484 1403 5539 Paschasius
1428 5485 1651 5540 clausus
1676 5484 1735 5538 in
1765 5500 1857 5539 cu-

259 5555 445 5611 stadia
471 5554 662 5624 fuerit,
701 5571 813 5611 non
841 5555 1001 5612 facile
1039 5563 1126 5612 est
1162 5556 1429 5612 divinare.
1462 5557 1720 5612 Forsitan
1766 5556 1856 5610 hic

262 5624 438 5685 Walae
465 5625 728 5699 designat
754 5627 1012 5687 exsilium
1062 5627 1133 5686 ad
1161 5627 1347 5698 lacum
1373 5628 1702 5699 Lemanum,
1746 5643 1856 5702 quo
