3992 6166
230 230 267 285 1
282 228 403 289 269

1148 227 1288 281 LIB.
1328 226 1422 282 DE
1458 225 1796 282 CORPORE
1835 222 1925 278 ET
1966 224 2337 280 SANGUINE
2375 225 2660 280 DOMINI.

3408 225 3544 286 1270

232 354 459 413 artifex
505 354 656 410 Deus
697 368 888 409 rerum
926 356 1178 418 naturas,
1218 355 1284 406 ut
1312 366 1476 406 suum
1506 348 1647 405 velle
1674 348 1744 403 ab
1769 346 1927 408 hisA
1945 346 2080 403 olim
2104 346 2306 403 habuit
2325 348 2384 403 in
2416 352 2622 403 natura
2639 346 2923 403 dividendi
2950 365 3010 403 se
3038 354 3144 415 l,ut
3173 350 3410 421 populus
3439 366 3543 422 per

232 443 665 515 auferret,quia
693 441 945 497 omnium
960 446 1345 497 creaturarum
1364 436 1729 495 subsistentia
1756 445 1783 477 3
1801 437 1861 492 in

235 534 456 592 eadem
486 532 588 588 Dei
612 532 897 587 voluntate
920 529 1178 585 subsistit
1199 534 1256 583 et
1275 528 1500 592 virtute,
1532 544 1567 582 a
1596 543 1707 598 qua
1735 543 1861 581 cau-

234 640 376 678 sam
405 621 594 688 habet,
619 637 728 676 non
751 622 933 676 solum
955 625 1020 674 ut
1038 618 1309 674 subsistat
1330 616 1603 688 quidquid
1633 621 1737 683 est,
1761 616 1858 670 sed

236 713 433 767 etiam
478 716 544 767 ut
570 712 650 767 sic
680 711 756 766 sit
778 710 925 765 sicut
956 709 1079 785 ipsa
1106 708 1207 764 Dei
1236 707 1492 763 voluntas
1528 706 1855 769 decreverit,

238 819 383 875 qua
412 817 583 858 causa
610 806 697 855 est
724 799 977 854 omnium
1005 802 1414 853 creaturarum.
1447 795 1709 867 Alioquin
1756 811 1859 850 nec

235 891 593 947 subsisteret
630 889 746 944 ulla
773 875 1160 943 creaturarum
1190 884 1503 951 existentia,
1532 885 1639 939 nisi
1659 885 1716 939 in
1738 885 1857 955 ejus

240 981 573 1046 voluntate,
621 995 657 1033 a
685 995 795 1051 quo
829 977 1004 1033 totius
1045 977 1167 1046 ejus
1207 991 1329 1030 esse
1373 979 1570 1029 manat
1609 979 1706 1028 :et
1730 974 1858 1029 ideo

244 1074 468 1124 natura
495 1072 762 1124 creaturae
801 1066 1021 1140 quoties
1058 1069 1335 1133 mutatur,
1356 1069 1457 1118 aut
1483 1067 1744 1134 augetur,
1776 1063 1862 1118 vel

245 1157 639 1226 subtrahitur,
684 1173 796 1212 non
836 1155 906 1210 ab
935 1155 1031 1210 illo
1058 1170 1180 1209 esse
1208 1153 1505 1209 divertitur
1526 1153 1585 1207 in
1614 1169 1725 1224 quo
1754 1157 1858 1220 est,

249 1247 402 1319 quia
428 1247 508 1302 sic
533 1252 637 1313 est,
666 1251 724 1302 et
757 1245 838 1300 sic
864 1247 946 1311 ﬁt,
974 1250 1040 1299 ut
1063 1244 1158 1298 ille
1184 1242 1436 1298 decernit
1466 1242 1524 1297 in
1554 1258 1664 1313 quo
1694 1246 1781 1297 est
1808 1244 1857 1296 ι).

329 1337 386 1391 2.
427 1337 595 1392 Patet
628 1335 803 1406 igitur
828 1334 977 1406 quod
1014 1333 1159 1388 nihil
1205 1338 1363 1388 extra
1409 1332 1495 1386 vel
1539 1337 1735 1386 contra
1760 1329 1861 1386 Dei

243 1426 398 1480 velle
427 1438 451 1471 ο
483 1428 686 1498 potest,
712 1424 807 1478 sed
830 1423 1034 1478 cedunt
1065 1422 1146 1477 illi
1176 1421 1366 1476 omnia
1392 1420 1718 1475 omnino.Et
1734 1420 1859 1476 ideo

242 1513 446 1568 nullus
474 1515 764 1567 moveatur
791 1510 860 1566 de
878 1511 983 1565 hoc
1003 1525 1236 1581 corpore
1258 1508 1467 1564 Christi
1490 1512 1547 1562 et
1559 1509 1857 1578 sanguine,

244 1602 408 1673 quod
434 1602 497 1656 in
523 1600 790 1672 mysterio
819 1599 847 1643 ἃ
877 1616 1007 1654 vera
1034 1598 1109 1653 sit
1146 1614 1276 1652 caro
1323 1603 1380 1652 et
1409 1613 1573 1652 verus
1614 1597 1689 1651 sit
1726 1612 1858 1651 san-

1940 435 2192 492 medium
2230 436 2374 492 sicco
2402 435 2634 508 vestigio
2654 436 2940 505 transiret,
2965 443 3067 493 aut
3085 437 3133 493 si
3147 437 3341 493 habuit
3359 438 3541 494 omnis

1939 523 2039 578 illa
2067 524 2472 597 Egyptiorum
2505 542 2655 598 aqua
2674 542 2740 580 ex
2769 543 2848 593 se,
2870 526 3002 581 licet
3029 512 3129 599 per
3156 527 3407 598 Moysen,
3427 527 3541 582 vim

1940 629 2001 667 se
2029 615 2393 669 convertendi
2422 615 2477 668 in
2509 615 2864 685 sanguinem,
2899 621 2957 670 et
3000 621 3219 671 caetera.
3248 616 3336 670 An
3364 616 3423 670 in
3451 630 3544 671 vo-

1939 702 2157 758 luntate
2186 703 2287 757 Dei
2310 703 2422 758 fuit
2453 708 2516 758 ut
2541 703 2743 775 impios
2764 705 3141 776 permulceret
3165 705 3238 759 ad
3265 705 3453 770 ﬁdem,
3487 708 3546 759 et

1939 797 2283 847 monstraret
2296 793 2353 847 in
2377 792 2561 863 specie
2577 792 2778 847 coloris
2804 795 2946 864 ejus,
2968 794 3117 864 quod
3140 795 3323 849 omnis
3344 809 3542 848 eorum

1939 880 2195 935 doctrina
2222 888 2280 936 et
2309 898 2526 936 morum
2572 881 2818 953 aspersio
2846 898 3009 937 versa
3051 887 3198 937 esset
3221 882 3283 936 in
3318 881 3543 953 sangui-

1943 970 2109 1024 nem?
2137 972 2326 1042 (Aug)
2362 971 2575 1025 Deinde
2600 971 2659 1025 in
2688 971 2989 1043 Evangelio
3016 986 3217 1043 aquam
3235 971 3542 1042 perhausta

1942 1058 2013 1113 de
2042 1059 2215 1128 fonte,
2247 1059 2398 1115 unde
2422 1059 2622 1114 habuit
2649 1060 2959 1131 potentiam
2989 1076 3049 1115 se
3094 1061 3154 1115 in
3194 1059 3309 1115 vini
3337 1060 3537 1114 demu-

1943 1149 2102 1203 tandi
2124 1150 2423 1220 saporem?
2461 1149 2530 1204 Et
2557 1154 2624 1203 ut
2650 1149 2719 1203 de
2746 1149 3058 1204 innumeris
3087 1165 3267 1221 pauca
3289 1165 3539 1203 comme-

1943 1254 2177 1307 morem,
2213 1238 2363 1293 unde
2392 1237 2591 1293 habuit
2614 1238 2758 1309 ignis
2791 1237 2885 1293 ille
2914 1238 3275 1310 Babylonius,
3305 1238 3401 1293 ubi
3420 1243 3537 1293 tres

1939 1327 2101 1399 pueri
2131 1327 2289 1383 missi
2318 1332 2469 1394 sunt,
2528 1344 2630 1399 per
2667 1332 2930 1382 naturam
2975 1344 3047 1382 ne
3083 1327 3292 1382 caleret
3318 1328 3416 1397 [αἱ.
3450 1343 3537 1381 ar-

1940 1416 2147 1488 deret]?
2167 1418 2253 1471 An
2273 1418 2331 1471 in
2350 1417 2635 1472 voluntate
2653 1416 2760 1471 fuit
2779 1419 2842 1471 ut
2852 1417 3012 1470 ﬁeret
3028 1421 3296 1486 tanquam
3309 1416 3536 1487 spiritus

1942 1506 2087 1560 roris
2126 1506 2315 1560 ﬂantis
2363 1506 2427 1576 [Γ.
2474 1505 2659 1576 ﬂans],
2695 1510 2760 1560 ut
2787 1504 3143 1575 refrigerium
3168 1505 3347 1575 magis
3368 1520 3537 1575 quam

1940 1594 2262 1650 incendium
2290 1599 2587 1667 praestaret
2615 1593 2862 1648 sanctis?
2891 1594 3113 1664 Cogitet
3139 1609 3273 1664 ergo
3304 1593 3540 1664 quisque

240 1689 397 1761 guis,
431 1688 565 1745 dum
596 1688 675 1743 sic
691 1687 871 1743 voluit
896 1688 989 1743 ille
1018 1687 1114 1760 qui
1142 1686 1351 1741 creavit
1392 1705 1403 1739 :
1456 1686 1658 1741 Omnia
1702 1688 1850 1739 enim
1870 1692 1916 1752 Β
1938 1700 2112 1755 panes
2128 1683 2210 1739 illi
2226 1684 2283 1738 in
2301 1700 2489 1739 eremo
2511 1683 2760 1756 quinque
2780 1688 2880 1738 aut
2894 1688 3129 1754 septem,
3148 1681 3195 1737 si
3220 1681 3541 1737 habuerunt

248 1793 610 1848 quaecumque
626 1780 799 1833 voluit
825 1779 952 1845 fecit
979 1779 1042 1831 in
1061 1779 1186 1831 cato
1207 1781 1253 1830 et
1266 1778 1330 1830 in
1351 1780 1500 1829 terra
1516 1777 1679 1842 (Psal.
1708 1789 1854 1842 cxm,
1941 1772 2388 1828 substantialiter
2418 1790 2485 1827 ex
2514 1790 2594 1839 se,
2644 1778 2709 1827 ut
2750 1777 2835 1827 tot
2862 1772 3118 1827 homines
3158 1770 3450 1835 satiarent,
3483 1774 3541 1825 et

247 1864 337 1936 2),
373 1870 432 1921 et
458 1866 590 1938 quia
619 1866 812 1931 voluit,
846 1865 979 1921 licet
1003 1865 1063 1919 in
1097 1866 1278 1937 ﬁgura
1307 1863 1466 1936 panis
1499 1870 1557 1918 et
1587 1863 1700 1918 vini
1737 1879 1859 1918 ma-
1940 1860 2141 1916 deinde
2152 1866 2466 1932 totsportas
2486 1861 2787 1932 replerent,
2812 1876 2884 1935 an
2906 1860 2965 1914 in
2990 1859 3176 1930 gratia
3198 1873 3224 1904 ιι
3252 1860 3362 1914 fuit
3390 1859 3540 1931 quod

248 1960 395 2011 neat
424 1964 471 2021 ο,
518 1955 635 2010 haec
678 1955 758 2010 sic
786 1970 908 2010 esse
935 1953 1185 2020 omnino,
1226 1953 1480 2024 nihilque
1509 1952 1663 2007 aliud
1689 1969 1859 2024 quam
1942 1949 2153 2005 factum
2191 1955 2278 2004 est
2306 1949 2589 2005 Creatoris
2627 1968 2640 2017 ;
2673 1948 2979 2002 minuendo
3015 1948 3164 2002 enim
3193 1947 3538 2018 multiplica-

247 2059 386 2099 caro
408 2042 614 2098 Christi
634 2049 692 2098 et
708 2043 937 2115 sanguis
957 2048 1084 2115 post
1093 2040 1569 2096 consecrationem
1582 2040 1860 2096 credenda
1941 2037 2166 2106 bantur,
2190 2054 2407 2093 necnon
2422 2038 2594 2093 etiam
2624 2042 2680 2092 et
2700 2037 2881 2092 Maria
2896 2036 3053 2107 virgo
3067 2035 3265 2090 habuit
3283 2040 3348 2090 ut
3363 2037 3536 2107 Virgo

249 2136 392 2188 sunt
424 2150 437 2186 :
471 2132 620 2187 unde
657 2132 788 2204 ipsa.
807 2131 1028 2193 Veritas
1074 2131 1146 2185 ad
1194 2130 1496 2203 discipulos
1532 2148 1543 2183 :
1574 2131 1696 2185 Haec
1726 2130 1745 2172 τ
1766 2129 1859 2183 in-
1939 2134 2165 2200 pareret
2208 2128 2330 2183 sine
2359 2128 2510 2183 coitu
2538 2128 2739 2195 Deum,
2770 2143 2844 2181 an
2872 2127 2931 2181 in
2962 2126 3168 2181 virtute
3197 2126 3344 2181 Dei?
3372 2127 3443 2181 Et
3469 2132 3535 2182 ut

250 2222 399 2294 quit,
426 2237 554 2276 caro
576 2238 697 2276 mea
717 2227 791 2277 est
812 2238 917 2291 pro
932 2223 1136 2275 mundi
1152 2223 1269 2274 vita
1292 2222 1469 2290 (Joan.
1495 2216 1715 2289 v1,53)e
1738 2236 1750 2271 :
1776 2223 1851 2286 et,
1940 2217 2193 2289 apertius
2224 2217 2429 2284 dicam,
2478 2232 2607 2271 caro
2647 2220 2842 2270 nostra
2882 2215 2967 2269 vel
3012 2214 3340 2269 animalium
3387 2230 3537 2270 nun-

250 2316 320 2366 ut
347 2309 661 2365 mirabilius
686 2310 904 2382 loquar,
928 2325 1041 2364 non
1066 2308 1175 2363 alia
1200 2308 1364 2380 plane
1384 2324 1554 2379 quam
1567 2324 1691 2379 qua
1719 2312 1855 2362 nata

252 2405 344 2455 est
371 2399 442 2454 de
472 2400 650 2454 Maria
680 2404 738 2454 et
763 2415 928 2471 passa
950 2398 1012 2453 in
1039 2413 1202 2453 cruce
1242 2404 1300 2453 et
1326 2396 1646 2453 ‘resurrexit
1672 2396 1741 2451 de
1770 2412 1854 2451 se-

248 2487 508 2560 pulchro.
540 2487 838 2556 {Ambros.)
869 2488 1009 2554 Hae,
1057 2486 1309 2557 inquam,
1355 2488 1476 2555 ipsa
1514 2490 1611 2551 est,
1646 2490 1695 2540 et
1733 2487 1851 2540 ideo

253 2576 467 2632 Christi
500 2580 574 2632 est
612 2591 760 2643 caro,
793 2591 911 2646 qua:
932 2590 1036 2645 pro
1065 2576 1267 2628 mundi
1294 2576 1409 2628 vita
1436 2574 1618 2628 adhuc
1645 2576 1674 2618 h
1695 2574 1853 2628 hodie

254 2668 509 2734 oﬂ'ertur,
532 2671 581 2720 et
610 2680 737 2720 cum
763 2665 927 2733 digne
951 2667 1283 2734 percipitur,
1296 2665 1412 2718 vita
1442 2665 1633 2732 utique
1648 2668 1854 2718 aeterna

254 2757 320 2809 in
340 2757 496 2810 nobis
514 2753 1001 2825 reparatur.Quod
1028 2753 1076 2809 si
1108 2753 1296 2808 minus
1324 2752 1493 2807 alicui
1524 2768 1691 2823 quam
1722 2751 1855 2807 dici-

257 2859 386 2899 mus
409 2842 676 2899 credibile
702 2842 941 2909 videtur,
972 2842 1228 2898 attendat
1259 2842 1521 2897 universa
1542 2840 1761 2896 Veteris
1788 2857 1855 2895 ac

252 2932 397 2989 Novi
428 2930 444 2972 ί
468 2932 811 3003 Testamenti
833 2932 1121 2999 miracula,
1152 2948 1276 3003 quae
1305 2936 1502 2987 contra
1528 2936 1742 2987 naturae
1770 2947 1856 2987 or-

1936 2305 2072 2378 quid
2094 2322 2209 2361 non
2236 2310 2389 2360 terra
2417 2315 2463 2370 ο,
2486 2305 2599 2359 imo
2629 2308 2799 2370 terra,
2824 2302 2957 2376 quia
2974 2303 3186 2358 dictum
3203 2308 3325 2358 est:
3366 2306 3536 2359 Terra

1933 2411 2005 2461 es,
2031 2399 2080 2448 et
2109 2396 2174 2448 in
2208 2399 2420 2448 terram
2450 2395 2554 2447 ibis
2588 2393 2739 2459 (Gen.
2772 2397 2880 2461 nl).
2918 2391 3182 2457 Quamvis
3224 2408 3357 2464 ergo
3384 2397 3540 2448 terra

1933 2499 2065 2538 vera
2091 2482 2166 2537 sit
2194 2498 2343 2549 caro,
2383 2482 2518 2537 licet
2546 2482 2947 2555 corruptibilis,
2988 2482 3036 2537 si
3068 2482 3372 2537 servaverit
3408 2483 3539 2555 jura

1932 2573 2073 2645 legis
2093 2578 2151 2628 et
2177 2572 2571 2627 mandatorum
2598 2572 2700 2627 Dei
2729 2576 3025 2644 praecepta,
3056 2571 3326 2627 vestietur
3354 2571 3538 2628 adhuc

1936 2662 2387 2717 immortalitate.
2410 2662 2520 2717 Per
2566 2662 2677 2717 ista
2706 2678 2829 2733 qua:
2888 2661 3217 2733 exponimus
3282 2661 3535 2734 quamvis

1936 2768 2066 2807 caro
2092 2756 2284 2806 tamen
2311 2750 2753 2822 incorruptibilis
2782 2756 2905 2804 erat
2932 2763 2979 2806 P.

2004 2840 2058 2895 4.
2092 2841 2227 2905 Quae
2246 2840 2411 2895 velim
2439 2838 2742 2911 diligenter
2768 2840 3045 2906 attendas,
3069 2856 3102 2894 ο
3130 2838 3318 2905 homo,
3351 2843 3408 2895 et
3434 2855 3537 2912 per

1936 2929 2125 2985 omnia
2140 2946 2486 3002 quaecunque
2505 2927 2840 2984 naturaliter
2848 2927 3107 2984 videntur
3126 2944 3267 2995 esse,
3285 2929 3373 2983 vel
3411 2945 3535 3001 quae

254 3021 445 3076 dinem
479 3020 549 3075 ob
580 3021 711 3075 ﬁdei
758 3021 1088 3076 ﬁrmitatem
1117 3037 1152 3074 a
1178 3022 1293 3075 Deo
1319 3026 1482 3091 gesta
1499 3026 1651 3087 sunt,
1684 3025 1742 3075 et
1767 3010 1911 3075 vi-C
1931 3026 2126 3075 contra
2151 3025 2419 3074 naturam
2464 3018 2611 3073 facta
2651 3018 2919 3088 leguntur
2949 3016 3019 3071 ab
3047 3017 3210 3072 initio
3238 3023 3531 3086 creaturae,

255 3109 413 3165 debit
436 3111 559 3165 luce
590 3110 796 3165 clarius
839 3109 987 3182 quod
1018 3110 1134 3165 Deo
1179 3109 1321 3164 nihil
1364 3109 1713 3181 impossibile
1754 3110 1846 3176 sit,

253 3199 390 3254 dum
419 3199 940 3273 σξιο-φρὶξ,ψί
974 3200 1227 3253 voluntas
1251 3204 1355 3264 est,
1381 3204 1438 3254 et
1464 3198 1737 3271 quidquid
1765 3215 1855 3255 vo-

251 3288 422 3345 luerit
450 3289 618 3354 Deus,
652 3289 757 3344 hoc
793 3288 1013 3359 singula
1032 3293 1166 3343 sunt
1184 3308 1224 3363 ί.

319 3376 375 3431 3.
434 3379 510 3432 At
555 3393 683 3432 vero
729 3378 777 3432 si
826 3377 952 3449 quis
998 3378 1109 3432 ista
1155 3393 1269 3432 non
1297 3377 1494 3444 credit,
1528 3376 1575 3431 si
1623 3377 1854 3433 vidisset

254 3466 542 3523 Christum
575 3465 634 3521 in
663 3484 826 3522 cruce
855 3468 913 3522 in
944 3467 1127 3539 specie
1156 3467 1321 3533 servi,
1357 3467 1636 3537 quomodo
1673 3467 1851 3521 Deum

252 3556 412 3611 illum
428 3555 787 3626 intelligeret,
808 3555 914 3610 nisi
934 3572 1035 3627 per
1054 3556 1223 3610 ﬁdem
1243 3556 1398 3627 prius
1412 3555 1854 3611 credidisset.Ita

255 3650 313 3700 et
338 3645 398 3699 in
429 3644 535 3699 hoc
562 3654 813 3716 corpore,
847 3644 945 3699 ubi
960 3645 1173 3716 species
1195 3645 1307 3699 alia
1328 3649 1694 3710 monstratur,
1720 3661 1853 3715 quo-

253 3733 419 3788 modo
451 3748 677 3787 carnem
709 3733 916 3788 Christi
961 3733 1165 3801 videat,
1203 3734 1308 3788 nisi
1356 3750 1455 3805 per
1491 3734 1660 3787 ﬁdem
1697 3734 1852 3805 prius

252 3822 526 3878 veraciter
558 3828 587 3871 k
616 3822 824 3877 credat.
859 3823 1081 3893 Cogitet
1123 3839 1256 3893 ergo
1302 3822 1351 3877 si
1394 3839 1550 3877 mare
1597 3821 1851 3877 Rubrum

706 3263 921 3273 wn

940 3258 1301 3275 “mm

1933 3108 2276 3166 enucleatius
2307 3106 2539 3163 obsecro
2568 3105 2880 3169 considera,
2900 3110 3097 3160 utrum
3115 3123 3182 3160 ex
3208 3123 3330 3161 esse
3354 3107 3413 3161 in
3432 3124 3537 3164 sua

1934 3204 2139 3253 natura
2167 3198 2307 3252 ﬁant
2333 3196 2557 3267 singula
2584 3206 2634 3261 ιι,
2662 3195 2746 3249 vel
2767 3211 2889 3266 quae
2908 3194 3276 3250 demutantur
3296 3194 3355 3250 in
3384 3195 3537 3253 aliud

1936 3287 2083 3361 quod
2110 3303 2223 3341 non
2252 3291 2434 3350 erant,
2452 3290 2642 3340 utrum
2661 3300 2763 3357 per
2781 3284 3038 3339 ordinem
3064 3284 3151 3339 sui
3166 3284 3333 3356 juris,
3346 3286 3537 3343 utsint

1934 3375 2231 3440 mirabilia,
2271 3379 2373 3428 aut
2410 3378 2578 3439 certe,
2613 3373 2763 3444 quod
2800 3373 2982 3444 magis
3018 3372 3303 3441 fateberis,
3337 3379 3394 3429 et
3436 3374 3535 3429 illa

1936 3482 2057 3536 quae
2085 3469 2217 3518 sunt
2234 3462 2396 3535 quasi
2409 3461 2712 3517 naturalia.
2729 3465 2784 3515 et
2798 3462 2973 3532 justa;
2998 3478 3121 3533 quae
3152 3462 3311 3534 quasi
3339 3468 3535 3518 contra

1934 3557 2201 3606 naturam
2217 3550 2703 3621 veniunt,prorsus
2719 3548 2909 3603 omnia
2920 3548 2979 3603 in
2993 3550 3281 3605 voluntate
3299 3550 3400 3604 Dei
3412 3567 3533 3606 esse

1935 3645 1992 3695 et
2006 3641 2064 3695 in
2078 3639 2355 3711 sapientia
2365 3639 2587 3709 singula
2596 3655 2697 3711 pro
2709 3638 2954 3693 utilitate
2973 3638 3390 3693 rationabilium
3408 3655 3532 3711 pro-

1933 3729 2131 3793 creari,
2155 3734 2210 3783 et
2234 3728 2358 3783 ideo
2375 3744 2603 3783 causam
2627 3728 2879 3782 omnium
2893 3726 3249 3783 existentium
3270 3729 3529 3784 volunta-

1932 3824 2051 3875 tem
2066 3819 2165 3874 Dei
2178 3823 2327 3872 recte
2343 3818 2603 3883 fatemur,
2611 3833 2714 3871 nec
2732 3816 3308 3890 immerito,quoniam
3327 3819 3531 3874 voluis-

322 3983 351 4013 ει
372 3966 531 4021 Anio.
562 3965 752 4035 regius
770 3981 936 4030 unus,
966 3970 1024 4019 et
1050 3965 1310 4020 Rothom.
1337 3965 1393 4019 S.
1426 3964 1702 4031 Audoeni,
1719 3966 1849 4018 sub-
1924 3964 2257 4035 percipitur,
2274 3963 2395 4035 pita
2424 3963 2613 4029 utique
2628 3966 2834 4035 aeterna
2863 3964 2934 4035 in
2956 3962 3110 4015 nobis
3135 3965 3452 4035 reparatur.
3521 3976 3525 3980 ·

258 4043 458 4163 “fit
477 4106 722 4162 editione
747 4106 1029 4162 Sirmondi
1057 4107 1452 4162 desiderantur
1480 4108 1598 4162 haec
1625 4106 1794 4163 verba
1827 4127 1842 4162 :

2002 4050 2019 4091 i
2045 4030 2211 4105 Apud
2236 4033 2625 4105 Mamertinum
2665 4037 2723 4087 et
2756 4032 2816 4105 in
2843 4030 3057 4105 tribus_
3079 4031 3528 4105 mss.__desidera-

1929 4108 2026 4159 tur
2053 4101 2210 4168 Novi,
2253 4103 2401 4174 quod
2442 4109 2633 4174 tamen
2666 4103 2877 4174 optime
2913 4101 3171 4174 quadrat.
3203 4102 3348 4157 Nam
3377 4103 3526 4159 infra

258 4182 323 4235 In
342 4197 448 4249 quo
477 4184 571 4245 est,
598 4181 732 4247 quia
757 4181 835 4231 sic
857 4184 950 4241 est,
983 4184 1031 4231 et
1061 4181 1141 4232 sic
1167 4183 1246 4246 ﬁt,
1271 4185 1331 4232 ut
1364 4182 1457 4232 ille
1486 4180 1750 4233 discernit
1780 4183 1845 4234 in
1922 4176 2070 4249 Novi
2092 4172 2331 4249 perinde
2346 4173 2648 4249 ac_Vet_eris
2660 4172 3020 4249 Testamenti
3037 4172 3209 4249 refert
3230 4175 3521 4249 miracula.

258 4267 357 4320 quo
382 4259 479 4312 est,
512 4266 633 4321 qum
662 4254 853 4321 tamen
878 4254 1099 4303 exstant
1130 4250 1278 4321 apud
1306 4250 1632 4321 Mumenet
1658 4250 1843 4321 Ulim-

1998 4274 2013 4315 ι
2055 4244 2287 4301 Mamer.
2321 4251 2378 4299 et
2404 4244 2616 4311 Laub.,
2652 4247 2760 4299 haec
2802 4249 3027 4313 singula
3059 4248 3221 4313 ﬁunt.
3254 4245 3494 4302 Rothom
3520 4292 3535 4309 .

260 4291 615 4377 ineriumfln
643 4319 860 4375 duobus
896 4337 1030 4375 mss.
1077 4291 1258 4374 san’cti
1300 4320 1584 4386 Germani,
1624 4320 1843 4377 duobus
1861 4291 1908 4350 D
1928 4291 2294 4377 S.JAudoeni.
2326 4318 2424 4371 hoc
2448 4291 2816 4385 singulariter
2839 4291 2918 4385 ﬁt:

258 4391 896 4464 reﬂs,re@nwASuecim
924 4390 1159 4464 duobus,
1200 4392 1488 4464 Vaticano,
1520 4391 1840 4461 Laubiensi,

259 4462 535 4591 36:32:11.0,
558 4462 896 4529 Colbertino,
947 4462 1305 4518 Laudunensi
1340 4468 1398 4517 et
1440 4463 1754 4518 Turonensi
1783 4465 1840 4520 S.

312 4553 346 4591 a
425 4552 502 4589 n1.

312 4552 502 4591 arum.

326 4617 348 4649 ε
378 4606 635 4670 Quatuor
659 4621 816 4672 mss.,
848 4609 1043 4660 contra
1070 4607 1168 4661 Dei
1194 4604 1554 4659 voluntatem.

325 4674 352 4716 ά
390 4678 497 4732 Ms.
528 4676 585 4730 S.
634 4677 913 4742 Audoeni,
955 4679 1020 4730 in
1061 4678 1396 4739 ministerio,
1429 4676 1571 4729 Anic
1630 4693 1761 4731 vero
1788 4682 1846 4732 et

263 4747 610 4802 Colbertinus
639 4764 806 4811 unus,
837 4750 1113 4815 mysterio,
1147 4746 1354 4800 omisso
1375 4749 1462 4802 in.

2000 4399 2025 4438 ιι
2052 4388 2217 4455 Editi,
2251 4404 2379 4443 cum
2423 4387 2760 4458 quibusdam
2790 4405 2947 4460 mss.,
2980 4392 3308 4460 expungunt
3333 4392 3523 4457 prius,

1927 4459 2053 4530 octo
2084 4476 2211 4515 vero
2238 4476 2371 4514 mss.
2396 4475 2496 4530 pro
2522 4462 2786 4515 veraciter
2805 4459 3003 4529 legunt
3030 4459 3298 4513 aeracius.

2001 4526 2012 4567 ¹
2048 4531 2251 4597 Vatic.,
2276 4526 2469 4585 habuit
2491 4534 2762 4585 naturam
2790 4526 3074 4585 diuidendi
3100 4545 3170 4583 se.

1995 4609 2036 4637 ο
2062 4602 2227 4666 Editi,
2264 4604 2315 4655 si
2341 4617 2488 4669 aqua
2513 4602 2812 4669 perhausta
2851 4602 2915 4654 de
2939 4601 3088 4667 [ante
3115 4600 3310 4654 habuit
3332 4606 3520 4669 poten-

1928 4677 2093 4735 tiam;
2118 4678 2179 4727 at
2206 4672 2455 4726 melioris
2479 4676 2624 4725 notae
2662 4687 2796 4743 mss.
2836 4676 3166 4742 expungunt
3190 4674 3259 4737 si,
3287 4671 3513 4743 legunt-

1928 4762 2037 4817 que
2059 4746 2163 4798 hoc
2190 4743 2355 4817 modo
2376 4761 2393 4797 :
2414 4758 2562 4817 aqua
2585 4742 2886 4817 perhausta
2906 4744 2972 4796 de
2987 4743 3304 4817 fonteunde
3321 4742 3514 4817 habuit

329 4828 353 4859 ο
379 4818 687 4879 Puteanus.
718 4818 877 4874 Anic.
896 4812 1295 4888 'Remigianus,
1326 4817 1504 4871 Vatic.
1538 4822 1596 4871 et
1623 4818 1848 4873 Floren-
1924 4812 2249 4888 ﬁotenti‘ain.
2296 4814 2414 4867 Nec
2435 4812 2603 4875 male.
2632 4828 2767 4866 nam
2797 4812 3197 4884 interrogando
3226 4813 3316 4869 hic
3345 4815 3529 4887 loqui-

264 4889 430 4955 tinus,
464 4893 584 4945 licet
604 4893 787 4959 ﬁgura
814 4892 979 4959 panis
998 4896 1047 4943 et
1076 4892 1220 4956 cini,
1252 4889 1460 4942 omisso
1489 4890 1579 4944 in;
1604 4893 1719 4943 tres
1750 4890 1848 4944 alii

266 4960 444 5016 missa:
490 4961 706 5015 addunt
741 4965 981 5019 maneat.
1014 4960 1377 5017 Ulimmerius
1418 4976 1546 5014 vero
1588 4959 1668 5014 sic
1690 4960 1845 5032 legit,

268 5035 382 5087 licet
400 5035 585 5101 ﬁgura
598 5035 767 5102 panis
792 5038 841 5086 et
869 5034 992 5086 vini
1013 5032 1103 5087 hic
1124 5034 1216 5086 sit.

332 5103 350 5146 ῐ
376 5103 561 5168 Αηίο.,
592 5106 706 5168 hoc,
740 5105 945 5172 inquit.

332 5183 355 5226 8
384 5175 448 5228 In
479 5174 666 5228 codice
685 5173 984 5229 Laubiensi
1012 5173 1103 5228 hic
1120 5172 1317 5244 incipit
1334 5189 1436 5244 cap
1451 5216 1463 5230 .
1485 5173 1553 5237 Η,
1577 5173 1739 5243 cujus
1762 5173 1852 5228 hic

268 5244 458 5299 titulus
482 5264 494 5299 :
522 5246 673 5313 Quod
695 5261 805 5299 non
832 5248 903 5299 sit
921 5246 1240 5313 aliudquod
1259 5247 1535 5298 sumimus
1560 5247 1623 5297 in
1644 5245 1853 5299 Eucha-

270 5318 444 5381 ristia,
476 5318 593 5370 nisi
618 5332 746 5370 caro
773 5318 838 5370 de
865 5318 1193 5370 intemerata
1228 5317 1444 5384 Virgine
1473 5319 1626 5371 nata.
1651 5319 1700 5367 et
1726 5331 1853 5369 san-

226 5418 233 5422 -
271 5391 385 5456 quis
413 5390 515 5456 qui
530 5390 696 5457 ﬂuxit
733 5388 797 5441 de
827 5389 994 5441 latere
1023 5388 1247 5442 Christi.

334 5479 360 5517 ιι
389 5455 455 5514 In
480 5455 604 5512 cad.
636 5457 905 5513 Vaticano
933 5457 1289 5513 desideratur
1318 5457 1492 5523 hodie,
1525 5455 1849 5512 desideran-

273 5537 355 5586 tur
383 5535 442 5587 et
480 5528 598 5585 haec
625 5545 755 5586 mox
773 5528 1173 5603 subsequentia
1198 5527 1405 5587 verba:
1437 5529 1506 5586 Et
1533 5544 1661 5585 cum
1687 5530 1850 5599 digne

1928 4885 2023 4943 tur
2055 4885 2388 4942 Radbertus.

2002 4972 2030 5003 ιι
2060 4957 2226 5023 Editi,
2260 4972 2391 5011 cum
2419 4953 2756 5027 quibusdam
2781 4971 2897 5027 mss
2927 4996 2942 5023 ,
2980 4956 3199 5012 addunt
3227 4960 3342 5022 Dei,
3373 4956 3526 5027 quod

1930 5031 2279 5101 superﬂuum
2300 5032 2410 5101 est,
2436 5025 2576 5101 nam
2604 5043 2731 5081 mox
2757 5025 3018 5084 subditur
3046 5029 3333 5093 Creatoris,
3367 5025 3524 5097 c'ujus

1932 5098 2053 5156 loco
2091 5098 2267 5155 Laub.
2299 5098 2437 5169 legit
2466 5099 2717 5154 Creantis
2745 5102 2956 5154 omnia.

2006 5200 2032 5232 ο
2055 5171 2314 5241 Quinque
2343 5186 2476 5241 mss.
2512 5171 2774 5238 nunquid
2802 5186 2916 5225 non
2943 5171 3006 5224 de
3036 5174 3205 5241 terra.

2007 5258 2034 5301 ι)
2059 5238 2289 5297 Mamér.
2315 5246 2371 5295 et
2399 5240 2566 5294 Sirm.
2599 5244 3031 5312 expunguntsit.
3054 5238 3226 5312 Lau_b_.
3252 5238 3511 5312 Quamvis

1934 5323 2067 5373 ergo
2088 5321 2237 5367 terra
2251 5327 2379 5366 vera
2397 5315 2467 5366 sit
2489 5327 2635 5375 caro,
2653 5309 3029 5381 corruptibilis
3050 5315 3144 5365 est.
3161 5309 3309 5366 Flor.
3323 5310 3525 5377 Quam-

1933 5388 2014 5439 vis
2046 5400 2170 5452 ergo
2193 5389 2343 5437 terra
2371 5386 2443 5437 sit
2473 5398 2601 5437 vera
2630 5398 2777 5449 caro,
2807 5389 2990 5437 tamen
3016 5382 3398 5450 corruptibilis
3426 5385 3521 5434 est.

2004 5466 2032 5509 (ι
2069 5454 2268 5510 Vatic..
2317 5455 2480 5508 Fiant
2512 5457 2759 5510 singula.
2790 5470 2909 5510 qua:
2942 5456 3241 5510 augentur.
3294 5456 3392 5507 aut
3426 5453 3521 5506 mi-

2004 5468 2032 5509 (ι
2073 5468 2268 5521 vatim,
2317 5468 2480 5508 nam
2512 5468 2759 5523 smguta,
2790 5470 2909 5523 qua:
2942 5468 3241 5521 augentur,

1935 5531 2214 5594 nuuntur,
2239 5530 2337 5581 aut
2368 5526 2749 5583 demutantur.
