3992 6166
1317 296 1374 349 S.
1417 289 1797 363 PASCHASII
1836 275 2200 342 RADBERTI
2237 273 2543 329 ABBATIS
2576 270 3081 331 .CORBEIENSIS.

524 448 587 488 se
610 432 732 501 eius
757 445 786 478 ι
812 426 1011 483 fecisse
1036 423 1162 479 fuit.
1184 421 1346 478 Unde
1366 424 1396 467 ι,
1416 417 1877 491 quotiescumque
1906 405 2119 480 aliquid
2138 400 2392 501 Astinet,
2427 397 2520 453 ubi
2550 413 2662 498 non
2694 394 2949 467 pedibus,
2985 395 3083 450 sed
3112 395 3223 450 ﬁde
3259 412 3381 451 cum
3408 366 3547 453 bonis
3573 402 3720 471 operi-

525 522 593 576 ﬁt
615 498 681 575 ex
707 517 916 589 aliquo,
945 524 971 556 ο
994 513 1202 567 virtute
1228 506 1533 564 voluntatis
1560 507 1642 570 ﬁt,
1677 510 1733 558 et
1760 504 1818 557 in
1849 498 2120 572 sapientia

525 611 646 680 ejus
671 606 913 680 qualiter
940 604 1041 658 ﬁat
1068 602 1439 672 praeparatur.
1462 594 1693 663 (Hilar)
1725 593 1920 662 Neque
1950 589 2125 680 igitur

524 677 783 753 voluntas
811 694 931 748 sine
960 691 1185 750 virtute,
1232 701 1414 757 neque
1466 683 1644 737 virtus
1684 681 1807 736 sine
1847 677 2123 750 sapientia

529 784 815 858 quippiam
845 780 1019 836 efﬁcit
1043 797 1057 845 ;
1111 776 1245 848 quia
1269 772 1298 815 ά
1330 773 1587 826 voluntas
1616 769 1716 824 Dei
1742 768 1920 823 virtus
1947 772 2004 821 et
2031 783 2121 820 sa-

527 852 744 942 pientis
766 872 880 934 est;
908 865 1034 920 ideo
1063 859 1336 934 quidquid
1362 858 1496 923 vult,
1528 857 1606 912 ita
1634 856 1698 910 ﬁt
1725 860 1790 910 ut
1812 854 1948 918 vult,
1982 858 2039 906 et
2066 852 2124 906 in

527 957 683 1015 nullo
703 956 952 1011 fallitur:
982 952 1116 1024 quia
1137 951 1196 1005 in
1226 947 1504 1021 sapientia
1523 961 1626 1000 sua
1644 943 1834 999 omnia
1860 942 1997 1009 vult,
2012 942 2126 996 imo

527 1047 652 1118 ipsa
677 1043 956 1116 sapientia
983 1043 1105 1113 ejus
1132 1039 1390 1094 voluntas
1416 1040 1505 1090 est
1551 1053 1563 1089 :
1607 1038 1666 1088 et
1700 1037 1999 1105 propterea
2038 1030 2127 1085 ni-

514 1122 612 1191 hil
640 1133 773 1189 mali
802 1144 847 1199 ο,
881 1130 1020 1186 nihil
1042 1128 1190 1201 quod
1211 1143 1326 1182 non
1356 1124 1533 1197 possit
1558 1123 1693 1178 vult.
1718 1121 1877 1177 Unde
1903 1120 2033 1192 quia
2048 1120 2127 1175 sic

531 1223 725 1287 voluit,
744 1228 811 1277 ut
835 1237 965 1275 caro
988 1220 1111 1290 ejus
1124 1221 1274 1271 esset
1294 1222 1350 1270 et
1379 1212 1609 1284 sanguis
1638 1212 1743 1266 hoc
1771 1209 2122 1281 mysterium,

530 1312 592 1368 in
623 1311 779 1367 nullo
803 1309 1045 1375 dubites,
1088 1307 1136 1361 si
1182 1306 1363 1361 Deum
1410 1301 1590 1357 credis
1641 1319 1653 1354 :
1704 1300 1803 1354 sed
1845 1315 1975 1354 vera
2015 1299 2125 1354 ﬁde

529 1400 740 1457 habeas
765 1399 784 1441 ί
806 1399 864 1453 in
884 1396 1071 1452 animo
1094 1394 1242 1467 quod
1270 1394 1388 1447 haec
1406 1396 1492 1446 est
1516 1406 1645 1445 caro
1670 1389 1767 1443 illa
1797 1405 1919 1460 quae
1943 1387 2128 1443 oblata

533 1496 622 1545 est
674 1505 776 1560 pro
827 1485 1022 1541 mundi
1058 1484 1188 1549 vita,
1247 1497 1415 1553 quam
1463 1478 1559 1550 qui
1605 1478 1772 1548 digne
1799 1476 2124 1542 comederit,

532 1584 775 1635 mortem
808 1593 921 1630 non
970 1573 1180 1628 videbit
1222 1573 1281 1625 in
1328 1575 1603 1625 aeternum
1625 1584 1669 1626 κ.
1701 1564 1948 1636 (Ambr.)
1974 1566 2125 1620 Nihil

534 1666 686 1722 enim
709 1664 965 1720 Christus
1012 1661 1269 1717 Ecclesia;
1301 1676 1415 1714 suae
1444 1658 1627 1727 majus
1653 1654 1865 1726 aliquid
1893 1655 1950 1708 in
1980 1671 2126 1726 mys-

2205 488 2308 543 bus
2338 486 2685 559 pervenitur.

2275 574 2329 632 6.
2360 577 2595 630 Constat
2621 573 2796 644 igitur
2837 572 3020 627 modis
3057 572 3334 633 omnibus.
3364 575 3497 645 quod
3529 576 3649 631 sicut
3680 579 3725 633 in

2205 664 2465 735 paradiso
2496 664 2713 734 lignum
2740 675 2767 704 ιι
2797 662 2923 727 fuit,
2946 678 3010 715 ex
3027 678 3134 732 quo
3158 663 3309 733 jugis
3336 662 3624 718 subsisteret
3645 673 3728 720 sta-

2204 758 2298 807 tus
2326 752 2588 817 hominis,
2612 751 2659 805 si
2684 750 2953 804 mandata
2971 757 3266 814 servasset,
3293 756 3348 804 et
3366 751 3724 807 immortalitas:

2206 841 2287 896 ita
2315 842 2597 912 provisum
2619 845 2706 894 est
2729 839 2788 893 in
2828 838 3073 893 Ecclesia
3099 839 3205 893 hoc
3234 839 3538 910 mysterium
3561 841 3727 907 salutis,

2210 946 2323 985 non
2351 930 2499 1002 quod
2531 930 2713 983 eidem
2741 928 2892 998 ligno
2924 928 3028 982 hoc
3057 933 3207 982 esset
3230 927 3288 981 in
3317 935 3521 983 natura.
3551 930 3629 983 sed
3652 942 3730 984 re°

2208 1019 2409 1073 visibili
2441 1018 2616 1072 virtus
2646 1016 2941 1071 invisibilis
2968 1016 3308 1071 intrinsecus
3331 1016 3645 1088 operabatur.
3668 1019 3730 1073 Ita

2209 1107 2484 1179 siquidem
2516 1112 2573 1161 et
2613 1107 2673 1160 in
2717 1105 2823 1159 isto
2863 1105 3274 1159 communionis
3301 1112 3617 1161 sacramento
3637 1108 3733 1161 visi-

2207 1196 2325 1262 bili,
2356 1196 2542 1250 divina
2564 1194 2758 1261 {virtus
2787 1193 2859 1248 ad
2888 1194 3373 1248 immortalitatem
3409 1211 3504 1249 sua
3534 1194 3734 1249 invisibili

2208 1284 2502 1356 potentia,,
2520 1283 2678 1355 quasi
2701 1300 2768 1336 ex
2787 1283 2973 1337 fructu
2992 1282 3131 1353 ligni
3150 1282 3410 1354 paradisi,
3438 1300 3529 1338 nos
3546 1291 3594 1338 et
3607 1291 3734 1355 gustu

2209 1374 2496 1446 sapientiae
2515 1377 2795 1427 sustentat
2818 1377 2875 1427 et
2901 1371 3130 1435 virtute,
3151 1378 3424 1443 quatenus
3450 1390 3539 1444 per
3561 1374 3647 1427 hoc
3663 1374 3735 1428 im-

2209 1463 2476 1518 mortales
2498 1463 2552 1516 in
2581 1461 2793 1527 anima,
2822 1461 3071 1532 quandiu
3091 1478 3157 1515 ex
3188 1461 3291 1515 hoc
3319 1462 3476 1532 digne
3501 1464 3732 1531 sumimus,

2208 1552 2435 1606 demum
2452 1551 2512 1606 in
2531 1551 2731 1605 melius
2746 1550 3074 1621 transpositi
3095 1551 3167 1603 ad
3188 1550 3733 1606 immortaliaferamur.

2209 1641 2439 1709 (Hilar.)
2462 1640 2548 1694 Ad
2575 1640 2681 1693 hoc
2707 1655 2860 1710 ergo.
2908 1640 3135 1693 Verbum
3155 1655 3286 1693 caro
3313 1641 3512 1706 factum
3537 1642 3735 1693 estelha-

531 1754 677 1809 terio
719 1752 967 1824 reliquit,
1023 1766 1192 1823 quam
1243 1749 1347 1804 hoc
1391 1723 1769 1818 baptismique
1813 1723 2128 1799 sacramen-
2146 1723 2193 1783 Β
2211 1732 2402 1784 bitat)“
2433 1732 2500 1824 ίνξ
2526 1732 2678 1824 ηρόίδ
2705 1731 2888 1795 (λοαη-
2917 1746 2955 1794 ιν
2994 1727 3100 1824 1}).
3130 1734 3196 1783 ut
3222 1745 3326 1800 P8P
3352 1730 3518 1783 Deum
3543 1729 3734 1783 Verbum

534 1848 679 1908 tum,
711 1857 929 1899 necnon
959 1849 1017 1896 et
1056 1839 1375 1911 Scripturas
1419 1840 1660 1902 sanctas,
1692 1834 1750 1889 in
1781 1833 1983 1906 quibus
2013 1851 2129 1888 om-

534 1931 700 1988 nibus
732 1930 975 2001 Spiritus
1002 1933 1250 1991 sanctus,
1300 1925 1396 1997 qui
1439 1925 1643 1996 pignus
1669 1923 1844 1979 totius
1874 1922 2128 1977 Ecclesiae

534 2026 639 2086 est,
671 2019 912 2075 interius
937 2017 1173 2089 mystica
1198 2014 1395 2070 salutis
1408 2020 1612 2069 nostra:
1639 2013 1709 2067 ad
1738 2011 2130 2067 immortalita-

536 2115 651 2166 tem
689 2112 975 2182 operatur.
1023 2106 1135 2160 Sed
1177 2104 1237 2159 in
1275 2103 1364 2158 his
1391 2102 1633 2173 denique
1658 2100 1798 2156 nihil
1826 2099 2131 2154 incredulis

532 2197 808 2263 mirabile,
840 2193 1195 2251 credentibus
1222 2210 1354 2248 vero
1382 2192 1522 2247 nihil
1549 2191 1768 2257 melius,
1796 2189 1937 2244 nihil
1967 2188 2132 2243 mira-

532 2287 722 2349 bilius,
753 2286 1007 2357 nihilque
1029 2283 1362 2356 locupletius
1375 2282 1433 2336 in
1463 2282 1568 2336 hoc
1594 2281 1795 2335 saeculo
1826 2277 2125 2351 praebetur,

534 2392 648 2433 non
676 2380 741 2431 ut
770 2373 1026 2430 mirabile
1061 2372 1205 2428 visui
1248 2375 1484 2444 pareant
1512 2369 1819 2434 oculorum,
1854 2367 1951 2422 sed
1983 2372 2049 2422 ut
2068 2368 2125 2422 in

533 2465 644 2520 ﬁde
673 2470 731 2520 et
751 2462 1038 2518 intellectu
1070 2460 1272 2516 divinis
1311 2459 1605 2516 redoleant
1649 2457 1951 2529 mysteriis,
1985 2461 2042 2510 et
2070 2455 2128 2510 in

534 2553 746 2610 eisdem
774 2552 1059 2608 mternitas
1078 2550 1105 2593 ¹ι
1124 2549 1456 2605 mortalibus
1477 2554 1535 2604 et
1552 2546 1750 2620 partici
1756 2545 1906 2618 patio
1920 2544 2125 2600 Christi

2207 1835 2434 1873 carnem
2472 1819 2682 1872 factum
2733 1834 2863 1872 caro
2904 1818 3204 1889 proﬁceret
3240 1818 3298 1872 in
3335 1818 3499 1872 Deum
3525 1817 3732 1885 Verbum,

2210 1924 2333 1978 quae
2364 1906 2633 1961 nimirum
2663 1922 2793 1960 caro
2825 1905 2989 1960 Verbi
3011 1906 3077 1960 ﬁt
3110 1922 3240 1961 esca
3286 1907 3344 1960 in
3385 1907 3483 1960 hoc
3509 1907 3733 1977 mysterio,

2213 1995 2481 2067 cibusque
2511 1995 2780 2061 ﬁdelium,
2814 1995 2947 2049 dum
2979 2011 3106 2049 vere
3130 1995 3381 2049 creditur
3400 2012 3511 2050 esse
3536 2011 3643 2049 caro
3664 2010 3734 2066 pro

2214 2085 2408 2140 mundi
2437 2084 2567 2143 vita.
2592 2100 2774 2155 neque
2791 2083 2942 2138 aliud
2970 2083 3381 2156 aliquid,quam
3405 2100 3524 2138 caro
3547 2083 3737 2154 corporis

2213 2173 2439 2236 Christi,
2472 2190 2537 2228 ex
2565 2189 2677 2245 qua
2714 2172 2970 2228 Christus
2992 2178 3189 2227 manet
3231 2173 3288 2227 in
3317 2172 3488 2230 nobis.
3514 2177 3571 2227 ut
3590 2178 3637 2227 et
3663 2187 3737 2225 nos

2212 2279 2315 2336 per
2342 2279 2465 2317 eam
2497 2262 2971 2318 transformemur
3011 2262 3069 2316 in
3111 2261 3312 2328 illum;
3358 2262 3449 2334 qui
3483 2262 3604 2316 nihil
3625 2260 3736 2314 aliud

2211 2352 2390 2406 factus
2428 2357 2533 2418 est,
2586 2367 2755 2423 quam
2784 2352 2934 2406 Deus
2959 2367 3088 2406 caro
3113 2352 3436 2423 dignatione
3461 2368 3566 2417 sua,
3594 2356 3645 2404 ut
3664 2349 3737 2404 ba-

2211 2440 2417 2496 bitaret
2457 2441 2516 2495 in
2560 2439 2739 2495 nobis.
2785 2441 2844 2495 Si
2874 2456 3007 2511 ergo
3052 2440 3275 2496 habitat
3312 2441 3369 2495 in
3402 2440 3564 2503 nobis,
3591 2446 3644 2493 ut
3666 2454 3738 2493 nos

2209 2529 2465 2584 membra
2491 2529 2742 2601 corporis
2770 2530 2892 2599 ejus
2920 2545 3254 2583 maneamus
3280 2529 3339 2583 in
3366 2529 3475 2595 illo,
3488 2531 3668 2599 justum
3680 2532 3740 2581 est

2211 2618 2343 2690 quia
2393 2618 2452 2672 in
2500 2618 2595 2672 illo
2634 2634 2849 2684 sumus,
2898 2623 2961 2672 ut
2998 2634 3065 2671 ex
3111 2634 3179 2672 eo
3222 2618 3466 2672 vivamus
3496 2630 3536 2683 ι),
3572 2622 3619 2671 et
3647 2615 3739 2669 ideo

605 2733 655 2788 5.
693 2733 811 2788 Hac
861 2706 1035 2803 ίείιῖιι.
1079 2730 1149 2785 de
1191 2745 1362 2785 causa
1405 2728 1572 2797 longe
1608 2724 1679 2780 ab
1721 2723 1980 2779 omnibus
2004 2739 2128 2793 qua,
2209 2724 2377 2761 carne
2395 2706 2564 2761 Verbi
2596 2706 2936 2760 vescimuret
2956 2706 3646 2778 potamursanguineJlaec
3662 2709 3738 2763 est,

529 2822 677 2879 facta
726 2825 863 2878 sunt
879 2790 941 2874 va
987 2819 1188 2876 saeculo
1225 2790 1553 2871 miraculis-i
1595 2813 1770 2868 distat
1791 2813 1896 2867 hoc
1916 2790 2126 2883 myste-
2209 2796 2460 2867 inquam,
2509 2795 2748 2850 ﬁrmitas
2794 2795 2926 2848 ﬁdei
2965 2801 3169 2849 nostra:
3219 2796 3337 2851 haec
3366 2795 3537 2850 unitas
3562 2790 3616 2848 'et
3650 2792 3740 2846 vitae

534 2912 701 2976 rium,
727 2909 860 2982 quia
878 2909 1071 2964 omnia
1097 2908 1197 2962 illa
1232 2906 1357 2960 ideo
1377 2904 1527 2959 facta
1552 2906 1703 2966 sunt,
1735 2907 1800 2956 ιη
1819 2902 1923 2955 hoc
1949 2916 2124 2955 unum
2212 2884 2668 2948 communicatio,
2694 2884 2789 2938 ubi
2819 2884 2866 2937 si
2892 2890 3108 2938 naturae
3157 2884 3299 2938 ordo
3333 2883 3627 2956 requiritur,
3652 2896 3742 2934 suc-

531 2973 793 3056 credatur
819 2998 970 3070 quod
998 2996 1253 3052 Christus
1282 2999 1370 3049 est
1397 2992 1634 3057 veritas;
1684 2990 1892 3045 veritas
1936 2994 2124 3044 autem
2145 3041 2184 3070 ῃ
2210 2973 2425 3070 φξιωδίι
2454 2974 2618 3070 ςᾶῐξς),
2653 2978 2931 3070 etiamet!
2960 2978 3152 3070 manet
3197 2979 3357 3070 extra
3383 2974 3740 3070 humanamnra-

530 3088 682 3144 Deus
710 3041 905 3153 est,1et
943 3085 991 3140 si
1021 3085 1171 3139 Deus
1196 3082 1404 3137 veritas
1441 3086 1549 3150 est,
1571 3041 1843 3152 quidquid
1873 3041 2126 3134 Christus
2144 3041 2187 3101 Β
2208 3062 2422 3153 ιίοηθηι
2453 3062 2585 3117 facti
2615 3061 2840 3153 veritasi.
2871 3062 2953 3116 ita
2978 3068 3043 3116 ut
3070 3062 3387 3153 inratione
3413 3061 3532 3116 ﬁdei
3557 3060 3627 3113 vis
3646 3057 3740 3112 Dei-

527 3174 788 3249 promisit
803 3149 871 3229 in
901 3174 1007 3228 hoc
1036 3171 1326 3244 mysterio,
1350 3149 1546 3242 utique
1562 3149 1755 3224 verum
1775 3173 1896 3237 est;
1929 3173 1987 3223 et
2002 3167 2127 3222 ideo
2210 3151 2343 3249 tat-i3
2371 3157 2428 3249 εξ
2466 3156 2727 3249 ,ἰξοῐθδΐθε
2770 3152 2963 3249 efficax
3004 3150 3186 3249 ωοίξίε
3222 3150 3474 3206 omnibus
3515 3149 3738 3246 ονθάιξιιιτς

528 3235 661 3320 vera
685 3266 703 3322 i
737 3263 945 3320 Christi
969 3235 1112 3317 caro'
1132 3266 1190 3316 et
1213 3235 1474 3331 sanguis,—
1502 3275 1670 3331 quam
1699 3258 1795 3331 qui
1826 3235 2125 3312 manducat

2211 3240 2345 3312 quia
2387 3239 2644 3295 dubietas
2692 3240 2918 3306 mentis,
2960 3240 3092 3295 licet
3118 3238 3281 3295 bonae
3331 3240 3453 3295 vita:
3486 3238 3552 3292 sit
3575 3235 3651 3308 qui
3679 3251 3742 3287 ac-

527 3357 586 3408 et
612 3351 754 3407 bibit
778 3354 806 3391 κ
835 3350 1022 3422 digne,
1070 3347 1243 3404 habet
1285 3325 1457 3403 vitam
1501 3325 1769 3402 mternam
1814 3346 1870 3401 in
1901 3363 1960 3401 se
2009 3363 2125 3401 ma-
2208 3328 2345 3422 (ξίΡίί
2370 3329 2613 3422 excudit
2640 3340 2686 3395 qr
2719 3344 2791 3384 ηε
2819 3329 2890 3384 ad
2920 3329 3089 3401 huius
3126 3329 3461 3385 sacramenti
3480 3325 3737 3396 ίηίθίίίεθη·

525 3446 787 3508 nantem;
821 3417 949 3495 lsed
977 3437 1100 3495 visu
1126 3453 1393 3510 corporeo
1414 3442 1473 3492 et
1495 3440 1667 3508 gustu
1698 3441 1998 3508 propterea
2011 3452 2123 3491 non
2204 3417 2343 3472 tiam
2372 3419 2675 3490 Ρθνιίηεαι·

530 2642 592 2699 in
620 2642 839 2700 unitate
864 2641 1115 2715 corporis
1142 2639 1498 2696 concedatur.

525 3531 912 3596 demutantur,
932 3534 1212 3601 quatenus
1224 3526 1363 3582 ﬁdes
1388 3530 1715 3582 exerceatur
1733 3525 1805 3579 ad
1816 3524 2119 3595 justitiam,
2806 3544 3040 3600 CAPUT
3063 3544 3115 3600 Π
3145 3552 3184 3597 τ,

527 3623 586 3674 et
611 3617 681 3673 ob
712 3617 979 3680 meritum
1021 3615 1153 3686 ﬁdei
1199 3630 1413 3670 merces
1448 3613 1508 3669 in
1555 3630 1622 3668 eo
1660 3611 1896 3683 justitim
1934 3627 2123 3666 conse-
2210 3667 2355 3686 nu;
2388 3667 2474 3686 ιη
2786 3683 2811 3686 Η
2879 3668 2941 3686 m
2999 3670 3011 3682 .
3040 3670 3082 3686 υ
3201 3671 3240 3686 η
3343 3669 3406 3686 Μ
3438 3669 3475 3686 ν

528 3713 752 3781 (luatur.
806 3662 935 3761 Alia
968 3681 1214 3777 namque
1251 3702 1461 3760 Christi
1496 3662 1770 3757 mirac'ula
1815 3701 1918 3755 hoc
2204 3667 2355 3735 om
2382 3667 2478 3721 hoc
2508 3669 2838 3736 πῖνδίθνίυτη
2859 3668 3095 3824 5:213:
3111 3671 3308 3723 nullus
3331 3669 3562 3737 ﬁdelium
3592 3662 3730 3717 debeat

528 3796 799 3824 ..-..-:.....-..
831 3796 1164 3824 “nam”...
1185 3804 1225 3824 π.
1246 3798 1656 3824 “namnam...
1697 3795 1750 3824 οι
1772 3789 1898 3824 mm.
1919 3805 2027 3824 nnn
2051 3789 2121 3824 ιιι.
3095 3773 3139 3810 ε’·

524 3796 801 3868 passionis
829 3796 1167 3850 conﬁrmant
1185 3804 1226 3835 ω
1245 3798 1680 3858 sacramentum,
1696 3795 1755 3846 et
1771 3789 1898 3845 ideo
1919 3805 2031 3844 non
2051 3789 2121 3845 ob

524 3885 861 3941 miraculum
890 3884 1000 3939 ista
1026 3887 1320 3938 mutantur
1363 3880 1607 3936 exterius
1637 3879 1696 3935 in
1728 3877 1991 3951 speciem,
2021 3879 2119 3933 sed
2283 3877 2325 3936 l.
2356 3880 2778 3935 Sacramentum
2803 3880 3081 3935 Dominici
3105 3880 3355 3953 corporis
3383 3885 3437 3935 et
3473 3873 3723 3946 sanguinis,

525 3974 784 4034 interius.
816 3978 881 4029 ut
910 3973 1050 4028 ﬁdes
1078 3970 1473 4044 comprobatur
1500 3970 1560 4025 in
1590 3968 1814 4041 spiritu,
1830 3966 2119 4022 verissime
2200 3969 2351 4041 quod
2372 3968 2620 4040 quotidie
2644 3969 2702 4024 in
2735 3968 2985 4025 Ecclesia
3013 3970 3512 4033 celebratur,nemo
3537 3962 3730 4019 ﬁdelium

428 4074 435 4079 '
525 4062 861 4119 conﬁtemur
891 4080 903 4115 :
938 4069 1003 4117 ut
1029 4061 1163 4133 quia
1181 4056 1383 4131 justus‘
1400 4076 1467 4114 ex
1495 4058 1605 4112 ﬁde
1634 4055 1784 4118 vivit,
1814 4054 2123 4126 habeatju-
2202 4058 2463 4129 ignorare
2477 4057 2661 4123 debet,
2691 4074 2856 4113 nemo
2878 4059 3093 4114 nescire
3114 4059 3250 4131 quid
3281 4060 3351 4113 ad
3384 4057 3554 4119 ﬁdem,
3575 4049 3728 4124 quidve

524 4151 741 4218 stitiam
769 4150 898 4205 ﬁdei
936 4149 995 4203 in
1038 4148 1325 4220 mysterio,
1359 4154 1416 4203 et
1442 4164 1543 4219 per
1572 4147 1740 4201 ﬁdem
1772 4144 1943 4198 vitam
1973 4145 2031 4199 in
2060 4162 2121 4200 se
2155 4165 2167 4179 ·
2201 4149 2274 4203 ad
2303 4146 2590 4203 scientiam
2612 4146 2670 4201 in
2692 4163 2757 4201 eo
2788 4147 3068 4218 pertineat
3096 4165 3108 4200 :
3139 4147 3271 4219 quia
3302 4163 3401 4201 nec
3423 4145 3548 4199 ﬁdes
3569 4142 3616 4194 in
3639 4152 3731 4207 my-

524 4238 799 4310 suscipiat
824 4243 1164 4302 manentem,
1215 4254 1327 4309 qua
1366 4236 1615 4291 securior
1642 4236 1824 4291 adhuc
1867 4235 2119 4291 mortalis
2201 4237 2372 4293 sterio
2395 4252 2516 4291 sme
2543 4235 2779 4291 scientia
2796 4242 2946 4291 recte
2963 4236 3304 4304 defenditur,
3337 4251 3436 4290 nec
3461 4228 3656 4288 scientia
3671 4223 3728 4279 si-

523 4326 951 4415 immortalitate
987 4330 1201 4397 pastus,
1233 4325 1565 4395 quantocius
1587 4325 1658 4379 ad
1673 4324 2019 4380 immortalia
2045 4325 2120 4379 fe-
2135 4375 2186 4434 Β
2200 4343 2273 4382 ne
2299 4326 2428 4395 ﬁde,
2452 4342 2575 4397 quas
2597 4325 2847 4381 nondum
2870 4326 3039 4398 capit,
3064 4326 3398 4399 quandoque
3416 4329 3476 4379 ut
3494 4315 3727 4394 percipiat:

595 4482 623 4555 ξι
651 4472 717 4555 II}
737 4470 986 4555 quinque
1010 4484 1148 4555 9188.
1179 4467 1339 4553 deest
1354 4469 1489 4555 ϐάξει
1673 4553 1706 4555 ἡ
2208 4542 2224 4555 τ
2250 4469 2436 4555 "lDuo
2461 4485 2596 4555 mss.
2625 4467 2787 4539 regii,
2822 4470 3145 4524 mirabilius
3174 4471 3362 4524 distat.
3391 4462 3571 4528 Laub.,
3598 4458 3731 4512 mira

597 4551 626 4594 δ
654 4539 859 4607 Vatis,
894 4539 1051 4597 Unde
1073 4542 1342 4610 quoniam
1390 4541 1473 4610 ita
1528 4542 1622 4610 est,
1659 4539 2119 4608 quotiescumque,
2205 4542 2341 4595 bilia
2368 4543 2556 4594 distat.

1843 4606 2123 4681 quondam
2273 4611 2289 4666 i
2320 4611 2547 4666 Ulimm.
2587 4616 2645 4667 et
2684 4610 2851 4665 Sirm.
2898 4610 3111 4682 legunt,
3144 4628 3274 4666 vera
3302 4616 3376 4665 est
3407 4606 3592 4682 Christi
3614 4612 3727 4682 caro.

902 4702 999 4767 ἔθ’.
1081 4756 1138 4767 --
1284 4759 1293 4767 .
1370 4754 1403 4765 ..
1819 4673 1883 4767 ,ἶ
1937 4757 1947 4767 ,
2206 4682 2314 4767 8⁸9
2330 4683 2907 4767 Ρριιίξ,ἔίετειθξλεεηιιιρ
2936 4673 3012 4767 (ἦ¹
3023 4673 3317 4767 plerosque
3343 4697 3468 4735 mss.
3502 4677 3635 4731 deest
3656 4673 3727 4723 63l-

600 4768 627 4800 α
668 4755 771 4825 Ms.
806 4752 1035 4825 Majoris
1081 4754 1426 4820 Monasterii,
1456 4768 1521 4807 ea;
1548 4754 1743 4822 aliqua
1772 4755 1978 4807 virtute
2028 4768 2122 4806 co-
2276 4752 2304 4788 κ
2330 4752 2394 4825 Iri
2422 4753 2587 4808 editis
2613 4753 2973 4825 desideratur
2995 4752 3147 4808 bibit.

536 4825 697 4905 dices
974 4827 1513 4905 Sueciaeuuirluteel
1542 4821 1823 4905 voluntate
1852 4826 1933 4905 ﬁt:
2028 4900 2038 4905 _
2228 4896 2245 4905 _
2278 4833 2293 4875 ι
2319 4824 2501 4905 Hicin
2526 4826 2715 4880 codice
2728 4824 2925 4905 “haub:
2962 4824 3160 4897 incipit
3184 4842 3306 4897 cap.
3351 4823 3439 4878 IV.
3471 4822 3625 4888 Quare
3648 4821 3729 4905 ’ξονι

601 4907 629 4946 o
656 4886 839 4950 Editi?)
866 4895 1094 4950 Ulimm.
1129 4886 1517 4960 et'Sirmondi,
1547 4900 1684 4964 quia
1703 4910 1829 4964 ergo
1849 4886 2121 4966 uoluntas.
2207 4896 2530 4951 demittatur
2558 4913 2686 4951 caro
2717 4897 2925 4951 Christi
2947 4903 2995 4950 et
3016 4886 3338 4966 sailguissn
3377 4886 3495 4948 visu
3517 4895 3559 4943 et
3583 4886 3727 4953 gul!"-

532 4967 642 5024 Sed
655 4966 1178 5047 ΔΜιλῐιρξξζγιιῐιιιεκεξιιιη
1209 4967 1492 5047 plerisque
1520 4982 1635 5022 mss
1656 4964 1955 5047 __e_xpung_it
1978 4981 2120 5047 ergo.
2276 4980 2318 5011 ω
2330 4967 2510 5047 flgiti.
2541 4984 2669 5022 cum
2700 4968 2871 5047 Rion,
2903 4964 3215 5035 conﬁrmat.

604 5056 629 5120 ς
654 5034 991 5120 Ineditione
1021 5033 1574 5120 Sirm,A'des_idér.atur
1602 5033 1940 5103 nihil—mali,
1975 5036 2124 5108 quod
2278 5037 2649 5120 fEditi,_cum
2673 5038 2852 5120 tribus
2881 5033 3037 5104 mssl,
3071 5042 3293 5120 lignum
3315 5040 3431 5091 vitae
3451 5033 3567 5102 fuit.

531 5111 743 5167 habent
772 5122 969 5180 omnes
990 5122 1124 5180 mss.
1155 5114 1213 5163 et
1239 5108 1334 5163 alii
1363 5108 1517 5163 editi.
2278 5114 2305 5145 ο
2331 5108 2475 5180 Cod.
2500 5109 2724 5180 Majoris
2753 5114 3013 5175 monast.,
3050 5112 3133 5164 rei
3156 5111 3382 5164 visibili.

605 5195 626 5237 τ
649 5181 826 5238 Laub.
859 5183 919 5234 et
942 5178 1120 5233 Laud.
1154 5195 1282 5234 cum
1324 5180 1576 5246 ﬂamen,
1610 5181 1703 5235 sed
1740 5194 1931 5237 veram
1959 5180 2120 5247 ﬁdem
2285 5185 2313 5228 ρ
2342 5178 2540 5246 Laub.,
2570 5178 2892 5234 Sumamus.

535 5254 758 5307 habeas.
2284 5265 2313 5309 (ι
2340 5250 2655 5305 Aniciensis
2682 5253 2921 5305 excludit
2948 5268 3093 5305 eunt.

557 5394 590 5405 ,Α
614 5324 772 5405 (Hic
783 5324 856 5405 in
874 5319 1597 5405 codicenlsaubiens‘i'incipit
1618 5337 1738 5405 cap.
1766 5322 1861 5405 lI_I,
1885 5338 2009 5405 cum
2030 5321 2133 5405 hoc
2230 5393 2253 5405 Δ
2278 5306 2312 5405 ’ί
2329 5322 2472 5405 Cod.
2507 5322 2680 5405 iisab:
2714 5338 2835 5405 cap.
2858 5322 2925 5375 V.
3137 5323 3246 5405 hoc
3262 5320 3558 5405 iiiysleiiunz

529 5371 932 5464 mula't'baoa'
943 5371 1595 5462 ἴιῖίῖῆᾱρἒῡὴἷῖἑῖιὶἑ
1614 5371 1861 5448 regies};
1884 5371 2127 5447 ἱεᾶἱιῖιὶὶὲξ
2215 5371 2472 5459 βείοιῖιῆ
2493 5371 2679 5448 aut;
2706 5371 2994 5461 ιῆνῖόνὶιὲεῖ
3010 5371 3389 5463 ξῦἒᾶἑῐίάῆἵεὶ
3403 5371 3540 5464 bons
3559 5371 3727 5464 eius}!

530 5469 628 5547 rit,
654 5454 824 5547 quam
848 5470 906 5547 et
918 5467 1192 5547 baptismi
1217 5454 1788 5547 sacra-mentumque:
2001 5537 2039 5547 η
2081 5537 2091 5547 .
2204 5454 2303 5533 qui
2325 5467 2543 5547 accipit,
2574 5454 3047 5547 dubie'lasmenlis
3075 5466 3334 5529 excludit,
3367 5454 3429 5515 ue-
3455 5458 3520 5512 ad
3538 5456 3633 5522 ejus
3654 5457 3719 5497 ,ςα-

599 5536 629 5594 ti
658 5536 806 5592 Flor.
830 5540 887 5590 et
918 5536 1145 5595 Praedia.
1174 5536 1501 5591 aternitalis
1530 5536 1857 5590 mortalibus
1885 5537 2121 5605 partici-
2201 5537 2475 5590 cramenti
2498 5537 2929 5605 intelligentiam
2951 5539 3324 5604 perveniatur.

523 5610 699 5679 patio.

527 4618 633 4669 etc.
680 4614 890 4685 Regius
924 4608 1164 4668 unus'et
1210 4611 1268 4666 S.
1314 4608 1588 4676 Audoeni,
1640 4610 1789 4665 Unde

531 4687 970 4754 quotiescunque.
