3992 6166
312 246 452 304 ’1273

1192 244 1329 300 LIB.
1372 242 1465 297 DE
1503 193 1839 299 CO‘RPORE
1879 242 1967 298 ET
2006 240 2372 298 SANGUINE
2409 244 2691 303 DOMINI.

3457 247 3592 310 1274

305 367 606 423 enutritur.
636 367 716 422 Ac
742 382 845 438 per
870 367 976 420 hoc
1005 365 1146 420 tanti
1176 364 1515 420 sacramenti
1544 365 1722 420 virtus
1751 365 1901 419 inve-
1916 365 2099 435 Ajam
2129 381 2259 419 nom
2289 371 2394 431 est,
2422 368 2520 422 sed
2553 369 2604 423 ei
2625 372 2819 444 utique
2854 390 2978 446 quas
3006 375 3274 429 hactenus
3296 380 3402 429 est.
3422 374 3582 431 Unde

303 456 568 526 stiganda
587 462 692 521 est,
724 462 779 510 et
812 454 1106 526 disciplina
1126 461 1143 483 '
1175 454 1384 509 Christi
1407 455 1544 509 ﬁdes
1564 454 1901 521 erudienda;

304 562 376 600 ne
407 545 551 599 forte
579 560 913 599 censeamur
942 561 1008 598 ex
1034 560 1100 598 eo
1139 544 1373 613 indigni,
1409 544 1434 583 ι’
1468 545 1668 599 saltem
1707 545 1754 598 si
1794 560 1905 598 non

306 634 443 689 satis
472 634 842 689 discernimus
871 633 1029 696 illud,
1065 649 1166 687 nec
1194 630 1579 704 intelligimus,
1608 634 1909 704 mysticum

307 722 515 778 Christi
544 739 746 794 corpus
793 728 850 776 et
876 722 1107 792 sanguis
1138 728 1350 792 quanta
1391 723 1599 793 polleat
1634 723 1908 793 dignitate

305 818 630 883 quantaque
651 811 1013 883 praeemineat
1032 812 1258 875 virtute,
1282 817 1338 865 et
1366 811 1763 866 discernatura
1783 829 1906 867 cor-

307 916 478 972 poreo
491 906 683 970 gustu,
698 906 764 956 ut
775 900 1132 972 praestantius
1144 900 1218 956 sit
1232 900 1385 954 omni
1399 900 1671 955 sacriﬁcio
1688 902 1906 956 Veteris

303 989 675 1045 Testamenti.

374 1088 424 1136 2.
458 1080 577 1134 Hoc
599 1096 734 1135 sane
762 1079 809 1134 si
834 1080 960 1151 quis
992 1079 1215 1150 ignorat
1245 1094 1356 1133 non
1377 1079 1647 1134 discernit
1670 1099 1681 1146 ;
1706 1086 1763 1135 et
1780 1080 1906 1135 ideo

306 1168 644 1233 timendum,
676 1185 747 1223 ne
776 1185 877 1239 per
900 1168 1302 1238 ignorantiam,
1336 1168 1484 1239 quod
1524 1168 1682 1223 nobis
1728 1169 1909 1241 provi-

309 1274 435 1312 sum
456 1262 544 1312 est
569 1258 640 1312 ad
676 1257 953 1312 medelam
992 1258 1090 1312 ﬁat
1119 1257 1520 1329 accipientibus
1547 1258 1605 1312 in
1638 1258 1858 1312 ruinam
1889 1277 1902 1326 ;

309 1346 461 1401 unde
502 1347 775 1402 Dominus
820 1347 879 1401 in
923 1346 1166 1401 Levitico
1199 1349 1384 1411 (Levii.
1441 1361 1575 1412 χχιι,
1628 1346 1706 1415 14)
1746 1365 1757 1400 :
1803 1349 1909 1415 Qui

308 1436 600 1488 comederit
624 1437 688 1488 de
714 1438 1093 1501 sancti/lectis,
1125 1434 1326 1506 inquit,
1360 1452 1460 1504 per
1498 1438 1901 1503 ignorantiam,

1986 454 2127 508 bene
2158 455 2524 525 Septuaginta
2563 476 2731 531 super
2758 462 2938 532 ipsam
2968 464 3098 517 addi
3147 464 3402 535 quintam
3449 481 3579 535 par-

1987 549 2101 597 tem
2135 543 2350 612 jubent.
2396 546 2603 610 Quinta
2646 550 2820 620 igitur
2850 570 2978 625 pars
3022 553 3169 607 illius
3198 559 3333 607 tunc
3362 559 3509 605 recte
3549 570 3583 607 a

1990 631 2149 685 nobis
2170 633 2568 703 superadditur
2590 637 2660 699 ei,
2695 640 2842 709 quod
2871 641 3023 710 prius
3061 657 3161 711 per
3202 640 3583 710 ignorantiam

1989 721 2383 792 accipiebatur,
2418 726 2464 780 si
2495 726 2739 798 quinque
2779 744 2975 783 sensus
3012 729 3261 799 corporis
3305 728 3458 783 intus
3513 727 3580 782 ad

1989 806 2362 879 intelligibilia
2390 814 2713 884 spiritaliter
2742 823 3166 883 convertantur;
3200 816 3334 886 quia
3361 817 3407 870 si
3436 821 3585 870 recte

1987 899 2257 969 sapimus,
2290 903 2373 955 vel
2402 910 2552 956 recte
2583 904 2941 976 percipimus,
2972 906 3193 959 divinus
3216 906 3458 975 Spiritus
3489 906 3585 976 qui

1986 986 2044 1040 in
2093 987 2253 1043 nobis
2303 996 2406 1056 est,
2456 992 2623 1046 etiam
2656 1000 2713 1047 et
2756 1011 2856 1065 per
2885 995 3140 1048 eamdem
3177 994 3418 1065 gratiam
3461 982 3605 1049 am:

1988 1076 2197 1146 pliatur
2224 1088 2270 1142 ε,
2304 1080 2641 1152 eosdemque
2688 1098 2885 1137 sensus
2926 1095 3148 1137 nostros
3191 1084 3261 1137 ad
3306 1101 3370 1137 ea
3410 1084 3584 1154 perci-

1988 1165 2190 1235 pienda
2216 1166 2445 1221 instruit
2472 1174 2529 1222 et
2555 1171 2839 1240 componit
2862 1189 2874 1236 ;
2906 1171 2987 1224 ita
3014 1188 3149 1225 sane
3178 1177 3243 1225 ut
3260 1188 3371 1225 non
3400 1171 3583 1225 solum

1985 1260 2216 1323 gustum
2252 1255 2489 1310 interius
2514 1258 2585 1310 ad
2613 1259 2848 1329 mystica
2875 1260 3161 1330 perducat,
3197 1276 3383 1314 verum
3422 1265 3480 1313 et
3507 1260 3584 1313 vi-

1990 1359 2114 1396 sum
2161 1348 2331 1414 atque
2376 1345 2652 1413 auditum,
2703 1364 2917 1401 necnon
2962 1348 3256 1403 odoratum
3285 1354 3342 1403 et
3368 1354 3583 1402 tactum

1987 1432 2068 1485 ita
2089 1438 2252 1486 tenus
2283 1432 2529 1488 illustrat
2557 1436 2968 1506 quodammodo
3007 1436 3053 1501 h,
3102 1444 3167 1491 ut
3215 1437 3351 1490 nihil
3398 1438 3455 1490 in
3503 1437 3583 1491 eis

307 1524 480 1577 addat
506 1526 766 1592 quintam
786 1528 1000 1591 partem
1021 1540 1147 1578 cum
1176 1541 1233 1577 eo
1262 1526 1406 1593 quod
1423 1526 1670 1589 comedit,
1692 1526 1905 1578 eldabit
1986 1520 2095 1574 nisi
2132 1521 2320 1575 divina
2362 1523 2696 1591 sentiantur,
2747 1526 2999 1595 nihilque
3049 1525 3157 1578 nisi
3186 1526 3449 1589 caelestia,
3485 1531 3542 1579 et
3569 1526 3582 1565 ί

306 1611 578 1665 sacerdoti
603 1613 664 1665 in
692 1614 1044 1665 sanctuario:
1078 1615 1675 1666 necconlaminabilis°
1695 1617 1902 1667 sancti-
1986 1610 2135 1679 quod
2153 1610 2405 1664 terribile
2460 1613 2594 1667 satis
2624 1620 2709 1668 est
2746 1615 2893 1685 quod
2926 1614 3402 1680 communicatur;
3435 1614 3585 1668 unde

307 1702 473 1767 ﬁcala
504 1702 753 1767 ﬁliorum
786 1702 958 1755 Israel
979 1717 1097 1769 quae
1125 1704 1364 1767 o/ferunt
1392 1702 1643 1767 Domino,
1672 1718 1739 1756 ne
1758 1704 1903 1769 forte
1924 1686 1970 1745 Β
1988 1714 2156 1768 quam
2190 1699 2327 1753 bene
2360 1700 2565 1755 dicitur
2595 1721 2606 1755 :
2640 1704 2818 1757 Addat
2842 1707 3099 1771 quintam
3129 1708 3245 1772 ejus
3265 1708 3479 1772 partem
3499 1719 3587 1756 su-

306 1790 619 1842 sustineant
652 1790 1018 1857 iniquitatem
1048 1792 1236 1843 delicti
1262 1793 1370 1855 sui,
1404 1806 1529 1843 omn
1559 1794 1902 1858 sanctiﬁcata
1980 1803 2080 1855 per
2108 1804 2262 1850 eum;
2295 1789 2380 1842 vel
2406 1789 2552 1844 sicut
2578 1790 2673 1844 alii
2717 1792 2934 1845 codices
2974 1791 3201 1854 habent,
3244 1809 3371 1845 cum
3414 1809 3488 1851 eo,
3536 1796 3583 1845 et

311 1878 665 1931 comederint.
694 1878 761 1931 Et
788 1878 1037 1931 addidit:
1069 1879 1178 1945 Ego
1206 1880 1601 1948 Dominus,qui
1627 1882 1904 1946 sanctiﬁco
1985 1877 2138 1929 dabit
2184 1880 2454 1930 sacerdoti
2503 1898 2519 1931 :
2570 1879 2700 1949 quia
2745 1881 2760 1927 J
2799 1897 3022 1933 omnem
3080 1880 3580 1934 sanctiﬁcationem

307 1983 410 2020 eos.
444 1967 523 2020 Ac
544 1966 745 2020 deinde
774 1989 785 2022 :
817 1966 1022 2021 Sancta
1050 1973 1371 2021 sanctorum
1409 1974 1540 2021 sunt
1574 1969 1773 2035 (Isid).
1800 1968 1903 2022 Ubi
1986 1964 2206 2035 mystici
2222 1966 2480 2019 sacrificii
2500 1972 2557 2020 et
2575 1968 2878 2022 efﬁcaciam
2893 1968 3172 2039 quomodo
3189 1968 3467 2022 sensibilis
3488 1986 3578 2022 res

307 2053 558 2124 profecto
606 2054 935 2125 mysterium
979 2056 1227 2126 corporis
1267 2055 1475 2110 Christi
1522 2061 1579 2110 et
1615 2056 1904 2126 sanguinis
1987 2053 2415 2124 intrlligibiliter
2454 2055 2658 2110 virtute
2706 2057 2805 2110 Dei
2845 2074 2945 2127 per
2990 2056 3234 2111 Verbum
3277 2057 3485 2111 Christi
3523 2057 3581 2110 in
3611 2058 3637 2088 ⁸(

302 2142 671 2214 designatur;
714 2160 779 2197 ex
818 2160 928 2214 quo
966 2160 1077 2198 non
1108 2145 1277 2199 habet
1311 2150 1645 2216 potestatem
1679 2145 1899 2209 edendi,
1985 2158 2209 2196 carnem
2240 2142 2415 2212 ipsius
2439 2160 2503 2197 ac
2523 2146 2852 2216 sanguinem
2884 2146 3150 2200 divinitus
3187 2146 3578 2211 transferatur,

303 2247 418 2285 non
447 2232 631 2285 solum
661 2232 844 2286 omnis
889 2232 1222 2302 alienigena,
1267 2233 1578 2303 inquilinus
1608 2239 1666 2287 et
1698 2250 1908 2287 merce—
1984 2230 2070 2284 vel
2100 2231 2342 2301 qualiter
2382 2250 2483 2303 per
2510 2234 2626 2289 haec
2674 2235 3151 2289 communicantes
3193 2234 3261 2288 ad
3308 2234 3582 2305 spiritalia

302 2320 520 2379 narius.
546 2337 740 2376 verum
777 2337 880 2374 nec
914 2312 1010 2390 qui
1048 2338 1146 2391 per
1175 2321 1552 2391 ignorantiam
1596 2322 1740 2376 tanti
1778 2338 1903 2393 my-
1985 2320 2328 2381 nutriantur,
2360 2322 2634 2393 siquidem
2663 2324 2906 2385 Christo,
2938 2325 3036 2395 qui
3067 2341 3229 2378 verus
3257 2330 3314 2378 et
3328 2340 3584 2377 summus

301 2409 460 2463 sterii
491 2407 822 2463 obcaecatur.
850 2409 956 2462 Per
981 2408 1355 2478 ignorantiam
1387 2417 1579 2465 autem
1610 2410 1748 2466 illud
1774 2427 1901 2481 per—
1984 2410 2243 2464 sacerdos
2273 2417 2376 2474 est,
2409 2412 2679 2466 catholice
2719 2419 2899 2467 totum
2934 2414 3183 2467 tribucre
3222 2418 3463 2484 oportet,
3504 2417 3585 2466 to-

299 2496 458 2569 cipit,
488 2496 583 2568 qui
604 2497 868 2552 virtutem
900 2498 1022 2568 ejus
1051 2504 1110 2553 et
1127 2498 1459 2569 dignitatem
1478 2506 1646 2570 atque
1668 2499 1902 2554 circum-
1982 2503 2216 2569 tumque
2248 2501 2372 2570 ejus
2401 2501 2593 2555 virtuti
2623 2500 2649 2536 ¹ι
2678 2509 2847 2572 atque
2889 2503 3065 2572 ipsius
3106 2503 3367 2573 potentiae
3396 2522 3407 2557 ι
3434 2501 3583 2555 desi-

305 2586 578 2642 stantiam
625 2587 803 2659 ipsius
857 2588 1192 2643 sacramenti
1242 2588 1465 2659 penitus
1489 2588 1713 2658 ignorat
1746 2605 1757 2641 :
1804 2588 1900 2658 qui
1981 2603 2157 2657 gnare
2187 2606 2198 2640 :
2230 2605 2431 2660 nempe
2456 2590 2589 2661 quia
2619 2590 2738 2661 ipse
2774 2590 2970 2645 liberat
2993 2590 3062 2645 ab
3083 2591 3237 2645 omni
3258 2589 3579 2661 ignorantia

302 2676 487 2731 nescit
512 2692 642 2731 vere
672 2677 819 2748 quod
860 2694 1064 2749 corpus
1103 2683 1160 2732 et
1186 2678 1417 2748 sanguis
1450 2678 1522 2732 sit
1574 2677 1792 2731 Domini
1820 2694 1902 2732 se—
1983 2682 2041 2730 et
2068 2683 2317 2731 removet
2343 2694 2443 2732 nos
2463 2694 2499 2732 a
2525 2679 2843 2734 carnalibus
2874 2681 3042 2750 hujus
3073 2680 3195 2734 vitae
3224 2679 3498 2733 illecebris
3518 2691 3581 2745 In;

300 2766 550 2821 cundum
577 2767 891 2831 veritatem,
941 2767 1069 2821 licet
1114 2767 1172 2821 in
1220 2774 1571 2822 sacramento
1600 2766 1906 2839 accipiatur
1984 2781 2167 2836 neque
2196 2766 2390 2837 utique
2409 2767 2543 2821 sinit
2568 2778 2853 2822 terrenum
2883 2768 3093 2839 aliquid
3116 2774 3214 2822 aut
3242 2768 3347 2821 vile
3377 2767 3584 2821 ibidem

303 2871 414 2926 per
451 2855 648 2922 ﬁdem;
695 2856 920 2927 quidem
969 2856 1299 2928 mysterium
1330 2856 1551 2928 accipit,
1594 2856 1691 2910 sed
1730 2856 1908 2910 nescit
1987 2855 2281 2925 suspicari.
2315 2856 2411 2909 sed
2438 2857 2674 2927 mystica
2698 2864 2755 2911 et
2774 2857 3049 2927 spiritalia
3074 2857 3131 2911 in
3166 2857 3249 2910 his
3280 2856 3585 2927 sapere,ita

301 2942 561 3004 mysterii
592 2944 875 3009 virtutem,
893 2945 1042 2998 unde
1071 2945 1356 3011 salomon,
1379 2944 1494 2999 imo
1523 2962 1623 3016 per
1642 2961 1770 2999 eum
1788 2944 1962 3026 Spi-n
1991 2949 2053 2996 ut
2067 2943 2243 2997 nostri
2264 2944 2512 3016 corporis
2542 2962 2739 2999 sensus
2758 2946 2827 2999 ad
2858 2963 2923 3000 ea
2940 2946 3177 2999 interius
3199 2944 3585 2999 sanctiﬁcandi

303 3031 452 3085 ritus
478 3032 700 3087 divinus
722 3032 922 3104 jubet:
954 3035 1090 3090 Cum
1125 3035 1326 3087 sederis
1361 3036 1435 3087 ad
1470 3007 1715 3087 mensam
1747 3031 1775 3073 (ί
1813 3007 1964 3101 po-C
1987 3031 2203 3086 avidius
2231 3007 2644 3089 transferantur
2674 3048 2717 3099 η,
2767 3035 2814 3089 si
2847 3052 2956 3105 quo
2987 3035 3151 3089 modo
3188 3035 3371 3089 dicere
3413 3033 3589 3104 possit

304 3122 490 3184 tentis,
517 3126 576 3174 ut
618 3123 872 3175 comedas
897 3138 1023 3175 cum
1062 3123 1332 3189 principe,
1366 3122 1664 3189 diligenter
1688 3122 1905 3175 attende
1986 3122 2442 3193 praeeminentior
2470 3140 2600 3194 pars
2631 3125 2872 3179 hominis
2899 3142 2909 3177 :
2932 3127 3035 3181 Cor
3048 3141 3230 3179 meum
3257 3129 3306 3177 et
3326 3140 3454 3177 caro
3472 3140 3588 3177 mea

298 3224 423 3278 qua:
450 3214 813 3277 apponuntur
840 3224 1025 3263 coram
1057 3214 1104 3262 te
1115 3226 1138 3275 ;
1166 3209 1427 3279 quoniam
1447 3209 1581 3264 talia
1600 3214 1657 3264 te
1684 3215 1898 3281 Oportet
1985 3215 2406 3265 exsultaverunt
2438 3215 2500 3265 in
2529 3215 2702 3266 Deum
2732 3216 2921 3268 vivum.
2956 3216 3121 3283 (Psal.
3143 3227 3363 3277 vaxm,
3397 3210 3445 3275 3)

300 3313 641 3369 praeparare,
665 3298 722 3352 id
743 3303 830 3352 est
850 3297 1337 3352 mortiﬁcationem
1365 3298 1571 3353 Christi
1597 3300 1903 3370 incorpore
2056 3298 2297 3355 3.Recte
2329 3300 2501 3370 igitur
2525 3300 2581 3354 in
2612 3302 2791 3355 Deum
2822 3301 3004 3355 vivum
3030 3308 3180 3355 totus
3209 3302 3375 3355 homo
3408 3301 3589 3355 exsul-

301 3386 748 3442 circumferendo
775 3386 1026 3458 quotidie
1055 3386 1375 3458 praedicare.
1418 3388 1730 3459 Diligenter
1767 3405 1900 3459 ergo
1984 3393 2086 3451 tat,
2122 3388 2254 3457 quia
2282 3388 2413 3441 licet
2440 3388 2510 3441 ab
2553 3390 2811 3444 omnibus
2839 3390 3047 3444 Christi
3096 3406 3227 3444 caro
3266 3395 3324 3444 et
3355 3390 3583 3461 sanguis

297 3475 618 3547 intelligere
646 3482 704 3530 et
730 3476 1008 3547 spiritalia
1034 3482 1387 3531 sacramenta
1405 3470 1593 3548 palato
1616 3478 1819 3532 mentis
1849 3484 1906 3532 et
1987 3476 2239 3547 quotidie
2277 3476 2605 3532 comedatur
2635 3490 2674 3542 ο,
2727 3478 2847 3548 ipse
2879 3483 3067 3532 tamen
3103 3481 3297 3549 Agnus
3338 3480 3491 3534 vivus
3531 3485 3588 3535 et

293 3569 470 3637 gustu
498 3564 629 3620 ﬁdei
654 3564 823 3636 digne
849 3565 1153 3637 percipere,
1187 3565 1347 3636 quasi
1376 3566 1633 3637 legaliter
1651 3566 1907 3638 quintam
1984 3565 2204 3635 integer
2233 3571 2554 3636 permanet;
2588 3582 2698 3619 non
2729 3566 2879 3619 enim
2906 3567 3025 3635 jam
3059 3567 3316 3632 moritur,
3362 3584 3508 3621 mors
3537 3570 3588 3621 ei

297 3659 521 3726 partem
541 3654 613 3708 ad
642 3669 711 3708 ea
729 3670 853 3725 quae
877 3654 1035 3726 prius
1055 3670 1155 3725 per
1174 3653 1553 3724 ignorantiam
1565 3656 1907 3725 comederat,
1987 3658 2143 3709 ultra
2170 3671 2280 3708 non
2304 3656 2689 3708 dominabitur
2728 3656 2898 3710 'Rom.
2932 3670 3004 3720 v1,
3050 3653 3137 3721 9);
3174 3656 3269 3709 sed
3300 3660 3490 3710 tamen
3528 3655 3587 3709 in

298 3760 472 3815 super
493 3744 701 3799 addere
721 3750 825 3809 est,
856 3744 990 3798 dum
1011 3743 1200 3798 divina
1218 3743 1649 3814 intelligibiliter
1665 3745 1900 3799 interior
1982 3743 2251 3814 mysterio
2277 3741 2525 3814 quotidie
2552 3742 2828 3797 veraciter
2870 3743 3194 3797 immolatus
3230 3756 3273 3810 ν,
3325 3743 3383 3797 in
3422 3742 3584 3798 ablu-

294 3831 469 3886 homo
507 3838 703 3887 noster
731 3849 833 3903 per
862 3832 1071 3887 Christi
1100 3832 1344 3902 gratiam
1371 3832 1594 3904 excipit,
1623 3839 1681 3887 et
1708 3850 1809 3904 per
1833 3850 1900 3888 ea
1981 3832 2192 3887 tionem
2223 3831 2555 3885 delictorum
2586 3831 2898 3885 comeditur
2928 3834 3125 3900 (Isid).
3158 3832 3315 3888 Unde
3346 3831 3493 3886 illico
3523 3831 3583 3886 in

295 3920 505 3976 virtute
534 3921 665 3975 ﬁdei
696 3934 721 3965 ο
751 3921 973 3976 Christo
1010 3921 1422 3992 incorporatur.
1462 3922 1728 3992 Alioquin
1758 3940 1897 3993 quo-
1983 3921 2177 3975 eadem
2198 3920 2337 3991 legis
2358 3920 2641 3974 sententia
2659 3920 2917 3975 infertur.
2943 3922 3051 3987 Ego
3072 3923 3587 3989 Dominusquisan-

301 4011 470 4065 modo
498 4012 587 4065 lex
607 4010 834 4081 juberet
857 4012 927 4065 ad
964 4028 1030 4066 ea
1059 4028 1181 4082 quae
1213 4011 1532 4066 comederat
1569 4011 1773 4082 aliquis
1804 4028 1901 4083 per
1983 4013 2157 4078 cli/leo
2197 4026 2279 4063 eos
2312 4011 2494 4075 (Leuit.
2517 4026 2609 4075 xx,
2642 4008 2743 4079 liii;
2777 4009 3091 4074 sanctificat
3116 4016 3307 4063 autem
3338 4026 3450 4075 eos,
3486 4010 3583 4081 qui

301 4099 705 4171 ignorantiam,
762 4100 1018 4171 quintam
1064 4100 1440 4171 superaddere
1486 4107 1723 4172 partem,
1775 4117 1902 4155 cum
1984 4115 2088 4169 per
2115 4099 2231 4152 haec
2257 4103 2641 4168 competenter
2672 4098 2743 4152 ad
2773 4099 2951 4152 Deum
2980 4098 3426 4153 sanctiﬁcantem
3462 4104 3589 4153 ten-

298 4190 422 4259 jam
472 4189 572 4243 illa
621 4205 734 4244 non
776 4196 1134 4261 superessent
1160 4189 1198 4256 f,
1244 4189 1445 4261 quibus
1483 4190 1722 4244 ulterius
1773 4189 1904 4243 addi
1986 4188 2145 4253 dunt,
2179 4191 2236 4241 et
2264 4202 2392 4240 cum
2440 4187 2734 4241 devotione
2776 4188 2940 4242 modo
2970 4204 3081 4258 quo
3111 4192 3336 4258 Oportet
3364 4205 3431 4242 ea
3466 4205 3588 4260 per-

303 4278 595 4350 quippiam
613 4279 820 4349 possit;
848 4296 962 4333 non
990 4279 1140 4333 enim
1162 4279 1562 4349 superadditur
1578 4279 1659 4333 illi
1676 4279 1757 4333 rei
1779 4296 1905 4349 quae
1922 4326 1971 4350 η
1990 4277 2206 4347 cipiunt
2231 4296 2241 4328 :
2275 4274 2409 4345 quia
2430 4276 2887 4331 sanctiﬁcationis
2901 4293 3088 4342 causa,
3112 4282 3169 4331 et
3187 4293 3299 4331 non
3320 4277 3589 4332 contami-

1922 4326 1972 4385 D

374 4426 392 4449 ⁸
423 4420 730 4476 Vaticanus
759 4421 906 4488 cod.,
957 4428 1005 4476 et
1047 4423 1356 4490 disciplina
1399 4420 1608 4475 Christi
1643 4422 1747 4490 ﬁde
1776 4437 1907 4475 eru-
2060 4418 2073 4459 ί
2103 4419 2191 4473 Ita
2222 4418 2397 4475 Laub.
2429 4437 2553 4475 cum
2587 4418 2922 4491 quibusdam
2970 4435 3105 4473 mss.
3142 4420 3309 4481 Editi,
3345 4421 3593 4475 tm'ribile

302 4492 675 4547 dienda.Al.et
696 4509 793 4561 per
805 4495 1165 4561 disciplinam
1195 4492 1404 4547 Christi
1427 4493 1555 4559 ﬁdes
1575 4493 1902 4546 erudienda.
1987 4492 2121 4544 satis
2150 4492 2468 4551 est,omisso
2492 4498 2540 4546 et
2567 4493 2725 4561 quod.
2747 4491 2917 4545 Germ
2960 4506 3089 4556 ms.,
3110 4497 3159 4544 ct
3177 4492 3400 4560 quidem
3418 4494 3585 4545 terri-

302 4562 463 4617 Anic.
488 4580 617 4617 vero
648 4580 734 4618 ms
800 4570 858 4618 et
884 4580 1031 4618 unus
1061 4562 1217 4618 Colb.
1268 4578 1379 4616 non
1411 4564 1716 4617 erudienda
1748 4562 1900 4633 legit,
1990 4563 2095 4633 bile
2122 4564 2256 4633 satis
2282 4568 2377 4616 est.

303 4635 399 4689 sed
432 4637 788 4690 enutrienda.
1808 4631 1824 4633 ⁷
2055 4632 2070 4677 1
2098 4633 2186 4687 lta
2210 4631 2325 4687 fere
2355 4650 2550 4687 omnes
2590 4649 2722 4687 mss.
2761 4633 2907 4686 Editi
2937 4633 3151 4703 legunt,

369 4731 395 4766 δ
446 4706 617 4760 Mam.
678 4706 821 4761 Cum
866 4705 1151 4761 Aniciensi
1207 4711 1265 4760 et
1322 4704 1907 4775 Majoris-monasterii
1988 4719 2226 4770 omnem,
2252 4710 2357 4758 etc.
2387 4705 2543 4759 Unus
2568 4720 2697 4757 vero
2735 4705 2906 4758 codex
2936 4704 3103 4774 regite
3133 4703 3510 4772 Bibliotheca,
3541 4710 3588 4759 et

300 4776 488 4842 codd.,
524 4779 750 4846 indigni
774 4781 970 4832 salute.
1985 4778 2120 4844 quia
2148 4778 2328 4829 omnis
2353 4777 2716 4842 sanctiﬁcatio
2732 4778 2955 4846 mystici
2967 4778 3233 4843 sacriﬁcii
3251 4781 3301 4829 et
3321 4778 3585 4843 efﬁcacia.

370 4856 392 4883 ο
414 4848 500 4903 Ita
529 4845 664 4903 mss.
699 4848 815 4903 fere
844 4864 1058 4902 omnes.
1095 4847 1904 4909 Editi.conlaminabunt,unus
1986 4847 2051 4901 In
2072 4862 2177 4899 ms.
2203 4845 2789 4917 Majoris-monasterii
2810 4850 3247 4917 poste/ﬁcaciam
3262 4847 3491 4902 additur
3507 4850 3595 4902 de-

301 4918 476 4973 codex
511 4935 614 4974 ms.
649 4922 1183 4974 contaminabimini
1198 4919 1339 4986 ;al.,
1372 4920 1794 4975 contaminabit.
1988 4919 2172 4971 bemus
2200 4921 2363 4971 scire.

373 4989 403 5031 ἀ
429 4990 786 5045 Colbertinus
816 5006 982 5055 unus,
1016 4992 1091 5044 ad
1122 5006 1369 5044 mensam
1400 4993 1611 5045 divitis.
2056 4986 2077 5016 "
2106 4988 2273 5042 Roth.
2308 4989 2365 5043 S.
2406 4987 2659 5042 Audoeni
2683 4987 2843 5042 addit
2872 4990 3141 5046 tribuere.
3182 4989 3247 5043 In
3273 4989 3422 5043 Flor.
3456 5004 3585 5042 vero

374 5087 400 5118 ο
428 5060 895 5133 Rotbomagensis
961 5061 1017 5116 S.
1050 5061 1305 5115 Audoeni
1335 5067 1392 5116 et
1432 5078 1578 5116 unus
1606 5061 1815 5132 regius,
1853 5066 1905 5115 et
1986 5059 2145 5133 deest
2173 5064 2582 5133 tqtumqu_e_ejus
2602 5061 2823 5133 uirtuti.

297 5148 403 5203 per
430 5149 552 5187 eam
580 5129 844 5187 virtiitem
864 5134 993 5201 ﬁdei
1673 5129 1697 5132 ⁷
2059 5130 2071 5166 ¹
2101 5129 2278 5184 Vatic.
2311 5138 2368 5183 et
2398 5130 2570 5195 Flor.,
2594 5132 2873 5199 deputare.
2910 5131 3077 5197 Editi,
3111 5132 3421 5197 designare.

374 5210 395 5253 Ι
424 5204 483 5259 In
510 5203 845 5260 quibusdam
873 5220 1006 5257 mss.
1033 5209 1092 5258 et
1116 5203 1264 5260 apud
1280 5204 1505 5259 Mamet.
1540 5209 1598 5259 et
1610 5204 1903 5260 Ulimmer.
2059 5206 2087 5228 '
2112 5201 2174 5255 In
2201 5200 2534 5260 quibusdam
2563 5218 2669 5256 ms.
2700 5201 3055 5257 desideratur
3082 5201 3368 5257 illecebris.

447 5220 483 5259 n
510 5219 845 5259 OlllDllSﬂam
873 5220 1006 5257 mss.
1033 5219 1092 5258 ει
1116 5219 1264 5259 81)υο
1280 5219 1505 5259 tuamet.
1540 5219 1598 5259 Θῐ.
1616 5219 1903 5259 Ulimmer.

374 5220 391 5253 ι
425 5220 483 5259 In
510 5220 845 5276 quibusnam
873 5220 1006 5257 mss.
1033 5220 1092 5258 et
1116 5220 1264 5274 apud
1280 5220 1505 5259 tuamet.
1540 5220 1598 5259 et
1616 5220 1903 5260 unmmer.

305 5274 467 5329 deest
499 5279 621 5341 illa,
653 5275 824 5329 codex
849 5291 980 5329 vero
1009 5275 1597 5344 Majoris-monasterii
1638 5275 1720 5330 ita
1748 5274 1904 5346 legit,

305 5349 399 5400 cui
413 5350 540 5415 jam
570 5362 682 5400 non
709 5351 1069 5415 superessent.

374 5428 406 5472 8
430 5417 543 5478 ΑΙ..
567 5419 988 5487 ampliﬁcatur:
1018 5417 1092 5472 al.
1118 5420 1405 5487 impletur.

376 5486 405 5529 ιι
421 5486 675 5555 Ulimm.,
694 5492 775 5544 ita
797 5490 1039 5561 quodam
1055 5486 1213 5562 modo
1228 5492 1481 5562 illustrat
1491 5489 1755 5562 ;quidam
1776 5504 1906 5555 ms.,

306 5562 388 5614 ita
428 5564 673 5616 tenemus
694 5562 941 5616 illustret
969 5561 1207 5630 quodam
1236 5561 1410 5616 modo.

3234 4634 3294 4685 ui
3334 4634 3587 4689 advertat

2059 5206 2087 5228 '
2112 5201 2174 5255 In
2201 5200 2534 5271 quibusdam
2563 5218 2669 5256 ms.
2700 5201 3055 5257 desideratur
3082 5201 3368 5257 illecebris.

2058 5280 2085 5308 ιι
2115 5270 2347 5326 Mamer.
2381 5279 2438 5327 et
2471 5273 2644 5328 Vatic.
2687 5275 2760 5327 ad
2788 5289 2848 5328 ea
2903 5275 3140 5328 interius
3182 5270 3583 5337 sanctiﬁcanda

1991 5345 2454 5411 transferantur..

2060 5429 2083 5455 ο
2112 5414 2269 5486 Unus
2298 5414 2477 5469 codex
2506 5415 2695 5486 regius
2714 5415 2871 5472 addit
2898 5421 2946 5470 et
2973 5414 3203 5468 bibitur.

2061 5499 2086 5535 ν
2112 5485 2279 5552 Editi,
2314 5485 2663 5541 immolatur.
