3992 6166
445 286 579 345 1275

1195 284 1252 338 S.
1295 280 1672 337 PASCHASII
1712 276 2074 335 RADBERTI
2113 276 2418 332 ABBATIS
2456 275 2954 334 CORBEIENSIS.

3577 278 3722 338 1276

436 412 699 480 nationis,
724 410 934 467 renatis
949 411 1008 465 in
1027 409 1249 466 Christo
1268 408 1377 464 ista
1397 407 1689 481 praposuit
1720 427 1735 462 :
1765 406 2034 477 Alioquin
2050 407 2102 466 A
2118 404 2319 460 divinis
2339 404 2675 478 ubicumque
2694 422 2852 463 sacer
2876 406 3119 479 Spiritus
3147 409 3208 464 in
3236 408 3452 465 eisdem
3480 409 3723 466 interius

429 504 677 572 portabit
697 505 1051 570 iniquitatem
1065 502 1357 561 delictisui
1377 499 1586 568 (Ibid),
1622 502 1686 551 ut
1704 497 1791 551 lex
1815 496 1913 560 ait,
1942 494 2039 567 qui

438 592 786 646 sanctificata
810 587 1294 652 contaminaverit,
1327 587 1624 641 comedens
1656 603 1755 657 per
1783 587 2039 656 ignoran-

436 680 595 745 tiam,
632 681 717 734 vel
758 679 983 748 indigne
1012 683 1280 749 appetens
1305 693 1371 731 ea
1401 692 1466 730 ex
1502 682 1848 746 contemptu.
1898 675 2042 730 Hinc

439 785 571 839 ergo
602 768 811 823 erudiri
843 774 1064 839 oportet
1084 784 1179 821 eos
1210 767 1305 838 qui
1346 766 1667 837 percipiunt
1696 766 1821 819 vitae
1850 780 2041 819 sacra-

435 863 646 919 menta.
679 874 748 911 ne
778 857 922 911 forte
945 857 996 910 si
1034 855 1161 928 quis
1201 855 1481 910 desidiose
1509 854 1779 910 salutaria
1817 854 2041 925 ignorat

434 947 565 1002 fidei
603 946 942 1013 rudimenta,
985 951 1042 1000 et
1063 946 1182 1017 ipse
1220 961 1255 999 a
1283 945 1523 1000 Domino
1558 944 1782 1017 penitus
1809 943 2040 1015 ignore-

435 1040 547 1089 tur.

1025 1158 1258 1214 CAPUT
1287 1158 1363 1214 IIl
1398 1167 1443 1215 ⁸.

582 1268 727 1334 Quid
758 1269 871 1319 sint
902 1270 1268 1322 sacramenta,
1300 1265 1381 1319 vel
1410 1279 1581 1334 quare
1608 1266 1891 1319 dicantur.

509 1389 562 1444 1.
587 1390 995 1444 Sacramentun
1026 1389 1199 1460 igitur
1224 1393 1312 1443 est
1347 1388 1618 1460 quidquid
1648 1388 1705 1442 in
1734 1388 1923 1459 aliqua
1951 1405 2037 1444 ce-

440 1477 751 1533 lebratione
778 1479 965 1532 divina
986 1477 1145 1532 nobis
1174 1477 1330 1548 quasi
1346 1477 1547 1548 pignus
1559 1477 2032 1541 salutistraditur,

438 1584 566 1621 cum
595 1584 684 1622 res
712 1574 871 1637 gesta
892 1565 919 1607 b
939 1566 1173 1621 visibilis
1186 1567 1349 1635 longe
1378 1566 1529 1620 aliud
1552 1566 1826 1620 invisibile
1842 1573 1862 1599 ο
1882 1567 2034 1621 intus

437 1662 722 1727 operatur,
756 1656 904 1727 quod
951 1661 1141 1710 sancte
1189 1655 1578 1726 accipiendum
1624 1656 1741 1710 sit:
1798 1656 1946 1711 unde
1978 1662 2036 1710 et

2120 494 2332 565 aliquid
2371 494 2672 550 efﬁcaciter
2718 496 2997 568 loquendo
3035 504 3336 570 operatur;
3390 500 3493 555 sed
3532 516 3726 556 sacrm-

2122 590 2311 639 mento
2355 584 2770 655 Scripturarum
2822 586 3028 641 eruditi
3059 586 3107 648 ιί,
3137 587 3408 643 divinitus
3445 588 3725 645 introrsus

2121 673 2422 743 pascimur,
2441 681 2499 727 et
2519 674 2665 745 pasti
2685 675 2753 728 ad
2780 676 3164 747 operationem
3182 677 3547 749 disciplinam
3568 679 3727 734 Chri-

2121 761 2192 815 sti
2224 762 2535 817 erudimur.
2579 763 2945 819 Sacramento
2984 782 3119 820 vero
3155 766 3468 822 nativitatis
3516 774 3575 821 et
3621 769 3726 823 hu-

2122 851 2449 905 manitatisl
2499 852 2641 922 ejus,
2674 856 2732 906 et
2773 870 2875 907 nos
2901 854 3236 909 redimimur
3273 855 3345 909 ad
3388 857 3641 923 veniam,
3673 864 3729 911 et

2122 940 2423 1011 Scripturae
2436 941 2769 1013 aperiuntur
2794 942 2865 996 ad
2893 942 3347 1014 intelligentiam,
3366 950 3429 1000 et
3447 946 3543 1000 via
3565 945 3728 1000 nobis

2120 1044 2221 1098 per
2239 1045 2368 1083 eum
2401 1036 2766 1095 monstratur,
2801 1036 2859 1084 et
2880 1036 3131 1102 potestas
3161 1033 3423 1104 largitur,
3447 1040 3517 1088 ut
3542 1035 3603 1089 in
3639 1035 3734 1089 ad-

2119 1118 2403 1189 optionem
2427 1118 2672 1173 ﬁliorum
2715 1136 2782 1173 ex
2811 1120 3084 1176 servitute
3126 1126 3512 1179 transeamus.
3554 1123 3731 1179 Porro

2117 1206 2381 1278 baptismi
2409 1214 2761 1263 sacramento
2796 1209 3043 1264 intrandi
3075 1211 3147 1265 ad
3177 1212 3438 1266 eamdem
3469 1211 3731 1284 adoptio-

2117 1310 2245 1348 nem
2283 1296 2489 1350 ostium
2528 1296 2884 1351 credentibus
2922 1299 3206 1369 panditur,
3242 1305 3308 1355 ut
3342 1300 3622 1373 deinceps
3666 1302 3723 1357 in

2117 1382 2383 1437 membris
2430 1384 2635 1439 Christi
2676 1402 2779 1456 per
2824 1387 3081 1441 eamdem
3124 1390 3548 1444 renascentiam
3582 1391 3726 1446 libe-

2117 1472 2225 1526 rati
2251 1488 2286 1526 a
2325 1474 2474 1527 malo
2502 1491 2675 1528 unum
2721 1492 2923 1548 corpus
2962 1478 3271 1532 efficiamur
3304 1497 3317 1533 :
3367 1479 3432 1534 in
3486 1497 3606 1551 quo
3650 1482 3732 1536 ni-

2116 1562 2322 1617 mirum
2349 1562 2628 1635 baptismo
2676 1570 2733 1619 et
2782 1566 3047 1638 deinceps
3092 1568 3333 1639 Spiritus
3379 1576 3622 1625 sanctus
3672 1572 3727 1625 in

2117 1651 2364 1706 animam
2393 1654 2737 1709 renascentis
2763 1655 3114 1721 diffunditur,
3132 1663 3194 1711 ut
3215 1657 3482 1713 universa
3513 1660 3727 1718 Christi

439 1724 790 1805 sacramenta
835 1745 1097 1800 dicuntur
1134 1751 1233 1801 aut
1260 1724 1556 1807 asecreto,
1606 1761 1671 1799 eo
1704 1745 1852 1817 quod
1881 1745 1939 1800 in
1971 1763 2031 1801 re
2052 1724 2097 1783 Β
2120 1741 2361 1796 Ecclesia
2390 1758 2502 1797 uno
2526 1743 2727 1814 spiritu
2754 1751 3016 1817 percepto
3045 1744 3371 1813 viviﬁcetur,
3419 1752 3478 1803 et
3519 1764 3727 1820 corpus

436 1834 641 1889 visibili
670 1835 931 1889 divinitas
956 1833 983 1875 ἀ
1013 1835 1165 1889 intus
1205 1834 1415 1905 aliquid
1443 1834 1594 1888 ultra
1638 1834 1907 1889 secretius
1956 1835 2036 1889 ef-

440 1924 557 1979 ficit
583 1940 684 1995 per
725 1924 966 1995 speciem
1007 1925 1387 1995 corporalem;
1420 1929 1518 1978 aut
1558 1941 1592 1977 a
1621 1924 2037 1981 consecratione

439 2012 1053 2084 sanctificationis,quia
1067 2012 1308 2084 Spiritus
1328 2018 1553 2067 sanctus
1587 2013 1890 2067 manensin
1912 2031 2036 2069 cor-

442 2120 579 2175 pore
608 2102 838 2167 Christi,
868 2103 1111 2156 latenter
1158 2102 1273 2157 haec
1319 2102 1509 2157 omnia
1555 2108 2033 2158 sacramentorum

439 2192 675 2263 mystica
695 2204 719 2234 ο
739 2190 841 2246 sub
872 2196 1197 2261 tegumenta
1226 2190 1529 2246 visibilium
1561 2208 1662 2263 pro
1692 2192 1873 2246 salute
1904 2193 2035 2248 iide-

440 2281 578 2335 lium
609 2286 894 2351 Operatur.
927 2279 1105 2350 Magis
1122 2280 1294 2351 igitur
1315 2280 1363 2333 vi
1385 2280 1574 2334 divina
1598 2297 1664 2334 ex
1690 2282 1794 2335 hoc
1814 2288 2032 2337 mentes

441 2369 789 2424 credentium
810 2368 881 2422 ad
903 2368 1463 2427 invisibiliainstruit.
1483 2386 1652 2440 quam
1674 2369 1720 2423 si
1740 2370 2033 2425 visibiliter

440 2474 508 2512 ea
534 2461 874 2511 monstraret
902 2473 1025 2527 quae
1053 2457 1291 2512 interius
1320 2464 1549 2529 praestat
1566 2458 1636 2512 ad
1667 2458 1924 2514 effectum
1948 2476 2033 2514 sa-

438 2544 573 2599 lutis
606 2562 617 2597 :
645 2547 743 2598 Pcr
769 2547 930 2611 ﬁdem
950 2548 1101 2599 enim
1113 2548 1467 2601 ambulamus
1498 2551 1545 2601 et
1568 2564 1679 2602 non
1697 2552 2031 2618 perspeciem

440 2634 517 2700 (11
548 2633 668 2688 eor.
694 2651 743 2699 ν,
780 2634 853 2695 7).

509 2720 561 2777 2.
597 2722 741 2777 Sunt
768 2727 957 2778 autem
1006 2723 1398 2778 sacramentaf
1434 2723 1643 2780 Christi
1682 2726 1741 2780 in
1787 2726 2031 2781 Ecclesia

438 2810 750 2883 baptismus
789 2818 847 2867 et
881 2813 1142 2878 chrisma,
1188 2829 1388 2884 corpus
1428 2829 1649 2884 quoque
1706 2814 1928 2869 Domini
1974 2822 2032 2869 et

438 2900 686 2972 sanguis,
710 2917 832 2972 qua:
851 2901 920 2955 ob
950 2902 1054 2956 hoc
1080 2907 1428 2956 sacramenta
1448 2908 1736 2962 vocantur,
1766 2903 1897 2973 quia
1925 2904 2031 2958 sub

438 3006 633 3045 eorum
661 2990 845 3063 specie
874 2989 1094 3059 visibili.
1121 3007 1243 3061 quae
1271 2990 1491 3045 videtur
1517 3002 1564 3056 ε,
1616 2991 1883 3046 secretius
1917 2992 2029 3046 vir-

440 3082 561 3133 tute
589 3079 779 3133 divina
806 3095 935 3133 caro
977 3084 1333 3134 consecratur
1360 3098 1373 3146 ;
1405 3086 1470 3133 ut
1495 3079 1600 3133 hoc
1642 3079 1757 3133 sint
1796 3080 2032 3137 interius

438 3168 496 3223 in
542 3168 795 3234 veritate,
829 3169 979 3240 quod
1011 3169 1256 3223 exterius
1302 3170 1610 3225 creduntur
1635 3170 1843 3226 virtute
1880 3173 2027 3227 fidei.

441 3258 649 3324 (Isieh.)
683 3256 781 3311 Est
805 3263 861 3311 et
895 3263 1308 3312 sacramentum
1328 3258 1492 3328 juris,
1517 3258 1574 3313 in
1614 3276 1723 3330 quo
1758 3265 1883 3331 post
1925 3262 2035 3317 ele-

439 3344 683 3400 ctionem
712 3345 955 3418 partium
983 3347 1140 3417 jurat
1176 3346 1561 3419 unusquisque
1577 3348 1725 3418 quod
1750 3364 1852 3402 suo
1868 3354 2030 3420 pacto

440 3431 468 3474 h
504 3434 848 3489 decreverit:
884 3435 1033 3489 unde
1073 3441 1130 3490 et
1170 3442 1584 3491 sacramentum
1631 3436 1837 3491 dicitur
1881 3438 2029 3508 quod

438 3524 710 3579 secretius
758 3524 897 3579 ﬁdes
943 3524 1235 3579 invisibilis
1272 3542 1373 3597 per
1414 3525 1888 3580 consecrationem
1942 3526 2030 3581 in-

442 3612 746 3667 vocationis
776 3613 896 3679 Dei,
949 3614 1033 3668 vel
1070 3613 1308 3684 alicujus
1354 3614 1498 3668 sacri
1549 3619 1828 3680 teneatur,
1860 3632 1925 3668 ex
1964 3631 2029 3668 eo

440 3702 588 3774 quod
618 3702 752 3756 foris
772 3702 892 3757 visu
922 3703 1009 3757 vel
1035 3703 1232 3757 auditu
1256 3720 1357 3756 vox
1378 3704 1623 3773 jurantis
1654 3704 1913 3758 sentitur.
1942 3703 2031 3757 Fit

437 3806 570 3860 ergo
603 3795 659 3844 et
688 3790 896 3846 Christi
925 3791 1205 3857 nativitas,
1237 3797 1405 3863 atque
1444 3792 1626 3846 omnis
1650 3792 1747 3846 illa
1771 3793 2031 3847 humani-

432 3877 567 3933 tatis
598 3879 941 3951 dispensatio
972 3898 1239 3951 magnum
1273 3881 1551 3952 quoddam
1582 3887 2023 3949 sacramentum,

434 3968 567 4040 quia
595 3967 653 4023 in
681 3969 906 4024 homine
934 3969 1137 4025 visibili
1167 3970 1355 4024 divina
1403 3972 1664 4041 majestas
1711 3971 1864 4025 intus
1897 3970 1909 4010 ί
1954 3971 2024 4025 ob

432 4058 909 4113 consecrationem
940 4066 1192 4113 nostram
1224 4076 1291 4114 ea
1328 4077 1450 4131 quae
1493 4061 1704 4115 fiebant
1754 4060 2025 4115 secretius

431 4151 708 4217 potestate
750 4164 853 4201 sua
904 4148 1256 4203 invisibiliter
1300 4149 1655 4220 operabatur.
1707 4149 1865 4204 Unde
1909 4166 2026 4222 my-

434 4234 668 4287 sterium
698 4236 782 4288 vel
811 4245 1244 4303 sacramentum,
1275 4238 1423 4308 quod
1464 4239 1611 4293 Deus
1641 4239 1807 4293 homo
1846 4239 2024 4293 factus

434 4327 537 4387 est,
565 4324 693 4394 jure
724 4323 953 4389 dicitur;
979 4326 1076 4379 sed
1102 4327 1436 4396 mysterium
1467 4327 1725 4382 Graecum
1752 4338 1766 4383 i
1798 4333 1902 4392 est,
1956 4344 2022 4381 eo

430 4413 580 4485 quod
609 4420 882 4468 secretam
922 4419 979 4469 et
1006 4414 1350 4469 reconditam
1382 4414 1586 4470 habeat
1611 4416 1669 4470 in
1699 4432 1759 4470 se
1787 4416 2025 4487 disposi-

430 4502 663 4559 tionem.
723 4504 822 4559 Est
850 4508 1041 4558 autem
1088 4509 1146 4559 et
1172 4509 1590 4559 sacramentum
1626 4503 1685 4558 in
1727 4504 2029 4576 Scripturis

500 4653 522 4719 ξ
555 4645 616 4719 ξι]
637 4646 824 4719 codice
854 4646 1157 4702 Laubiensi
1176 4663 1297 4719 cap.
1328 4646 1422 4701 VI.

503 4714 529 4754 ι)
548 4716 662 4787 γΜε.
697 4718 924 4787 Majoris
951 4724 1205 4786 Monast.,
1234 4714 1406 4787 pesta.

500 4796 525 4826 ο
546 4786 717 4851 Flor.,
742 4786 1121 4846 invisibiliter.

504 4854 531 4896 ἀ
559 4856 759 4920 Vatic.,
791 4860 988 4913 divina
1008 4865 1190 4916 virtus
1224 4862 1449 4931 aliquid
1477 4864 1633 4915 ultra
1664 4864 2020 4931 capacitatem

433 4933 681 4984 nostram
705 4932 960 4983 secretius
984 4934 1165 4999 efﬁcit.

501 5000 685 5068 9Tres
716 5014 874 5065 mss.,
905 5007 1190 5068 mysteria.

500 5065 522 5106 ¹
548 5071 626 5126 Ex
654 5075 867 5129 septem
917 5065 1283 5128 sacramentis
1311 5074 1420 5129 tria
1457 5079 1680 5129 tantum
1728 5078 2028 5129 enumerat

430 5143 537 5216 hoc
563 5143 681 5197 loco
707 5141 1065 5216 Paschasius,
1078 5145 1311 5215 exempli
1334 5146 1608 5201 duntaxat
1620 5162 1807 5200 causa.
1831 5146 2027 5216 Neque

432 5214 583 5269 enim
613 5230 679 5268 ex
726 5214 975 5286 professo
1013 5214 1104 5268 hic
1142 5214 1261 5286 agit
1286 5216 1357 5270 de
1386 5233 1620 5272 numero
1647 5214 2027 5272 sacramento-

431 5301 581 5371 rum‘
604 5286 701 5339 sed
730 5284 820 5340 ’ad
845 5284 1334 5371 institutum—satis
1363 5288 1418 5371 ei
1454 5295 1578 5344 erat
1612 5289 1815 5371 aliqua
1838 5305 2027 5371 sacra-

432 5359 625 5411 menta
649 5373 1139 5427 commemorasse,
1167 5363 1229 5413 ut
1255 5357 1346 5411 hic
1369 5358 1630 5415 observat
1674 5357 2025 5417 Sirmondus.

503 5438 533 5483 8
569 5426 736 5492 Editi,
772 5445 884 5496 qua
907 5426 1186 5484 videntur.

506 5496 627 5573 [In
646 5513 757 5553 uno
787 5500 976 5556 codice
1003 5500 1229 5573 legitur,
1257 5502 1401 5571 quod
1427 5517 1539 5555 suae
1560 5506 1739 5571 parti.

505 5569 779 5643 iMarrier.
811 5587 940 5630 cum
973 5569 1152 5630 tribus
1196 5569 1353 5642 mss.,
1386 5575 1541 5629 intus
1561 5569 2023 5630 ’obsecrationem.

2120 1832 2294 1885 unum
2315 1830 2617 1899 efficiatur;
2651 1832 2782 1903 quia
2800 1834 2946 1888 sicut
2969 1834 3160 1888 omnia
3190 1834 3447 1890 membra
3463 1838 3723 1909 corporis

2118 1918 2295 1973 nostri
2343 1936 2456 1974 una
2483 1921 2833 1976 viviﬁcantur
2872 1928 2929 1977 et
2964 1929 3241 1993 reguntur
3282 1924 3497 1990 anima,
3544 1933 3613 1981 ut
3664 1943 3729 1981 ex

2117 2024 2386 2079 compage
2417 2010 2797 2065 membrorum
2823 2028 2997 2066 unum
3018 2028 3221 2083 corpus
3251 2014 3389 2083 ﬁat;
3431 2014 3518 2069 ita
3547 2017 3724 2070 totius

2117 2097 2371 2151 Ecclesiae
2396 2098 2649 2152 membra
2681 2115 2795 2153 uno
2822 2105 3016 2153 sancto
3049 2107 3329 2171 reguntur
3355 2107 3415 2156 et
3444 2103 3731 2160 viviﬁcan-

2114 2190 2209 2238 tur
2238 2185 2466 2257 Spiritu,
2501 2191 2566 2241 ut
2593 2203 2767 2242 unum
2793 2204 2995 2260 corpus
3025 2188 3232 2244 Christi
3264 2189 3537 2246 efﬁciant.
3583 2194 3725 2260 Quia

2113 2276 2164 2328 si
2185 2278 2309 2343 quis
2333 2279 2599 2344 spiritum
2630 2276 2841 2332 Christi
2868 2294 2981 2333 non
3007 2278 3183 2344 habet,
3214 2280 3305 2335 hic
3338 2296 3455 2335 non
3482 2286 3567 2336 est
3604 2285 3725 2352 ejus

2112 2362 2284 2430 (Rom.
2318 2376 2441 2423 vni.
2473 2363 2549 2429 9).

2186 2448 2237 2508 3.
2269 2451 2448 2506 Nemo
2473 2456 2514 2485 ω
2542 2451 2717 2523 igitur
2743 2452 2965 2509 dubitat
2999 2454 3149 2527 quod
3186 2457 3586 2529 unusquisque
3627 2475 3729 2514 no-

2113 2545 2293 2594 strum
2331 2546 2494 2595 utero
2533 2542 2729 2596 matris
2776 2542 2960 2598 adhuc
3007 2540 3230 2600 clausus
3272 2546 3536 2619 accipiat,
3587 2548 3725 2604 licet

2112 2630 2345 2695 occulte,
2381 2630 2649 2697 animam,
2672 2637 2737 2687 ut
2755 2632 2829 2686 sit
2851 2632 3019 2688 homo
3044 2633 3103 2688 in
3130 2634 3383 2690 animam
3412 2636 3720 2705 viventem;

2111 2718 2193 2773 ita
2221 2719 2506 2774 interdum
2536 2726 2601 2775 ut
2641 2726 2826 2776 mater
2850 2722 3082 2788 nesciat,
3124 2724 3350 2795 quando
3377 2742 3483 2797 per
3505 2744 3636 2782 eam
3666 2728 3726 2784 in

2111 2806 2207 2861 illo
2261 2808 2589 2880 priusquam
2638 2815 2803 2865 exeat
2847 2810 2961 2866 vita
3006 2812 3378 2883 ingrediatur.
3425 2815 3519 2870 Sic
3549 2816 3721 2887 plane

2113 2912 2278 2951 nemo
2298 2897 2556 2953 dubitare
2583 2898 2767 2966 debet,
2796 2900 2945 2970 quod
2959 2900 3015 2955 in
3037 2902 3228 2956 alveo‘I
3246 2901 3513 2975 baptismi
3536 2905 3722 2976 prius-

2114 3002 2284 3058 quam
2333 2987 2516 3041 infans
2564 3004 2597 3041 a
2642 2989 2796 3043 fonte
2844 2995 3058 3059 surgat,
3093 2989 3344 3062 Spiritus
3386 3002 3621 3049 sanctus
3662 2995 3723 3050 in

2115 3092 2243 3130 eum
2298 3075 2395 3147 qui
2444 3077 2757 3132 renascitur
2786 3078 3064 3145 adveniat,
3115 3079 3220 3134 etsi
3274 3096 3389 3136 non
3436 3082 3722 3151 videatur,

2115 3165 2248 3235 quia
2271 3181 2383 3219 non
2414 3165 2600 3220 minus
2633 3171 2717 3220 est
2738 3166 2928 3220 divina
2954 3168 3135 3223 virtus
3154 3169 3387 3241 provida
3413 3176 3475 3225 et
3493 3178 3727 3243 presta-

2115 3254 2241 3309 bilis
2285 3254 2356 3308 ad
2396 3256 2878 3325 regenerationem
2934 3273 3110 3312 sacrae
3166 3259 3507 3331 adOptiouis,
3551 3280 3724 3334 quam

2113 3344 2220 3398 fuit
2249 3344 2405 3415 prius
2443 3344 2501 3397 in
2548 3344 2839 3399 nativitate
2888 3346 3091 3414 carnis,
3139 3352 3205 3402 ut
3240 3349 3554 3406 viviﬁcaret
3598 3357 3725 3407 sata

2112 3431 2355 3487 hominis
2408 3432 2679 3500 membra,
2728 3433 2860 3488 licet
2903 3439 3172 3508 concepta
3210 3436 3325 3492 sint
3378 3437 3440 3492 in
3490 3439 3723 3500 delicto.

2112 3521 2237 3585 Qua
2281 3521 2351 3575 de
2390 3538 2451 3575 rc
2495 3523 2560 3575 ﬁt
2599 3534 2624 3560 ο
2662 3538 2776 3577 non
2814 3522 3048 3579 dubium
3092 3524 3254 3579 nobis
3283 3534 3716 3597 argumentum,

2113 3611 2258 3682 quod
2292 3611 2440 3665 Deus
2470 3616 2752 3666 scrutator
2778 3612 3030 3667 omnium
3047 3619 3104 3669 et
3123 3614 3476 3686 praestabilis,
3496 3634 3725 3691 semper

2112 3701 2359 3771 proﬁcua
2386 3708 2412 3745 P
2438 3701 2727 3772 dispenset
2749 3703 2953 3772 gratia,
2996 3719 3067 3758 ne
3106 3704 3256 3774 quod
3294 3704 3583 3777 disposuit
3609 3708 3720 3762 im-

2110 3794 2379 3844 mutetur.
2413 3789 2471 3844 Si
2508 3790 2657 3845 inter
2685 3796 2922 3862 paterna
2948 3792 3232 3847 interdum
3261 3799 3463 3865 stupra
3513 3800 3575 3851 et
3605 3813 3722 3851 ma-

2110 3878 2256 3933 terni
2286 3878 2538 3932 criminis
2567 3879 2781 3951 ﬂagitia
2810 3896 2877 3935 ex
2910 3880 3142 3936 libidine
3171 3886 3314 3949 sata,
3348 3883 3599 3940 viviﬁcat
3627 3886 3721 3941 ho-

2110 3967 2279 4022 minis
2327 3968 2601 4034 membra,
2622 3970 2846 4041 quando
2876 3970 3055 4041 magis
3083 3970 3292 4043 ubique
3315 3988 3569 4043 praesens
3598 3975 3718 4047 Spi-

2110 4056 2251 4111 ritus
2279 4062 2525 4123 sanctus,
2568 4058 2700 4129 quia
2747 4060 2925 4130 replet
2963 4058 3158 4114 orbem
3194 4066 3503 4127 terrarum,
3538 4064 3706 4119 offert

2107 4151 2170 4201 ut
2198 4145 2457 4201 omnibus
2500 4163 2599 4218 per
2641 4148 2807 4202 ﬁdem
2840 4149 3264 4205 renascentibus
3309 4167 3369 4205 se
3408 4159 3709 4225 promptus

2106 4235 2345 4306 ingerat,
2377 4240 2655 4305 quatenus
2683 4254 2784 4308 per
2830 4253 2958 4293 eum
2991 4238 3243 4294 membra
3278 4240 3492 4296 Christi
3531 4258 3707 4298 unum

2107 4324 2371 4390 sentiant,
2405 4330 2462 4379 et
2490 4341 2554 4378 ex
2585 4325 2843 4381 omnibus
2867 4343 3041 4382 unum
3065 4329 3166 4383 ﬂat
3193 4344 3413 4400 corpus.

2179 4413 2210 4467 li
2265 4414 2541 4468 Caeterum
2594 4421 2945 4471 sacramento
2994 4418 3245 4489 corporis
3300 4422 3359 4473 et
3412 4420 3711 4492 sanguinis

2108 4502 2463 4558 tantumdem
2492 4503 2777 4575 pascimur
2799 4505 2860 4560 in
2886 4504 2975 4560 via
3003 4511 3060 4561 et
3085 4513 3371 4578 potamus,
3418 4515 3489 4564 ut
3529 4526 3598 4565 ex
3642 4527 3709 4566 eo

2178 4654 2193 4700 1
2218 4645 2305 4699 Ita
2329 4662 2523 4700 omnes
2542 4662 2684 4717 pene
2712 4663 2846 4701 mss.
2874 4649 3123 4704 melioris
3167 4653 3332 4706 note.
3369 4650 3709 4709 Sirmondus

2110 4732 2238 4790 cum
2269 4717 2513 4790 quodam
2538 4734 2643 4773 ms.
2670 4719 2939 4790 expungit
2960 4721 3207 4776 Graecum
3238 4726 3334 4775 est.
3365 4720 3560 4777 Codex
3578 4740 3709 4778 vero

2103 4785 2320 4841 Laubf:
2355 4789 2599 4862 Graecum
2630 4785 2992 4862 esu—ideoque
3014 4792 3245 4858 dicitur,
3279 4808 3336 4847 eo
3364 4796 3513 4862 quod
3536 4811 3710 4850 secre-

2108 4860 2663 4932 tametureconditam
2689 4861 2883 4915 habeat
2922 4865 2987 4916 in
3011 4878 3066 4916 se
3093 4860 3582 4932 dispensationem.

2177 4941 2204 4978 k
2231 4928 2377 5053 ggiti
2405 4946 2537 4985 cum
2575 4931 2769 5002 paucis
2806 4947 2941 4999 mss,
2972 4928 3295 5003 erudiendo,
3328 4941 3387 4991 et
3437 4935 3592 4991 infra
3611 4952 3710 5007 pa»

2177 5015 2227 5053 ιη
2305 5039 2317 5053 .

2107 5015 2317 5055 δοεηαο.

2175 5069 2189 5105 ι
2224 5070 2394 5144 Bion,
2425 5076 2473 5125 et
2500 5071 2841 5129 humilitatis
2869 5078 3005 5144 ejus.

2181 5150 2219 5177 ω
2245 5142 2335 5214 ita
2362 5158 2556 5197 omnes
2577 5160 2719 5214 pene
2744 5142 3073 5210 msstditi,
3093 5149 3235 5202 sicut
3265 5164 3445 5205 nemo.

2179 5216 2203 5289 ξ’
2232 5213 2396 5289 liunc
2425 5213 2607 5289 locum
2636 5216 2989 5289 restituimus
3018 5234 3124 5289 ope
3148 5219 3352 5275 codicis
3383 5219 3538 5275 Flor.
3558 5221 3704 5277 Nam

2110 5281 2334 5359 editi‘et
2365 5301 2500 5359 mss.
2532 5286 2721 5359 plures
2748 5288 2945 5359 legunt
2964 5281 3107 5343 alvo.

2180 5366 2203 5393 ο
2249 5354 2629 5435 lta__melio‘r_'is_
2659 5354 2831 5435 notae'
2848 5376 2983 5415 mss.
3027 5359 3307 5418 Sirmond.
3333 5378 3466 5418 cum
3508 5363 3707 5435 paucis

2108 5442 2268 5487 mss.,
2298 5429 2368 5482 sit
2397 5445 2508 5483 non
2531 5430 2783 5485 dubium.

2179 5506 2205 5545 Ρ
2224 5497 2392 5554 Mam.
2427 5498 2597 5556 Ulim.
2630 5506 2688 5557 et
2716 5501 2907 5572 Sirm.,
2936 5506 3243 5574 pro/leuam
3271 5506 3543 5574 dispenset
3580 5521 3709 5575 gra-

2111 5571 2269 5625 tiam.
