3992 6166
287 273 434 334 1277

1178 277 1315 333 LIB.
1357 277 1451 334 DE
1488 277 1823 334 CORPORE
1861 278 1951 333 ET
1988 277 2359 333 SANGUINE
2396 276 2683 332 DOMINI.

3428 282 3448 341 1
3459 282 3564 342 278

288 402 492 458 nutriti
531 402 590 457 in
634 401 857 457 Christo
903 418 1081 456 unum
1112 402 1441 471 efﬁciamur,
1474 421 1584 476 quo
1613 405 1883 460 nimirum
1903 402 2285 466 Asubstantia
2312 402 2475 473 panis
2521 415 2586 455 ac
2624 400 2740 455 vini
2768 401 3002 472 mystice
3028 401 3180 458 idem
3209 405 3417 462 Christi
3445 424 3567 463 cor-

288 492 535 562 vegetati
549 495 720 562 gustu
731 491 801 545 ad
813 491 1156 546 immortalia
1167 499 1225 546 et
1234 498 1443 547 interna
1454 502 1882 565 praeparamur',

289 586 573 651 quatenus
600 579 929 651 spiritaliter
965 581 1085 649 jam
1127 581 1380 650 angelica
1413 582 1599 651 gratia
1645 584 1886 654 saginati

286 669 348 723 in
377 662 442 723 eo
475 669 831 723 viviﬁcemur.
862 670 1143 740 Operatur
1169 676 1358 725 autem
1380 671 1541 725 nobis
1567 671 1625 725 in
1647 672 1734 726 his
1763 690 1885 727 om-

287 758 457 812 nibus
488 757 857 812 sacramentis
894 758 1136 829 Spiritus
1161 758 1382 814 divinus
1414 779 1425 813 :
1463 761 1521 815 Si
1552 762 1783 832 quidem
1826 762 1887 816 in

289 846 598 919 Scripturis
629 847 837 901 sanctis
864 847 1033 901 corda
1062 849 1533 915 nostraillustrat,
1557 853 1693 919 quia
1718 868 1888 921 neque

286 939 390 1005 qui
402 940 646 1004 plantat,
662 953 831 1006 neque
850 940 949 1006 qui
969 940 1120 1005 rigat
1140 944 1213 992 est
1229 941 1572 1007 aliquid,sed
1592 943 1691 1009 qui
1710 943 1888 994 incre-

287 1031 540 1079 mentum
571 1027 684 1091 dat,
717 1027 857 1079 Deus
886 1027 939 1092 (Ι
967 1025 1087 1080 Cor.
1107 1041 1187 1089 III,
1215 1025 1287 1097 7).
1312 1028 1454 1082 Hinc
1479 1045 1615 1083 sane
1637 1030 1887 1085 Ezechiel

286 1113 401 1167 ait:
431 1115 577 1181 Quia
604 1116 838 1183 spiritus
868 1117 989 1168 vita:
1009 1121 1129 1169 erat
1149 1119 1212 1169 in
1235 1120 1370 1170 rotis
1395 1118 1599 1183 (Ezech.
1623 1132 1661 1184 ι,
1686 1118 1795 1187 21).
1821 1120 1890 1174 Et

284 1202 532 1256 Joannes
558 1221 571 1255 :
606 1203 713 1270 Qui
739 1203 915 1269 habet,
946 1203 1148 1275 inquit,
1174 1219 1341 1259 aures
1378 1207 1649 1261 audiendi
1667 1210 1885 1273 audiat,

284 1292 424 1360 quid
453 1290 703 1360 Spiritus
728 1293 876 1346 dicat
905 1295 1138 1347 ecclesiis
1156 1296 1331 1363 (Apoc.
1358 1310 1417 1359 ιι,
1435 1297 1506 1363 7).
1534 1297 1811 1351 Caeterum
1829 1297 1887 1351 in

289 1379 514 1434 Christo
545 1379 694 1434 idem
738 1388 1071 1453 c00peratur
1112 1382 1374 1454 Spiritus,
1418 1385 1549 1456 quia
1587 1392 1888 1458 conceptus

288 1466 545 1521 creditur
581 1467 651 1521 de
677 1466 797 1539 ipso
829 1473 886 1522 et
914 1468 1092 1523 Maria
1120 1486 1343 1541 semper
1370 1471 1397 1510 ι)
1424 1471 1673 1543 Virgine.
1708 1473 1888 1528 Simili

292 1571 516 1627 quoque
539 1556 704 1610 modo
725 1562 783 1611 et
801 1556 859 1611 in
886 1556 1165 1629 baptismo
1198 1576 1297 1630 per
1323 1576 1526 1631 aquam
1558 1578 1625 1615 ex
1652 1562 1748 1617 illo
1765 1579 1887 1617 om-

1968 508 2073 562 pus
2102 498 2158 546 et
2182 491 2412 562 sanguis
2442 496 2834 555 consecretur;
2877 490 2946 544 de
2976 508 3087 561 qua
3115 493 3373 550 videlicet
3397 513 3565 552 carne

1968 597 2032 635 ac
2060 581 2332 651 sanguine
2362 598 2373 632 :
2406 582 2601 645 Amen,
2644 596 2830 645 amen,
2876 581 3077 650 inquit,
3108 584 3227 637 dico
3254 587 3418 649 vobis,
3452 588 3568 640 nisi

1968 672 2437 723 manducaveritis
2460 685 2684 723 carnem
2711 671 2820 735 filii
2844 669 3086 723 hominis
3109 676 3159 723 et
3180 673 3425 727 biberitis
3448 676 3566 741 ejus

1966 761 2317 827 sanguinem,
2362 774 2473 812 non
2506 759 2769 811 habebitis
2810 760 2984 811 vitam
3019 764 3282 813 sternam
3320 764 3381 815 in
3421 764 3568 818 vobis

1970 848 2150 913 (lbid.,
2185 846 2296 917 54).
2331 847 2437 902 Ubi
2464 846 2712 918 profecto
2753 862 2867 900 non
2918 846 3109 911 aliam,
3159 865 3329 919 quam
3376 868 3566 906 veram

1968 952 2194 991 carnem
2225 936 2362 990 dicit
2407 941 2465 990 et
2510 952 2703 990 verum
2741 936 3092 1005 sanguinem,
3126 937 3257 991 licet
3292 940 3564 1010 mystice;

1969 1025 2120 1079 unde
2144 1025 2274 1096 quia
2298 1025 2599 1096 mysticum
2620 1031 2706 1078 est
2723 1030 3161 1085 sacramentum,
3193 1043 3294 1082 nec
3324 1029 3563 1098 ﬁguram

1970 1114 2107 1168 illud
2135 1131 2342 1185 negare
2373 1130 2705 1185 possumus;
2748 1114 2846 1167 sed
2890 1113 2938 1167 si
2966 1114 3148 1183 ﬁgura
3175 1121 3280 1179 est,
3310 1133 3567 1187 quaeren-

1970 1204 2105 1259 dum
2137 1204 2415 1275 quomodo
2450 1204 2653 1257 veritas
2682 1219 2803 1256 esse
2840 1204 3032 1273 possit.
3067 1204 3263 1259 Omnis
3308 1206 3455 1260 enim
3505 1208 3568 1261 ﬁ-

1967 1310 2110 1364 gura
2131 1293 2368 1362 alicujus
2390 1292 2471 1345 rei
2501 1292 2682 1361 ﬁgura
2719 1296 2823 1353 est,
2861 1296 2917 1345 et
2940 1308 3163 1362 semper
3190 1294 3262 1347 ad
3283 1294 3444 1348 eamf
3473 1311 3564 1349 re-

1969 1381 2166 1443 fertur.
2199 1386 2265 1435 ut
2285 1381 2360 1434 sit
2380 1397 2469 1433 res
2495 1396 2645 1445 vera,
2665 1381 2824 1450 cujus
2855 1381 3038 1450 ﬁgura
3055 1386 3159 1439 est.
3184 1383 3328 1437 Nam
3357 1386 3565 1454 ﬁguras

1970 1471 2187 1525 Veteris
2214 1469 2559 1524 Testamenti
2588 1468 2819 1522 umbras
2848 1468 3038 1534 fuisse,
3063 1487 3228 1525 nemo
3257 1471 3351 1542 qui
3381 1489 3568 1529 sacras

1970 1559 2188 1613 litteras
2248 1558 2405 1628 legit,
2454 1557 2734 1627 ambigit:
2778 1557 2883 1610 hoc
2920 1574 3050 1612 vero
3096 1561 3427 1630 mysterium
3471 1568 3571 1617 aut

289 1659 390 1698 nes
420 1660 841 1716 regeneramur,
875 1645 1076 1702 deinde
1102 1647 1309 1703 virtute
1335 1649 1512 1721 ipsius
1543 1649 1751 1706 Christi
1772 1668 1889 1706 cor-
1969 1649 2175 1703 veritas
2203 1653 2308 1713 est,
2342 1652 2442 1701 aut
2468 1648 2667 1717 ﬁgura,
2698 1651 2755 1700 et
2800 1662 2901 1717 per
2946 1647 3049 1701 hoc
3077 1647 3281 1702 umbra
3308 1654 3419 1706 est.
3458 1652 3573 1704 Aut

290 1749 426 1805 pore
454 1733 703 1805 quotidie
732 1734 1016 1806 pascimur
1035 1740 1090 1791 et
1117 1743 1383 1808 potamur
1408 1740 1701 1811 sanguine.
1726 1742 1885 1797 Unde
1906 1727 1952 1787 Β
1968 1743 2118 1793 certe
2139 1737 2501 1809 quaerendum
2512 1736 2617 1789 hoc
2633 1739 2810 1789 totum
2833 1739 3026 1798 utrum
3045 1737 3251 1791 veritas
3271 1737 3379 1791 dici
3399 1744 3574 1808 queat

288 1826 308 1851 ⁸
336 1838 441 1876 nec
479 1821 688 1878 mirum
731 1823 972 1895 Spiritus
1007 1826 1103 1896 qui
1141 1827 1426 1882 hominem
1485 1829 1772 1885 Christum
1828 1831 1886 1887 in
1969 1828 2090 1882 sine
2118 1826 2379 1881 falsitatis
2408 1824 2627 1888 umbra,
2661 1824 2916 1895 quamvis
2946 1825 3276 1896 mysterium
3309 1827 3570 1896 hujusce-

292 1915 455 1966 utero
514 1911 746 1984 virginis
798 1913 918 1968 sine
975 1914 1187 1970 semine
1235 1918 1462 1984 creavit,
1508 1919 1730 1974 etiamsi
1767 1921 1887 1993 ipse
1969 1916 2120 1970 modi
2150 1931 2238 1969 res
2267 1912 2539 1985 appellari
2568 1912 2787 1976 debeat,
2815 1913 2913 1967 sed
2944 1914 3182 1983 ﬁguram
3210 1914 3430 1968 videtur
3447 1933 3570 1970 esse

290 1999 454 2072 panis
483 2017 549 2055 ac
576 2001 691 2056 vini
721 2001 1040 2057 substantia
1064 2020 1290 2059 carnem
1333 2006 1540 2061 Christi
1575 2013 1633 2062 et
1661 2011 1889 2080 sangui-

292 2105 423 2144 nem
453 2089 715 2145 invisibili
745 2091 995 2163 potentia
1024 2093 1272 2163 quotidie
1303 2111 1404 2165 per
1433 2099 1772 2152 sacramenti
1800 2100 1888 2153 sui

291 2179 794 2235 sanctiﬁcationem
840 2187 1126 2253 operatur,
1187 2185 1441 2255 quamvis
1487 2202 1589 2240 nec
1628 2187 1748 2241 visu
1791 2204 1887 2242 ex-

290 2268 472 2323 terius
500 2284 602 2323 nec
626 2274 798 2341 gustu
824 2271 1041 2343 saporis
1066 2274 1593 2344 comprehendatur.
1626 2277 1735 2332 Sed
1758 2277 1889 2349 quia

291 2357 611 2429 spiritualia
639 2364 789 2426 sunt,
822 2359 933 2415 ﬁde
959 2351 1017 2416 et
1040 2361 1329 2417 intellectu
1372 2381 1473 2436 pro
1521 2370 1694 2434 certo,
1743 2366 1890 2423 sicut

289 2445 516 2502 Veritas
534 2448 807 2519 praedixit,
823 2449 1148 2521 plenissime
1175 2458 1494 2509 sumuntur.

883 2575 1117 2632 CAPUT
1145 2577 1227 2632 IV
1251 2576 1295 2631 ἀ.

294 2681 496 2735 Utrum
517 2680 618 2734 sub
635 2682 819 2748 ﬁgura
831 2697 915 2756 an
932 2684 997 2737 in
1014 2687 1243 2739 veritate
1265 2686 1362 2741 hoc
1382 2690 1679 2756 mysticum
1701 2690 1891 2744 calicis

807 2755 907 2821 ﬁat
935 2762 1371 2811 sacramentum.

364 2876 391 2931 1
408 2922 422 2936 ,
459 2875 621 2940 Quod
649 2876 707 2931 in
738 2878 971 2934 veritate
994 2896 1196 2953 corpus
1224 2886 1282 2936 et
1306 2883 1535 2955 sanguis
1562 2885 1662 2940 ﬁat
1696 2902 1891 2942 conse-

1970 2005 2104 2059 dum
2122 2002 2422 2074 frangitur,
2448 2002 2583 2056 dum
2615 2000 2673 2055 in
2695 2000 2879 2072 specie
2905 2001 3104 2056 visibili
3120 2003 3273 2056 aliud
3303 2003 3570 2073 intelligi-

1967 2099 2080 2160 tur,
2098 2109 2268 2165 quam
2284 2090 2432 2163 quod
2448 2090 2568 2145 visu
2584 2090 2769 2144 carnis
2790 2095 2847 2144 et
2853 2096 3025 2165 gustu
3038 2091 3298 2156 sentitur,
3316 2092 3566 2163 dumque

1970 2182 2201 2253 sanguis
2222 2181 2281 2235 in
2302 2181 2471 2235 calice
2492 2179 2662 2234 simul
2685 2195 2813 2234 cum
2840 2196 2989 2251 aqua
3013 2180 3295 2235 miscetur.
3316 2180 3489 2235 Porro
3507 2182 3571 2235 il-

1970 2271 2066 2327 lud
2075 2271 2204 2326 ﬁdei
2226 2273 2640 2326 sacramentum
2651 2269 2783 2339 jure
2793 2268 2999 2323 veritas
3012 2271 3346 2341 appellatur;
3364 2270 3569 2325 veritas

1970 2378 2103 2432 ergo
2123 2361 2256 2416 dum
2270 2376 2472 2431 corpus
2484 2357 2694 2414 Christi
2711 2361 2768 2412 et
2782 2358 3011 2429 sanguis
3031 2358 3236 2413 virtute
3256 2359 3490 2431 spiritus
3509 2359 3570 2415 in

1969 2451 2137 2506 verbo
2162 2451 2340 2522 ipsius
2369 2467 2434 2504 ex
2459 2449 2621 2521 panis
2666 2447 2891 2519 vinique
2935 2449 3251 2504 substantia
3288 2451 3566 2520 efﬁcitur;

1972 2542 2153 2612 ﬁgura
2176 2556 2330 2610 vero,
2364 2540 2497 2593 dum
2527 2550 2557 2592 ε
2585 2538 2893 2601 sacerdote,
2934 2538 3092 2609 quasi
3132 2539 3286 2594 aliud
3325 2541 3570 2596 exterius

1970 2634 2221 2703 gerente,
2250 2629 2320 2683 ob
2348 2628 2791 2683 recordationem
2822 2643 2994 2682 sacrae
3021 2628 3297 2699 passionis
3317 2629 3388 2683 ad
3409 2645 3569 2684 aram

1974 2720 2122 2791 quod
2148 2719 2324 2774 semel
2349 2723 2574 2789 gestum
2603 2722 2690 2772 est
2714 2716 2963 2788 quotidie
3000 2733 3180 2787 agnus
3217 2717 3565 2774 immolatur.

2043 2808 2095 2865 2.
2128 2809 2238 2863 Sed
2267 2808 2314 2862 si
2344 2807 2619 2862 veraciter
2636 2806 2982 2878 inspicimus,
3009 2807 3138 2877 jure
3166 2807 3336 2861 simul
3362 2808 3575 2878 veritas.

1976 2902 2033 2952 et
2061 2898 2244 2969 ﬁgura
2272 2896 2478 2951 dicitur
2510 2914 2521 2949 :
2559 2901 2625 2950 ut
2658 2896 2733 2950 sit
2759 2896 2942 2965 ﬁgura
2977 2895 3063 2949 vel
3093 2895 3382 2950 character
3421 2896 3567 2951 veri-

288 2964 543 3021 cratione
588 2966 860 3039 mysterii,
909 2984 1075 3024 nemo
1117 2970 1214 3042 qui
1254 2971 1435 3027 verbis
1480 2973 1683 3029 divinis
1717 2974 1895 3029 credit
1915 2964 2131 3071 atatis:
2172 2986 2321 3057 quod
2360 2985 2604 3040 exterius
2651 2964 2925 3051 εθηιίίωος
2969 2983 3174 3038 veritas
3211 3000 3361 3050 vero,
3403 2984 3568 3056 quid-

289 3053 546 3123 dubitat;
587 3056 736 3111 unde
769 3056 991 3112 Veritas
1017 3058 1100 3113 ait
1125 3077 1137 3112 :
1172 3059 1312 3115 Caro
1340 3064 1491 3116 enim
1523 3078 1642 3116 mea
1671 3079 1793 3118 vere
1815 3069 1891 3117 est

287 3144 463 3211 cibus,
494 3147 545 3197 et
572 3147 802 3213 sanguis
846 3161 998 3200 meus
1018 3161 1139 3200 vere
1166 3153 1238 3201 est
1274 3153 1433 3217 potus
1466 3151 1644 3219 (Joan.
1667 3164 1741 3216 VI,
1776 3147 1883 3219 56).

289 3232 364 3287 Et
390 3237 456 3287 ut
482 3232 773 3306 discipulis
816 3250 930 3290 non
975 3241 1127 3291 recte
1156 3236 1599 3309 intelligentibus
1624 3239 1885 3295 claresce-

287 3326 382 3377 ret
420 3321 491 3376 de
527 3339 639 3395 qua
682 3323 904 3379 dicebat
949 3341 1136 3390 carne,
1182 3327 1269 3381 vel
1319 3327 1389 3382 de
1431 3345 1542 3399 quo
1589 3330 1882 3400 sanguine,

288 3411 665 3467 manifestans
714 3412 1008 3469 insinuat:
1053 3416 1161 3483 Qui
1201 3418 1502 3471 manducat
1550 3434 1730 3472 meam
1768 3434 1887 3474 car-

289 3516 440 3567 nem,
464 3501 669 3573 inquit,
701 3506 749 3556 et
771 3504 904 3556 bibit
926 3520 1109 3558 meum
1137 3508 1488 3573 sanguinem,
1513 3508 1577 3560 in
1596 3522 1680 3561 me
1702 3513 1887 3562 manet

288 3594 342 3643 et
370 3605 461 3658 ego
482 3592 547 3645 in
573 3593 674 3645 illo
702 3593 887 3659 (Ibid.,
923 3590 1036 3664 57).
1079 3594 1223 3665 Ergo
1266 3594 1314 3649 si
1340 3611 1468 3649 vere
1498 3601 1583 3650 est
1612 3595 1787 3664 cibus,
1831 3602 1890 3652 et

289 3694 425 3733 vera
472 3695 639 3747 caro;
689 3684 746 3735 et
790 3682 837 3736 si
877 3698 1006 3737 vere
1046 3688 1133 3737 est
1174 3690 1360 3755 potus,
1410 3685 1603 3756 utique
1642 3691 1700 3740 et
1726 3703 1890 3743 verus

289 3768 523 3839 sanguis
548 3786 561 3836 ;
593 3769 844 3841 alioquin
874 3772 1152 3842 quomodo
1180 3789 1372 3827 verum
1405 3774 1516 3828 erit
1543 3774 1691 3847 quod
1713 3776 1847 3831 dicit
1873 3794 1887 3829 :

290 3860 462 3913 Panis
492 3875 653 3928 quem
688 3875 779 3927 ego
826 3862 982 3927 dabo,
1012 3877 1140 3916 caro
1166 3879 1286 3917 mea
1316 3868 1391 3918 est
1416 3879 1518 3933 pro
1545 3867 1748 3919 mundi
1775 3868 1890 3920 vita

293 3945 476 4015 (Ibid,
534 3944 662 4017 42);
727 3947 835 4002 nisi
880 3965 1011 4004 vera
1059 3950 1133 4004 sit
1175 3952 1347 4005 caro?
1392 3951 1586 4023 utique
1635 3957 1693 4006 et
1723 3956 1889 4023 panis

289 4038 395 4105 qui
429 4036 494 4090 de
546 4038 674 4092 creto
719 4039 991 4093 descendit
1040 4041 1221 4106 (Ibid,
1270 4038 1382 4109 51),
1424 4057 1588 4096 verus
1635 4040 1799 4113 panis
1828 4041 1889 4096 0?

290 4125 393 4179 sed
409 4124 543 4196 quia
562 4125 849 4182 Christum
863 4127 1049 4182 vorari
1063 4128 1149 4183 fas
1164 4127 1427 4183 dentibus
1452 4144 1565 4184 non
1586 4133 1691 4196 est,
1714 4130 1887 4185 voluit

292 4214 355 4269 in
373 4215 642 4287 mysterio
662 4215 809 4271 hunc
829 4233 1030 4289 panem
1052 4223 1109 4272 et
1128 4218 1319 4274 vinum
1333 4235 1463 4274 vere
1481 4236 1710 4275 carnem
1730 4237 1891 4277 suam

1974 3076 2111 3147 quid
2167 3076 2236 3130 de
2282 3076 2388 3130 hoc
2436 3073 2708 3145 mysterio
2758 3073 2997 3128 interius
3035 3079 3186 3128 recte
3234 3074 3569 3145 intelligitur

1973 3170 2074 3221 aut
2128 3165 2394 3220 creditur.
2435 3165 2563 3218 Non
2610 3163 2761 3218 enim
2805 3163 2990 3217 omnis
3032 3163 3215 3233 ﬁgura
3250 3163 3455 3217 umbra
3483 3163 3571 3217 vel

1971 3254 2186 3308 falsitas
2206 3253 2269 3320 h;
2311 3253 2461 3308 unde
2487 3253 2695 3307 Paulus
2732 3253 2801 3306 de
2830 3252 2996 3306 unico
3025 3252 3127 3306 Dei
3155 3251 3295 3307 Filio
3339 3252 3410 3307 ad
3452 3253 3571 3307 He-

1969 3341 2146 3398 brmos
2176 3343 2411 3413 loquens
2436 3340 2516 3395 ait
2547 3359 2558 3394 :
2594 3343 2702 3408 Qui
2739 3356 2867 3395 cum
2898 3343 2971 3393 sit
2998 3342 3257 3409 splendor
3282 3344 3492 3409 gloriae,
3519 3346 3571 3396 et

1968 3434 2150 3501 ﬁgura
2179 3433 2499 3485 substantia:
2516 3433 2652 3499 ejus,
2680 3433 3015 3498 portamque
3044 3431 3235 3482 omnia
3273 3432 3431 3485 verba
3451 3432 3571 3484 vir-
3611 3491 3615 3494 ,

1971 3523 2105 3576 tutis
2127 3535 2255 3586 suae,
2279 3521 2673 3588 purgationem
2693 3521 3039 3586 peccatorum
3068 3518 3278 3583 faciem
3298 3521 3329 3573 ί.
3355 3518 3569 3583 Quibus

1970 3610 2216 3682 profecto
2234 3607 2419 3662 verbis
2436 3607 2578 3662 duas
2599 3606 2658 3660 in
2679 3605 2899 3661 Christo
2926 3605 3270 3660 substantias
3295 3607 3561 3672 declarat,

1971 3703 2029 3754 et
2046 3702 2314 3768 utrasque
2342 3711 2522 3752 veras.
2551 3696 2696 3749 Nam
2724 3710 2851 3748 cum
2879 3693 3031 3757 dicit,
3048 3697 3146 3762 qui
3155 3711 3281 3748 cum
3301 3699 3370 3749 sit
3393 3699 3570 3764 splen-

1972 3790 2074 3843 dor
2097 3788 2287 3856 gloria:
2307 3784 2632 3846 divinitatis,
2674 3782 3209 3837 consubstantialem
3232 3783 3248 3830 1
3278 3783 3562 3855 praedicat.

1973 3876 2117 3932 Cum
2148 3892 2276 3930 vero
2302 3875 2485 3946 ﬁgura
2509 3874 2596 3928 vel
2625 3873 2914 3927 character
2942 3871 3267 3926 substantiae
3297 3872 3436 3941 ejus,
3458 3873 3566 3927 hu-

1972 3964 2262 4021 manitatis
2287 3963 2546 4034 designat
2565 3968 2848 4024 naturam,
2876 3960 2970 4015 ubi
2994 3961 3361 4032 corporaliter
3391 3960 3569 4033 pleni-

1970 4055 2107 4110 tudo
2128 4052 2410 4108 inhabitat
2427 4052 2763 4107 Divinitatis.
2786 4056 2844 4105 et
2866 4055 3056 4104 tamen
3076 4049 3136 4103 in
3165 4054 3406 4121 utroque
3420 4066 3570 4106 unus

1972 4149 2030 4199 et
2039 4160 2202 4199 verus
2222 4143 2478 4198 Christus
2495 4142 2644 4196 Deus
2667 4138 2937 4194 catholice
2951 4139 3395 4193 commendatur.
3411 4139 3570 4195 Unde

1973 4247 2144 4287 unam
2173 4246 2292 4284 rem
2314 4229 2487 4285 sumit
2517 4230 2587 4283 ad
2612 4227 3152 4283 demonstrationem
3180 4227 3421 4282 duarum
3446 4227 3573 4283 sub-

293 4310 354 4359 et
380 4304 718 4376 sanguinem
760 4307 1180 4363 consecratione
1212 4308 1453 4379 Spiritus
1482 4310 1661 4363 sancti
1689 4316 1955 4396 poten-D
1972 4320 2331 4381 stantiarum,
2361 4335 2530 4390 quam
2556 4319 2799 4389 ﬁguram
2819 4316 3146 4372 substantiae
3174 4316 3259 4369 vel
3288 4316 3572 4372 characte-

222 4388 243 4397 ”
294 4392 510 4448 ῐίειιίῐθτ
528 4394 728 4461 creari,
750 4396 991 4451 CPeandO
1007 4413 1137 4451 vero
1159 4397 1408 4469 quotidie
1428 4415 1529 4469 PFO
1552 4399 1749 4453 mundi
1772 4400 1890 4455 Vita
1910 4388 1950 4396 -
1972 4414 2092 4464 r’em
2107 4388 2449 4463 nominavit:
2476 4388 2615 4479 quia
2633 4406 2778 4462 sicut
2809 4422 2911 4477 per
2936 4405 3287 4460 characteres
3319 4405 3402 4459 vel
3433 4406 3575 4476 ﬁgu-

296 4483 536 4555 mystice
563 4483 866 4552 immolari,
890 4491 953 4540 ut
981 4485 1213 4541 sicut'de
1236 4486 1466 4557 Virgine
1486 4504 1589 4560 per
1617 4488 1891 4559 Spiritum
1972 4510 2064 4552 ras
2082 4488 2405 4551 litterarum
2430 4495 2673 4550 infantia
2696 4501 2892 4550 nostra
2909 4494 3065 4566 prius
3085 4493 3353 4566 pertingit
3368 4495 3572 4565 grada-

292 4588 431 4628 Vel‘a
468 4589 598 4629 caro
647 4574 768 4630 Sine
796 4575 947 4631 COitu
994 4583 1237 4643 creatur,
1270 4576 1349 4631 ita
1383 4594 1484 4649 per
1525 4577 1786 4632 eumdem
1824 4595 1891 4633 ex
1973 4586 2075 4641 tim
2105 4585 2179 4640 ad
2205 4584 2741 4651 lectionem,deinde
2761 4584 2833 4638 ad
2852 4582 3132 4654 spiritales
3151 4581 3570 4654 Scripturarum

368 4696 394 4758 ξι
424 4686 574 4742 Editi
602 4702 729 4743 cum
759 4688 933 4755 Flor.,
958 4705 1365 4758 preparemur.

369 4755 398 4796 δ
416 4758 482 4813 In
502 4758 784 4830 plerisque
804 4776 937 4816 mss.
957 4755 1239 4816 omittitur
1251 4777 1480 4830 semper.
1498 4760 1562 4815 In
1582 4762 1896 4817 Turonensi

293 4844 430 4884 vero
449 4846 566 4904 _ms.
592 4831 654 4904 S.
684 4831 911 4886 Martini
940 4832 1011 4886 ad
1041 4832 1356 4903 marginem
1397 4832 1515 4887 haec
1559 4832 1718 4904 quasi
1749 4850 1892 4904 prae-

294 4900 561 4973 termissa
589 4902 873 4973 leguntur.
896 4904 965 4958 Et
989 4900 1409 4972 Maria'semper
1440 4900 1675 4972 Virgine,
1701 4900 1813 4959 non
1830 4911 1890 4959 ut

1978 4696 2239 4747 refertur.

2036 4694 2343 4817 filiiﬁlii”.
2376 4761 2545 4817 Sirm.
2573 4776 2700 4815 cum
2731 4759 3013 4832 plerisque
3040 4760 3421 4832 mssrlegunt,
3435 4763 3571 4817 dum

1976 4836 2290 4889 sacerdos...
2318 4849 2576 4901 gerens...
2603 4830 2814 4901 agnum
2840 4830 3111 4886 immolat.
3134 4830 3363 4886 Ulinim.
3396 4833 3567 4888 Flor..

1975 4911 2031 4961 et
2048 4905 2275 4977 quidam
2295 4904 2391 4958 alii
2413 4920 2543 4957 mss.
2559 4943 2573 4966 ,
2594 4906 2731 4957 dum
2754 4905 3066 4977 sacerdos...
3103 4905 3177 4957 ad
3206 4920 3371 4958 aram
3400 4907 3566 4969 venit,

293 4971 543 5055 Spiritus
584 4971 829 5055 sanctus,
877 4976 1021 5055 quod
1067 4977 1226 5055 absit,
1280 4971 1341 5029 in
1374 4977 1509 5055 _ejus
1536 4971 1891 5055 sanctissimo
1972 4982 2021 5031 et
2043 4971 2192 5055 ,ἀξιοά
2219 4979 2610 5055 semetgesturn
2631 4975 3200 5055 est,.quotidie_a-gnus
3219 4977 3567 5055 immolatur.

293 5048 455 5097 utero
483 5047 635 5112 ﬁeret
661 5060 767 5114 pro
794 5049 1000 5100 semine
1036 5048 1251 5110 sobolis,
1298 5047 1390 5101 sed
1430 5062 1562 5101 usus
1595 5052 1670 5100 est
1704 5050 1890 5115 potius
2043 5044 2919 5116 liIncod.Laub.hicincipitcap.
2947 5045 3098 5112 VIII,
3117 5062 3246 5100 cum
3262 5044 3562 5100 hoctitulo:

291 5116 503 5199 virtute
530 5120 579 5169 et
609 5119 855 5199 potentia
879 5118 1173 5199 Creatoris.
1396 5190 1405 5199 -
1608 5191 1618 5199 _
1656 5188 1686 5199 η
1734 5192 1741 5199 _
1794 5190 1823 5199 η
1976 5120 2129 5199 Quod
2155 5120 2336 5199 omnis
2364 5120 2550 5199 ﬁgura
2577 5118 3257 5199 sit‘umbrqvelfalsitas.‘

366 5195 390 5226 ο
417 5186 589 5241 Ulim.
622 5202 752 5242 cum
778 5187 922 5242 Flor.
963 5206 974 5241 :
1014 5190 1161 5245 Unde
1199 5204 1296 5243 nec
1323 5190 1539 5242 mirum
1566 5191 1618 5242 si
1646 5188 1892 5256 Spiritus
1996 5186 1999 5187 ⁷
2045 5189 2060 5231 i
2090 5190 2154 5244 In
2182 5188 2368 5244 codice
2395 5187 2553 5259 regio
2575 5187 2829 5242 additur:
2855 5187 3008 5244 Sedet
3039 5190 3114 5242 ad
3135 5189 3412 5242 dexteram
3451 5200 3570 5241 ma-

291 5262 538 5339 sanctus,
568 5260 670 5326 qui
694 5259 975 5339 hominem
1000 5262 1065 5339 in
1090 5264 1258 5339 ute_ro_
1288 5261 1529 5339 Virginis
1549 5262 1672 5339 sine
1687 5262 1894 5314 semine
1965 5263 2180 5339 jestatis
2210 5263 2273 5314 in
2293 5262 2543 5339 eacetsis,

292 5331 530 5412 greavit,
554 5332 721 5384 etiam
747 5332 857 5412 ipse
880 5333 1048 5400 panis
1073 5336 1121 5385 ct
1136 5333 1258 5385 vini
1281 5333 1651 5385 substantiam
1668 5346 1894 5385 carnem
1968 5327 2010 5412 *Α
2037 5330 2192 5412 ,ιΑΗίο
2236 5330 2458 5412 variant
2479 5328 2612 5412 editi
2646 5332 2704 5383 et
2721 5346 2858 5412 mss.
2884 5329 3057 5412 Laub.
3108 5328 3435 5412 Puteanus;
3454 5327 3566 5412 duo

293 5400 506 5473 Christi
531 5406 585 5473 et
601 5399 956 5469 sanguinem,
986 5407 1092 5457 etc.
1809 5446 1819 5454 .
1976 5399 2044 5458 S.’
2058 5402 2327 5458 Germani
2338 5402 3083 5473 leguntwonsubstantialem
3098 5399 3568 5473 pradicqtNatic.

364 5470 394 5514 ἀ
422 5471 625 5555 rl‘saubq
655 5486 780 5554 cap.
809 5473 934 5530 VlI.
1143 5545 1153 5555 _
1267 5547 1277 5555 Α
1974 5478 2034 5555 e_t_
2068 5473 2241 5555 Flor,
2273 5470 2564 5555 divinitati
2584 5472 3140 5555 consubstantialem
3168 5471 3434 5555 pradicet
3465 5471 3561 5555 ala,

365 5555 390 5613 ε
418 5542 559 5599 Cod.
590 5539 801 5613 regius,
830 5559 990 5599 verus
1010 5545 1177 5613 panis
1203 5547 1298 5599 est.
1972 5547 2324 5600 divinitatem
2344 5545 2865 5600 consubstantialem
2883 5541 3163 5611 pradicat.
3180 5539 3348 5610 Editi,
3365 5543 3573 5597 divini-

365 5596 387 5638 ¹
425 5596 1086 5687 sesua”maz,‘n‘eaa
1112 5596 1376 5685 teretur.
1403 5614 1608 5685 Vatic.,
1631 5617 1706 5674 ad
1741 5616 1890 5674 illud
1974 5596 2771 5675 eistamentantum
2780 5596 3067 5685 predum.
