3992 6166
502 268 641 328 1279
1263 266 1321 320 8.
1364 261 1742 318 PASCHASII
1782 259 2143 316 RADBERTI
2179 256 2484 313 ABBATIS
2522 248 3011 312 CORBEIENSIS.
3576 248 3686 307 1280

495 411 695 451 sensus
724 402 783 451 et
806 394 1237 466 intelligentiam
1263 409 1277 458 ;
1304 390 1384 443 sic
1412 403 1477 443 ex
1502 386 1853 442 humanitate
1883 383 2092 439 Christi
2107 386 2154 446 Α
2792 373 3025 430 CAPUT
3052 372 3097 427 V
3118 370 3154 426 ί.

497 491 568 538 ad
589 486 947 540 Βίνίηίίδίθπη
972 484 1153 539 patris
1171 478 1520 575 ΡθΓΫξῖῐξίίυτί
1544 482 1599 531 et
1615 476 1745 575 ideo
1757 477 2097 575 51"?_“8‘{"3
2178 508 2323 575 Quid
2345 509 2416 559 sit
2442 507 2590 558 inter
2610 501 3023 575 immolationes
3040 501 3272 575 veterum
3288 499 3692 575 lega-

498 574 585 627 vel
614 576 903 628 character
932 571 1258 627 substantias
1286 567 1439 622 illius
1474 570 1719 619 vocatur.
1771 565 1914 629 Quid
1944 566 2095 621 enim
2179 565 2207 575 “
2249 581 2412 642 lium,
2453 581 2501 629 et
2540 579 2689 628 inter
2717 574 3125 626 sacramentum
3141 569 3407 621 Dominici
3430 572 3629 637 corporis
3653 575 3691 623 et

498 662 649 716 aliud
683 670 815 717 sunt
844 665 1038 732 ﬁgurae
1069 661 1384 715 litterarum
1425 672 1594 726 quam
1623 655 1976 709 characteres
2005 672 2096 709 ea-
2248 651 2563 717 sanguinis.

497 751 778 811 rumdem.
809 758 874 805 ut
897 768 997 821 per
1016 766 1111 803 eas
1127 749 1209 801 vis
1227 752 1282 800 et
1296 749 1563 817 potestas,
1582 760 1646 798 ac
1664 744 1897 815 spiritus
1917 746 2097 815 prola-
2248 754 2273 805 -Ι
2290 793 2302 807 ,
2333 750 2782 807 Immolationem
2823 748 2979 802 illam
3010 744 3141 816 agni
3180 746 3405 815 ﬁguram
3431 742 3575 798 fuisse
3596 761 3694 815 pas-

496 839 612 892 tio'
644 840 819 893 oculis
839 836 1297 892 demonstretur?
1327 834 1417 889 Sic
1446 833 1636 904 itaque
1660 832 1937 887 formatur
1956 835 2094 888 Ver-
2177 842 2349 897 sionis
2380 840 2589 896 Christi
2620 844 2677 894 et
2705 843 2909 893 nostra;
2941 834 3341 891 communionis
3382 838 3514 887 recte
3547 832 3695 886 nullus

499 925 634 980 bum
655 943 806 986 caro,
828 932 893 981 ut
910 944 1011 998 per
1026 942 1250 980 carnem
1274 930 1466 978 nostra
1484 922 1721 977 infantia
1741 922 1810 976 ad
1831 922 2094 978 divinita-
2177 930 2426 984 ﬁdelium
2456 929 2696 999 ignorat.
2722 927 2830 982 Sed
2857 931 3130 996 quantum
3159 923 3232 977 sit
3259 922 3398 976 inter
3422 921 3540 975 illud
3559 927 3605 974 et
3620 920 3697 973 hoc

496 1014 570 1067 tis
608 1015 1040 1085 intelligentiam
1097 1014 1409 1069 nutriatur.
1461 1012 1863 1066 Verumtamen
1912 1029 2095 1083 neque
2176 1024 2611 1081 sacramentum,
2645 1033 2746 1070 seu
2777 1015 2924 1070 inter
2949 1013 3135 1068 cibum
3169 1009 3260 1083 qui
3286 1011 3353 1065 de
3382 1010 3504 1063 caelo
3521 1010 3699 1064 descen-

496 1102 849 1159 characteres
877 1106 1211 1165 litterarum,
1246 1101 1479 1167 falsitas,
1521 1117 1703 1172 neque
1740 1101 1892 1156 aliud
1924 1118 2094 1172 quam
2176 1107 2279 1169 dit,
2316 1123 2531 1162 necnon
2555 1111 2611 1160 et
2638 1121 2844 1176 aquam
2867 1120 2990 1174 quae
3010 1103 3079 1156 de
3100 1107 3261 1173 petra
3278 1099 3445 1165 ﬂuxit,
3463 1105 3606 1170 atque
3631 1101 3696 1151 in-

494 1190 697 1246 littem
739 1211 750 1245 τ
790 1210 971 1265 neque
999 1192 1255 1247 Christus
1300 1191 1469 1245 homo
1499 1189 1712 1244 falsitas
1741 1189 1848 1243 dici
1887 1195 2093 1261 potest.
2176 1202 2266 1250 ter
2280 1196 2429 1249 istud
2449 1192 3073 1266 spiritaledivinumque
3092 1188 3701 1258 commercium,qummn-

495 1295 679 1351 neque
705 1281 858 1335 aliud
887 1298 1056 1352 quam
1089 1281 1257 1343 Deus,
1292 1278 1422 1333 licet
1458 1279 1658 1348 ﬁgura,
1688 1278 1743 1332 id
1773 1284 1876 1343 est,
1904 1279 2098 1333 chara-
2178 1286 2315 1338 dum
2339 1283 2600 1348 arbitror,
2632 1282 2944 1354 praesertim
2975 1297 3102 1333 cum
3130 1278 3326 1332 beatus
3350 1275 3601 1347 apostolus
3621 1275 3701 1328 cla-

496 1373 616 1422 cter
651 1368 981 1423 substantiae
1022 1368 1342 1423 Divinitatis
1366 1368 1495 1436 jure
1523 1367 1779 1430 dicatur;
1829 1367 1962 1437 quia
1991 1384 2095 1422 no-
2179 1380 2296 1428 met
2328 1393 2339 1426 :
2368 1374 2520 1440 Quod
2547 1388 2729 1427 omnes
2748 1377 2933 1441 patres
2953 1372 3131 1423 nostri
3147 1368 3387 1421 eamdem
3408 1380 3561 1418 escam
3575 1368 3702 1432 spin-

497 1461 676 1511 stram
702 1456 995 1510 infantiam
1019 1473 1121 1527 per
1139 1473 1199 1510 se
1230 1456 1301 1509 ad
1329 1454 1604 1525 spiritalia
1629 1454 1866 1509 interius
1886 1456 2097 1510 intelli-
2180 1467 2344 1516 talem
2366 1463 2861 1525 manducavcrunt,
2887 1466 2934 1513 et
2950 1454 3704 1523 omneseumdempotumspiri-

496 1544 684 1615 genda
714 1545 974 1615 provehit
996 1551 1053 1599 et
1082 1544 1339 1600 sensibus
1360 1543 1584 1606 nostris,
1610 1548 1674 1597 ut
1700 1559 1767 1597 ea
1783 1560 1905 1614 quae
1922 1545 1977 1599 in
2001 1546 2096 1600 illo
2180 1553 2346 1605 talem
2378 1552 2692 1616 tiberuntU
2712 1551 2834 1605 Cor.
2851 1566 2902 1612 x,
2926 1549 2998 1615 3).
3027 1545 3136 1601 Ubi
3164 1545 3210 1599 si
3241 1543 3480 1598 eamdem
3499 1556 3703 1612 percepe-

496 1638 631 1688 sunt
660 1634 970 1703 capiamus,
995 1633 1268 1688 visibilem
1283 1650 1343 1687 se
1362 1632 1625 1687 ostendit.
1652 1633 1759 1687 Sed
1786 1634 1917 1703 quia
1935 1633 2095 1689 illum
2181 1646 2310 1694 rant.
2336 1655 2539 1703 escam,
2574 1644 2631 1693 et
2662 1638 2922 1693 eumdem
2952 1641 3171 1708 potum,
3216 1632 3348 1705 quid
3390 1647 3587 1685 necesse
3625 1628 3705 1682 fuit

496 1721 807 1775 secundum
839 1738 1065 1776 carnem
1098 1723 1267 1776 caelos
1291 1721 1539 1792 Oportuit
1568 1727 1882 1792 penetrare,
1915 1729 1979 1777 ut
1999 1738 2162 1798 perB
2181 1728 2470 1782 immutari
2508 1726 2655 1798 quod
2684 1727 2866 1797 ipsum
2892 1731 3031 1788 erat,
3067 1728 3172 1778 aut
3199 1721 3321 1775 dari
3349 1719 3496 1791 quasi
3514 1717 3651 1779 aliud,
3668 1716 3705 1769 si

494 1808 662 1862 ﬁdem
695 1810 826 1863 illuc
858 1810 915 1864 in
946 1810 1039 1863 illo
1064 1811 1265 1875 renati,
1295 1809 1668 1864 conﬁdentius
1694 1807 1721 1849 δ
1742 1818 2093 1881 appeterent,
2178 1817 2319 1870 nihil
2349 1816 2592 1887 amplius
2617 1815 2739 1869 est?
2788 1815 2866 1868 Ex
2903 1830 3013 1885 quo
3062 1810 3374 1876 fatendum,
3411 1807 3483 1863 sic
3506 1804 3705 1861 eamdem

493 1896 725 1967 reliquit
745 1898 906 1952 nobis
930 1899 1035 1953 hoc
1059 1905 1475 1954 sacramentum
1500 1898 1747 1953 visibile‘
1778 1900 1832 1953 in
1856 1901 2095 1971 ﬁguram
2178 1905 2350 1960 tuisse
2378 1921 2546 1976 quam
2592 1920 2742 1959 nunc
2769 1902 3131 1974 percipimus,
3166 1915 3369 1962 escam,
3400 1896 3706 1964 eamdemque

393 1998 423 2038 δ(
495 1991 553 2039 et
575 1985 957 2040 characterem
977 1988 1161 2042 carnis
1189 1992 1245 2041 et
1273 1986 1581 2057 sanguinis,
1605 1993 1669 2042 ut
1684 2005 1784 2059 per
1807 1988 1921 2043 haec
1940 2006 2098 2045 mens
2180 2000 2396 2065 potum,
2430 1994 2569 2048 sicut
2602 1992 2855 2047 eamdem
2886 1990 3055 2044 fuisse
3084 1994 3305 2060 petram
3333 1986 3399 2041 de
3434 2001 3534 2056 qua
3556 1998 3705 2037 mana-

496 2080 691 2128 nostra
715 2080 772 2129 et
800 2092 928 2129 caro
963 2082 1153 2130 nostra
1183 2076 1253 2130 ad
1284 2075 1584 2130 invisibilia
1607 2083 1663 2130 et
1701 2077 1979 2148 spiritalia
2011 2095 2099 2133 ca-
2182 2088 2315 2136 runt
2343 2099 2521 2153 aquze,
2554 2082 2651 2137 ubi
2672 2080 2928 2136 Christus
2952 2078 3223 2150 Apostolo
3254 2081 3393 2131 teste
3415 2073 3704 2146 praedicatur.

496 2163 773 2233 pescenda
807 2181 907 2233 per
930 2165 1096 2219 ﬁdem
1127 2164 1355 2219 uberius
1397 2164 1698 2219 nutriatur.
1733 2167 1831 2221 Est
1854 2172 2043 2222 autem
2070 2166 2098 2208 ἀ
2181 2171 2385 2225 Eadem
2440 2171 2645 2242 quippe
2686 2170 2795 2224 fuit
2842 2185 2989 2229 esca,
3019 2167 3156 2238 quia
3202 2180 3406 2219 manna
3442 2160 3708 2234 spiritaliter

498 2251 680 2319 ﬁgura
710 2252 794 2305 vel
825 2253 1117 2308 character
1145 2254 1250 2307 hoc
1279 2254 1425 2324 quod
1457 2255 1702 2309 exterius
1723 2256 1981 2321 sentitur,
1997 2257 2095 2311 sed
2179 2258 2614 2332 percipientibus
2640 2265 2809 2330 typus
2842 2257 2950 2311 fuit
2990 2272 3130 2311 esca:
3166 2253 3410 2328 corporis
3452 2249 3643 2313 Christi,
3666 2254 3709 2301 et

498 2342 682 2392 totum
709 2339 913 2395 veritas
942 2348 999 2395 et
1026 2343 1181 2420 nulla
1208 2342 1563 2397 adumbratio
1586 2358 1629 2407 ιη,
1660 2344 1809 2413 quod
1840 2344 2098 2399 intrinse-
2178 2366 2326 2420 aqua
2354 2350 2447 2403 illa
2469 2365 2592 2420 quae
2621 2349 2691 2402 de
2720 2351 2880 2419 petra
2900 2347 3159 2409 ﬂuxerat,
3176 2349 3341 2416 potus
3362 2348 3416 2396 et
3438 2342 3595 2411 ﬁgura
3608 2353 3706 2392 san-

497 2442 596 2480 cus
624 2430 948 2500 percipitur,
975 2448 1040 2485 ac
1056 2449 1155 2502 per
1168 2414 1277 2486 hoc
1292 2432 1431 2486 nihil
1457 2432 1606 2486 aliud
1628 2432 1756 2486 hinc
1778 2434 1905 2488 inde
1925 2451 2096 2505 quam
2174 2414 2383 2508 guinis.
2407 2438 2465 2492 Si
2482 2414 2504 2483 ἶ
2517 2414 2741 2508 quidem
2761 2437 2819 2490 in
2852 2414 3306 2505 praeﬁgm'atione
3332 2431 3470 2486 idem
3489 2435 3539 2483 et
3554 2426 3709 2482 umbra

498 2516 703 2570 veritas
734 2523 791 2571 et
818 2527 1228 2575 sacramentum
1264 2520 1442 2590 ipsius
1473 2521 1658 2575 carnis
1689 2521 1960 2592 aperitur.
2176 2526 2424 2598 corporis
2453 2533 2623 2596 atque
2652 2523 2993 2595 exemplaria
3019 2527 3205 2579 erant.
3234 2520 3331 2576 sed
3372 2535 3476 2573 non
3510 2516 3633 2570 idem
3665 2514 3708 2567 in

567 2603 618 2661 3.
661 2605 807 2661 Vera
855 2608 1049 2679 utique
1097 2610 1306 2664 Christi
1337 2626 1487 2671 caro,
1536 2627 1659 2681 quae
1706 2611 1973 2666 cruciﬁxa
2010 2623 2096 2667 est
2175 2614 2573 2685 adimpletione
2598 2612 3046 2682 veritatiszquia
3078 2610 3233 2682 quod
3254 2615 3386 2664 tunc
3404 2601 3710 2662 adumbraba-

497 2697 556 2747 et
578 2696 815 2765 sepulta,
849 2714 977 2752 vere
1004 2698 1024 2738 τ
1048 2698 1194 2754 illius
1234 2699 1420 2753 carnis
1462 2706 1899 2764 sacramentum,
1943 2702 2091 2772 quod
2173 2709 2269 2757 tur
2312 2704 2370 2757 in
2414 2702 2802 2773 designatione
2839 2700 3161 2754 futurorum
3205 2699 3391 2768 imago
3416 2689 3444 2726 κ
3475 2691 3707 2755 veritatis;

398 2796 413 2825 τ
501 2798 602 2852 per
627 2785 973 2840 sacerdotem
1021 2804 1192 2858 super
1234 2788 1411 2842 altare
1448 2788 1503 2841 in
1537 2788 1701 2842 verbo
1746 2790 1955 2844 Christi
1998 2807 2096 2860 per
2176 2808 2325 2846 nunc
2352 2798 2542 2846 autem
2573 2789 2903 2861 mysterium
2942 2788 3191 2859 impletae
3221 2785 3481 2849 veritatis,
3523 2788 3572 2837 et
3598 2782 3711 2835 facta

497 2870 767 2941 Spiritum
797 2881 1055 2928 sanctum
1086 2876 1354 2930 divinitus
1383 2864 1774 2931 consecratur:
1810 2878 1956 2932 unde
1976 2878 2096 2950 ipse
2176 2886 2262 2935 est
2291 2880 2638 2935 Eucharistia
2673 2895 2739 2934 ex
2767 2876 3187 2933 resurrectione
3228 2892 3355 2929 caro
3381 2872 3584 2936 Christi,
3617 2884 3710 2940 qua

495 2958 769 3015 Dominus
797 2963 1006 3016 clamat
1036 2983 1047 3016 :
1082 2965 1190 3018 [loc
1218 2970 1291 3017 est
1323 2982 1517 3032 corpus
1558 2982 1740 3019 meum
1775 2968 1920 3029 (Luc.
1961 2983 2094 3033 χχιι,
2111 3015 2152 3041 η
2177 2970 2333 3041 prius
2372 2986 2471 3040 per
2499 2984 2706 3039 agnum
2738 2968 2824 3021 vel
2853 2984 2953 3038 per
2980 2966 3244 3021 eamdem
3270 2968 3279 3003 ¹
3310 2962 3575 3019 ecclesiam
3600 2960 3711 3028 ﬁgu-

501 3046 605 3106 l9i.
631 3047 703 3102 Et
722 3066 791 3103 ne
816 3050 1055 3113 mireris,
1079 3064 1108 3105 8
1125 3070 1156 3105 ο
1177 3053 1364 3116 homo,
1393 3069 1573 3124 neque
1600 3055 1854 3124 requiras
1877 3062 2093 3111 naturae
2110 3046 2153 3073 υ
2177 3058 2410 3113 rabatur
2429 3055 2786 3112 credentibus
2806 3055 3092 3110 adfutura.
3113 3055 3198 3109 De
3218 3055 3323 3109 hoc
3351 3068 3470 3106 vero
3488 3064 3609 3122 pane
3625 3047 3709 3100 Da-

495 3136 749 3191 ordinem
779 3157 791 3204 ;
823 3140 919 3192 sed
946 3140 994 3192 si
1019 3157 1242 3194 carnem
1270 3141 1423 3195 illam
1454 3159 1580 3196 vere
1606 3159 1653 3195 cn
1668 3143 1787 3197 edis
1815 3144 1885 3198 de
1915 3145 2092 3200 Maria
2178 3148 2264 3201 vid
2286 3147 2564 3201 cecinerat
2584 3146 2640 3199 in
2673 3144 2955 3216 parabolis
2985 3163 2999 3200 :
3030 3147 3243 3198 Panem
3270 3145 3712 3210 angetorumman-

495 3224 711 3295 virgine
732 3226 788 3280 in
808 3233 967 3282 utero
984 3228 1106 3282 sine
1123 3229 1339 3284 semine
1356 3237 1631 3301 potestate
1648 3232 1889 3302 Spiritus
1910 3237 2089 3290 sancti
2173 3237 2394 3289 dueavit
2409 3236 2567 3288 homo
2585 3237 2746 3299 (Psat.
2763 3231 3089 3301 Lxxv11,25).
3106 3232 3373 3302 Alioquin
3386 3225 3711 3287 escailla,licet

498 3320 767 3381 creatam,
799 3321 862 3370 ut
904 3317 1148 3372 Verbum
1178 3334 1309 3373 caro
1341 3320 1517 3385 ﬁeret,
1550 3337 1676 3375 vere
1714 3323 1878 3376 crede
1907 3330 1962 3377 et
1989 3325 2093 3379 hoc
2172 3324 2241 3377 de
2263 3324 2401 3378 coelo
2433 3322 2664 3387 venerit,
2696 3327 2755 3376 et
2781 3327 2965 3392 potus,
3000 3320 3136 3391 quia
3174 3335 3468 3391 corporeus
3494 3320 3615 3378 erat,
3638 3326 3711 3365 an-

494 3401 643 3471 quod
674 3403 970 3458 conficitur
998 3405 1057 3459 in
1088 3404 1251 3459 verbo
1289 3407 1492 3461 Christi
1523 3425 1623 3479 per
1653 3408 1925 3479 Spiritum
1966 3428 2092 3466 san-
2169 3412 2311 3482 gelis
2343 3428 2454 3466 non
2486 3409 2847 3481 congruebat,
2865 3410 2965 3465 sed
2994 3416 3193 3480 utique
3213 3409 3309 3462 ille
3338 3407 3488 3479 panis
3507 3410 3558 3459 et
3579 3408 3708 3474 potus

492 3494 645 3544 ctum
666 3507 867 3563 corpus
895 3492 1073 3564 ipsius
1104 3511 1225 3549 esse
1247 3511 1313 3549 ex
1335 3495 1584 3566 Virgine.
1605 3496 1707 3551 Ubi
1739 3498 1785 3551 si
1813 3499 2089 3554 rationem
2172 3500 2268 3571 qui
2298 3516 2400 3571 per
2427 3500 2542 3554 haec
2564 3497 3055 3571 praesagabatur“.
3076 3497 3339 3552 Christus
3358 3511 3483 3565 ergo
3500 3491 3709 3547 cibusest

493 3579 719 3649 quaeris,
739 3581 865 3651 quis
894 3583 1170 3652 explicare
1183 3583 1388 3655 poterit
1414 3591 1514 3639 aut
1533 3584 1712 3639 verbis
1731 3588 2092 3658 comprehen-
2172 3589 2522 3659 angelorum,
2552 3594 2610 3642 et
2631 3592 3047 3642 sacramentum
3085 3586 3196 3641 hoc
3222 3602 3355 3640 vera
3378 3594 3403 3620 ο
3430 3598 3548 3637 caro
3572 3577 3708 3651 ipsius

492 3666 660 3722 dere?
687 3668 800 3723 imo
830 3671 992 3737 scias,
1016 3688 1223 3743 quaeso,
1245 3672 1377 3743 quia
1404 3673 1548 3727 ratio
1568 3674 1624 3728 in
1656 3674 1861 3729 virtute
1882 3677 2086 3731 Christi
2171 3684 2228 3731 et.
2254 3677 2501 3748 sanguis,
2546 3691 2669 3747 quae
2697 3675 3030 3746 spiritaliter
3057 3674 3365 3729 manducat
3401 3678 3455 3726 et
3494 3668 3614 3724 bibit
3636 3666 3708 3720 ho-

492 3761 599 3821 cst,
632 3758 868 3814 scientia
886 3760 942 3814 in
973 3760 1102 3822 ﬁde,
1125 3777 1294 3816 causa
1316 3762 1372 3814 in
1394 3768 1691 3833 potestate,
1715 3763 1943 3818 effectus
1958 3782 2087 3820 vero
2170 3784 2262 3821 mo
2277 3778 2321 3821 ο.
2348 3770 2427 3822 Ac
2447 3782 2548 3837 per
2578 3766 2682 3819 hoc
2701 3764 2852 3819 unde
2881 3765 3071 3818 vivunt
3098 3764 3311 3834 angeli,
3341 3762 3469 3816 vivit
3485 3759 3706 3851 ethomet

488 3843 550 3899 in
580 3847 865 3902 voluntate
889 3868 901 3915 ;
925 3849 1056 3920 quia
1082 3850 1334 3920 potentia
1362 3850 1680 3905 Divinitatis
1710 3857 1906 3906 contra
1925 3860 2085 3908 natu-
2168 3856 2301 3927 quia
2320 3861 2500 3910 totum
2516 3854 2768 3926 spiritale
2789 3860 2877 3908 est
2893 3860 2952 3908 et
2969 3852 3228 3908 divinum
3250 3855 3309 3907 in
3329 3868 3391 3907 eo
3422 3847 3556 3922 quod
3575 3843 3707 3917 perci-

491 3950 613 3988 ram
635 3936 786 3990 ultra
803 3942 1007 3992 nostrae
1019 3939 1253 3993 rationis
1265 3940 1630 4009 capacitatem
1650 3940 1950 3996 eﬂicaciter
1960 3959 2086 4013 ope-
2169 3945 2251 4017 pit
2277 3945 2464 3999 homo.

490 4028 669 4078 ratur.
699 4025 910 4079 Idcirco
944 4027 1217 4082 Habentur
1238 4028 1471 4083 scientia
1500 4028 1557 4082 in
1588 4029 1841 4084 doctrina
1864 4031 2082 4099 salutis,
2239 4032 2292 4091 2.
2313 4034 2476 4088 Patet
2494 4032 2670 4103 igitur
2682 4033 2828 4104 quod
2852 4037 2907 4087 et
2925 4048 3106 4103 agnus
3126 4031 3223 4086 ille
3242 4030 3435 4101 legalis
3454 4033 3506 4082 et
3521 4035 3700 4118 manna,

491 4117 751 4167 teneatur
783 4115 921 4169 ﬁdes
949 4116 1008 4169 in
1038 4118 1306 4186 mysterio
1339 4117 1607 4184 veritatis,
1637 4119 1901 4189 quoniam
1922 4120 1978 4174 in
2002 4121 2088 4175 his
2170 4131 2226 4179 et
2249 4122 2438 4177 omnia
2468 4121 2789 4192 hujusmodi
2819 4137 2942 4191 quae
2989 4122 3232 4191 ﬁguram
3258 4121 3541 4191 gesserunt
3560 4115 3704 4167 almis

492 4199 751 4255 omnibus
768 4219 867 4272 per
881 4204 1048 4258 ﬁdem
1073 4204 1426 4261 ambulamus
1449 4212 1506 4261 et
1525 4223 1635 4261 non
1652 4224 1752 4279 per
1770 4210 2012 4279 speciem
2036 4208 2082 4262 δ.
2169 4230 2234 4268 ac
2261 4211 2549 4281 sanguinis
2579 4209 2806 4275 Christi,
2854 4209 3003 4280 quod
3030 4225 3232 4280 passus
3266 4206 3435 4262 semel
3462 4205 3515 4258 in
3540 4198 3703 4272 pascha

562 4353 587 4428 ξ
615 4344 964 4428 plimm.‘
984 4350 1041 4398 et
1066 4345 1258 4428 Sirm.,
1286 4352 1345 4428 at
1372 4363 1503 4401 mss.
1531 4348 1725 4418 legunt
1746 4353 2076 4417 prolatione.
2096 4291 2146 4349 Β
2162 4357 2377 4423 galium
2403 4355 2712 4407 hostiarum
2741 4358 2787 4405 et
2818 4353 3098 4428 _I)ominici
3124 4354 3365 4420 corporis
3390 4353 3437 4428 et
3463 4341 3703 4428 sanguini:

562 4414 590 4455 δ
613 4416 779 4499 θάψ’
810 4418 964 4499 ’ἷθθῖὲί
989 4423 1371 4499 Cymaeam.“
1444 4490 1456 4499 Α
1534 4489 1548 4499 .
1586 4412 1616 4418 ⁷
1668 4489 1678 4499 _
1820 4492 1859 4499 _
1963 4493 1974 4499 _
2022 4494 2054 4499 __
2162 4412 2596 4499 sacramentum,
2621 4429 2669 4476 ct
2688 4424 2833 4491 quod
2853 4439 3032 4499 agnus
3061 4428 3110 4499 et
3138 4412 3598 4499 mdnnaetomafa

562 4488 789 4566 c.Vatic.
822 4481 1315 4566 Majoris-hlonast.
1337 4490 1393 4542 S.
1427 4489 1703 4566 A_u_doeni.
1737 4491 1793 4544 S.
1820 4492 2078 4566 itemigii,
2154 4498 2404 4566 jusmodi
2416 4481 2656 4563 ﬁguram
2676 4481 2939 4561 jesscririt
2955 4495 3196 4561 ejusdem
3210 4486 3608 4566 sacramentiJn
3625 4481 3705 4561 νεῖ

492 4558 680 4626 regius
704 4559 992 4633 unus,duo
1022 4558 1176 4613 Colb.
1207 4559 1424 4633 Putean
1471 4561 1703 4614 Mamer.
1735 4568 1794 4616 et
1822 4558 2084 4619 UlimTle¥
2154 4558 2539 4633 ticano:0ut'd
2554 4558 2721 4618 distat
2744 4568 2891 4618 inter
2907 4558 3344 4618 immtationem
3364 4561 3542 4616 vetem
3555 4558 3702 4609 etnon

489 4632 931 4712 guilttisibitem
960 4633 1201 4698 ﬁguram
1235 4651 1251 4685 :
1284 4631 2006 4701 Sirm.,visibilr,ﬁguram.
2163 4631 2423 4712 αρνιμ-ξ
2617 4707 2666 4712 __
3005 4707 3017 4712 _
3096 4706 3109 4712 _
3275 4709 3282 4712 _
3383 4703 3435 4712 Μ
3517 4700 3559 4712 η
3656 4695 3670 4712 _,

564 4697 735 4781 «1331.,
769 4697 1026 4781 ﬁguratis
1055 4708 1319 4781 caracter.
1716 4697 1719 4698 ν
1746 4697 1754 4701 ’
1785 4697 1801 4701 ⁷
2200 4697 2245 4760 vi
2279 4707 2425 4763 Editi
2455 4712 2512 4761 et
2537 4707 2769 4781 quidam
2801 4722 2933 4781 mss.
2973 4706 3292 4781 sic_legunt
3325 4697 3699 4781 3_Siq_u_i4€ml_”

562 4769 730 4854 ΣΞ),υο
762 4787 917 4833 mss.,
953 4774 1316 4854 obumbratur.
1387 4848 1397 4854 _
1752 4851 1759 4854 _

2156 4769 2583 4854 prasignatione
2594 4780 2759 4854 idem,
2784 4780 2874 4830 sed
2894 4793 3006 4854 ζιοη
3024 4769 3180 4854 ξιιδηῖ
3190 4779 3252 4854 in
3266 4771 3697 4854 adiiapteti'oae

563 4833 583 4871 ί
606 4839 797 4924 Sirm.,
830 4857 1021 4924 verum
1049 4846 1207 4896 illius
1233 4848 1420 4898 carnis
1448 4851 1881 4911 sacramentum.
2156 4833 2350 4903 ritatis
2371 4852 2531 4918 :quia
2543 4833 2829 4918 quodtunc
2842 4850 3284 4924 adumbrabatur
3301 4848 3361 4899 in

561 4910 770 4988 ςᾼηὶς.
789 4928 813 4988 _:
848 4913 915 4965 Et
946 4929 1012 4988 ne
1033 4917 1274 4988 moreris
1298 4910 1474 4988 Itonia.
1635 4987 1638 4988 ν
2161 4910 2511 4988 futurorum,
2538 4910 2720 4987 imago
2749 4922 2999 4974 veritatis
3017 4924 3065 4972 et
3086 4920 3288 4972 umbra
3306 4915 3549 4983 corporis,
3569 4914 3697 4974 αηῖυε

562 4978 693 5071 ξιιξά
718 4982 925 5071 calcem
947 4982 1116 5053 hujus
1135 4984 1720 5071 capit‘uli-Sirmondus
1741 4988 2081 5071 hancappo
2161 4978 2705 5071 exemplaria'eran't.
2810 5060 2890 5071 ,Α
2936 5061 2991 5071 Π
3066 5060 3098 5071 η
3149 5059 3158 5071 _
3202 5058 3218 5071 θ
3288 5058 3300 5069 θ

487 5050 573 5104 nit
609 5050 1053 5108 observationem
1093 5075 1107 5108 :
1151 5050 1291 5110 Scilet
1320 5061 1603 5112 interdum
1650 5050 2080 5114 Paschasius‘ita
2234 5062 2260 5098 ¹⁶
2284 5050 2348 5117 In
2378 5079 2481 5117 ms.
2513 5060 2824 5116 Turonensi
2855 5060 2912 5114 S.
2936 5059 3164 5114 Martini
3187 5058 3523 5113 desideratur
3537 5056 3578 5104 et
3600 5062 3695 5101 um-

491 5123 660 5190 loqui,
694 5130 754 5178 ut
783 5129 967 5178 creari
994 5142 1189 5194 corpus
1216 5133 1263 5181 ct
1290 5132 1620 5195 sanguinem
1652 5130 1876 5182 Dom-ini
1897 5136 2083 5185 sumat
2164 5134 2264 5187 bra
2288 5135 2555 5187 veritatis.

484 5208 583 5260 pro
596 5197 832 5272 incipere
844 5212 948 5249 esse
960 5199 1442 5266 insaeramento,et
1459 5202 2083 5257 itatranssubstantiari
2234 5209 2247 5246 ι
2275 5204 2423 5258 Editi
2452 5209 2506 5258 et
2536 5205 2705 5268 Flor.,
2737 5219 2834 5272 per
2856 5204 3100 5257 eamdem
3128 5219 3155 5257 e
3176 5204 3326 5256 catis
3353 5210 3530 5272 escam

482 5279 685 5343 Ραηφη
703 5273 750 5319 οε
772 5270 1032 5343 υίητένηοΑ
1044 5272 1259 5338 “mlum
1278 5274 1480 5323 εοίιηιιδ
1496 5290 1531 5323 α
1555 5272 1837 5338 theoloqia,
1852 5277 1914 5325 ut
1933 5275 2083 5339 diﬂ'e-
2233 5280 2261 5304 "
2292 5276 2436 5330 Edit.
2461 5267 2906 5343 praesagiebatur,
2925 5279 3122 5328 contra
3149 5273 3313 5328 ﬁdem
3331 5267 3562 5324 omnium
3580 5272 3687 5313 mss-

488 5340 621 5387 rant
652 5340 1199 5417 transsufistantiatio
1227 5345 1273 5394 et
1304 5345 1525 5407 ereatio,
1557 5346 1773 5417 tametsi
1802 5346 1862 5417 in
1891 5347 2081 5413 aliqua
2232 5353 2257 5381 ³
2277 5347 2424 5402 Editi
2447 5340 2573 5400 cum
2612 5340 2945 5417 quibusdam
2974 5362 3136 5408 mss.,
3163 5356 3279 5398 vers
3307 5355 3447 5417 caro.
3493 5413 3500 5417 Δ
3530 5405 3540 5415 ο

484 5408 830 5493 °°Z'%"'°“"‘~
864 5409 990 5493 vid'
1025 5412 1062 5465 S
1108 5411 1306 5493 Thom-
1339 5425 1421 5465 ¹¹¹’·
1451 5399 1583 5493 P;'q.
1619 5412 1707 5466 75.
1740 5429 1791 5493 ξ.
1818 5413 1895 5493 8._
2230 5427 2254 5450 τ’
2278 5399 2748 5493 ὂῦώήβέέψμῐῖῐω·
2766 5399 3509 5493 usque_Pate_tigitur.de‘sunt
3527 5405 3579 5459 in
3605 5399 3689 5454 Pu-

554 5434 830 5482 [ινωιιαιιι.
878 5434 990 5464 nu.
1026 5434 1062 5465 ο
1116 5434 1306 5465 ιυοιιι.
1339 5434 1421 5465 ur.
1452 5434 1505 5483 p.
1531 5434 1583 5493 q.
1628 5434 1707 5466 ID.
1740 5434 1791 5494 δε.
1818 5434 1869 5468 o.
2230 5434 2254 5450 "
2282 5434 2415 5483 quas
2434 5434 2493 5471 se
2536 5434 2748 5472 nuntur
2766 5434 2944 5543 υβίὲιιθ
2967 5434 3483 5499 μαιεμιριιυηαρευυ

554 5485 569 5515 ι
601 5476 717 5557 Hoc
756 5484 950 5558 caput2
990 5481 1137 5558 quod
1157 5498 1383 5558 nonum
1425 5488 1511 5558 est
1532 5498 1613 5558 Alli
1656 5483 1843 5538 codice
1871 5484 2070 5549 Laub.,
2155 5492 2322 5544 teano
2345 5494 2403 5544 et
2428 5435 2820 5543 inﬁthemensn
2887 5528 2901 5545 .
2938 5488 3179 5558 Remigu
3201 5480 3484 5541 codicibus.

483 5544 632 5603 hunc
645 5546 704 5603 in
720 5564 786 5604 eo
806 5544 1029 5621 praefert
1044 5551 1272 5609 titulum
1295 5566 1307 5601 :
1330 5553 1476 5623 Quid
1490 5556 1562 5609 sit
1584 5556 1731 5608 inter
1758 5558 1967 5623 ﬁguras
1993 5544 2071 5612 te;
