3992 6166
339 276 462 334 l'28l

323 405 382 454 et
401 399 654 471 quotidie
675 414 845 471 super
863 399 1043 452 altare
1063 412 1227 450 mane
1249 412 1313 449 ac
1335 411 1559 467 vespere
1576 395 1920 453 immolatur,
1944 391 1985 446 Α

1399 495 1421 520 ⁸
1470 482 1738 555 mysterii,
1788 486 1844 536 et
1875 480 1923 533 si

322 593 435 648 qua
463 576 521 631 in
547 577 633 630 his
654 578 829 630 virtus
850 574 1124 629 sacranda
1151 574 1336 639 latuit,
1362 578 1545 626 totum
1575 589 1641 625 ex
1671 571 1775 625 ista
1798 587 1924 640 gra-

318 666 403 720 tia
432 664 562 720 ﬁdei
593 682 705 737 qua
731 665 978 719 fruimur
998 662 1271 734 praefulsit
1305 681 1320 716 :
1360 677 1529 733 quam
1556 660 1803 731 profecto
1838 658 1918 712 illi

318 771 424 828 per
437 754 556 809 haec
571 753 729 825 quasi
758 752 1090 824 promissam
1111 750 1492 821 bsuspirantes
1512 746 1921 820 participaban-

319 847 416 897 tur
443 842 798 897 tantumdem
828 856 929 912 per
959 839 1148 905 ﬁdem,
1178 844 1235 893 et
1270 839 1339 893 de
1376 838 1569 908 ﬁguris
1600 852 1919 891 sacramen-

316 936 441 986 tum
470 930 721 985 veritatis
741 928 1149 999 intelligebant.
1184 929 1298 982 Nos
1325 943 1455 981 vero
1482 927 1648 996 longe
1672 930 1802 978 ante
1824 941 1919 995 pa-

322 505 434 543 non
481 488 590 543 nisi
636 489 876 558 ﬁguram
922 486 1086 541 istius
1114 485 1360 540 habuere

315 1019 500 1074 tribus
526 1019 672 1073 hanc
698 1017 940 1088 gratiam
973 1016 1371 1088 repromissam
1395 1015 1512 1085 jam
1546 1015 1914 1084 suscepimus,

315 1112 375 1162 et
395 1112 713 1178 susceptam
745 1123 1097 1172 veneramur,
1119 1110 1448 1160 venerantes
1477 1109 1665 1158 autem
1697 1119 1764 1157 ex
1797 1103 1917 1174 ipsa

316 1196 603 1268 pascimur
629 1198 687 1250 et
704 1201 967 1267 potamur
993 1212 1004 1247 :
1038 1211 1149 1249 non
1172 1193 1366 1264 ﬁguris
1388 1192 1612 1264 quidem
1645 1191 1909 1261 legalium

311 1285 682 1355 aenigmatum
700 1308 722 1336 ο
738 1284 1151 1347 adumbratam,
1184 1283 1281 1337 sed
1310 1282 1397 1336 his
1416 1280 1649 1335 detectis
1669 1277 1692 1313 ά
1715 1284 1772 1333 et
1792 1296 1914 1333 eva-

310 1375 512 1435 cuatis,
574 1375 695 1429 sola
748 1373 979 1429 veritate
1036 1372 1295 1435 fruimur,
1353 1376 1411 1424 et
1446 1385 1632 1423 veram
1685 1383 1908 1421 carnem

311 1454 526 1519 Christi
555 1469 613 1518 et
645 1462 976 1533 sanguinem
1018 1460 1078 1515 in
1109 1459 1376 1531 mysterio
1404 1459 1681 1512 sumimus
1715 1475 1727 1522 ;
1762 1456 1911 1510 unde

308 1553 568 1608 Salvator
600 1571 611 1606 :
647 1553 804 1617 Caro,
844 1550 1047 1622 inquit.
1087 1565 1207 1603 mea
1238 1564 1357 1602 vere
1391 1552 1465 1601 est
1493 1548 1663 1607 cibus.
1698 1552 1745 1599 et
1775 1560 1908 1598 san-

303 1645 432 1711 guis
448 1658 597 1695 meus
618 1657 738 1695 vere
758 1646 829 1694 est
849 1645 1033 1709 potus;
1055 1640 1197 1692 hanc
1214 1640 1314 1706 qui
1328 1635 1632 1691 nmnducat
1657 1650 1901 1697 carnem,

306 1736 357 1785 et
388 1731 536 1784 hunc
563 1732 663 1798 qui
693 1730 825 1783 bibit
855 1730 1207 1795 sanguinem,
1241 1726 1397 1779 habet
1428 1727 1602 1777 vitam
1637 1728 1901 1776 aeternam

308 1820 490 1888 (Joan.
526 1836 591 1884 Vl,
630 1815 734 1887 49).
760 1818 1038 1871 Caeterum
1059 1814 1329 1870 Dominus
1345 1812 1412 1867 ad
1436 1812 1656 1867 Judaeos
1682 1829 1693 1865 :
1721 1814 1906 1865 Patres

301 1904 493 1972 vestri,
518 1907 720 1978 inquit,
750 1907 1229 1960 manducavrrunt
1260 1918 1472 1956 manna
1510 1904 1572 1955 in
1617 1904 1821 1955 deserto
1857 1906 1905 1954 et

304 1998 523 2050 mortui
557 2001 707 2049 sunt.
754 1992 1021 2065 Nunquid
1050 1997 1107 2046 et
1143 2008 1246 2045 nos
1266 1990 1361 2061 qui
1397 1990 1505 2043 ista
1531 1988 1895 2042 comedimus.

299 2084 695 2155 temporaliter
718 2099 828 2138 non
868 2081 1175 2136 moriemur
1203 2081 1349 2133 sicut
1378 2085 1434 2133 et
1463 2078 1581 2132 illi?
1603 2078 1906 2131 Moriemur

301 2179 522 2239 autem,
552 2173 649 2227 sed
680 2189 791 2226 non
810 2171 955 2226 sicut
975 2170 1055 2224 illi
1076 2171 1133 2224 in
1164 2169 1372 2233 anima,
1401 2168 1533 2239 quia
1554 2168 1635 2221 illi
1658 2167 1905 2221 carnali-

299 2267 397 2316 ter
420 2270 443 2294 °
471 2261 891 2325 manducantes,
930 2258 1136 2314 mortui
1170 2264 1303 2313 sunt
1340 2258 1397 2311 in
1425 2257 1731 2311 aeternum!
1757 2275 1769 2322 ;
1806 2272 1906 2311 nos

301 2355 499 2405 autem
528 2351 662 2404 dum
700 2350 837 2403 nihil
867 2349 1091 2403 carnale
1120 2347 1178 2401 in
1210 2363 1274 2401 eo
1302 2346 1571 2416 sapimus,
1598 2346 1711 2399 imo
1738 2344 1903 2416 spiri-

300 2440 421 2494 tale
449 2452 476 2488 s
501 2444 683 2493 totum
712 2437 1041 2510 spiritaliter
1060 2435 1437 2505 intelligentes
1458 2435 1517 2488 in
1538 2434 1758 2489 Christo
1784 2448 1906 2487 ma-

301 2545 527 2584 nemus.
553 2528 764 2583 Idcirco
793 2527 862 2581 de
896 2527 985 2580 his
1024 2526 1120 2597 qui
1150 2532 1299 2580 recte
1341 2523 1658 2595 percipiunt
1699 2522 1907 2576 clamat

300 2618 430 2690 ipse
455 2636 467 2671 :
493 2619 599 2685 Qui
620 2618 917 2671 manducat
942 2618 1090 2669 hunc
1123 2631 1318 2681 panem
1350 2616 1486 2667 vivet
1522 2615 1583 2665 in
1613 2618 1900 2665 .rternum.

298 2707 433 2761 Non
455 2706 604 2761 enim
632 2723 663 2759 a
694 2704 854 2759 nobis
875 2709 1102 2776 propter
1122 2704 1265 2757 hanc
1285 2702 1476 2764 vitam,
1504 2717 1576 2754 ne
1599 2699 1907 2754 moriamur

298 2795 709 2867 temporaliter,
744 2794 841 2847 sed
881 2799 1109 2863 propter
1154 2798 1423 2845 aeternam
1454 2806 1582 2843 caro
1611 2788 1819 2844 Christi
1851 2794 1908 2841 et

301 2884 538 2955 sanguis
549 2883 793 2938 sumitur
811 2881 1165 2954 spiritaliter;
1184 2880 1252 2933 ad
1271 2896 1438 2950 quam
1452 2878 1716 2932 nimirum
1734 2877 1906 2930 vitam

301 2991 412 3028 nec
432 2974 511 3036 illi
536 2978 668 3027 sunt
698 2971 956 3043 ingressi,
983 2970 1078 3042 qui
1112 2970 1265 3040 prius
1297 2969 1464 3038 digne
1495 2968 1552 3021 in
1592 2968 1775 3035 ﬁgura
1799 2966 1907 3019 ista

1220 274 1351 327 LIB.
1401 272 1487 325 DE
1529 267 1864 325 CORPt‘iRE
1905 265 1990 319 ΕΤ
2030 261 2397 318 SANGUINE
2434 262 2716 317 DOMINI‘.

3476 274 3610 331 1'28?

2605 390 2839 446 CAPUT
2869 392 2936 446 VI
2966 394 3013 444 κ.

2006 513 2149 579 Quid
2186 513 2257 564 sit
2285 517 2469 564 autem
2507 514 2669 578 digne
2698 516 2773 589 ad
2800 518 2973 589 vitam
3014 521 3293 587 percipere
3336 537 3527 589 corpus
3551 527 3603 575 et

2507 586 2842 651 sanguinem
2877 586 3105 641 Christi.

2072 703 2116 761 l.
2153 706 2269 758 Hoc
2296 721 2432 758 sane
2461 705 2717 759 Christus
2745 709 3006 777 exponit:
3032 712 3139 776 Qui
3170 714 3488 778 manducet,
3523 712 3607 767 in-

2003 792 2143 863 quit,
2170 810 2347 847 meam
2365 800 2672 857 carnem,et
2700 797 2834 849 bibit
2858 814 3040 851 meum
3063 804 3420 867 sanguinem,
3447 805 3508 855 in
3524 819 3609 857 me

2002 886 2185 935 manet
2217 886 2264 934 et
2294 898 2385 948 ego
2417 884 2480 935 in
2507 886 2605 936 illo
2637 885 2797 948 (Joan
2814 899 2886 951 vI,
2912 884 3021 955 37).
3050 887 3236 956 (Aug.,
3262 895 3403 941 trac.
3434 888 3523 956 26,
3548 890 3607 945 in

1999 970 2162 1024 Joan.
2195 968 2298 1022 sub
2326 970 2449 1023 ﬁn.:
2483 970 2600 1023 Hoc
2629 977 2716 1024 est
2749 988 2883 1042 ergo
2922 975 3263 1029 manducare
3292 976 3443 1031 illius
3480 994 3605 1032 car-

2000 1073 2129 1110 nem
2161 1067 2217 1110 et
2244 1056 2573 1126 sanguinem
2603 1057 2812 1121 bibere,
2842 1060 2890 1113 si
2918 1060 2971 1114 in
3004 1062 3225 1116 Christo
3266 1071 3507 1129 maneat,
3536 1071 3595 1120 et

2001 1138 2259 1198 Christus
2278 1144 2338 1198 in
2361 1145 2477 1206 illo.
2506 1145 2600 1216 qui
2644 1148 2880 1217 percipit
2918 1149 3103 1219 digne,
3139 1167 3367 1205 manere
3398 1151 3594 1222 possit.

1994 1232 2093 1287 Ille
2122 1233 2296 1302 igitur
2319 1234 2375 1287 in
2405 1234 2627 1287 Christo
2652 1244 2861 1301 manet,
2888 1236 2983 1307 qui
3005 1246 3234 1293 renatus
3264 1256 3329 1293 ex
3358 1256 3507 1310 aqua
3539 1246 3597 1295 et

1992 1321 2214 1392 spiritu,
2236 1322 2388 1383 nullo
2420 1322 2641 1376 mortali
2661 1323 2895 1379 crimine
2919 1342 3048 1379 reus
3065 1333 3292 1382 tenetur
3314 1347 3327 1393 ;
3359 1335 3417 1382 et
3437 1329 3597 1383 Chri-

1992 1416 2114 1464 stus
2138 1410 2193 1463 in
2225 1427 2290 1465 eo
2315 1411 2506 1481 utique
2526 1411 2622 1481 qui
2651 1412 2873 1482 aperuit
2891 1413 2966 1467 illi
2985 1415 3221 1482 januam
3245 1416 3372 1470 ﬁdei
3396 1416 3455 1470 in
3478 1416 3598 1488 Spi-

1992 1500 2106 1553 ritu
2135 1506 2329 1552 sancto
2350 1506 2710 1554 consecrante
2738 1502 2767 1565 ‘,
2794 1507 2858 1555 ut
2888 1502 3200 1556 membrum
3229 1509 3376 1558 esset
3394 1505 3451 1558 in
3476 1506 3596 1574 ejus

1990 1604 2221 1658 corpore
2247 1592 2305 1642 et
2331 1589 2604 1658 templum
2627 1597 2713 1642 est
2734 1589 2976 1659 Spiritus
3006 1592 3220 1644 sancti:
3244 1592 3378 1663 quia
3400 1596 3450 1646 si
3468 1596 3593 1661 quis

1922 1698 1966 1758 B
1988 1678 2255 1744 spiritum
2286 1678 2494 1733 Christi
2523 1693 2635 1731 non
2664 1678 2840 1740 habet,
2861 1679 2951 1763 hic
2979 1695 3089 1733 non
3119 1686 3197 1734 est
3214 1685 3349 1748 ejus.
3375 1680 3482 1744 Qui
3501 1698 3599 1736 au-

1986 1769 2102 1818 tem
2131 1766 2256 1834 ejus
2284 1781 2399 1819 non
2435 1770 2538 1823 est.
2573 1782 2702 1818 vere
2733 1781 2835 1819 nec
2869 1766 2927 1819 in
2976 1766 3091 1832 illo,
3124 1783 3227 1822 nec
3273 1768 3330 1821 in
3358 1785 3596 1840 corpore

1986 1854 2110 1923 ejus
2155 1870 2276 1907 esse
2308 1858 2527 1923 potest;
2567 1858 2625 1906 et
2658 1853 2751 1923 qui
2795 1854 2854 1907 in
2894 1854 2988 1907 illo
3022 1872 3134 1909 non
3173 1864 3382 1918 manet,
3414 1874 3597 1928 neque

1987 1941 2098 1996 vita
2127 1942 2356 2012 spiritus
2376 1942 2508 1995 vivit
2536 1942 2593 1994 in
2614 1958 2863 2012 corpore,
2891 1942 2946 1995 in
2972 1942 3065 1995 illo
3096 1944 3294 2014 utique
3310 1961 3413 1998 nec
3430 1945 3588 1999 Chri-

1984 2036 2106 2084 stus
2134 2037 2238 2096 est,
2259 2047 2440 2101 neque
2469 2030 2563 2084 ille
2586 2030 2643 2083 in
2673 2030 2895 2084 Christo
2927 2037 3113 2101 potest
3134 2048 3255 2086 esse
3276 2052 3289 2098 ;
3314 2033 3448 2103 quia
3478 2050 3594 2088 om-

1985 2120 2119 2175 nino
2151 2121 2407 2175 Christus
2437 2121 2552 2174 vita
2582 2126 2668 2173 est
2700 2138 2711 2171 :
2746 2120 2834 2173 hic
2872 2127 3062 2174 autem
3096 2121 3320 2174 mortali
3348 2121 3583 2176 crimine

1987 2226 2118 2263 reus
2146 2227 2180 2263 a
2209 2209 2317 2264 vita
2350 2211 2512 2280 longe
2541 2209 2848 2264 alienatur.
2890 2208 3031 2262 Hinc
3071 2225 3292 2279 quoque
3322 2216 3407 2263 est
3436 2211 3586 2281 quod

1987 2298 2069 2352 ait
2093 2317 2103 2351 :
2130 2300 2235 2366 Qui
2257 2300 2557 2352 manducat
2578 2314 2754 2352 meam
2776 2314 3019 2363 carnem,
3041 2303 3086 2350 et
3108 2300 3239 2351 bibit
3261 2316 3445 2352 meum
3462 2315 3588 2354 san-

1986 2391 2234 2455 guinem,
2254 2389 2317 2440 in
2342 2403 2423 2440 me
2449 2392 2632 2440 manet
2648 2392 2799 2454 etego
2827 2390 2889 2439 in
2911 2389 3008 2440 itto
3032 2387 3298 2458 (Joan.v1,
3327 2386 3437 2455 57);
3459 2387 3598 2442 alio-

1988 2475 2123 2546 quin
2154 2475 2261 2529 nisi
2294 2475 2448 2545 prius
2475 2476 2533 2528 in
2560 2492 2649 2529 me
2681 2480 2909 2528 maneat
2938 2480 2995 2529 et
3015 2492 3118 2545 ego
3144 2476 3201 2529 in
3224 2476 3337 2538 illo,
3359 2493 3586 2531 carnem

1987 2580 2172 2617 meam
2192 2564 2531 2618 manducare
2560 2581 2671 2618 non
2692 2569 2893 2635 potest,
2928 2581 3110 2635 neque
3142 2566 3475 2635 sanguinem
3503 2565 3590 2618 bi-

1987 2651 2138 2708 bere.

2058 2777 2110 2835 2.
2166 2778 2233 2831 Et
2279 2777 2411 2847 quid
2442 2784 2529 2831 est
2555 2777 2704 2848 quod
2750 2778 3095 2832 manducant
3126 2778 3421 2833 homines?
3449 2779 3586 2834 Ecce

1989 2881 2184 2923 omnes
2210 2867 2595 2921 indifferenter
2619 2883 2785 2937 quam
2814 2884 2960 2938 saepe
2988 2873 3341 2921 sacramenta
3385 2868 3581 2922 altaris

1987 2955 2371 3026 percipiunt“.
2389 2956 2542 3009 Perci
2550 2956 2712 3026 piunt
2727 2956 3018 3026 plane,sed
3037 2956 3181 3009 alius
3193 2972 3417 3009 carnem
3434 2954 3589 3010 Chri-

299 3061 709 3134 percipiebant,
743 3060 920 3115 donec
951 3058 1165 3114 veniret
1191 3057 1376 3128 gratia
1401 3055 1564 3113 nobis
1594 3061 1650 3109 et
1676 3055 1786 3109 illis
1818 3052 1971 3126 pa.C
1992 3044 2064 3098 sti
2105 3044 2435 3115 spiritaliter
2465 3044 2765 3098 manducat
2797 3050 2855 3097 et
2890 3044 3221 3114 sanguinem
3252 3044 3412 3109 bibit,
3444 3044 3587 3098 alius

302 3153 450 3207 riter
470 3149 826 3222 repromissa.
866 3162 869 3165 ‘

384 3240 435 3298 3.
461 3240 621 3296 Unde
650 3245 805 3311 patet
834 3238 966 3310 quia
994 3237 1233 3291 multum
1258 3235 1513 3300 interest,
1535 3234 1791 3306 quamvis
1820 3249 1909 3287 ea-

304 3329 440 3385 dem
475 3346 602 3385 esca
646 3328 906 3400 idemque
951 3332 1117 3398 potus
1149 3325 1219 3380 ab
1257 3325 1523 3397 Apostolo
1553 3323 1904 3395 praedicetur,

306 3419 446 3491 quia
470 3419 621 3473 idem
659 3417 895 3473 necdum
926 3417 984 3471 in
1014 3433 1092 3482 re,
1127 3415 1224 3470 sed
1255 3414 1314 3468 in
1347 3414 1531 3485 specie
1557 3412 1583 3448 ιι
1607 3429 1672 3466 ac
1699 3412 1904 3481 ﬁgura,

304 3508 406 3565 ubi
436 3507 731 3580 promissio
762 3506 1010 3561 veritatis
1038 3505 1221 3559 inerat
1246 3521 1257 3556 :
1293 3502 1362 3556 de
1392 3518 1501 3573 qua
1530 3500 1799 3572 spiritalis
1826 3501 1910 3554 in-

304 3597 641 3669 telligentia,
672 3602 842 3667 atque
872 3595 1001 3649 ﬁdei
1034 3597 1383 3648 sacramenta
1412 3590 1522 3644 illis
1561 3590 1691 3643 licet
1718 3589 1908 3643 futura

305 3686 796 3759 impertiebantur,
835 3684 916 3739 ita
952 3688 1016 3738 ut
1044 3699 1147 3737 nec
1183 3681 1294 3736 illis
1340 3679 1558 3734 deesset
1597 3678 1655 3732 in
1684 3677 1905 3749 spiritu,

309 3776 447 3848 quid
469 3776 588 3846 jam
621 3790 717 3846 spe
738 3773 750 3809 ί
774 3778 1053 3845 potarent,
1084 3787 1187 3826 nec
1213 3769 1375 3824 nobis
1395 3768 1529 3840 quid
1558 3767 1628 3821 de
1653 3766 1788 3838 ipsis
1816 3783 1911 3820 re-

308 3864 541 3921 colendo
571 3863 643 3918 ad
682 3862 811 3917 ﬁdei
842 3862 1167 3916 ﬁrmitatem
1207 3865 1265 3914 et
1291 3858 1463 3912 vitam
1494 3855 1908 3928 percipiendam

307 3952 590 4026 copiosius
615 3951 888 4024 proﬁciat.
922 3951 1037 4006 Nos
1067 3955 1256 4004 autem
1279 3948 1401 4019 [al.,
1444 3942 1660 4016 tamen]
1691 3949 1747 3998 et
1784 3943 1908 3998 illos

307 4041 589 4116 spiritales
636 4040 917 4114 perceptio
962 4039 1222 4105 viviﬁcat,
1256 4036 1389 4108 quia
1426 4033 1694 4089 bibebant
1728 4032 1809 4086 illi
1839 4033 1909 4086 de

308 4131 552 4205 spiritali
604 4128 968 4202 consequenti
1014 4144 1108 4182 eos
1154 4131 1333 4198 petra,
1380 4124 1707 4195 signiﬁcans
1758 4121 1907 4192 quod

1988 3150 2118 3186 vero
2171 3149 2302 3195 non,
2336 3132 2590 3203 quamvis
2645 3132 2952 3186 buccellam
2998 3132 3068 3185 de
3123 3148 3294 3186 manu
3336 3133 3590 3186 sacerdo-

1989 3221 2063 3275 tis
2106 3220 2363 3274 videatur
2408 3220 2711 3291 percipere.
2747 3221 2817 3274 Et
2858 3220 2991 3291 quid
3032 3219 3249 3291 accipit,
3296 3236 3424 3275 cum
3477 3235 3593 3275 una
3682 3242 3685 3245 λ

1991 3310 2067 3363 sit
2087 3308 2451 3374 consecratio,
2484 3308 2531 3361 si
2559 3324 2762 3378 corpus
2798 3316 2856 3362 et
2892 3309 3224 3377 sanguinem
3249 3309 3458 3363 Christi
3479 3325 3593 3363 non

1990 3398 2192 3468 accipit
2212 3397 2237 3449 ?
2256 3413 2403 3461 vere,
2439 3396 2573 3466 quia
2605 3413 2732 3449 reus
2762 3396 2989 3465 indigne
3017 3396 3236 3466 accipit,
3261 3397 3410 3451 sicut
3442 3398 3590 3452 Pau-

1990 3486 2077 3540 lus
2100 3486 2385 3557 apostolus
2408 3486 2487 3538 ait
2520 3503 2531 3537 :
2562 3486 2851 3537 Judicium
2879 3486 2983 3537 sibi
3021 3485 3324 3537 manducat
3351 3491 3400 3538 et
3431 3486 3587 3551 bibit,

1991 3591 2102 3629 non
2119 3575 2358 3643 probans
2385 3589 2438 3626 se
2464 3574 2643 3641 prius,
2672 3588 2767 3626 nec
2794 3573 3112 3640 dijudicans
3141 3587 3337 3640 corpus
3359 3575 3591 3626 Domini

1996 3666 2045 3734 (I
2070 3664 2194 3719 Cor.
2236 3676 2310 3726 x1,
2342 3660 2450 3729 29).
2506 3661 2641 3715 Ecce
2688 3660 2822 3731 quid
2857 3659 3160 3713 manducat
3208 3665 3483 3730 peccator,
3536 3665 3594 3714 et

1991 3751 2125 3822 quid
2153 3749 2292 3804 bibit
2308 3759 2355 3811 ιι,
2386 3764 2499 3802 non
2524 3748 2719 3818 utique
2748 3747 2854 3802 sibi
2879 3763 3105 3801 carnem
3137 3747 3353 3800 utiliter
3379 3753 3438 3801 et
3464 3763 3590 3802 san-

1988 3840 2237 3912 guinem,
2270 3839 2366 3893 sed
2407 3836 2679 3908 judicium
2715 3854 2725 3888 :
2760 3835 2889 3889 licet
2928 3835 3182 3889 videatur
3209 3851 3337 3888 cum
3374 3837 3590 3890 caeteris

1990 3933 2406 3984 sacramentum
2452 3925 2646 3980 altaris
2691 3925 2977 3996 percipere
3005 3923 3034 3976 ‘l
3074 3924 3141 3979 Et
3183 3924 3398 3994 quare?
3445 3924 3593 3989 Quia

1993 4037 2106 4074 non
2136 4035 2195 4073 se
2215 4016 2430 4089 probat,
2451 4032 2553 4070 nec
2570 4014 2843 4085 dijudicat
2865 4012 3090 4067 Domini
3111 4028 3331 4083 corpus.
3362 4013 3589 4082 Cogitat

1993 4110 2144 4163 enim
2175 4106 2416 4161 inﬁdelis
2437 4104 2585 4176 quod
2617 4103 2789 4173 digna
2811 4108 2869 4157 et
2894 4108 3089 4156 sancta
3117 4100 3385 4170 indignus
3414 4102 3594 4172 possit

310 4189 573 4278 Christus
598 4224 725 4292 post
748 4189 843 4274 eos
863 4224 1133 4273 venturus
1154 4189 1589 4271 essetiBibimus
1615 4189 1836 4284 quoque
1857 4215 1908 4265 et

1998 4198 2262 4268 accipere,
2308 4210 2421 4249 non
2472 4193 2627 4248 aliud
2677 4191 2908 4262 quidem
2949 4190 3267 4255 attendens,
3301 4189 3408 4244 nisi
3441 4189 3592 4261 quod

309 4327 415 4367 nos
448 4278 779 4382 spiritaliter
823 4324 888 4363 ac
926 4305 1272 4362 comedimus
1301 4278 1658 4375 spiritalem-1
1705 4278 1961 4382 Christi;
1988 4287 2164 4382 fidet,
2195 4300 2378 4355 neque
2408 4280 2888 4382 .ifltelligensnnii'ii
2925 4279 3085 4382 ,ηιξοά
3264 4278 3508 4382 sentile
3534 4289 3586 4382 σε

309 4367 560 4466 carnein,
597 4400 655 4453 in
676 4414 787 4471 qua
808 4398 922 4452 vita
955 4402 1166 4452 aeterna
1196 4411 1315 4449 esse
1332 4367 1633 4457 creditur;
1662 4388 1911 4459 alioquin
1927 4372 2581 4471 ῡΝθειιιείιυιξωηίξίων
2629 4370 2808 4470 crefﬁt
2843 4374 2945 4424 ειη
2997 4367 3279 4468 ίηιεξιίεξίτ
3313 4368 3478 4471 (ἰξιειθ
3507 4368 3594 4423 νει

311 4506 510 4562 sapere
530 4488 841 4543 secundum
867 4502 1090 4541 carnem
1114 4501 1264 4539 mors
1294 4487 1397 4547 est,
1431 4485 1489 4536 et
1505 4485 1695 4533 tamen
1721 4492 1911 4532 veram
1996 4470 2268 4538 quantum
2286 4462 2559 4562 ,ἱιιάίείυξξὶ
2586 4460 2791 4526 sumit;
2818 4474 3021 4559 ηεξωρθ
3045 4457 3365 4562 quiafimul
3382 4471 3591 4555 ὀωηθε

312 4544 525 4634 Clit-isti
570 4594 796 4633 carnem
848 4575 1176 4647 spiritaliter
1222 4544 1507 4644 percipere
1550 4568 1666 4622 vita
1704 4572 1914 4622 aeterna
1996 4572 2062 4609 ex
2088 4572 2203 4609 uno
2231 4554 2397 4607 edere
2418 4550 2709 4605 visibiliter
2735 4548 2934 4613 cernit,
2954 4562 3056 4600 nec
3072 4546 3119 4600 si
3139 4545 3331 4615 aliqua
3443 4545 3593 4644 ultra

440 4632 445 4633 γ
464 4632 501 4634 Ἴ
610 4632 613 4633 ν
648 4632 653 4633 7
876 4632 897 4647 ⁸
1223 4632 1241 4644 ³
1373 4632 1393 4642 ’
1993 4646 2170 4699 virtus
2199 4643 2259 4697 in
2280 4658 2346 4697 eo
2379 4640 2516 4695 satis
2544 4656 2609 4694 ex
2638 4638 2747 4692 ﬁde
2770 4637 2935 4708 sapit.
2960 4636 3197 4706 Propter
3218 4632 3366 4704 quod
3387 4632 3469 4687 illi
3486 4632 3592 4686 vir-

1991 4740 2084 4789 tus
2112 4730 2452 4789 sacramenti
2496 4727 2864 4792 subtrahitur,
2898 4729 2956 4779 et
2996 4724 3057 4778 in
3102 4722 3300 4778 eodem
3333 4720 3404 4775 ob
3443 4737 3591 4794 prae-

2063 4875 2090 4917 ¹ι
2122 4876 2288 4947 Editi,
2316 4891 2421 4948 spe.

2063 4964 2077 5000 ι
2104 4954 2243 5009 Tres
2276 4966 2432 5014 mss.,
2455 4949 2580 5016 jam
2600 4956 2750 5015 sape.

2056 5030 2072 5077 J
2110 5025 2219 5086 AL,
2247 5021 2641 5092 spirituatiter.

2060 5097 2088 5134 ¹⁶
2118 5089 2314 5158 ιδυδῖ,
2346 5107 2467 5162 cap.
2506 5089 2582 5146 X.

2057 5174 2071 5212 ι
2111 5153 2371 5237 Quinque
2400 5153 2563 5237 mss.,
2589 5156 2915 5237 consecrato,
2952 5153 3182 5237 quidam
3220 5160 3581 5237 cionseeratus.

2060 5248 2101 5276 ω
2127 5227 2192 5294 in
2216 5227 2404 5292 codice
2429 5230 2729 5290 Laubiensi
2752 5229 2844 5285 hic
2863 5227 3058 5302 incipit
3080 5246 3200 5300 cap.
3230 5228 3304 5282 XI
3324 5243 3459 5282 cura
3479 5227 3586 5302 hoc

1994 5312 2157 5369 titulo
2190 5328 2201 5363 :
2238 5308 2381 5376 Quid
2408 5308 2480 5358 sit
2509 5304 2653 5372 quod
2675 5305 2739 5355 in
2770 5299 3121 5356 Eucharistia
3138 5299 3370 5352 sumunt
3384 5303 3463 5354 vet
3496 5299 3584 5353 in-

1993 5385 2155 5452 digni
2183 5384 2262 5435 vet
2292 5380 2479 5444 digni.

2064 5463 2091 5489 η
2129 5453 2276 5507 Flor.
2306 5448 2481 5511 addit,
2516 5461 2628 5500 non
2654 5446 2893 5512 probans
2923 5459 2975 5496 se
3004 5443 3182 5509 prius.

2065 5530 2089 5557 °
2116 5525 2219 5580 Ms.
2253 5523 2311 5578 S.
2342 5516 2618 5583 Audoeni,
2649 5516 2791 5585 quod
2820 5529 2910 5567 ore
2937 5514 3124 5566 sentis.

385 4917 412 4983 ξι
435 4906 573 4966 Tres
599 4923 756 4975 mss.,
785 4902 1058 4983 habuerit.
1114 4977 1125 4983 _
1311 4972 1322 4983 _
1568 4964 1579 4983 ⁸

351 5055 361 5066 .
386 4978 414 5064 ξ
440 4983 729 5037 Puteanus
745 4972 944 5043 codex,
963 4977 1125 5046 quasi
1137 4972 1407 5043 promissa
1425 4972 1765 5038 suspirantes
1779 4982 1912 5037 par-

315 5058 646 5122 ticipantur.
1427 5066 1431 5071 ο

383 5131 406 5159 °
432 5126 656 5178 Mamcr.
688 5138 816 5177 cum
860 5121 1135 5182 Puteano,
1186 5113 1504 5171 Colbertino
1551 5126 1682 5173 uno,
1715 5107 1908 5165 Remi-

315 5193 508 5266 giano,
539 5203 599 5251 et
624 5191 938 5250 ’I‘uronensi
964 5187 1494 5260 Majoris-monast.,
1524 5188 1572 5236 et
1600 5182 1909 5247 aenigmati-

316 5267 634 5419 ὺυΞΟξ-ἰςῃξ.)
662 5337 899 5419 defectis,
931 5336 1130 5388 contra
1155 5330 1325 5386 ﬁdem
1352 5324 1603 5382 omnium
1635 5338 1767 5376 mss.

387 5409 411 5463 ἷ
441 5409 610 5473 Editi,
645 5409 922 5462 carnalia.

437 5466 670 5535 Mamer.
691 5478 922 5533 Ulimm.
937 5490 1066 5529 cum
1088 5470 1423 5544 quibusdam
1436 5483 1594 5535 mss.,
1608 5468 1671 5520 in
1690 5466 1908 5519 anima.

386 5560 414 5598 Β
443 5550 612 5618 Editi,
638 5551 976 5621 spirituates.
