3992 6166
503 216 644 273 1‘283
1257 214 1311 266 S.
1362 212 1741 267 PASCHASII
1781 210 2138 283 RADBERTI
2179 208 2484 265 ABBATIS
2524 208 3017 266 CORBEIENSIS.
3590 209 3715 265 11285

497 339 873 410 sumptionem
925 336 1202 408 judicium
1249 344 1273 371 ⁸
1322 340 1513 389 reatus
1560 331 1897 401 duplicatur,
1950 330 2495 400 undeAsuperatus,
2529 344 2688 395 voces
2726 329 2986 383 emittere
3025 328 3239 399 absque
3288 327 3604 386 sermonibus
3630 348 3718 387 non

495 427 798 497 Apostolus
833 443 843 478 :
876 427 1063 481 Probet
1096 442 1147 479 se
1168 425 1325 478 homo
1348 425 1526 491 prius,
1559 425 1607 473 et
1637 422 1714 473 sic
1733 421 1795 473 de
1822 434 1965 487 pane
1994 422 2091 473 illo
2173 417 2447 483 cessabat,
2482 415 2696 471 habens
2715 417 2773 471 in
2803 424 3032 488 gutture
3065 416 3297 471 malitiae
3320 433 3426 471 sure
3443 420 3719 488 cruciatum,

495 518 634 580 edat,
687 521 735 569 et
764 516 828 569 de
868 518 1034 569 calice
1080 515 1227 566 bibat
1258 512 1443 571 (Ibid,
1484 507 1596 565 27L
1631 507 1845 572 Quibus
1876 506 2092 561 duobus
2175 506 2305 578 quia
2321 507 2626 561 secundum
2641 507 2984 561 sanctissimi
2999 507 3325 561 vaticinium
3341 507 3765 575 Simeonis,sicut'

412 661 416 665 ,
492 603 747 667 servatis,
770 603 953 657 videat
979 608 1172 656 utrum
1199 600 1377 669 digne
1395 597 1647 667 accipere
1680 597 1872 668 possit,
1905 596 2096 650 videli-
2176 595 2484 650 incredulis
2515 600 2601 649 est
2630 596 2904 667 pernicies
2947 613 3011 651 ac
3043 597 3232 663 ruina,
3276 595 3355 649 ita
3384 596 3608 650 fidelibus
3633 599 3724 653 suis

496 698 586 747 cet
613 699 677 747 ut
706 692 975 763 dijudicet
988 707 1191 761 corpus
1220 687 1464 752 Domini,
1489 686 1622 757 quid
1650 692 1737 740 est
1751 692 2092 757 quantumve
2174 685 2290 739 vita
2344 690 2401 738 et
2449 684 2714 739 exultatio
2752 691 2840 739 est
2867 684 3098 739 verbum
3132 684 3256 739 Dei.
3314 685 3450 739 Nam
3498 685 3727 742 subtiliter

494 786 930 845 sacramentum,
964 778 1257 850 qualisque
1275 778 1453 830 virtus
1474 775 1830 838 sacramenti,
1853 775 1986 845 quia
2015 774 2096 827 di-
2176 773 2585 844 aspicientibus
2618 773 2927 828 miserabili
2970 773 3274 828 libratione
3304 790 3494 845 corpus
3521 774 3725 829 Domini-

494 871 690 924 vinum
730 887 794 923 ac
822 868 1074 940 spiritale
1103 871 1188 920 est
1241 865 1453 920 Deinde
1483 864 1850 934 semetipsum
1900 863 2097 933 probet
2177 880 2303 917 cum
2326 863 2384 916 in
2407 879 2502 916 ore
2519 862 2812 917 videbatur
2824 864 2852 917 J
2861 862 3359 933 udaaidependere,
3382 863 3457 916 ita
3480 869 3535 916 ut
3549 880 3635 917 nec
3649 864 3726 919 lin-

497 966 689 1014 utrum
717 959 836 1030 ipse
865 958 939 1011 sit
969 957 1026 1010 in
1061 972 1292 1026 corpore
1319 954 1546 1010 Christi.
1579 953 1659 1006 vel
1691 953 1738 1006 si
1760 953 2016 1006 Christus
2036 952 2093 1005 in
2176 968 2300 1021 gues
2316 950 2781 1022 subtercompagi
2799 951 3086 1017 insideret,
3108 968 3215 1005 nec
3230 952 3466 1024 desuper
3481 952 3723 1006 immundo

498 1065 564 1103 eo
584 1045 1089 1116 maneat,alioquin
1112 1044 1219 1099 nisi
1242 1048 1300 1097 et
1318 1042 1455 1096 illud
1476 1040 2034 1113 spiritaliterjudicet
2051 1071 2093 1107 δ,
2178 1040 2489 1095 adhaereret
2514 1040 2721 1113 palato.
2750 1040 3177 1096 Postulantibus
3193 1046 3384 1095 autem
3408 1041 3602 1095 cunctis
3618 1041 3725 1096 ﬁde-

497 1142 556 1191 et
577 1136 939 1207 semetipsum
962 1134 1029 1188 ad
1052 1131 1470 1205 percipiendum
1492 1130 1756 1184 idoneum
1778 1129 1992 1201 probet,
2012 1130 2098 1199 ju-
2179 1128 2324 1184 libus
2351 1146 2452 1201 pro
2502 1131 2622 1200 ejus
2658 1129 2905 1195 miseria,
2937 1131 3022 1184 vir
3063 1130 3295 1185 Domini
3326 1130 3494 1201 Syrus
3541 1147 3726 1184 manum

498 1224 708 1280 dicium
737 1224 842 1279 sibi
873 1223 1038 1278 mand
1048 1227 1193 1285 ucat,
1213 1220 1345 1292 quia
1366 1219 1511 1274 bono
1541 1219 1687 1273 male
1706 1218 1886 1273 utitur
1917 1236 1928 1269 :
1947 1218 2098 1272 unde
2180 1218 2467 1291 propriam
2488 1218 2745 1285 tetendit,
2770 1226 2827 1274 et
2846 1224 3051 1274 sanctae
3070 1219 3434 1274 Eucharistie
3451 1219 3725 1292 mysterium

499 1330 614 1370 non
648 1313 788 1368 illud
816 1313 889 1367 ad
917 1312 1111 1376 vitam,
1144 1310 1243 1365 sed
1272 1310 1330 1363 in
1360 1325 1425 1363 eo
1449 1307 1729 1379 judicium
1773 1307 1844 1362 ad
1874 1323 2096 1378 poenam
2181 1325 2217 1362 a
2239 1308 2510 1378 sacrilego
2540 1307 2811 1362 abstraxit
2828 1325 2944 1376 ore,
2976 1308 3171 1364 dicens
3197 1324 3209 1357 :
3242 1309 3381 1363 Ecce
3404 1325 3556 1373 nunc,
3585 1309 3728 1363 incre-

502 1402 679 1457 sumit
692 1411 733 1456 α.
2182 1397 2331 1464 dule,
2363 1397 2633 1452 liberatus
2658 1414 2738 1465 es,
2760 1398 2831 1452 de
2868 1404 3068 1452 caetero
3087 1415 3224 1453 cave
3248 1398 3561 1469 hujusmodi
3585 1398 3730 1452 simile

574 1490 626 1548 3.
661 1492 730 1545 Et
749 1494 812 1544 ut
839 1505 907 1543 ea
934 1505 1059 1560 quae
1086 1487 1329 1542 diximus
1349 1485 1681 1541 certioribus
1713 1485 1979 1556 exemplis
2000 1501 2101 1556 ap-
2183 1503 2254 1542 ne
2279 1486 2471 1551 facias,
2502 1493 2559 1542 et
2598 1503 2668 1541 ne
2699 1486 2936 1541 ulterius
2974 1492 3254 1559 repetere,
3288 1503 3361 1542 ne
3406 1487 3628 1542 deterius
3650 1486 3728 1540 tibi

500 1579 821 1653 probemus,
855 1578 1162 1632 referemus
1206 1576 1275 1630 de
1314 1575 1559 1646 quodam
1592 1574 1826 1640 infideli,
1863 1574 1959 1645 qui
1989 1589 2155 1653 non_
2184 1575 2394 1647 aliquid
2425 1576 2605 1631 simile
2635 1575 2943 1647 contingat.
2977 1576 3208 1632 Judaaus
3238 1593 3373 1648 ergo
3401 1575 3615 1648 pedibus
3638 1577 3729 1646 ejus

501 1669 814 1740 dijudicans
845 1683 1046 1737 corpus
1092 1665 1336 1731 Domini,
1370 1680 1476 1718 nec
1513 1664 1760 1734 seipsum
1790 1646 2162 1717 secundumB
2181 1665 2497 1747 advolutus,
2525 1681 2584 1718 se
2632 1665 2854 1720 Christo
2882 1666 3122 1720 Domino
3166 1646 3525 1721 crediturum:
3554 1665 3596 1719 si
3620 1663 3729 1719 sacri

500 1757 831 1830 Apostolum
861 1754 1123 1827 probans,
1144 1754 1261 1808 haec
1284 1753 1555 1825 mysteria
1575 1752 1805 1822 indigne
1829 1767 2099 1823 praesum-
2182 1771 2310 1810 eum
2332 1754 2687 1825 baptismatis
2716 1754 2868 1809 unda
2892 1754 3282 1826 perfunderet,
3309 1772 3373 1810 ac
3400 1754 3488 1827 pio
3515 1756 3617 1825 ejus
3634 1770 3731 1808 con-

500 1846 615 1919 psit
629 1846 900 1917 accipere,
915 1844 1049 1916 quid
1070 1842 1174 1897 sibi
1194 1842 1325 1896 inde
1339 1840 1656 1911 contigerit.
1666 1841 1837 1895 Beato
1859 1858 2101 1913 namque
2182 1844 2373 1899 ventui
2384 1860 2513 1898 eum
2528 1861 2591 1898 co
2597 1844 2833 1915 pularet,
2852 1844 3345 1916 confitebaturque
3358 1862 3465 1916 qua
3476 1843 3730 1899 intentione

502 1938 644 2007 Syro
653 1934 1031 1990 Ticinensium
1044 1933 1225 2004 primo
1242 1931 1501 2002 episcopo
1516 1930 1815 1984 missarum
1830 1931 2102 1985 solemnia
2183 1933 2535 1988 Dominicum
2558 1949 2759 2004 corpus
2774 1933 3059 2006 percipere
3080 1940 3304 1989 temere
3324 1934 3731 2006 praesumpsisset.

497 2025 813 2081 celebrante
833 2023 891 2077 in
921 2021 1165 2077 Ecclesia
1188 2020 1481 2075 beatorum
1513 2026 1827 2090 martyrum
1849 2019 2100 2074 Gervasii
2183 2022 2393 2077 Prioris
2405 2023 2575 2077 etiam
2594 2023 2816 2093 culpam
2837 2022 3275 2089 incredulitatis,
3295 2040 3361 2077 ac
3379 2023 3731 2094 deincepsvere

500 2120 558 2169 et
586 2112 845 2178 Protasii,
870 2127 1040 2182 quam
1068 2111 1188 2181 ipse
1216 2109 1587 2172 dedicaverat,
1614 2108 1749 2162 dum
1775 2108 1935 2179 c0pia
1962 2109 2101 2163 ﬁlio-
2183 2112 2313 2166 fidei
2346 2112 2671 2166 firmitatem
2722 2128 2783 2166 se
2827 2111 3177 2166 habiturum.
3207 2111 3355 2179 Tibi,
3387 2112 3558 2183 inquit
3582 2110 3733 2164 beatus

499 2219 627 2257 rum
656 2204 794 2271 ejus,
831 2218 969 2271 quos
999 2198 1150 2253 verbi
1180 2199 1393 2253 semine
1432 2198 1595 2267 juxta
1623 2198 1951 2267 Apostolum
1985 2199 2101 2253 Deo
2184 2201 2433 2272 pontifex
2462 2201 2655 2272 Syrus.
2676 2202 2824 2255 Deus
2853 2201 3215 2273 omnipotens
3241 2203 3428 2268 Pater,
3451 2200 3609 2255 refero
3631 2215 3732 2269 gra-

499 2297 794 2362 genuerat,
828 2290 1025 2343 devote
1058 2288 1266 2342 sanctis
1303 2287 1587 2358 mysteriis
1624 2287 1940 2349 interesset,
1983 2285 2103 2355 qui-
2185 2290 2313 2352 tias,
2337 2290 2434 2361 qui
2462 2290 2750 2344 Judaicam
2792 2290 2961 2344 etiam
2997 2291 3298 2361 perfidiam
3325 2308 3434 2345 non
3468 2286 3733 2359 dedignaris

501 2379 633 2434 dam
662 2379 888 2432 Judaeus
907 2377 1181 2431 audenter
1202 2377 1507 2446 ingressus,
1526 2375 1772 2445 maligno
1794 2375 2101 2444 instigante
2185 2378 2484 2449 corrigere,
2514 2379 2610 2433 sed
2632 2378 2703 2432 ad
2726 2379 2810 2433 tui
2846 2379 3130 2450 Unigeniti
3160 2381 3334 2435 fidem
3364 2381 3543 2452 ampla
3567 2379 3733 2450 pietate

502 2468 727 2540 spiritu,
744 2483 945 2538 corpus
974 2466 1331 2521 Dominicum
1355 2481 1596 2530 sumere,
1618 2480 1860 2535 eumque
1883 2463 1942 2517 in
1963 2470 2103 2517 ster~
2185 2467 2345 2522 illam
2372 2468 2668 2522 convertis.
2696 2468 2983 2539 Baptizato
2997 2474 3191 2523 autem
3219 2470 3338 2533 illo,
3355 2469 3508 2524 multi
3524 2469 3668 2523 etiam
3684 2482 3732 2519 ex

503 2558 798 2629 quilinium
812 2556 1082 2628 projicere
1097 2555 1324 2609 ῐηοιίῖιιε
1344 2560 1445 2608 εει·
1461 2553 1569 2617 QUi
1590 2553 1739 2607 inter
1757 2552 1953 2607 turbas
1970 2552 2115 2635 ﬁde;
2183 2558 2210 2611 J
2220 2556 2389 2611 udzeis
2412 2557 2468 2610 in
2497 2557 2780 2612 Christum
2809 2557 3097 2612 credentes
3117 2576 3247 2613 cum
3277 2576 3344 2613 eo
3365 2575 3515 2613 sacro
3532 2561 3645 2612 sunt
3664 2571 3735 2608 re-

501 2647 643 2701 lium
672 2664 889 2701 sacram
913 2644 1320 2699 Eucharistiam
1343 2644 1413 2697 de
1435 2658 1603 2696 manu
1625 2642 1903 2713 pontiﬁcis
1927 2641 2099 2712 perci-
2182 2646 2301 2701 nati
2315 2645 2668 2717 baptismate,
2688 2646 2969 2701 acChi-isti
2984 2647 3248 2702 ﬁdelibus
3260 2643 3733 2720 spiritaliqueccelui

500 2736 794 2807 pientium,
821 2736 890 2789 ad
915 2750 1115 2788 manus
1145 2733 1245 2803 viri
1277 2732 1377 2786 Dei
1407 2731 1755 2802 perveniens,
1783 2747 1922 2784 ausu
1952 2729 2103 2784 nefa—
2183 2740 2316 2788 sunt
2342 2735 2504 2788 uniti.
2541 2735 2698 2789 Hanc
2735 2740 2925 2788 autem
2956 2735 3235 2791 ultionem
3281 2736 3491 2791 cunctis
3516 2732 3733 2789 divinitus

501 2824 604 2890 rio,
626 2824 921 2879 immundo
944 2839 1041 2877 ore
1067 2838 1268 2892 corpus
1298 2820 1543 2889 suscepit
1557 2819 1928 2883 Dominicum,
1951 2818 2101 2890 quod
2184 2828 2465 2877 ostensam
2493 2823 2623 2876 huic
2654 2828 2846 2877 nostro
2871 2824 3140 2894 Opusculo
3170 2826 3300 2880 ideo
3333 2824 3660 2884 inseruimus,
3679 2836 3731 2873 ne

500 2919 566 2968 ut
599 2913 882 2983 rejiciendi
914 2909 1132 2984 [causa]
1164 2926 1225 2963 os
1246 2909 1499 2979 operuit;
1532 2908 1705 2977 digna
1734 2907 1947 2961 ultione
1973 2924 2101 2978 per-
2185 2910 2311 2982 quis
2324 2910 2565 2965 inﬁdelis
2580 2918 2884 2983 antequam
2897 2929 3098 2983 corpus
3119 2914 3350 2968 Domini
3370 2913 3614 2983 dijudicet
3628 2907 3732 2981 quid

500 3003 705 3067 culsus,
748 3002 870 3056 sine
901 3001 1102 3063 effectu
1141 2997 1457 3057 verborum,
1491 2996 1706 3050 cunctis
1744 2996 2102 3051 audientibus
2120 3003 2161 3061 Ο
2183 3001 2259 3054 sit
2308 3007 2407 3055 aut
2438 3002 2663 3056 mortali
2703 3002 2935 3056 crimine
2978 3018 3129 3069 reus,
3174 3003 3500 3074 priusquam
3531 3001 3730 3061 Christo,

500 3097 560 3145 et
584 3089 904 3145 videntibus
931 3088 1175 3141 clamare
1202 3085 1387 3155 caapit.
1422 3083 1658 3138 Volebat
1676 3084 2095 3155 labiajungere,
2182 3106 2283 3161 per
2311 3090 2703 3160 pmnitentiam
2727 3107 2787 3145 se
2810 3090 2991 3163 ipsum
3014 3091 3283 3162 probans,
3308 3093 3366 3146 in
3389 3108 3514 3164 pace
3537 3087 3735 3144 reconci-

500 3194 605 3233 nec
635 3176 881 3242 valebat;
906 3174 1167 3245 cupiebat
1193 3174 1362 3227 verba
1378 3173 1564 3239 edere,
1588 3173 1683 3227 sed
1704 3173 1899 3243 lingua
1922 3174 2102 3244 rigida
2183 3175 2369 3241 lietur,
2399 3176 2469 3229 de
2495 3177 2599 3230 hoc
2624 3192 2768 3247 pane
2800 3177 2965 3231 edere
2995 3182 3053 3232 et
3075 3178 3145 3231 de
3173 3179 3351 3233 calice
3374 3178 3546 3233 bibere
3561 3182 3732 3230 temere

501 3265 1027 3336 loquendiofticium
1043 3279 1155 3317 non
1178 3261 1477 3333 praebebat,
1505 3268 1563 3316 et
1582 3262 1741 3333 quasi
1763 3262 1999 3332 ignitum
2016 3264 2101 3333 ja—
2183 3280 2248 3318 ac
2277 3266 2630 3336 negligenter
2652 3272 2973 3336 praesumat.
2996 3266 3126 3322 Haec
3154 3285 3261 3339 pro
3291 3268 3581 3323 assertione
3598 3278 3733 3319 sacrae

502 3355 690 3410 culum
720 3354 779 3408 in
798 3370 895 3409 ore
912 3359 1161 3425 portans,
1184 3351 1476 3405 immensis
1501 3352 1870 3422 torquebatur
1893 3352 2101 3406 dolori-
2182 3355 2591 3408 communionis
2622 3354 2772 3409 dicta
2800 3354 3103 3423 sufﬁciant,
3145 3372 3303 3412 nunc
3331 3354 3401 3410 ad
3437 3352 3732 3427 propositum

501 3443 636 3510 bus;
670 3442 966 3498 resonabat
998 3441 1178 3497 omnis
1208 3440 1305 3495 illa
1333 3440 1567 3495 ecclesia
1593 3441 1796 3512 ineptae
1818 3441 1964 3496 vocis
1992 3442 2103 3495 cla-
2182 3442 2500 3498 redeamus.
2918 3456 2921 3459 ‘

501 3531 771 3599 moribus,
800 3537 858 3587 et
885 3532 954 3586 de
972 3537 1090 3586 tam
1123 3530 1337 3602 egregii
1365 3530 1571 3585 virtute
1602 3530 1855 3585 miraculi
1889 3530 2099 3586 Christi
2765 3551 3001 3608 CAPUT
3030 3552 3131 3609 v11
3160 3555 3208 3609 ἀ,

500 3621 752 3677 ﬁdelium
798 3621 1093 3677 laetabatur
1134 3626 1457 3686 conventus,
1502 3619 1879 3692 impleturque
1908 3620 2050 3675 illud
2083 3637 2095 3673 :

490 3713 776 3767 Derisores
806 3714 915 3780 ipse
947 3712 1153 3766 deridet
1179 3712 1341 3774 (Psat.
1367 3712 1517 3777 Lvm)
1543 3729 1556 3776 ;
1598 3714 1656 3763 et
1678 3710 1827 3780 quod
1853 3694 2097 3781 Aposto-

499 3800 589 3856 lus
615 3801 689 3856 ad
707 3799 938 3855 Galatas
966 3799 1214 3855 scribens
1235 3798 1345 3853 ait:
1378 3799 1557 3853 Nolite
1574 3814 1787 3865 errare,
1820 3800 1961 3853 Deus
1986 3815 2098 3858 non
2257 3797 2303 3855 1.
2336 3798 2537 3854 Tribus
2566 3816 2701 3856 sane
2740 3801 2920 3857 modis
2950 3801 3011 3857 in
3040 3802 3349 3875 Scripturis
3379 3803 3542 3858 sacris
3567 3813 3728 3870 corpus

497 3892 814 3945 irridetur:
843 3906 960 3960 qua
987 3892 1137 3943 enim
1161 3892 1516 3943 seminaverit
1535 3888 1713 3954 homo,
1732 3889 1842 3942 hac
1866 3892 1915 3942 et
1938 3893 2097 3943 metet
2180 3887 2388 3943 Christi
2412 3890 2729 3962 appellatur
2758 3909 2772 3961 ;
2802 3890 3050 3962 profecto
3091 3892 3227 3965 quia
3252 3892 3525 3967 generalis
3560 3885 3725 3945 Christi

501 3979 668 4048 (Psal.
705 3993 779 4045 γι,
821 3978 898 4047 7);
932 3977 1071 4033 illud
1099 3993 1322 4048 quoque
1350 3976 1500 4047 quod
1527 3976 1587 4031 in
1620 3976 1922 4047 Evangelia
1972 3976 2096 4049 ipsa
2181 3978 2427 4033 Ecclesia
2453 3995 2654 4050 corpus
2676 3981 2796 4050 ejus
2816 3985 2919 4048 est,
2951 3980 3047 4035 ubi
3077 3982 3337 4038 Christus
3361 3987 3538 4055 caput,
3565 3985 3615 4034 et
3631 3992 3723 4031 om-

497 4067 720 4123 Veritas
748 4066 1027 4138 promittit
1045 4065 1268 4121 dicens:
1295 4067 1412 4133 Qua
1442 4081 1707 4120 mensura
1727 4068 1905 4120 mensi
1922 4067 2097 4134 fueri-
2177 4083 2278 4122 nes
2306 4068 2465 4123 electi
2496 4068 2751 4123 membra
2778 4069 3062 4136 dicuntur,
3095 4087 3160 4125 ex
3181 4072 3387 4143 quibus
3417 4086 3577 4126 unum
3600 4063 3722 4121 colli-

502 4160 589 4222 tis,
624 4159 946 4209 remetietur
972 4157 1116 4209 vobis
1130 4155 1331 4224 (Marc.
1362 4171 1435 4219 iv,
1466 4152 1580 4223 24).
1600 4154 1827 4209 Judaeus
1854 4172 1987 4226 ergo
2006 4156 2096 4210 hic
2174 4156 2329 4228 gitur
2362 4158 2611 4229 quotidie
2633 4175 2835 4230 corpus
2851 4159 2910 4213 in
2927 4160 3106 4214 virum
3136 4162 3442 4233 perfectum
3473 4160 3525 4214 in
3553 4168 3573 4193 ο
3598 4170 3722 4210 men-

495 4242 820 4336 incredulus
850 4260 952 4298 nec
995 4243 1254 4298 audierat
1283 4259 1387 4298 nec
1417 4243 1632 4312 legerat
1670 4243 1782 4298 ista
1820 4245 2160 4336 preconiaD
2178 4262 2367 4301 suram
2408 4246 2772 4319 plenitudinis
2815 4249 3041 4304 Christi.
3069 4245 3300 4322 Corpus
3324 4256 3506 4305 autem
3533 4241 3720 4309 Christi,

500 4331 936 4404 Scripturarum.
970 4332 1066 4403 qui
1096 4331 1313 4403 putavit
1332 4331 1554 4386 Christo
1581 4337 1888 4403 sanctoque
1918 4334 2097 4405 Spiri-
2117 4328 2155 4336 ⁷
2177 4352 2382 4406 sponsa
2403 4335 2660 4391 videlicet
2680 4337 2781 4391 Dei
2798 4337 3042 4393 Ecclesia
3053 4339 3180 4409 jure
3201 4339 3408 4395 dicitur
3426 4358 3437 4391 :
3454 4339 3598 4409 juxta
3611 4328 3720 4387 illud

496 4422 581 4477 tui
609 4419 894 4495 stropham
924 4421 1208 4477 inducere.
1250 4421 1428 4484 Quem
1456 4420 1539 4473 vir
1585 4420 1687 4475 Dei
1723 4438 1825 4476 suo
1862 4440 2095 4495 conspe-
2177 4425 2326 4496 quod
2354 4425 2655 4496 Apostolus
2686 4424 2767 4481 ait
2795 4428 2845 4493 (1
2868 4428 2989 4482 Cor.
3022 4442 3099 4493 vr,
3132 4427 3220 4495 16)
3253 4430 3362 4484 :Et
3381 4432 3537 4483 erunt
3559 4427 3650 4478 duo
3672 4422 3720 4472 in

497 4511 614 4566 ctui
657 4510 983 4582 praesentari
1023 4508 1304 4581 praecepit,
1339 4508 1501 4578 eique
1549 4508 1866 4563 advenienti
1906 4511 2085 4565 dixit:
2176 4529 2342 4568 carne
2362 4511 3719 4586 una.Hoc,inquit,sacramentummagnumestfiu

497 4600 790 4654 Incredula
820 4605 877 4654 et
905 4598 1151 4670 perfidiae
1175 4613 1333 4652 mens
1354 4597 1537 4667 plena,
1563 4613 1737 4667 quare
1766 4603 1883 4653 tam
1912 4600 2093 4672 iniqui
2176 4602 2389 4657 Christo
2413 4609 2460 4657 et
2492 4607 2553 4657 in
2570 4604 3002 4668 Ecclesia.Quod
3023 4605 3071 4660 si
3088 4607 3345 4661 Christus
3374 4611 3429 4660 et
3448 4599 3659 4658 Ecclesia
3674 4595 3719 4649 in

496 4686 674 4742 hostis
696 4688 942 4759 implesti
959 4688 1275 4752 consilium,
1293 4692 1357 4742 ut
1376 4686 1686 4741 aestimares
1713 4703 1914 4760 corpus
1939 4690 2094 4745 Chri-
2174 4708 2341 4746 carne
2357 4700 2384 4737 8
2403 4709 2512 4746 una
2536 4697 2687 4759 sunt,
2712 4693 2907 4764 utique
2921 4710 3094 4749 unum
3118 4712 3321 4767 corpus
3335 4699 3378 4761 τι,
3406 4692 3492 4747 ubi
3519 4700 3715 4762 sponsus

494 4777 566 4833 sti
596 4778 969 4833 vilissimum?
996 4780 1134 4834 Ecce
1165 4779 1290 4850 quis
1309 4778 1688 4833 clandestinus
1712 4796 2012 4851 persuasor
2038 4787 2093 4836 te
2173 4787 2359 4851 caput,
2375 4780 2784 4851 singuliautem
2810 4783 2971 4837 electi
2988 4784 3133 4838 alter
3144 4784 3378 4838 alterius
3392 4780 3634 4836 membra.
3654 4774 3716 4828 EX

493 4866 759 4921 miserum
802 4867 976 4922 illexit
1019 4873 1083 4922 ut
1128 4868 1357 4933 faceres,
1405 4867 1619 4922 cunctis
1665 4868 1926 4923 fidelibus
1977 4870 2093 4926 suis
2174 4887 2284 4939 quo
2299 4870 2555 4925 videlicet
2574 4870 2825 4942 quisquis
2847 4872 2997 4925 tollit
3012 4873 3327 4928 membrum
3342 4869 3535 4928 Christi
3552 4861 3714 4923 etfacit

495 4954 682 5010 divina
713 4955 887 5010 virtus
916 4956 1177 5012 ostendit.
1203 4956 1430 5011 Judaeus
1452 4962 1662 5024 autem,
1696 4957 1870 5012 nimio
1899 4959 2090 5014 dolore
2173 4958 2489 5013 membrum
2520 4959 2851 5028 meretricis,
2873 4968 2974 5017 aut
2999 4967 3150 5017 certe
3165 4978 3266 5034 per
3287 4958 3557 5034 quodlibet
3575 4965 3711 5026 grave

2409 3675 2616 3743 Quibus
2646 3678 2822 3730 modis
2849 3679 3064 3733 dicitur
3085 3696 3287 3750 corpus
3317 3680 3534 3736 Christi.

558 5104 584 5131 ⁸
610 5099 747 5155 Tres
776 5114 909 5153 mss.
936 5099 1143 5170 iudicii
1173 5104 1377 5155 reatus.
2241 5114 2264 5141 ο
2291 5101 2457 5177 Editi,
2490 5106 2537 5156 et
2568 5118 2910 5157 mensuram.
2948 5105 3075 5159 Mss.
3107 5106 3313 5177 reginae
3342 5102 3553 5167 Sueciae,
3583 5095 3705 5152 Flor.

511 5220 518 5233 ι
554 5208 580 5246 ιι
601 5204 713 5274 A1,,
745 5208 1027 5275 αϋαάίοοι,
2168 5173 2438 5298 etrrggius
2458 5190 2625 5255 unus,
2654 5178 2721 5228 in
2751 5190 3075 5257 mensuram
3102 5173 3323 5262 astutia.
3508 5246 3516 5257 .

617 5313 638 5316 -
1214 5315 1220 5316 ,
1573 5313 1582 5316 _
1975 5314 2006 5316 μ
2304 5244 2410 5316 rod.
2456 5260 2646 5316 regius
2671 5245 2828 5299 addit
2858 5265 2870 5300 :
2906 5245 3016 5316 Ego
3046 5255 3234 5304 autem
3263 5252 3378 5303 dtCO
3404 5247 3538 5316 tubis

2277 5280 2410 5298 υυυ.
2456 5280 2472 5297 ι
2502 5280 2513 5281 κ
2558 5280 2642 5299 ,ιω
2671 5280 2828 5299 sum.
2858 5288 2870 5300 .
3466 5280 3554 5299 υω.

555 5319 581 5386 ξ
605 5313 739 5386 Quae
767 5318 1081 5384 sequuntur
1108 5315 1355 5369 eruimus
1385 5330 1449 5386 ex
1471 5313 1696 5386 Optimae
1726 5318 1871 5386 notae
1890 5314 2078 5370 codice
2234 5347 2261 5384 ε
2284 5315 2421 5369 Cod.
2456 5280 2683 5385 Mvzjoris
2714 5316 2863 5371 Mon.
2888 5280 3483 5386 :ué'ioﬁiioe'iﬁii‘éﬂz
3507 5307 3701 5368 Ecclesia

490 5382 644 5448 1554,
692 5382 899 5454 reginae
948 5386 1179 5451 Sueciae,
1227 5390 1283 5440 et
1311 5382 1524 5440 codice
1546 5382 1688 5441 40ῖο
1734 5384 2080 5443 bibliothecae
2163 5382 2282 5441 una
2308 5392 2461 5452 sunt,
2495 5382 2701 5441 omisso
2733 5390 2797 5442 in
2830 5382 3014 5444 carne.

484 5455 634 5538 regis
663 5455 1149 5538 Christianissimi.
1375 5531 1382 5538 ι
1412 5524 1518 5538 ‘m
2158 5529 2200 5538 _
2231 5482 2257 5519 ιι
2286 5457 2351 5538 I_n
2383 5458 2580 5538 eodem
2619 5457 2807 5513 codice
2856 5466 2914 5514 et
2941 5461 3119 5516 altero
3150 5456 3455 5538 Coloniensi
3497 5454 3697 5538 fratrum

554 5524 580 5576 ἷι
610 5527 674 5582 In
695 5526 817 5581 eod.
850 5527 1150 5584 Laubiensi
1180 5546 1192 5582 :
1223 5531 1393 5597 caput
1412 5524 1538 5582 XII.
2158 5528 2617 5599 Praedicatorum,
2650 5546 2800 5585 unus
2830 5548 3078 5601 sponsus,
3105 5533 3469 5604 praetermisso
3494 5527 3592 5583 ubi.

1502 5678 1531 5689 κ
