  <div class='ocr_page' id='page_1' title='image "/cluster/home/n/w/nwhite01/storage/ocr_20150623/120/hvd.32044054759824/648.png"; bbox 0 0 3992 6166; ppageno 0'>
   <div class='ocr_carea' id='block_1_1' title="bbox 337 203 1099 274">
    <p class='ocr_par' dir='ltr' id='par_1_1' title="bbox 337 203 1099 274">
     <span class='ocr_line' id='line_1_1' title="bbox 337 203 1099 274; baseline -0.001 -15"><span class='ocrx_word' id='word_1_1' title='bbox 337 203 467 261; x_wconf 73' lang='lat' dir='ltr'><strong>r235</strong></span> <span class='ocrx_word' id='word_1_2' title='bbox 1080 239 1099 274; x_wconf 49' lang='grc' dir='ltr'>χ</span> 
     </span>
    </p>
   </div>
   <div class='ocr_carea' id='block_1_2' title="bbox 1213 209 2713 270">
    <p class='ocr_par' dir='ltr' id='par_1_2' title="bbox 1213 209 2713 270">
     <span class='ocr_line' id='line_1_2' title="bbox 1213 209 2713 270; baseline 0.003 -8"><span class='ocrx_word' id='word_1_3' title='bbox 1213 209 1345 264; x_wconf 76' lang='lat' dir='ltr'><strong>LIB.</strong></span> <span class='ocrx_word' id='word_1_4' title='bbox 1394 211 1484 264; x_wconf 77' lang='lat' dir='ltr'><strong>DF.</strong></span> <span class='ocrx_word' id='word_1_5' title='bbox 1526 213 1985 270; x_wconf 64' lang='lat' dir='ltr'><strong>CORPOREE’I‘</strong></span> <span class='ocrx_word' id='word_1_6' title='bbox 2027 212 2393 266; x_wconf 69' lang='lat' dir='ltr'><strong>SAXGUINE</strong></span> <span class='ocrx_word' id='word_1_7' title='bbox 2434 214 2713 267; x_wconf 72' lang='lat' dir='ltr'><strong>DOMINI.</strong></span> 
     </span>
    </p>
   </div>
   <div class='ocr_carea' id='block_1_3' title="bbox 3466 215 3599 274">
    <p class='ocr_par' dir='ltr' id='par_1_3' title="bbox 3466 215 3599 274">
     <span class='ocr_line' id='line_1_3' title="bbox 3466 215 3599 274; baseline -0.015 0"><span class='ocrx_word' id='word_1_8' title='bbox 3466 215 3599 274; x_wconf 67' lang='grc'>1286</span> 
     </span>
    </p>
   </div>
   <div class='ocr_carea' id='block_1_4' title="bbox 325 325 3594 410">
    <p class='ocr_par' dir='ltr' id='par_1_4' title="bbox 325 325 3594 410">
     <span class='ocr_line' id='line_1_4' title="bbox 325 325 3594 410; baseline 0.005 -30"><span class='ocrx_word' id='word_1_9' title='bbox 325 325 598 387; x_wconf 76' lang='lat' dir='ltr'><strong>delictum</strong></span> <span class='ocrx_word' id='word_1_10' title='bbox 629 326 946 384; x_wconf 80' lang='lat' dir='ltr'><strong>membrum</strong></span> <span class='ocrx_word' id='word_1_11' title='bbox 965 328 1172 385; x_wconf 85' lang='lat' dir='ltr'><strong>diaboli</strong></span> <span class='ocrx_word' id='word_1_12' title='bbox 1202 333 1290 387; x_wconf 88' lang='lat' dir='ltr'><strong>hic</strong></span> <span class='ocrx_word' id='word_1_13' title='bbox 1302 335 1545 404; x_wconf 86' lang='lat' dir='ltr'><strong>profecto</strong></span> <span class='ocrx_word' id='word_1_14' title='bbox 1570 338 1687 406; x_wconf 87' lang='lat' dir='ltr'><strong>jam</strong></span> <span class='ocrx_word' id='word_1_15' title='bbox 1714 338 2072 397; x_wconf 86' lang='lat' dir='ltr'><strong>nonestAex</strong></span> <span class='ocrx_word' id='word_1_16' title='bbox 2128 336 2388 391; x_wconf 86' lang='lat' dir='ltr'><strong>omnibus</strong></span> <span class='ocrx_word' id='word_1_17' title='bbox 2447 337 2791 407; x_wconf 87' lang='lat' dir='ltr'><strong>perﬁciatur,</strong></span> <span class='ocrx_word' id='word_1_18' title='bbox 2834 339 2983 410; x_wconf 85' lang='lat' dir='ltr'><strong>quia.</strong></span> <span class='ocrx_word' id='word_1_19' title='bbox 3028 341 3143 397; x_wconf 72' lang='lat' dir='ltr'><strong>haec</strong></span> <span class='ocrx_word' id='word_1_20' title='bbox 3181 347 3313 396; x_wconf 89' lang='lat' dir='ltr'><strong>sunt</strong></span> <span class='ocrx_word' id='word_1_21' title='bbox 3367 341 3594 406; x_wconf 84' lang='lat' dir='ltr'><strong>dotalia,</strong></span> 
     </span>
    </p>
   </div>
   <div class='ocr_carea' id='block_1_5' title="bbox 325 415 1922 489">
    <p class='ocr_par' dir='ltr' id='par_1_5' title="bbox 325 415 1922 489">
     <span class='ocr_line' id='line_1_5' title="bbox 325 415 1922 489; baseline 0.006 -19"><span class='ocrx_word' id='word_1_22' title='bbox 325 415 383 470; x_wconf 91' lang='lat' dir='ltr'><strong>in</strong></span> <span class='ocrx_word' id='word_1_23' title='bbox 407 432 644 489; x_wconf 91' lang='lat' dir='ltr'><strong>corpore</strong></span> <span class='ocrx_word' id='word_1_24' title='bbox 662 416 1031 488; x_wconf 89' lang='lat' dir='ltr'><strong>Christi,quia</strong></span> <span class='ocrx_word' id='word_1_25' title='bbox 1047 420 1226 476; x_wconf 84' lang='lat' dir='ltr'><strong>factus</strong></span> <span class='ocrx_word' id='word_1_26' title='bbox 1246 428 1333 477; x_wconf 90' lang='lat' dir='ltr'><strong>est</strong></span> <span class='ocrx_word' id='word_1_27' title='bbox 1346 423 1922 481; x_wconf 87' lang='lat' dir='ltr'><strong>alteriusmembrum.</strong></span> 
     </span>
    </p>
   </div>
   <div class='ocr_carea' id='block_1_6' title="bbox 325 504 1927 587">
    <p class='ocr_par' dir='ltr' id='par_1_6' title="bbox 325 504 1927 587">
     <span class='ocr_line' id='line_1_6' title="bbox 325 504 1927 587; baseline 0.007 -29"><span class='ocrx_word' id='word_1_28' title='bbox 325 504 539 561; x_wconf 83' lang='lat' dir='ltr'><strong>Idcirco</strong></span> <span class='ocrx_word' id='word_1_29' title='bbox 554 506 607 561; x_wconf 91' lang='lat' dir='ltr'><strong>ei</strong></span> <span class='ocrx_word' id='word_1_30' title='bbox 621 507 752 577; x_wconf 84' lang='lat' dir='ltr'><strong>jure</strong></span> <span class='ocrx_word' id='word_1_31' title='bbox 772 522 885 562; x_wconf 93' lang='lat' dir='ltr'><strong>non</strong></span> <span class='ocrx_word' id='word_1_32' title='bbox 906 506 1036 562; x_wconf 89' lang='lat' dir='ltr'><strong>licet</strong></span> <span class='ocrx_word' id='word_1_33' title='bbox 1053 508 1217 563; x_wconf 90' lang='lat' dir='ltr'><strong>edere</strong></span> <span class='ocrx_word' id='word_1_34' title='bbox 1235 510 1305 564; x_wconf 91' lang='lat' dir='ltr'><strong>de</strong></span> <span class='ocrx_word' id='word_1_35' title='bbox 1325 511 1429 565; x_wconf 92' lang='lat' dir='ltr'><strong>hoc</strong></span> <span class='ocrx_word' id='word_1_36' title='bbox 1450 513 1685 584; x_wconf 84' lang='lat' dir='ltr'><strong>mystico</strong></span> <span class='ocrx_word' id='word_1_37' title='bbox 1696 532 1927 587; x_wconf 88' lang='lat' dir='ltr'><strong>corpore</strong></span> 
     </span>
    </p>
   </div>
   <div class='ocr_carea' id='block_1_7' title="bbox 326 593 1922 671">
    <p class='ocr_par' dir='ltr' id='par_1_7' title="bbox 326 593 1922 671">
     <span class='ocr_line' id='line_1_7' title="bbox 326 593 1922 671; baseline 0.008 -24"><span class='ocrx_word' id='word_1_38' title='bbox 326 593 535 648; x_wconf 85' lang='lat' dir='ltr'><strong>Christi</strong></span> <span class='ocrx_word' id='word_1_39' title='bbox 559 613 573 661; x_wconf 90' lang='lat'><strong>;</strong></span> <span class='ocrx_word' id='word_1_40' title='bbox 612 596 762 666; x_wconf 91' lang='lat' dir='ltr'><strong>quod</strong></span> <span class='ocrx_word' id='word_1_41' title='bbox 784 613 922 652; x_wconf 90' lang='lat' dir='ltr'><strong>sane</strong></span> <span class='ocrx_word' id='word_1_42' title='bbox 955 613 1177 669; x_wconf 88' lang='lat' dir='ltr'><strong>corpus,</strong></span> <span class='ocrx_word' id='word_1_43' title='bbox 1200 604 1265 653; x_wconf 91' lang='lat' dir='ltr'><strong>ut</strong></span> <span class='ocrx_word' id='word_1_44' title='bbox 1287 617 1412 654; x_wconf 88' lang='lat' dir='ltr'><strong>vera</strong></span> <span class='ocrx_word' id='word_1_45' title='bbox 1435 618 1565 656; x_wconf 90' lang='lat' dir='ltr'><strong>caro</strong></span> <span class='ocrx_word' id='word_1_46' title='bbox 1594 603 1667 657; x_wconf 91' lang='lat' dir='ltr'><strong>sit</strong></span> <span class='ocrx_word' id='word_1_47' title='bbox 1695 604 1922 671; x_wconf 83' lang='lat' dir='ltr'><strong>Christi,</strong></span> 
     </span>
    </p>
   </div>
   <div class='ocr_carea' id='block_1_8' title="bbox 324 684 1913 759">
    <p class='ocr_par' dir='ltr' id='par_1_8' title="bbox 324 684 1913 759">
     <span class='ocr_line' id='line_1_8' title="bbox 324 684 1913 759; baseline 0.008 -23"><span class='ocrx_word' id='word_1_48' title='bbox 324 699 426 754; x_wconf 89' lang='lat' dir='ltr'><strong>pro</strong></span> <span class='ocrx_word' id='word_1_49' title='bbox 452 684 651 739; x_wconf 90' lang='lat' dir='ltr'><strong>mundi</strong></span> <span class='ocrx_word' id='word_1_50' title='bbox 679 685 795 739; x_wconf 87' lang='lat' dir='ltr'><strong>vita</strong></span> <span class='ocrx_word' id='word_1_51' title='bbox 817 686 1067 756; x_wconf 82' lang='lat' dir='ltr'><strong>quotidie</strong></span> <span class='ocrx_word' id='word_1_52' title='bbox 1091 704 1192 758; x_wconf 90' lang='lat' dir='ltr'><strong>per</strong></span> <span class='ocrx_word' id='word_1_53' title='bbox 1220 688 1490 759; x_wconf 85' lang='lat' dir='ltr'><strong>Spiritum</strong></span> <span class='ocrx_word' id='word_1_54' title='bbox 1521 699 1777 746; x_wconf 91' lang='lat' dir='ltr'><strong>sanctum</strong></span> <span class='ocrx_word' id='word_1_55' title='bbox 1797 709 1913 748; x_wconf 88' lang='lat' dir='ltr'><strong>con-</strong></span> 
     </span>
    </p>
   </div>
   <div class='ocr_carea' id='block_1_9' title="bbox 323 774 1923 853">
    <p class='ocr_par' dir='ltr' id='par_1_9' title="bbox 323 774 1923 853">
     <span class='ocr_line' id='line_1_9' title="bbox 323 774 1923 853; baseline 0.006 -27"><span class='ocrx_word' id='word_1_56' title='bbox 323 778 617 837; x_wconf 87' lang='lat' dir='ltr'><strong>secratur;</strong></span> <span class='ocrx_word' id='word_1_57' title='bbox 652 791 717 827; x_wconf 89' lang='lat' dir='ltr'><strong>ex</strong></span> <span class='ocrx_word' id='word_1_58' title='bbox 748 791 861 845; x_wconf 90' lang='lat' dir='ltr'><strong>qua</strong></span> <span class='ocrx_word' id='word_1_59' title='bbox 875 791 987 829; x_wconf 94' lang='lat' dir='ltr'><strong>non</strong></span> <span class='ocrx_word' id='word_1_60' title='bbox 1010 774 1222 830; x_wconf 87' lang='lat' dir='ltr'><strong>habent</strong></span> <span class='ocrx_word' id='word_1_61' title='bbox 1260 784 1595 848; x_wconf 85' lang='lat' dir='ltr'><strong>potestatem</strong></span> <span class='ocrx_word' id='word_1_62' title='bbox 1623 781 1789 835; x_wconf 90' lang='lat' dir='ltr'><strong>edere</strong></span> <span class='ocrx_word' id='word_1_63' title='bbox 1827 782 1923 853; x_wconf 77' lang='lat' dir='ltr'><strong>qui</strong></span> 
     </span>
    </p>
   </div>
   <div class='ocr_carea' id='block_1_10' title="bbox 326 861 1922 941">
    <p class='ocr_par' dir='ltr' id='par_1_10' title="bbox 326 861 1922 941">
     <span class='ocr_line' id='line_1_10' title="bbox 326 861 1922 941; baseline 0.006 -25"><span class='ocrx_word' id='word_1_64' title='bbox 326 877 394 916; x_wconf 78' lang='lat' dir='ltr'><strong>ex</strong></span> <span class='ocrx_word' id='word_1_65' title='bbox 415 861 652 917; x_wconf 88' lang='lat' dir='ltr'><strong>adverso</strong></span> <span class='ocrx_word' id='word_1_66' title='bbox 700 869 852 919; x_wconf 89' lang='lat' dir='ltr'><strong>sunt.</strong></span> <span class='ocrx_word' id='word_1_67' title='bbox 876 871 893 894; x_wconf 82' lang='lat'><strong>&#39;</strong></span> <span class='ocrx_word' id='word_1_68' title='bbox 920 864 1243 933; x_wconf 78' lang='lat' dir='ltr'><strong>Vescuntur</strong></span> <span class='ocrx_word' id='word_1_69' title='bbox 1271 866 1297 906; x_wconf 72' lang='grc' dir='ltr'>δ</span> <span class='ocrx_word' id='word_1_70' title='bbox 1329 874 1519 922; x_wconf 88' lang='lat' dir='ltr'><strong>autem</strong></span> <span class='ocrx_word' id='word_1_71' title='bbox 1552 886 1617 923; x_wconf 87' lang='lat' dir='ltr'><strong>eo</strong></span> <span class='ocrx_word' id='word_1_72' title='bbox 1648 870 1922 941; x_wconf 80' lang='lat' dir='ltr'><strong>condigne</strong></span> 
     </span>
    </p>
   </div>
   <div class='ocr_carea' id='block_1_11' title="bbox 323 950 1917 1028">
    <p class='ocr_par' dir='ltr' id='par_1_11' title="bbox 323 950 1917 1028">
     <span class='ocr_line' id='line_1_11' title="bbox 323 950 1917 1028; baseline 0.007 -24"><span class='ocrx_word' id='word_1_73' title='bbox 323 950 423 1022; x_wconf 91' lang='lat' dir='ltr'><strong>qui</strong></span> <span class='ocrx_word' id='word_1_74' title='bbox 439 956 575 1006; x_wconf 84' lang='lat' dir='ltr'><strong>sunt</strong></span> <span class='ocrx_word' id='word_1_75' title='bbox 591 951 649 1006; x_wconf 90' lang='lat' dir='ltr'><strong>in</strong></span> <span class='ocrx_word' id='word_1_76' title='bbox 668 968 902 1024; x_wconf 90' lang='lat' dir='ltr'><strong>corpore</strong></span> <span class='ocrx_word' id='word_1_77' title='bbox 932 953 1103 1015; x_wconf 84' lang='lat' dir='ltr'><strong>illius.</strong></span> <span class='ocrx_word' id='word_1_78' title='bbox 1124 959 1188 1008; x_wconf 91' lang='lat' dir='ltr'><strong>ut</strong></span> <span class='ocrx_word' id='word_1_79' title='bbox 1203 955 1385 1027; x_wconf 83' lang='lat' dir='ltr'><strong>solum</strong></span> <span class='ocrx_word' id='word_1_80' title='bbox 1413 972 1615 1028; x_wconf 89' lang='lat' dir='ltr'><strong>corpus</strong></span> <span class='ocrx_word' id='word_1_81' title='bbox 1638 958 1848 1014; x_wconf 87' lang='lat' dir='ltr'><strong>Christi</strong></span> <span class='ocrx_word' id='word_1_82' title='bbox 1876 970 1917 1026; x_wconf 78' lang='grc' dir='ltr'><strong>ο,</strong></span> 
     </span>
    </p>
   </div>
   <div class='ocr_carea' id='block_1_12' title="bbox 321 1039 1924 1113">
    <p class='ocr_par' dir='ltr' id='par_1_12' title="bbox 321 1039 1924 1113">
     <span class='ocr_line' id='line_1_12' title="bbox 321 1039 1924 1113; baseline 0.006 -19"><span class='ocrx_word' id='word_1_83' title='bbox 321 1039 459 1095; x_wconf 90' lang='lat' dir='ltr'><strong>dum</strong></span> <span class='ocrx_word' id='word_1_84' title='bbox 488 1047 575 1096; x_wconf 89' lang='lat' dir='ltr'><strong>est</strong></span> <span class='ocrx_word' id='word_1_85' title='bbox 602 1040 662 1095; x_wconf 90' lang='lat' dir='ltr'><strong>in</strong></span> <span class='ocrx_word' id='word_1_86' title='bbox 692 1040 799 1105; x_wconf 90' lang='lat' dir='ltr'><strong>via,</strong></span> <span class='ocrx_word' id='word_1_87' title='bbox 822 1041 998 1113; x_wconf 85' lang='lat' dir='ltr'><strong>ipsius</strong></span> <span class='ocrx_word' id='word_1_88' title='bbox 1029 1058 1196 1098; x_wconf 89' lang='lat' dir='ltr'><strong>carne</strong></span> <span class='ocrx_word' id='word_1_89' title='bbox 1224 1044 1526 1112; x_wconf 90' lang='lat' dir='ltr'><strong>reﬁciatur,</strong></span> <span class='ocrx_word' id='word_1_90' title='bbox 1563 1052 1620 1101; x_wconf 90' lang='lat' dir='ltr'><strong>et</strong></span> <span class='ocrx_word' id='word_1_91' title='bbox 1642 1047 1823 1102; x_wconf 85' lang='lat' dir='ltr'><strong>discat</strong></span> <span class='ocrx_word' id='word_1_92' title='bbox 1840 1048 1924 1103; x_wconf 90' lang='lat' dir='ltr'><strong>ni-</strong></span> 
     </span>
    </p>
   </div>
   <div class='ocr_carea' id='block_1_13' title="bbox 322 1123 1923 1198">
    <p class='ocr_par' dir='ltr' id='par_1_13' title="bbox 322 1123 1923 1198">
     <span class='ocr_line' id='line_1_13' title="bbox 322 1123 1923 1198; baseline 0.006 -20"><span class='ocrx_word' id='word_1_93' title='bbox 322 1123 405 1178; x_wconf 86' lang='lat' dir='ltr'><strong>hil</strong></span> <span class='ocrx_word' id='word_1_94' title='bbox 431 1124 585 1179; x_wconf 91' lang='lat' dir='ltr'><strong>aliud</strong></span> <span class='ocrx_word' id='word_1_95' title='bbox 613 1126 829 1181; x_wconf 82' lang='lat' dir='ltr'><strong>esurire</strong></span> <span class='ocrx_word' id='word_1_96' title='bbox 859 1144 1026 1198; x_wconf 89' lang='lat' dir='ltr'><strong>quam</strong></span> <span class='ocrx_word' id='word_1_97' title='bbox 1069 1128 1376 1195; x_wconf 83' lang='lat' dir='ltr'><strong>Christum,</strong></span> <span class='ocrx_word' id='word_1_98' title='bbox 1408 1130 1551 1184; x_wconf 86' lang='lat' dir='ltr'><strong>nihil</strong></span> <span class='ocrx_word' id='word_1_99' title='bbox 1588 1130 1662 1186; x_wconf 87' lang='lat' dir='ltr'><strong>sit</strong></span> <span class='ocrx_word' id='word_1_100' title='bbox 1696 1132 1780 1186; x_wconf 90' lang='lat' dir='ltr'><strong>ire</strong></span> <span class='ocrx_word' id='word_1_101' title='bbox 1815 1132 1923 1188; x_wconf 88' lang='lat' dir='ltr'><strong>nisi</strong></span> 
     </span>
    </p>
   </div>
   <div class='ocr_carea' id='block_1_14' title="bbox 323 1213 1923 1289">
    <p class='ocr_par' dir='ltr' id='par_1_14' title="bbox 323 1213 1923 1289">
     <span class='ocr_line' id='line_1_14' title="bbox 323 1213 1923 1289; baseline 0.006 -21"><span class='ocrx_word' id='word_1_102' title='bbox 323 1213 632 1277; x_wconf 89' lang='lat' dir='ltr'><strong>Christum.</strong></span> <span class='ocrx_word' id='word_1_103' title='bbox 663 1214 808 1270; x_wconf 85' lang='lat' dir='ltr'><strong>nihil</strong></span> <span class='ocrx_word' id='word_1_104' title='bbox 834 1215 988 1272; x_wconf 91' lang='lat' dir='ltr'><strong>aliud</strong></span> <span class='ocrx_word' id='word_1_105' title='bbox 1016 1232 1216 1288; x_wconf 83' lang='lat' dir='ltr'><strong>sapere</strong></span> <span class='ocrx_word' id='word_1_106' title='bbox 1244 1216 1272 1257; x_wconf 78' lang='grc' dir='ltr'>ἀ</span> <span class='ocrx_word' id='word_1_107' title='bbox 1300 1234 1469 1289; x_wconf 87' lang='lat' dir='ltr'><strong>quam</strong></span> <span class='ocrx_word' id='word_1_108' title='bbox 1488 1219 1923 1288; x_wconf 87' lang='lat' dir='ltr'><strong>Cbristum,non</strong></span> 
     </span>
    </p>
   </div>
   <div class='ocr_carea' id='block_1_15' title="bbox 322 1301 1923 1381">
    <p class='ocr_par' dir='ltr' id='par_1_15' title="bbox 322 1301 1923 1381">
     <span class='ocr_line' id='line_1_15' title="bbox 322 1301 1923 1381; baseline 0.006 -24"><span class='ocrx_word' id='word_1_109' title='bbox 322 1301 553 1358; x_wconf 80' lang='lat' dir='ltr'><strong>aliunde</strong></span> <span class='ocrx_word' id='word_1_110' title='bbox 570 1303 756 1359; x_wconf 79' lang='lat' dir='ltr'><strong>vivere</strong></span> <span class='ocrx_word' id='word_1_111' title='bbox 774 1310 916 1360; x_wconf 82' lang='lat' dir='ltr'><strong>&#39;non</strong></span> <span class='ocrx_word' id='word_1_112' title='bbox 953 1305 1110 1361; x_wconf 91' lang='lat' dir='ltr'><strong>aliud</strong></span> <span class='ocrx_word' id='word_1_113' title='bbox 1134 1321 1285 1374; x_wconf 74' lang='lat' dir='ltr'><strong>esse,</strong></span> <span class='ocrx_word' id='word_1_114' title='bbox 1323 1323 1493 1379; x_wconf 86' lang='lat' dir='ltr'><strong>quam</strong></span> <span class='ocrx_word' id='word_1_115' title='bbox 1520 1324 1723 1381; x_wconf 88' lang='lat' dir='ltr'><strong>corpus</strong></span> <span class='ocrx_word' id='word_1_116' title='bbox 1762 1310 1923 1366; x_wconf 86' lang='lat' dir='ltr'><strong>Chri-</strong></span> 
     </span>
    </p>
   </div>
   <div class='ocr_carea' id='block_1_16' title="bbox 320 1390 464 1447">
    <p class='ocr_par' dir='ltr' id='par_1_16' title="bbox 320 1390 464 1447">
     <span class='ocr_line' id='line_1_16' title="bbox 320 1390 464 1447; baseline -0.007 0"><span class='ocrx_word' id='word_1_117' title='bbox 320 1390 464 1447; x_wconf 60' lang='lat' dir='ltr'><strong>sti‘.</strong></span> 
     </span>
    </p>
   </div>
   <div class='ocr_carea' id='block_1_17' title="bbox 391 1479 1923 1557">
    <p class='ocr_par' dir='ltr' id='par_1_17' title="bbox 391 1479 1923 1557">
     <span class='ocr_line' id='line_1_17' title="bbox 391 1479 1923 1557; baseline 0.005 -21"><span class='ocrx_word' id='word_1_118' title='bbox 391 1479 447 1535; x_wconf 79' lang='lat'><strong>2.</strong></span> <span class='ocrx_word' id='word_1_119' title='bbox 467 1480 746 1538; x_wconf 61' lang='lat' dir='ltr'><strong>Ceterum</strong></span> <span class='ocrx_word' id='word_1_120' title='bbox 771 1482 912 1538; x_wconf 93' lang='lat' dir='ltr'><strong>illud</strong></span> <span class='ocrx_word' id='word_1_121' title='bbox 936 1499 1141 1556; x_wconf 86' lang='lat' dir='ltr'><strong>corpus</strong></span> <span class='ocrx_word' id='word_1_122' title='bbox 1159 1484 1309 1557; x_wconf 90' lang='lat' dir='ltr'><strong>quod</strong></span> <span class='ocrx_word' id='word_1_123' title='bbox 1327 1490 1524 1541; x_wconf 92' lang='lat' dir='ltr'><strong>natum</strong></span> <span class='ocrx_word' id='word_1_124' title='bbox 1541 1491 1628 1542; x_wconf 90' lang='lat' dir='ltr'><strong>est</strong></span> <span class='ocrx_word' id='word_1_125' title='bbox 1645 1487 1715 1542; x_wconf 91' lang='lat' dir='ltr'><strong>de</strong></span> <span class='ocrx_word' id='word_1_126' title='bbox 1742 1488 1923 1543; x_wconf 87' lang='lat' dir='ltr'><strong>Maria</strong></span> 
     </span>
    </p>
   </div>
   <div class='ocr_carea' id='block_1_18' title="bbox 319 1569 1920 1647">
    <p class='ocr_par' dir='ltr' id='par_1_18' title="bbox 319 1569 1920 1647">
     <span class='ocr_line' id='line_1_18' title="bbox 319 1569 1920 1647; baseline 0.003 -20"><span class='ocrx_word' id='word_1_127' title='bbox 319 1569 560 1641; x_wconf 79' lang='lat' dir='ltr'><strong>virgine,</strong></span> <span class='ocrx_word' id='word_1_128' title='bbox 579 1571 640 1625; x_wconf 90' lang='lat' dir='ltr'><strong>in</strong></span> <span class='ocrx_word' id='word_1_129' title='bbox 667 1571 818 1643; x_wconf 89' lang='lat' dir='ltr'><strong>quod</strong></span> <span class='ocrx_word' id='word_1_130' title='bbox 836 1572 990 1628; x_wconf 85' lang='lat' dir='ltr'><strong>istud</strong></span> <span class='ocrx_word' id='word_1_131' title='bbox 1011 1574 1370 1642; x_wconf 79' lang='lat' dir='ltr'><strong>transfertur,</strong></span> <span class='ocrx_word' id='word_1_132' title='bbox 1389 1576 1539 1646; x_wconf 91' lang='lat' dir='ltr'><strong>quod</strong></span> <span class='ocrx_word' id='word_1_133' title='bbox 1570 1576 1838 1647; x_wconf 88' lang='lat' dir='ltr'><strong>pependit</strong></span> <span class='ocrx_word' id='word_1_134' title='bbox 1861 1576 1920 1632; x_wconf 90' lang='lat' dir='ltr'><strong>in</strong></span> 
     </span>
    </p>
   </div>
   <div class='ocr_carea' id='block_1_19' title="bbox 322 1645 1985 1734">
    <p class='ocr_par' dir='ltr' id='par_1_19' title="bbox 322 1645 1985 1734">
     <span class='ocr_line' id='line_1_19' title="bbox 322 1645 1985 1734; baseline 0.004 -21"><span class='ocrx_word' id='word_1_135' title='bbox 322 1674 506 1726; x_wconf 87' lang='lat' dir='ltr'><strong>cruce,</strong></span> <span class='ocrx_word' id='word_1_136' title='bbox 537 1659 819 1731; x_wconf 89' lang='lat' dir='ltr'><strong>sepultum</strong></span> <span class='ocrx_word' id='word_1_137' title='bbox 851 1665 937 1716; x_wconf 88' lang='lat' dir='ltr'><strong>est</strong></span> <span class='ocrx_word' id='word_1_138' title='bbox 960 1661 1019 1715; x_wconf 92' lang='lat' dir='ltr'><strong>in</strong></span> <span class='ocrx_word' id='word_1_139' title='bbox 1039 1663 1315 1734; x_wconf 89' lang='lat' dir='ltr'><strong>sepulcro,</strong></span> <span class='ocrx_word' id='word_1_140' title='bbox 1349 1645 1659 1719; x_wconf 71' lang='lat' dir='ltr'><strong>resurrexit</strong></span> <span class='ocrx_word' id='word_1_141' title='bbox 1693 1682 1727 1719; x_wconf 87' lang='lat' dir='ltr'><strong>a</strong></span> <span class='ocrx_word' id='word_1_142' title='bbox 1763 1681 1917 1719; x_wconf 86' lang='lat' dir='ltr'><strong>mor-</strong></span> <span class='ocrx_word' id='word_1_143' title='bbox 1938 1645 1985 1706; x_wconf 80' lang='grc' dir='ltr'><strong>Β</strong></span> 
     </span>
    </p>
   </div>
   <div class='ocr_carea' id='block_1_20' title="bbox 322 1748 1921 1824">
    <p class='ocr_par' dir='ltr' id='par_1_20' title="bbox 322 1748 1921 1824">
     <span class='ocr_line' id='line_1_20' title="bbox 322 1748 1921 1824; baseline 0.003 -20"><span class='ocrx_word' id='word_1_144' title='bbox 322 1748 456 1815; x_wconf 84' lang='lat' dir='ltr'><strong>tuis,</strong></span> <span class='ocrx_word' id='word_1_145' title='bbox 497 1750 810 1821; x_wconf 78' lang='lat' dir='ltr'><strong>penetravit</strong></span> <span class='ocrx_word' id='word_1_146' title='bbox 845 1750 1033 1817; x_wconf 65' lang='lat' dir='ltr'><strong>caelos,</strong></span> <span class='ocrx_word' id='word_1_147' title='bbox 1076 1757 1135 1806; x_wconf 93' lang='lat' dir='ltr'><strong>et</strong></span> <span class='ocrx_word' id='word_1_148' title='bbox 1171 1768 1320 1807; x_wconf 90' lang='lat' dir='ltr'><strong>nunc</strong></span> <span class='ocrx_word' id='word_1_149' title='bbox 1357 1752 1607 1824; x_wconf 83' lang='lat' dir='ltr'><strong>pontifex</strong></span> <span class='ocrx_word' id='word_1_150' title='bbox 1642 1752 1824 1809; x_wconf 83' lang='lat' dir='ltr'><strong>factus</strong></span> <span class='ocrx_word' id='word_1_151' title='bbox 1861 1754 1921 1808; x_wconf 94' lang='lat' dir='ltr'><strong>in</strong></span> 
     </span>
    </p>
   </div>
   <div class='ocr_carea' id='block_1_21' title="bbox 322 1838 1918 1912">
    <p class='ocr_par' dir='ltr' id='par_1_21' title="bbox 322 1838 1918 1912">
     <span class='ocr_line' id='line_1_21' title="bbox 322 1838 1918 1912; baseline 0.001 -18"><span class='ocrx_word' id='word_1_152' title='bbox 322 1843 617 1905; x_wconf 64' lang='lat' dir='ltr'><strong>aeternum,</strong></span> <span class='ocrx_word' id='word_1_153' title='bbox 639 1838 892 1910; x_wconf 87' lang='lat' dir='ltr'><strong>quotidie</strong></span> <span class='ocrx_word' id='word_1_154' title='bbox 909 1839 1235 1912; x_wconf 86' lang='lat' dir='ltr'><strong>interpellat</strong></span> <span class='ocrx_word' id='word_1_155' title='bbox 1255 1851 1285 1894; x_wconf 69' lang='grc' dir='ltr'><strong><em>ε</em></strong></span> <span class='ocrx_word' id='word_1_156' title='bbox 1304 1856 1407 1911; x_wconf 94' lang='lat' dir='ltr'><strong>pro</strong></span> <span class='ocrx_word' id='word_1_157' title='bbox 1426 1839 1619 1909; x_wconf 90' lang='lat' dir='ltr'><strong>nobis;</strong></span> <span class='ocrx_word' id='word_1_158' title='bbox 1649 1841 1721 1896; x_wconf 87' lang='lat' dir='ltr'><strong>ad</strong></span> <span class='ocrx_word' id='word_1_159' title='bbox 1750 1857 1918 1912; x_wconf 88' lang='lat' dir='ltr'><strong>quem</strong></span> 
     </span>
    </p>
   </div>
   <div class='ocr_carea' id='block_1_22' title="bbox 322 1928 1917 2000">
    <p class='ocr_par' dir='ltr' id='par_1_22' title="bbox 322 1928 1917 2000">
     <span class='ocr_line' id='line_1_22' title="bbox 322 1928 1917 2000; baseline 0.003 -19"><span class='ocrx_word' id='word_1_160' title='bbox 322 1928 371 1982; x_wconf 88' lang='lat' dir='ltr'><strong>si</strong></span> <span class='ocrx_word' id='word_1_161' title='bbox 411 1932 561 1984; x_wconf 89' lang='lat' dir='ltr'><strong>recte</strong></span> <span class='ocrx_word' id='word_1_162' title='bbox 588 1928 1090 1995; x_wconf 88' lang='lat' dir='ltr'><strong>communicamus,</strong></span> <span class='ocrx_word' id='word_1_163' title='bbox 1115 1935 1362 1984; x_wconf 87' lang='lat' dir='ltr'><strong>mentem</strong></span> <span class='ocrx_word' id='word_1_164' title='bbox 1397 1928 1709 2000; x_wconf 90' lang='lat' dir='ltr'><strong>dirigimus,</strong></span> <span class='ocrx_word' id='word_1_165' title='bbox 1750 1935 1817 1985; x_wconf 93' lang='lat' dir='ltr'><strong>ut</strong></span> <span class='ocrx_word' id='word_1_166' title='bbox 1852 1947 1917 1985; x_wconf 88' lang='lat' dir='ltr'><strong>ex</strong></span> 
     </span>
    </p>
   </div>
   <div class='ocr_carea' id='block_1_23' title="bbox 320 2014 1913 2090">
    <p class='ocr_par' dir='ltr' id='par_1_23' title="bbox 320 2014 1913 2090">
     <span class='ocr_line' id='line_1_23' title="bbox 320 2014 1913 2090; baseline 0.003 -22"><span class='ocrx_word' id='word_1_167' title='bbox 320 2014 464 2087; x_wconf 85' lang='lat' dir='ltr'><strong>ipso,</strong></span> <span class='ocrx_word' id='word_1_168' title='bbox 501 2021 558 2070; x_wconf 89' lang='lat' dir='ltr'><strong>et</strong></span> <span class='ocrx_word' id='word_1_169' title='bbox 600 2014 671 2069; x_wconf 89' lang='lat' dir='ltr'><strong>ab</strong></span> <span class='ocrx_word' id='word_1_170' title='bbox 722 2016 844 2087; x_wconf 90' lang='lat' dir='ltr'><strong>ipso</strong></span> <span class='ocrx_word' id='word_1_171' title='bbox 893 2032 996 2071; x_wconf 90' lang='lat' dir='ltr'><strong>nos</strong></span> <span class='ocrx_word' id='word_1_172' title='bbox 1025 2032 1227 2088; x_wconf 88' lang='lat' dir='ltr'><strong>corpus</strong></span> <span class='ocrx_word' id='word_1_173' title='bbox 1273 2018 1417 2088; x_wconf 89' lang='lat' dir='ltr'><strong>ejus,</strong></span> <span class='ocrx_word' id='word_1_174' title='bbox 1458 2034 1683 2073; x_wconf 90' lang='lat' dir='ltr'><strong>carnem</strong></span> <span class='ocrx_word' id='word_1_175' title='bbox 1719 2018 1913 2090; x_wconf 85' lang='lat' dir='ltr'><strong>ipsius,</strong></span> 
     </span>
    </p>
   </div>
   <div class='ocr_carea' id='block_1_24' title="bbox 319 2104 1917 2178">
    <p class='ocr_par' dir='ltr' id='par_1_24' title="bbox 319 2104 1917 2178">
     <span class='ocr_line' id='line_1_24' title="bbox 319 2104 1917 2178; baseline 0.003 -20"><span class='ocrx_word' id='word_1_176' title='bbox 319 2104 418 2159; x_wconf 91' lang='lat' dir='ltr'><strong>illo</strong></span> <span class='ocrx_word' id='word_1_177' title='bbox 444 2110 711 2160; x_wconf 89' lang='lat' dir='ltr'><strong>manente</strong></span> <span class='ocrx_word' id='word_1_178' title='bbox 740 2105 981 2176; x_wconf 78' lang='lat' dir='ltr'><strong>integro,</strong></span> <span class='ocrx_word' id='word_1_179' title='bbox 1003 2122 1324 2161; x_wconf 86' lang='lat' dir='ltr'><strong>sumamus:</strong></span> <span class='ocrx_word' id='word_1_180' title='bbox 1360 2124 1483 2178; x_wconf 62' lang='lat' dir='ltr'><strong>qua</strong></span> <span class='ocrx_word' id='word_1_181' title='bbox 1496 2107 1762 2163; x_wconf 91' lang='lat' dir='ltr'><strong>nimirum</strong></span> <span class='ocrx_word' id='word_1_182' title='bbox 1787 2124 1917 2162; x_wconf 89' lang='lat' dir='ltr'><strong>caro</strong></span> 
     </span>
    </p>
   </div>
   <div class='ocr_carea' id='block_1_25' title="bbox 319 2192 1919 2268">
    <p class='ocr_par' dir='ltr' id='par_1_25' title="bbox 319 2192 1919 2268">
     <span class='ocr_line' id='line_1_25' title="bbox 319 2192 1919 2268; baseline 0.003 -21"><span class='ocrx_word' id='word_1_183' title='bbox 319 2192 445 2265; x_wconf 87' lang='lat' dir='ltr'><strong>ipse</strong></span> <span class='ocrx_word' id='word_1_184' title='bbox 473 2192 502 2233; x_wconf 74' lang='grc' dir='ltr'><strong>ιι</strong></span> <span class='ocrx_word' id='word_1_185' title='bbox 528 2198 621 2248; x_wconf 89' lang='lat' dir='ltr'><strong>est</strong></span> <span class='ocrx_word' id='word_1_186' title='bbox 649 2200 708 2248; x_wconf 91' lang='lat' dir='ltr'><strong>et</strong></span> <span class='ocrx_word' id='word_1_187' title='bbox 734 2194 951 2249; x_wconf 81' lang='lat' dir='ltr'><strong>fructus</strong></span> <span class='ocrx_word' id='word_1_188' title='bbox 980 2194 1159 2267; x_wconf 84' lang='lat' dir='ltr'><strong>ipsius</strong></span> <span class='ocrx_word' id='word_1_189' title='bbox 1189 2195 1394 2263; x_wconf 90' lang='lat' dir='ltr'><strong>carnis,</strong></span> <span class='ocrx_word' id='word_1_190' title='bbox 1431 2202 1495 2251; x_wconf 91' lang='lat' dir='ltr'><strong>ut</strong></span> <span class='ocrx_word' id='word_1_191' title='bbox 1520 2196 1667 2251; x_wconf 90' lang='lat' dir='ltr'><strong>idem</strong></span> <span class='ocrx_word' id='word_1_192' title='bbox 1696 2214 1919 2268; x_wconf 88' lang='lat' dir='ltr'><strong>semper</strong></span> 
     </span>
    </p>
   </div>
   <div class='ocr_carea' id='block_1_26' title="bbox 319 2282 1908 2356">
    <p class='ocr_par' dir='ltr' id='par_1_26' title="bbox 319 2282 1908 2356">
     <span class='ocr_line' id='line_1_26' title="bbox 319 2282 1908 2356; baseline 0.003 -20"><span class='ocrx_word' id='word_1_193' title='bbox 319 2286 570 2349; x_wconf 87' lang='lat' dir='ltr'><strong>maneat,</strong></span> <span class='ocrx_word' id='word_1_194' title='bbox 594 2288 652 2337; x_wconf 91' lang='lat' dir='ltr'><strong>et</strong></span> <span class='ocrx_word' id='word_1_195' title='bbox 677 2284 967 2338; x_wconf 85' lang='lat' dir='ltr'><strong>universos</strong></span> <span class='ocrx_word' id='word_1_196' title='bbox 996 2282 1091 2354; x_wconf 92' lang='lat' dir='ltr'><strong>qui</strong></span> <span class='ocrx_word' id='word_1_197' title='bbox 1123 2287 1256 2338; x_wconf 91' lang='lat' dir='ltr'><strong>sunt</strong></span> <span class='ocrx_word' id='word_1_198' title='bbox 1282 2283 1342 2338; x_wconf 92' lang='lat' dir='ltr'><strong>in</strong></span> <span class='ocrx_word' id='word_1_199' title='bbox 1400 2300 1632 2355; x_wconf 91' lang='lat' dir='ltr'><strong>corpore</strong></span> <span class='ocrx_word' id='word_1_200' title='bbox 1656 2284 1669 2324; x_wconf 82' lang='grc' dir='ltr'><strong>ί</strong></span> <span class='ocrx_word' id='word_1_201' title='bbox 1691 2290 1908 2356; x_wconf 86' lang='lat' dir='ltr'><strong>pascat.</strong></span> 
     </span>
    </p>
   </div>
   <div class='ocr_carea' id='block_1_27' title="bbox 322 2370 1918 2445">
    <p class='ocr_par' dir='ltr' id='par_1_27' title="bbox 322 2370 1918 2445">
     <span class='ocr_line' id='line_1_27' title="bbox 322 2370 1918 2445; baseline 0.001 -18"><span class='ocrx_word' id='word_1_202' title='bbox 322 2370 385 2427; x_wconf 89' lang='lat' dir='ltr'><strong>Si</strong></span> <span class='ocrx_word' id='word_1_203' title='bbox 413 2372 565 2427; x_wconf 90' lang='lat' dir='ltr'><strong>enim</strong></span> <span class='ocrx_word' id='word_1_204' title='bbox 604 2372 805 2444; x_wconf 88' lang='lat' dir='ltr'><strong>hydria</strong></span> <span class='ocrx_word' id='word_1_205' title='bbox 840 2372 1034 2428; x_wconf 67' lang='lat' dir='ltr'><strong>farinae</strong></span> <span class='ocrx_word' id='word_1_206' title='bbox 1065 2373 1150 2426; x_wconf 89' lang='lat' dir='ltr'><strong>vel</strong></span> <span class='ocrx_word' id='word_1_207' title='bbox 1181 2373 1397 2444; x_wconf 89' lang='lat' dir='ltr'><strong>lecytus</strong></span> <span class='ocrx_word' id='word_1_208' title='bbox 1439 2373 1564 2438; x_wconf 87' lang='lat' dir='ltr'><strong>olei,</strong></span> <span class='ocrx_word' id='word_1_209' title='bbox 1608 2390 1708 2428; x_wconf 91' lang='lat' dir='ltr'><strong>seu</strong></span> <span class='ocrx_word' id='word_1_210' title='bbox 1745 2390 1918 2445; x_wconf 88' lang='lat' dir='ltr'><strong>panes</strong></span> 
     </span>
    </p>
   </div>
   <div class='ocr_carea' id='block_1_28' title="bbox 317 2459 1914 2529">
    <p class='ocr_par' dir='ltr' id='par_1_28' title="bbox 317 2459 1914 2529">
     <span class='ocr_line' id='line_1_28' title="bbox 317 2459 1914 2529; baseline 0 -12"><span class='ocrx_word' id='word_1_211' title='bbox 317 2462 569 2518; x_wconf 88' lang='lat' dir='ltr'><strong>secundo</strong></span> <span class='ocrx_word' id='word_1_212' title='bbox 605 2459 921 2523; x_wconf 61' lang='lat' dir='ltr'><strong>icrescunt,</strong></span> <span class='ocrx_word' id='word_1_213' title='bbox 948 2468 1006 2517; x_wconf 91' lang='lat' dir='ltr'><strong>et</strong></span> <span class='ocrx_word' id='word_1_214' title='bbox 1030 2479 1139 2517; x_wconf 93' lang='lat' dir='ltr'><strong>non</strong></span> <span class='ocrx_word' id='word_1_215' title='bbox 1162 2463 1497 2518; x_wconf 90' lang='lat' dir='ltr'><strong>minuuntur</strong></span> <span class='ocrx_word' id='word_1_216' title='bbox 1525 2463 1657 2518; x_wconf 91' lang='lat' dir='ltr'><strong>dum</strong></span> <span class='ocrx_word' id='word_1_217' title='bbox 1687 2464 1914 2529; x_wconf 84' lang='lat' dir='ltr'><strong>satiant,</strong></span> 
     </span>
    </p>
   </div>
   <div class='ocr_carea' id='block_1_29' title="bbox 278 2551 1921 2623">
    <p class='ocr_par' dir='ltr' id='par_1_29' title="bbox 278 2551 1921 2623">
     <span class='ocr_line' id='line_1_29' title="bbox 278 2551 1921 2623; baseline 0 -17"><span class='ocrx_word' id='word_1_218' title='bbox 278 2590 281 2591; x_wconf 49' lang='grc' dir='ltr'><em>ν</em></span> <span class='ocrx_word' id='word_1_219' title='bbox 319 2551 461 2622; x_wconf 86' lang='lat' dir='ltr'><strong>quid</strong></span> <span class='ocrx_word' id='word_1_220' title='bbox 498 2556 664 2622; x_wconf 85' lang='lat' dir='ltr'><strong>putas</strong></span> <span class='ocrx_word' id='word_1_221' title='bbox 702 2552 835 2606; x_wconf 78' lang='lat' dir='ltr'><strong>facit</strong></span> <span class='ocrx_word' id='word_1_222' title='bbox 861 2567 991 2606; x_wconf 90' lang='lat' dir='ltr'><strong>caro</strong></span> <span class='ocrx_word' id='word_1_223' title='bbox 1019 2551 1273 2606; x_wconf 82' lang='lat' dir='ltr'><strong>Christi?</strong></span> <span class='ocrx_word' id='word_1_224' title='bbox 1315 2551 1499 2606; x_wconf 89' lang='lat' dir='ltr'><strong>Arbor</strong></span> <span class='ocrx_word' id='word_1_225' title='bbox 1528 2552 1754 2623; x_wconf 90' lang='lat' dir='ltr'><strong>quidem</strong></span> <span class='ocrx_word' id='word_1_226' title='bbox 1783 2551 1921 2623; x_wconf 80' lang='lat' dir='ltr'><strong>ligni</strong></span> 
     </span>
    </p>
   </div>
   <div class='ocr_carea' id='block_1_30' title="bbox 322 2639 1921 2711">
    <p class='ocr_par' dir='ltr' id='par_1_30' title="bbox 322 2639 1921 2711">
     <span class='ocr_line' id='line_1_30' title="bbox 322 2639 1921 2711; baseline -0.001 -17"><span class='ocrx_word' id='word_1_227' title='bbox 322 2639 450 2695; x_wconf 64' lang='lat' dir='ltr'><strong>vita</strong></span> <span class='ocrx_word' id='word_1_228' title='bbox 470 2640 727 2696; x_wconf 80' lang='lat' dir='ltr'><strong>Christus</strong></span> <span class='ocrx_word' id='word_1_229' title='bbox 755 2657 905 2695; x_wconf 92' lang='lat' dir='ltr'><strong>nunc</strong></span> <span class='ocrx_word' id='word_1_230' title='bbox 930 2640 990 2695; x_wconf 91' lang='lat' dir='ltr'><strong>in</strong></span> <span class='ocrx_word' id='word_1_231' title='bbox 1021 2640 1270 2695; x_wconf 86' lang='lat' dir='ltr'><strong>Ecclesia</strong></span> <span class='ocrx_word' id='word_1_232' title='bbox 1297 2646 1402 2707; x_wconf 90' lang='lat' dir='ltr'><strong>est,</strong></span> <span class='ocrx_word' id='word_1_233' title='bbox 1452 2642 1610 2711; x_wconf 83' lang='lat' dir='ltr'><strong>cujus</strong></span> <span class='ocrx_word' id='word_1_234' title='bbox 1639 2641 1825 2711; x_wconf 87' lang='lat' dir='ltr'><strong>imago</strong></span> <span class='ocrx_word' id='word_1_235' title='bbox 1862 2640 1921 2694; x_wconf 90' lang='lat' dir='ltr'><strong>in</strong></span> 
     </span>
    </p>
   </div>
   <div class='ocr_carea' id='block_1_31' title="bbox 317 2728 1921 2802">
    <p class='ocr_par' dir='ltr' id='par_1_31' title="bbox 317 2728 1921 2802">
     <span class='ocr_line' id='line_1_31' title="bbox 317 2728 1921 2802; baseline -0.001 -18"><span class='ocrx_word' id='word_1_236' title='bbox 317 2728 586 2801; x_wconf 78' lang='lat' dir='ltr'><strong>paradiso</strong></span> <span class='ocrx_word' id='word_1_237' title='bbox 604 2729 877 2784; x_wconf 89' lang='lat' dir='ltr'><strong>arborilla</strong></span> <span class='ocrx_word' id='word_1_238' title='bbox 897 2728 1022 2784; x_wconf 83' lang='lat' dir='ltr'><strong>fuit.</strong></span> <span class='ocrx_word' id='word_1_239' title='bbox 1056 2729 1268 2784; x_wconf 84' lang='lat' dir='ltr'><strong>Idcirco</strong></span> <span class='ocrx_word' id='word_1_240' title='bbox 1299 2731 1443 2784; x_wconf 91' lang='lat' dir='ltr'><strong>scire</strong></span> <span class='ocrx_word' id='word_1_241' title='bbox 1462 2730 1739 2795; x_wconf 87' lang='lat' dir='ltr'><strong>convenit,</strong></span> <span class='ocrx_word' id='word_1_242' title='bbox 1774 2730 1921 2802; x_wconf 93' lang='lat' dir='ltr'><strong>quod</strong></span> 
     </span>
    </p>
   </div>
   <div class='ocr_carea' id='block_1_32' title="bbox 319 2817 1919 2891">
    <p class='ocr_par' dir='ltr' id='par_1_32' title="bbox 319 2817 1919 2891">
     <span class='ocr_line' id='line_1_32' title="bbox 319 2817 1919 2891; baseline 0.001 -20"><span class='ocrx_word' id='word_1_243' title='bbox 319 2817 531 2873; x_wconf 89' lang='lat' dir='ltr'><strong>veritas</strong></span> <span class='ocrx_word' id='word_1_244' title='bbox 549 2818 681 2872; x_wconf 89' lang='lat' dir='ltr'><strong>hinc</strong></span> <span class='ocrx_word' id='word_1_245' title='bbox 710 2818 1041 2888; x_wconf 88' lang='lat' dir='ltr'><strong>completur,</strong></span> <span class='ocrx_word' id='word_1_246' title='bbox 1063 2833 1231 2889; x_wconf 90' lang='lat' dir='ltr'><strong>quam</strong></span> <span class='ocrx_word' id='word_1_247' title='bbox 1263 2818 1419 2889; x_wconf 90' lang='lat' dir='ltr'><strong>prius</strong></span> <span class='ocrx_word' id='word_1_248' title='bbox 1437 2820 1617 2890; x_wconf 90' lang='lat' dir='ltr'><strong>ﬁgura</strong></span> <span class='ocrx_word' id='word_1_249' title='bbox 1630 2819 1919 2891; x_wconf 79' lang='lat' dir='ltr'><strong>praemisit.</strong></span> 
     </span>
    </p>
   </div>
   <div class='ocr_carea' id='block_1_33' title="bbox 317 2906 1920 2978">
    <p class='ocr_par' dir='ltr' id='par_1_33' title="bbox 317 2906 1920 2978">
     <span class='ocr_line' id='line_1_33' title="bbox 317 2906 1920 2978; baseline 0.001 -16"><span class='ocrx_word' id='word_1_250' title='bbox 317 2907 468 2962; x_wconf 83' lang='lat' dir='ltr'><strong>Nam</strong></span> <span class='ocrx_word' id='word_1_251' title='bbox 490 2907 534 2960; x_wconf 82' lang='lat' dir='ltr'><strong>si</strong></span> <span class='ocrx_word' id='word_1_252' title='bbox 558 2906 770 2962; x_wconf 87' lang='lat' dir='ltr'><strong>homini</strong></span> <span class='ocrx_word' id='word_1_253' title='bbox 783 2923 848 2962; x_wconf 90' lang='lat' dir='ltr'><strong>ex</strong></span> <span class='ocrx_word' id='word_1_254' title='bbox 864 2907 962 2961; x_wconf 88' lang='lat' dir='ltr'><strong>illa</strong></span> <span class='ocrx_word' id='word_1_255' title='bbox 979 2922 1218 2978; x_wconf 87' lang='lat' dir='ltr'><strong>semper,</strong></span> <span class='ocrx_word' id='word_1_256' title='bbox 1246 2908 1346 2962; x_wconf 92' lang='lat' dir='ltr'><strong>Dei</strong></span> <span class='ocrx_word' id='word_1_257' title='bbox 1358 2908 1591 2963; x_wconf 90' lang='lat' dir='ltr'><strong>servatis</strong></span> <span class='ocrx_word' id='word_1_258' title='bbox 1622 2908 1920 2973; x_wconf 89' lang='lat' dir='ltr'><strong>mandatis,</strong></span> 
     </span>
    </p>
   </div>
   <div class='ocr_carea' id='block_1_34' title="bbox 2008 424 3598 501">
    <p class='ocr_par' dir='ltr' id='par_1_34' title="bbox 2008 424 3598 501">
     <span class='ocr_line' id='line_1_34' title="bbox 2008 424 3598 501; baseline 0.004 -23"><span class='ocrx_word' id='word_1_259' title='bbox 2008 424 2127 479; x_wconf 81' lang='lat' dir='ltr'><strong>haec</strong></span> <span class='ocrx_word' id='word_1_260' title='bbox 2157 424 2411 497; x_wconf 83' lang='lat' dir='ltr'><strong>mystica,</strong></span> <span class='ocrx_word' id='word_1_261' title='bbox 2449 430 2512 478; x_wconf 91' lang='lat' dir='ltr'><strong>ut</strong></span> <span class='ocrx_word' id='word_1_262' title='bbox 2543 424 2799 481; x_wconf 87' lang='lat' dir='ltr'><strong>Christus</strong></span> <span class='ocrx_word' id='word_1_263' title='bbox 2826 432 2883 482; x_wconf 89' lang='lat' dir='ltr'><strong>et</strong></span> <span class='ocrx_word' id='word_1_264' title='bbox 2911 428 3153 483; x_wconf 80' lang='lat' dir='ltr'><strong>Ecclesia</strong></span> <span class='ocrx_word' id='word_1_265' title='bbox 3200 445 3373 484; x_wconf 89' lang='lat' dir='ltr'><strong>unum</strong></span> <span class='ocrx_word' id='word_1_266' title='bbox 3395 446 3598 501; x_wconf 90' lang='lat' dir='ltr'><strong>corpus</strong></span> 
     </span>
    </p>
   </div>
   <div class='ocr_carea' id='block_1_35' title="bbox 2009 514 3601 588">
    <p class='ocr_par' dir='ltr' id='par_1_35' title="bbox 2009 514 3601 588">
     <span class='ocr_line' id='line_1_35' title="bbox 2009 514 3601 588; baseline 0.003 -20"><span class='ocrx_word' id='word_1_267' title='bbox 2009 514 2242 569; x_wconf 88' lang='lat' dir='ltr'><strong>solidius</strong></span> <span class='ocrx_word' id='word_1_268' title='bbox 2280 515 2678 581; x_wconf 88' lang='lat' dir='ltr'><strong>conﬁrmetur;</strong></span> <span class='ocrx_word' id='word_1_269' title='bbox 2747 516 2996 587; x_wconf 90' lang='lat' dir='ltr'><strong>alioquin</strong></span> <span class='ocrx_word' id='word_1_270' title='bbox 3050 518 3330 588; x_wconf 89' lang='lat' dir='ltr'><strong>quomodo</strong></span> <span class='ocrx_word' id='word_1_271' title='bbox 3366 520 3601 574; x_wconf 90' lang='lat' dir='ltr'><strong>auderet</strong></span> 
     </span>
    </p>
   </div>
   <div class='ocr_carea' id='block_1_36' title="bbox 2008 602 3600 673">
    <p class='ocr_par' dir='ltr' id='par_1_36' title="bbox 2008 602 3600 673">
     <span class='ocr_line' id='line_1_36' title="bbox 2008 602 3600 673; baseline 0.001 -16"><span class='ocrx_word' id='word_1_272' title='bbox 2008 603 2293 673; x_wconf 87' lang='lat' dir='ltr'><strong>apostolus</strong></span> <span class='ocrx_word' id='word_1_273' title='bbox 2332 602 2539 656; x_wconf 85' lang='lat' dir='ltr'><strong>Christi</strong></span> <span class='ocrx_word' id='word_1_274' title='bbox 2575 603 2878 658; x_wconf 75' lang='lat' dir='ltr'><strong>Ecclesium</strong></span> <span class='ocrx_word' id='word_1_275' title='bbox 2908 605 2977 659; x_wconf 91' lang='lat' dir='ltr'><strong>de</strong></span> <span class='ocrx_word' id='word_1_276' title='bbox 3009 622 3177 661; x_wconf 87' lang='lat' dir='ltr'><strong>carne</strong></span> <span class='ocrx_word' id='word_1_277' title='bbox 3203 612 3259 659; x_wconf 91' lang='lat' dir='ltr'><strong>et</strong></span> <span class='ocrx_word' id='word_1_278' title='bbox 3284 606 3354 661; x_wconf 93' lang='lat' dir='ltr'><strong>de</strong></span> <span class='ocrx_word' id='word_1_279' title='bbox 3382 606 3600 660; x_wconf 86' lang='lat' dir='ltr'><strong>ossibus</strong></span> 
     </span>
    </p>
   </div>
   <div class='ocr_carea' id='block_1_37' title="bbox 2009 690 3601 762">
    <p class='ocr_par' dir='ltr' id='par_1_37' title="bbox 2009 690 3601 762">
     <span class='ocr_line' id='line_1_37' title="bbox 2009 690 3601 762; baseline 0.003 -18"><span class='ocrx_word' id='word_1_280' title='bbox 2009 692 2130 760; x_wconf 88' lang='lat' dir='ltr'><strong>ejus</strong></span> <span class='ocrx_word' id='word_1_281' title='bbox 2158 691 2455 745; x_wconf 85' lang='lat' dir='ltr'><strong>constare?</strong></span> <span class='ocrx_word' id='word_1_282' title='bbox 2484 690 2679 762; x_wconf 90' lang='lat' dir='ltr'><strong>utique</strong></span> <span class='ocrx_word' id='word_1_283' title='bbox 2707 692 2811 745; x_wconf 91' lang='lat' dir='ltr'><strong>hoc</strong></span> <span class='ocrx_word' id='word_1_284' title='bbox 2851 700 3267 750; x_wconf 81' lang='lat' dir='ltr'><strong>sacramentum</strong></span> <span class='ocrx_word' id='word_1_285' title='bbox 3298 694 3471 749; x_wconf 86' lang='lat' dir='ltr'><strong>velint</strong></span> <span class='ocrx_word' id='word_1_286' title='bbox 3496 711 3601 749; x_wconf 93' lang='lat' dir='ltr'><strong>no-</strong></span> 
     </span>
    </p>
   </div>
   <div class='ocr_carea' id='block_1_38' title="bbox 2006 779 3598 850">
    <p class='ocr_par' dir='ltr' id='par_1_38' title="bbox 2006 779 3598 850">
     <span class='ocr_line' id='line_1_38' title="bbox 2006 779 3598 850; baseline 0.003 -18"><span class='ocrx_word' id='word_1_287' title='bbox 2006 779 2112 833; x_wconf 89' lang='lat' dir='ltr'><strong>lint</strong></span> <span class='ocrx_word' id='word_1_288' title='bbox 2132 779 2361 840; x_wconf 84' lang='lat' dir='ltr'><strong>inimici,</strong></span> <span class='ocrx_word' id='word_1_289' title='bbox 2406 796 2673 850; x_wconf 88' lang='lat' dir='ltr'><strong>magnum</strong></span> <span class='ocrx_word' id='word_1_290' title='bbox 2710 784 2797 833; x_wconf 88' lang='lat' dir='ltr'><strong>est</strong></span> <span class='ocrx_word' id='word_1_291' title='bbox 2839 781 2894 835; x_wconf 92' lang='lat' dir='ltr'><strong>in</strong></span> <span class='ocrx_word' id='word_1_292' title='bbox 2920 781 3143 836; x_wconf 88' lang='lat' dir='ltr'><strong>Christo</strong></span> <span class='ocrx_word' id='word_1_293' title='bbox 3165 788 3223 836; x_wconf 91' lang='lat' dir='ltr'><strong>et</strong></span> <span class='ocrx_word' id='word_1_294' title='bbox 3247 783 3304 836; x_wconf 92' lang='lat' dir='ltr'><strong>in</strong></span> <span class='ocrx_word' id='word_1_295' title='bbox 3335 782 3598 847; x_wconf 85' lang='lat' dir='ltr'><strong>Ecclesia,</strong></span> 
     </span>
    </p>
   </div>
   <div class='ocr_carea' id='block_1_39' title="bbox 2007 868 3601 937">
    <p class='ocr_par' dir='ltr' id='par_1_39' title="bbox 2007 868 3601 937">
     <span class='ocr_line' id='line_1_39' title="bbox 2007 868 3601 937; baseline 0.001 -15"><span class='ocrx_word' id='word_1_296' title='bbox 2007 868 2155 937; x_wconf 90' lang='lat' dir='ltr'><strong>quod</strong></span> <span class='ocrx_word' id='word_1_297' title='bbox 2179 874 2344 921; x_wconf 85' lang='lat' dir='ltr'><strong>erunt</strong></span> <span class='ocrx_word' id='word_1_298' title='bbox 2373 869 2481 921; x_wconf 84' lang='lat' dir='ltr'><strong>duo</strong></span> <span class='ocrx_word' id='word_1_299' title='bbox 2512 871 2573 921; x_wconf 88' lang='lat' dir='ltr'><strong>in</strong></span> <span class='ocrx_word' id='word_1_300' title='bbox 2603 884 2769 922; x_wconf 88' lang='lat' dir='ltr'><strong>carne</strong></span> <span class='ocrx_word' id='word_1_301' title='bbox 2801 884 2937 935; x_wconf 87' lang='lat' dir='ltr'><strong>una,</strong></span> <span class='ocrx_word' id='word_1_302' title='bbox 2969 875 3027 924; x_wconf 90' lang='lat' dir='ltr'><strong>et</strong></span> <span class='ocrx_word' id='word_1_303' title='bbox 3052 870 3098 924; x_wconf 91' lang='lat' dir='ltr'><strong>si</strong></span> <span class='ocrx_word' id='word_1_304' title='bbox 3126 886 3237 924; x_wconf 78' lang='lat' dir='ltr'><strong>una</strong></span> <span class='ocrx_word' id='word_1_305' title='bbox 3267 886 3396 924; x_wconf 89' lang='lat' dir='ltr'><strong>caro</strong></span> <span class='ocrx_word' id='word_1_306' title='bbox 3438 870 3601 926; x_wconf 90' lang='lat' dir='ltr'><strong>Chri-</strong></span> 
     </span>
    </p>
   </div>
   <div class='ocr_carea' id='block_1_40' title="bbox 2007 956 3598 1030">
    <p class='ocr_par' dir='ltr' id='par_1_40' title="bbox 2007 956 3598 1030">
     <span class='ocr_line' id='line_1_40' title="bbox 2007 956 3598 1030; baseline 0.003 -21"><span class='ocrx_word' id='word_1_307' title='bbox 2007 962 2127 1010; x_wconf 89' lang='lat' dir='ltr'><strong>stus</strong></span> <span class='ocrx_word' id='word_1_308' title='bbox 2155 961 2212 1010; x_wconf 89' lang='lat' dir='ltr'><strong>et</strong></span> <span class='ocrx_word' id='word_1_309' title='bbox 2244 956 2506 1019; x_wconf 87' lang='lat' dir='ltr'><strong>Ecclesia,</strong></span> <span class='ocrx_word' id='word_1_310' title='bbox 2543 957 2659 1026; x_wconf 88' lang='lat' dir='ltr'><strong>jam</strong></span> <span class='ocrx_word' id='word_1_311' title='bbox 2692 957 2881 1011; x_wconf 89' lang='lat' dir='ltr'><strong>unitas</strong></span> <span class='ocrx_word' id='word_1_312' title='bbox 2910 964 3126 1013; x_wconf 72' lang='lat' dir='ltr'><strong>naturae</strong></span> <span class='ocrx_word' id='word_1_313' title='bbox 3151 958 3445 1012; x_wconf 89' lang='lat' dir='ltr'><strong>amborum</strong></span> <span class='ocrx_word' id='word_1_314' title='bbox 3477 959 3598 1030; x_wconf 89' lang='lat' dir='ltr'><strong>ple-</strong></span> 
     </span>
    </p>
   </div>
   <div class='ocr_carea' id='block_1_41' title="bbox 2006 1044 3604 1117">
    <p class='ocr_par' dir='ltr' id='par_1_41' title="bbox 2006 1044 3604 1117">
     <span class='ocr_line' id='line_1_41' title="bbox 2006 1044 3604 1117; baseline 0.003 -20"><span class='ocrx_word' id='word_1_315' title='bbox 2006 1044 2133 1099; x_wconf 89' lang='lat' dir='ltr'><strong>nius</strong></span> <span class='ocrx_word' id='word_1_316' title='bbox 2160 1045 2604 1099; x_wconf 85' lang='lat' dir='ltr'><strong>commendatur.</strong></span> <span class='ocrx_word' id='word_1_317' title='bbox 2629 1045 2980 1117; x_wconf 85' lang='lat' dir='ltr'><strong>Quapropter</strong></span> <span class='ocrx_word' id='word_1_318' title='bbox 3008 1046 3101 1101; x_wconf 92' lang='lat' dir='ltr'><strong>illo</strong></span> <span class='ocrx_word' id='word_1_319' title='bbox 3121 1046 3341 1117; x_wconf 87' lang='lat' dir='ltr'><strong>integro</strong></span> <span class='ocrx_word' id='word_1_320' title='bbox 3360 1060 3419 1111; x_wconf 86' lang='grc' dir='ltr'><strong>ω,</strong></span> <span class='ocrx_word' id='word_1_321' title='bbox 3450 1047 3604 1117; x_wconf 87' lang='lat' dir='ltr'><strong>Agni</strong></span> 
     </span>
    </p>
   </div>
   <div class='ocr_carea' id='block_1_42' title="bbox 2005 1134 3597 1206">
    <p class='ocr_par' dir='ltr' id='par_1_42' title="bbox 2005 1134 3597 1206">
     <span class='ocr_line' id='line_1_42' title="bbox 2005 1134 3597 1206; baseline 0.001 -18"><span class='ocrx_word' id='word_1_322' title='bbox 2005 1150 2220 1200; x_wconf 89' lang='lat' dir='ltr'><strong>carnes,</strong></span> <span class='ocrx_word' id='word_1_323' title='bbox 2245 1139 2439 1187; x_wconf 86' lang='lat' dir='ltr'><strong>nostra</strong></span> <span class='ocrx_word' id='word_1_324' title='bbox 2456 1139 2520 1187; x_wconf 91' lang='lat' dir='ltr'><strong>ut</strong></span> <span class='ocrx_word' id='word_1_325' title='bbox 2532 1134 2697 1187; x_wconf 88' lang='lat' dir='ltr'><strong>tollat</strong></span> <span class='ocrx_word' id='word_1_326' title='bbox 2711 1140 2958 1205; x_wconf 88' lang='lat' dir='ltr'><strong>peccata,</strong></span> <span class='ocrx_word' id='word_1_327' title='bbox 2994 1136 3187 1190; x_wconf 91' lang='lat' dir='ltr'><strong>mundi</strong></span> <span class='ocrx_word' id='word_1_328' title='bbox 3220 1134 3559 1206; x_wconf 87' lang='lat' dir='ltr'><strong>accipiamus</strong></span> <span class='ocrx_word' id='word_1_329' title='bbox 3583 1154 3597 1201; x_wconf 91' lang='lat'><strong>;</strong></span> 
     </span>
    </p>
   </div>
   <div class='ocr_carea' id='block_1_43' title="bbox 2006 1221 3599 1291">
    <p class='ocr_par' dir='ltr' id='par_1_43' title="bbox 2006 1221 3599 1291">
     <span class='ocr_line' id='line_1_43' title="bbox 2006 1221 3599 1291; baseline 0.003 -17"><span class='ocrx_word' id='word_1_330' title='bbox 2006 1227 2283 1291; x_wconf 89' lang='lat' dir='ltr'><strong>quatenus</strong></span> <span class='ocrx_word' id='word_1_331' title='bbox 2308 1221 2413 1275; x_wconf 89' lang='lat' dir='ltr'><strong>hoc</strong></span> <span class='ocrx_word' id='word_1_332' title='bbox 2444 1222 2702 1277; x_wconf 89' lang='lat' dir='ltr'><strong>Christus</strong></span> <span class='ocrx_word' id='word_1_333' title='bbox 2730 1222 2788 1276; x_wconf 93' lang='lat' dir='ltr'><strong>in</strong></span> <span class='ocrx_word' id='word_1_334' title='bbox 2826 1223 2986 1277; x_wconf 88' lang='lat' dir='ltr'><strong>nobis</strong></span> <span class='ocrx_word' id='word_1_335' title='bbox 3028 1230 3274 1291; x_wconf 86' lang='lat' dir='ltr'><strong>maneat,</strong></span> <span class='ocrx_word' id='word_1_336' title='bbox 3325 1229 3382 1279; x_wconf 89' lang='lat' dir='ltr'><strong>et</strong></span> <span class='ocrx_word' id='word_1_337' title='bbox 3408 1240 3512 1279; x_wconf 90' lang='lat' dir='ltr'><strong>nos</strong></span> <span class='ocrx_word' id='word_1_338' title='bbox 3539 1223 3599 1278; x_wconf 92' lang='lat' dir='ltr'><strong>in</strong></span> 
     </span>
    </p>
   </div>
   <div class='ocr_carea' id='block_1_44' title="bbox 2002 1309 2903 1381">
    <p class='ocr_par' dir='ltr' id='par_1_44' title="bbox 2002 1309 2903 1381">
     <span class='ocr_line' id='line_1_44' title="bbox 2002 1309 2903 1381; baseline 0.001 -18"><span class='ocrx_word' id='word_1_339' title='bbox 2002 1309 2125 1381; x_wconf 91' lang='lat' dir='ltr'><strong>ipso</strong></span> <span class='ocrx_word' id='word_1_340' title='bbox 2154 1310 2337 1365; x_wconf 86' lang='lat' dir='ltr'><strong>renati</strong></span> <span class='ocrx_word' id='word_1_341' title='bbox 2367 1326 2543 1369; x_wconf 89' lang='lat' dir='ltr'><strong>unum</strong></span> <span class='ocrx_word' id='word_1_342' title='bbox 2573 1310 2903 1366; x_wconf 90' lang='lat' dir='ltr'><strong>efﬁciamur.</strong></span> 
     </span>
    </p>
   </div>
   <div class='ocr_carea' id='block_1_45' title="bbox 2571 1469 3046 1526">
    <p class='ocr_par' dir='ltr' id='par_1_45' title="bbox 2571 1469 3046 1526">
     <span class='ocr_line' id='line_1_45' title="bbox 2571 1469 3046 1526; baseline 0 -1"><span class='ocrx_word' id='word_1_343' title='bbox 2571 1470 2806 1526; x_wconf 86' lang='lat' dir='ltr'><strong>CAPUT</strong></span> <span class='ocrx_word' id='word_1_344' title='bbox 2835 1469 2966 1526; x_wconf 86' lang='lat' dir='ltr'>VIII</span> <span class='ocrx_word' id='word_1_345' title='bbox 2998 1483 3046 1525; x_wconf 78' lang='grc' dir='ltr'><strong>η.</strong></span> 
     </span>
    </p>
   </div>
   <div class='ocr_carea' id='block_1_46' title="bbox 2006 1612 3593 1683">
    <p class='ocr_par' dir='ltr' id='par_1_46' title="bbox 2006 1612 3593 1683">
     <span class='ocr_line' id='line_1_46' title="bbox 2006 1612 3593 1683; baseline 0.001 -16"><span class='ocrx_word' id='word_1_346' title='bbox 2006 1612 2156 1680; x_wconf 86' lang='lat' dir='ltr'><strong>Quod</strong></span> <span class='ocrx_word' id='word_1_347' title='bbox 2182 1615 2248 1667; x_wconf 86' lang='lat' dir='ltr'><strong>in</strong></span> <span class='ocrx_word' id='word_1_348' title='bbox 2275 1613 2377 1667; x_wconf 88' lang='lat' dir='ltr'><strong>hac</strong></span> <span class='ocrx_word' id='word_1_349' title='bbox 2405 1615 2792 1668; x_wconf 84' lang='lat' dir='ltr'><strong>communione</strong></span> <span class='ocrx_word' id='word_1_350' title='bbox 2818 1617 2920 1666; x_wconf 89' lang='lat' dir='ltr'><strong>aut</strong></span> <span class='ocrx_word' id='word_1_351' title='bbox 2938 1613 3223 1681; x_wconf 76' lang='lat' dir='ltr'><strong>judicium</strong></span> <span class='ocrx_word' id='word_1_352' title='bbox 3265 1615 3593 1683; x_wconf 78' lang='lat' dir='ltr'><strong>percipitur,</strong></span> 
     </span>
    </p>
   </div>
   <div class='ocr_carea' id='block_1_47' title="bbox 2586 1702 3027 1769">
    <p class='ocr_par' dir='ltr' id='par_1_47' title="bbox 2586 1702 3027 1769">
     <span class='ocr_line' id='line_1_47' title="bbox 2586 1702 3027 1769; baseline 0 -15"><span class='ocrx_word' id='word_1_353' title='bbox 2586 1705 2688 1754; x_wconf 83' lang='lat' dir='ltr'><strong>aut</strong></span> <span class='ocrx_word' id='word_1_354' title='bbox 2708 1702 3027 1769; x_wconf 70' lang='lat' dir='ltr'><strong>praemium.</strong></span> 
     </span>
    </p>
   </div>
   <div class='ocr_carea' id='block_1_48' title="bbox 2076 1842 3600 1915">
    <p class='ocr_par' dir='ltr' id='par_1_48' title="bbox 2076 1842 3600 1915">
     <span class='ocr_line' id='line_1_48' title="bbox 2076 1842 3600 1915; baseline 0.001 -19"><span class='ocrx_word' id='word_1_355' title='bbox 2076 1842 2124 1897; x_wconf 87' lang='lat' dir='ltr'><strong>l.</strong></span> <span class='ocrx_word' id='word_1_356' title='bbox 2155 1843 2311 1898; x_wconf 90' lang='lat' dir='ltr'><strong>Nihil</strong></span> <span class='ocrx_word' id='word_1_357' title='bbox 2356 1843 2865 1914; x_wconf 62' lang='lat' dir='ltr'><strong>impraesentiarum</strong></span> <span class='ocrx_word' id='word_1_358' title='bbox 2905 1842 3271 1914; x_wconf 89' lang='lat' dir='ltr'><strong>periculosius</strong></span> <span class='ocrx_word' id='word_1_359' title='bbox 3302 1860 3472 1915; x_wconf 89' lang='lat' dir='ltr'><strong>quam</strong></span> <span class='ocrx_word' id='word_1_360' title='bbox 3511 1844 3600 1899; x_wconf 89' lang='lat' dir='ltr'><strong>le-</strong></span> 
     </span>
    </p>
   </div>
   <div class='ocr_carea' id='block_1_49' title="bbox 2000 1931 3600 2003">
    <p class='ocr_par' dir='ltr' id='par_1_49' title="bbox 2000 1931 3600 2003">
     <span class='ocr_line' id='line_1_49' title="bbox 2000 1931 3600 2003; baseline 0.001 -18"><span class='ocrx_word' id='word_1_361' title='bbox 2000 1931 2231 1987; x_wconf 90' lang='lat' dir='ltr'><strong>thaliter</strong></span> <span class='ocrx_word' id='word_1_362' title='bbox 2241 1948 2491 2003; x_wconf 90' lang='lat' dir='ltr'><strong>peccare,</strong></span> <span class='ocrx_word' id='word_1_363' title='bbox 2529 1937 2587 1986; x_wconf 90' lang='lat' dir='ltr'><strong>et</strong></span> <span class='ocrx_word' id='word_1_364' title='bbox 2614 1948 2647 1985; x_wconf 90' lang='lat' dir='ltr'><strong>a</strong></span> <span class='ocrx_word' id='word_1_365' title='bbox 2672 1932 2880 1987; x_wconf 87' lang='lat' dir='ltr'><strong>Christi</strong></span> <span class='ocrx_word' id='word_1_366' title='bbox 2910 1948 3141 2003; x_wconf 88' lang='lat' dir='ltr'><strong>corpore</strong></span> <span class='ocrx_word' id='word_1_367' title='bbox 3171 1949 3358 1987; x_wconf 92' lang='lat' dir='ltr'><strong>coram</strong></span> <span class='ocrx_word' id='word_1_368' title='bbox 3390 1933 3600 1989; x_wconf 92' lang='lat' dir='ltr'><strong>interni</strong></span> 
     </span>
    </p>
   </div>
   <div class='ocr_carea' id='block_1_50' title="bbox 1994 2020 3597 2091">
    <p class='ocr_par' dir='ltr' id='par_1_50' title="bbox 1994 2020 3597 2091">
     <span class='ocr_line' id='line_1_50' title="bbox 1994 2020 3597 2091; baseline 0.001 -15"><span class='ocrx_word' id='word_1_369' title='bbox 1994 2021 2200 2091; x_wconf 87' lang='lat' dir='ltr'><strong>judicis</strong></span> <span class='ocrx_word' id='word_1_370' title='bbox 2230 2022 2405 2076; x_wconf 88' lang='lat' dir='ltr'><strong>oculis</strong></span> <span class='ocrx_word' id='word_1_371' title='bbox 2434 2021 2710 2076; x_wconf 91' lang='lat' dir='ltr'><strong>decidere.</strong></span> <span class='ocrx_word' id='word_1_372' title='bbox 2743 2020 2956 2076; x_wconf 90' lang='lat' dir='ltr'><strong>Deinde</strong></span> <span class='ocrx_word' id='word_1_373' title='bbox 3007 2021 3149 2075; x_wconf 90' lang='lat' dir='ltr'><strong>nihil</strong></span> <span class='ocrx_word' id='word_1_374' title='bbox 3203 2020 3597 2091; x_wconf 87' lang='lat' dir='ltr'><strong>damnabilius,</strong></span> 
     </span>
    </p>
   </div>
   <div class='ocr_carea' id='block_1_51' title="bbox 1999 2110 3600 2181">
    <p class='ocr_par' dir='ltr' id='par_1_51' title="bbox 1999 2110 3600 2181">
     <span class='ocr_line' id='line_1_51' title="bbox 1999 2110 3600 2181; baseline 0.001 -17"><span class='ocrx_word' id='word_1_375' title='bbox 1999 2115 2305 2181; x_wconf 89' lang='lat' dir='ltr'><strong>antequam</strong></span> <span class='ocrx_word' id='word_1_376' title='bbox 2334 2111 2459 2181; x_wconf 91' lang='lat' dir='ltr'><strong>quis</strong></span> <span class='ocrx_word' id='word_1_377' title='bbox 2479 2110 2810 2181; x_wconf 87' lang='lat' dir='ltr'><strong>corrigatur,</strong></span> <span class='ocrx_word' id='word_1_378' title='bbox 2836 2115 3066 2181; x_wconf 90' lang='lat' dir='ltr'><strong>propter</strong></span> <span class='ocrx_word' id='word_1_379' title='bbox 3090 2110 3381 2181; x_wconf 87' lang='lat' dir='ltr'><strong>perﬁdiam</strong></span> <span class='ocrx_word' id='word_1_380' title='bbox 3403 2110 3600 2165; x_wconf 86' lang='lat' dir='ltr'><strong>huma-</strong></span> 
     </span>
    </p>
   </div>
   <div class='ocr_carea' id='block_1_52' title="bbox 2000 2197 3600 2270">
    <p class='ocr_par' dir='ltr' id='par_1_52' title="bbox 2000 2197 3600 2270">
     <span class='ocr_line' id='line_1_52' title="bbox 2000 2197 3600 2270; baseline 0.001 -18"><span class='ocrx_word' id='word_1_381' title='bbox 2000 2215 2151 2264; x_wconf 90' lang='lat' dir='ltr'><strong>nam,</strong></span> <span class='ocrx_word' id='word_1_382' title='bbox 2192 2216 2318 2253; x_wconf 91' lang='lat' dir='ltr'><strong>cum</strong></span> <span class='ocrx_word' id='word_1_383' title='bbox 2359 2197 2509 2257; x_wconf 89' lang='lat' dir='ltr'><strong>Juda</strong></span> <span class='ocrx_word' id='word_1_384' title='bbox 2544 2216 2579 2253; x_wconf 89' lang='lat' dir='ltr'><strong>a</strong></span> <span class='ocrx_word' id='word_1_385' title='bbox 2617 2198 2884 2270; x_wconf 83' lang='lat' dir='ltr'><strong>mysterio</strong></span> <span class='ocrx_word' id='word_1_386' title='bbox 2936 2205 3143 2253; x_wconf 65' lang='lat' dir='ltr'><strong>sanctae</strong></span> <span class='ocrx_word' id='word_1_387' title='bbox 3189 2198 3600 2253; x_wconf 87' lang='lat' dir='ltr'><strong>communionis</strong></span> 
     </span>
    </p>
   </div>
   <div class='ocr_carea' id='block_1_53' title="bbox 1998 2286 3600 2359">
    <p class='ocr_par' dir='ltr' id='par_1_53' title="bbox 1998 2286 3600 2359">
     <span class='ocr_line' id='line_1_53' title="bbox 1998 2286 3600 2359; baseline 0 -17"><span class='ocrx_word' id='word_1_388' title='bbox 1998 2288 2196 2359; x_wconf 90' lang='lat' dir='ltr'><strong>pedem</strong></span> <span class='ocrx_word' id='word_1_389' title='bbox 2222 2305 2334 2343; x_wconf 91' lang='lat' dir='ltr'><strong>non</strong></span> <span class='ocrx_word' id='word_1_390' title='bbox 2353 2288 2667 2343; x_wconf 88' lang='lat' dir='ltr'><strong>retrahere.</strong></span> <span class='ocrx_word' id='word_1_391' title='bbox 2701 2287 2861 2342; x_wconf 92' lang='lat' dir='ltr'><strong>Unde</strong></span> <span class='ocrx_word' id='word_1_392' title='bbox 2881 2303 2913 2340; x_wconf 92' lang='lat' dir='ltr'><strong>a</strong></span> <span class='ocrx_word' id='word_1_393' title='bbox 2942 2286 3249 2359; x_wconf 89' lang='lat' dir='ltr'><strong>primordio</strong></span> <span class='ocrx_word' id='word_1_394' title='bbox 3269 2288 3438 2358; x_wconf 90' lang='lat' dir='ltr'><strong>hujus</strong></span> <span class='ocrx_word' id='word_1_395' title='bbox 3454 2288 3600 2342; x_wconf 90' lang='lat' dir='ltr'><strong>cele-</strong></span> 
     </span>
    </p>
   </div>
   <div class='ocr_carea' id='block_1_54' title="bbox 1999 2375 3599 2447">
    <p class='ocr_par' dir='ltr' id='par_1_54' title="bbox 1999 2375 3599 2447">
     <span class='ocr_line' id='line_1_54' title="bbox 1999 2375 3599 2447; baseline 0 -17"><span class='ocrx_word' id='word_1_396' title='bbox 1999 2376 2221 2432; x_wconf 82' lang='lat' dir='ltr'><strong>britatis</strong></span> <span class='ocrx_word' id='word_1_397' title='bbox 2246 2377 2521 2447; x_wconf 90' lang='lat' dir='ltr'><strong>judicium</strong></span> <span class='ocrx_word' id='word_1_398' title='bbox 2549 2376 2695 2430; x_wconf 89' lang='lat' dir='ltr'><strong>male</strong></span> <span class='ocrx_word' id='word_1_399' title='bbox 2720 2375 3121 2447; x_wconf 89' lang='lat' dir='ltr'><strong>accipientibus</strong></span> <span class='ocrx_word' id='word_1_400' title='bbox 3156 2375 3422 2441; x_wconf 89' lang='lat' dir='ltr'><strong>minatur,</strong></span> <span class='ocrx_word' id='word_1_401' title='bbox 3461 2376 3599 2431; x_wconf 90' lang='lat' dir='ltr'><strong>dum</strong></span> 
     </span>
    </p>
   </div>
   <div class='ocr_carea' id='block_1_55' title="bbox 2001 2465 3595 2537">
    <p class='ocr_par' dir='ltr' id='par_1_55' title="bbox 2001 2465 3595 2537">
     <span class='ocr_line' id='line_1_55' title="bbox 2001 2465 3595 2537; baseline 0 -18"><span class='ocrx_word' id='word_1_402' title='bbox 2001 2466 2266 2520; x_wconf 89' lang='lat' dir='ltr'><strong>continuo</strong></span> <span class='ocrx_word' id='word_1_403' title='bbox 2288 2472 2413 2537; x_wconf 90' lang='lat' dir='ltr'><strong>post</strong></span> <span class='ocrx_word' id='word_1_404' title='bbox 2428 2465 2703 2519; x_wconf 88' lang='lat' dir='ltr'><strong>bucellam</strong></span> <span class='ocrx_word' id='word_1_405' title='bbox 2720 2465 2788 2519; x_wconf 90' lang='lat' dir='ltr'><strong>de</strong></span> <span class='ocrx_word' id='word_1_406' title='bbox 2810 2482 2979 2520; x_wconf 90' lang='lat' dir='ltr'><strong>manu</strong></span> <span class='ocrx_word' id='word_1_407' title='bbox 3002 2465 3225 2519; x_wconf 89' lang='lat' dir='ltr'><strong>Domini</strong></span> <span class='ocrx_word' id='word_1_408' title='bbox 3252 2470 3595 2535; x_wconf 87' lang='lat' dir='ltr'><strong>perceptam,</strong></span> 
     </span>
    </p>
   </div>
   <div class='ocr_carea' id='block_1_56' title="bbox 2002 2554 3602 2625">
    <p class='ocr_par' dir='ltr' id='par_1_56' title="bbox 2002 2554 3602 2625">
     <span class='ocr_line' id='line_1_56' title="bbox 2002 2554 3602 2625; baseline 0 -17"><span class='ocrx_word' id='word_1_409' title='bbox 2002 2555 2029 2609; x_wconf 86' lang='lat' dir='ltr'>J</span> <span class='ocrx_word' id='word_1_410' title='bbox 2037 2555 2205 2608; x_wconf 90' lang='lat' dir='ltr'><strong>udam</strong></span> <span class='ocrx_word' id='word_1_411' title='bbox 2232 2554 2486 2608; x_wconf 89' lang='lat' dir='ltr'><strong>diabolus</strong></span> <span class='ocrx_word' id='word_1_412' title='bbox 2512 2554 2781 2625; x_wconf 84' lang='lat' dir='ltr'><strong>pervasit.</strong></span> <span class='ocrx_word' id='word_1_413' title='bbox 2806 2554 2916 2608; x_wconf 91' lang='lat' dir='ltr'><strong>Ubi</strong></span> <span class='ocrx_word' id='word_1_414' title='bbox 2956 2570 3081 2608; x_wconf 88' lang='lat' dir='ltr'><strong>mox</strong></span> <span class='ocrx_word' id='word_1_415' title='bbox 3110 2554 3426 2608; x_wconf 86' lang='lat' dir='ltr'><strong>ostenditur</strong></span> <span class='ocrx_word' id='word_1_416' title='bbox 3446 2554 3602 2608; x_wconf 86' lang='lat' dir='ltr'><strong>futu-</strong></span> 
     </span>
    </p>
   </div>
   <div class='ocr_carea' id='block_1_57' title="bbox 2002 2642 3601 2713">
    <p class='ocr_par' dir='ltr' id='par_1_57' title="bbox 2002 2642 3601 2713">
     <span class='ocr_line' id='line_1_57' title="bbox 2002 2642 3601 2713; baseline 0 -17"><span class='ocrx_word' id='word_1_417' title='bbox 2002 2659 2129 2697; x_wconf 89' lang='lat' dir='ltr'><strong>rum</strong></span> <span class='ocrx_word' id='word_1_418' title='bbox 2155 2643 2213 2696; x_wconf 92' lang='lat' dir='ltr'><strong>in</strong></span> <span class='ocrx_word' id='word_1_419' title='bbox 2248 2643 2495 2698; x_wconf 88' lang='lat' dir='ltr'><strong>Ecclesia</strong></span> <span class='ocrx_word' id='word_1_420' title='bbox 2544 2643 2837 2713; x_wconf 88' lang='lat' dir='ltr'><strong>judicium,</strong></span> <span class='ocrx_word' id='word_1_421' title='bbox 2869 2642 2999 2713; x_wconf 90' lang='lat' dir='ltr'><strong>quia</strong></span> <span class='ocrx_word' id='word_1_422' title='bbox 3043 2643 3248 2696; x_wconf 86' lang='lat' dir='ltr'><strong>Sancta</strong></span> <span class='ocrx_word' id='word_1_423' title='bbox 3275 2648 3601 2696; x_wconf 89' lang='lat' dir='ltr'><strong>sanctorum</strong></span> 
     </span>
    </p>
   </div>
   <div class='ocr_carea' id='block_1_58' title="bbox 2005 2730 3600 2803">
    <p class='ocr_par' dir='ltr' id='par_1_58' title="bbox 2005 2730 3600 2803">
     <span class='ocr_line' id='line_1_58' title="bbox 2005 2730 3600 2803; baseline -0.001 -16"><span class='ocrx_word' id='word_1_424' title='bbox 2005 2738 2165 2799; x_wconf 90' lang='lat' dir='ltr'><strong>sunt;</strong></span> <span class='ocrx_word' id='word_1_425' title='bbox 2197 2732 2246 2786; x_wconf 89' lang='lat' dir='ltr'><strong>si</strong></span> <span class='ocrx_word' id='word_1_426' title='bbox 2292 2732 2418 2803; x_wconf 87' lang='lat' dir='ltr'><strong>quis</strong></span> <span class='ocrx_word' id='word_1_427' title='bbox 2459 2749 2545 2797; x_wconf 91' lang='lat' dir='ltr'><strong>ea,</strong></span> <span class='ocrx_word' id='word_1_428' title='bbox 2579 2732 2769 2802; x_wconf 90' lang='lat' dir='ltr'><strong>lapsus</strong></span> <span class='ocrx_word' id='word_1_429' title='bbox 2820 2730 2891 2785; x_wconf 91' lang='lat' dir='ltr'><strong>de</strong></span> <span class='ocrx_word' id='word_1_430' title='bbox 2921 2747 3153 2801; x_wconf 90' lang='lat' dir='ltr'><strong>corpore</strong></span> <span class='ocrx_word' id='word_1_431' title='bbox 3183 2731 3392 2785; x_wconf 90' lang='lat' dir='ltr'><strong>Christi</strong></span> <span class='ocrx_word' id='word_1_432' title='bbox 3422 2730 3600 2786; x_wconf 84' lang='lat' dir='ltr'><strong>factus</strong></span> 
     </span>
    </p>
   </div>
   <div class='ocr_carea' id='block_1_59' title="bbox 2006 2818 3597 2891">
    <p class='ocr_par' dir='ltr' id='par_1_59' title="bbox 2006 2818 3597 2891">
     <span class='ocr_line' id='line_1_59' title="bbox 2006 2818 3597 2891; baseline -0.001 -16"><span class='ocrx_word' id='word_1_433' title='bbox 2006 2820 2385 2876; x_wconf 90' lang='lat' dir='ltr'><strong>membrorum</strong></span> <span class='ocrx_word' id='word_1_434' title='bbox 2417 2820 2731 2875; x_wconf 89' lang='lat' dir='ltr'><strong>meretricis</strong></span> <span class='ocrx_word' id='word_1_435' title='bbox 2760 2820 2847 2873; x_wconf 80' lang='lat' dir='ltr'><strong>vel</strong></span> <span class='ocrx_word' id='word_1_436' title='bbox 2875 2818 3099 2885; x_wconf 91' lang='lat' dir='ltr'><strong>diaboli,</strong></span> <span class='ocrx_word' id='word_1_437' title='bbox 3131 2820 3551 2891; x_wconf 58' lang='lat' dir='ltr'><strong>praesumpserit</strong></span> <span class='ocrx_word' id='word_1_438' title='bbox 3583 2838 3597 2888; x_wconf 91' lang='lat'><strong>;</strong></span> 
     </span>
    </p>
   </div>
   <div class='ocr_carea' id='block_1_60' title="bbox 2005 2908 3601 2981">
    <p class='ocr_par' dir='ltr' id='par_1_60' title="bbox 2005 2908 3601 2981">
     <span class='ocr_line' id='line_1_60' title="bbox 2005 2908 3601 2981; baseline -0.003 -16"><span class='ocrx_word' id='word_1_439' title='bbox 2005 2926 2109 2965; x_wconf 92' lang='lat' dir='ltr'><strong>nec</strong></span> <span class='ocrx_word' id='word_1_440' title='bbox 2129 2909 2360 2965; x_wconf 91' lang='lat' dir='ltr'><strong>dubium</strong></span> <span class='ocrx_word' id='word_1_441' title='bbox 2393 2910 2529 2981; x_wconf 93' lang='lat' dir='ltr'><strong>quin</strong></span> <span class='ocrx_word' id='word_1_442' title='bbox 2575 2908 2644 2962; x_wconf 92' lang='lat' dir='ltr'><strong>ob</strong></span> <span class='ocrx_word' id='word_1_443' title='bbox 2693 2908 2749 2962; x_wconf 93' lang='lat' dir='ltr'><strong>id</strong></span> <span class='ocrx_word' id='word_1_444' title='bbox 2773 2908 3047 2979; x_wconf 90' lang='lat' dir='ltr'><strong>judicium</strong></span> <span class='ocrx_word' id='word_1_445' title='bbox 3078 2908 3335 2978; x_wconf 86' lang='lat' dir='ltr'><strong>excipiat,</strong></span> <span class='ocrx_word' id='word_1_446' title='bbox 3368 2915 3424 2962; x_wconf 90' lang='lat' dir='ltr'><strong>et</strong></span> <span class='ocrx_word' id='word_1_447' title='bbox 3470 2924 3601 2963; x_wconf 89' lang='lat' dir='ltr'><strong>cum</strong></span> 
     </span>
    </p>
   </div>
   <div class='ocr_carea' id='block_1_61' title="bbox 319 2995 3593 3071">
    <p class='ocr_par' dir='ltr' id='par_1_61' title="bbox 319 2995 3593 3071">
     <span class='ocr_line' id='line_1_61' title="bbox 319 2995 3593 3071; baseline 0 -21"><span class='ocrx_word' id='word_1_448' title='bbox 319 2995 490 3051; x_wconf 86' lang='lat' dir='ltr'><strong>edere</strong></span> <span class='ocrx_word' id='word_1_449' title='bbox 518 2996 785 3062; x_wconf 83' lang='lat' dir='ltr'><strong>licuisset,</strong></span> <span class='ocrx_word' id='word_1_450' title='bbox 811 3011 1103 3068; x_wconf 89' lang='lat' dir='ltr'><strong>nunquam</strong></span> <span class='ocrx_word' id='word_1_451' title='bbox 1137 3001 1148 3043; x_wconf 82' lang='grc' dir='ltr'>ι</span> <span class='ocrx_word' id='word_1_452' title='bbox 1181 2996 1435 3051; x_wconf 89' lang='lat' dir='ltr'><strong>mortalis</strong></span> <span class='ocrx_word' id='word_1_453' title='bbox 1483 3003 1629 3052; x_wconf 89' lang='lat' dir='ltr'><strong>esset</strong></span> <span class='ocrx_word' id='word_1_454' title='bbox 1663 3015 1674 3050; x_wconf 91' lang='lat'><strong>:</strong></span> <span class='ocrx_word' id='word_1_455' title='bbox 1709 2998 1788 3051; x_wconf 90' lang='lat' dir='ltr'><strong>sic</strong></span> <span class='ocrx_word' id='word_1_456' title='bbox 1815 2998 1986 3065; x_wconf 86' lang='lat' dir='ltr'><strong>ita-C</strong></span> <span class='ocrx_word' id='word_1_457' title='bbox 2006 3000 2169 3065; x_wconf 91' lang='lat' dir='ltr'><strong>Juda,</strong></span> <span class='ocrx_word' id='word_1_458' title='bbox 2202 3000 2378 3071; x_wconf 82' lang='lat' dir='ltr'><strong>culpae</strong></span> <span class='ocrx_word' id='word_1_459' title='bbox 2420 2998 2665 3053; x_wconf 90' lang='lat' dir='ltr'><strong>societur</strong></span> <span class='ocrx_word' id='word_1_460' title='bbox 2698 2996 3007 3064; x_wconf 89' lang='lat' dir='ltr'><strong>obnoxius;</strong></span> <span class='ocrx_word' id='word_1_461' title='bbox 3051 3002 3165 3051; x_wconf 89' lang='lat' dir='ltr'><strong>tam</strong></span> <span class='ocrx_word' id='word_1_462' title='bbox 3189 2997 3323 3068; x_wconf 88' lang='lat' dir='ltr'><strong>quia</strong></span> <span class='ocrx_word' id='word_1_463' title='bbox 3363 2996 3593 3065; x_wconf 91' lang='lat' dir='ltr'><strong>corruit,</strong></span> 
     </span>
    </p>
   </div>
   <div class='ocr_carea' id='block_1_62' title="bbox 209 3084 3600 3159">
    <p class='ocr_par' dir='ltr' id='par_1_62' title="bbox 209 3084 3600 3159">
     <span class='ocr_line' id='line_1_62' title="bbox 209 3084 3600 3159; baseline -0 -19"><span class='ocrx_word' id='word_1_464' title='bbox 209 3109 215 3113; x_wconf 93' lang='grc'><strong>·</strong></span> <span class='ocrx_word' id='word_1_465' title='bbox 319 3100 433 3156; x_wconf 90' lang='lat' dir='ltr'><strong>que</strong></span> <span class='ocrx_word' id='word_1_466' title='bbox 460 3100 526 3140; x_wconf 85' lang='lat' dir='ltr'><strong>ex</strong></span> <span class='ocrx_word' id='word_1_467' title='bbox 553 3085 659 3140; x_wconf 91' lang='lat' dir='ltr'><strong>hoc</strong></span> <span class='ocrx_word' id='word_1_468' title='bbox 684 3085 836 3156; x_wconf 89' lang='lat' dir='ltr'><strong>ligno</strong></span> <span class='ocrx_word' id='word_1_469' title='bbox 863 3085 1114 3157; x_wconf 90' lang='lat' dir='ltr'><strong>corporis</strong></span> <span class='ocrx_word' id='word_1_470' title='bbox 1146 3085 1465 3156; x_wconf 89' lang='lat' dir='ltr'><strong>quicunque</strong></span> <span class='ocrx_word' id='word_1_471' title='bbox 1495 3085 1822 3157; x_wconf 87' lang='lat' dir='ltr'><strong>spiritaliter</strong></span> <span class='ocrx_word' id='word_1_472' title='bbox 1836 3102 1925 3141; x_wconf 90' lang='lat' dir='ltr'><strong>co-</strong></span> <span class='ocrx_word' id='word_1_473' title='bbox 2005 3105 2174 3159; x_wconf 88' lang='lat' dir='ltr'><strong>quam</strong></span> <span class='ocrx_word' id='word_1_474' title='bbox 2204 3087 2338 3158; x_wconf 90' lang='lat' dir='ltr'><strong>quia</strong></span> <span class='ocrx_word' id='word_1_475' title='bbox 2361 3086 2419 3140; x_wconf 92' lang='lat' dir='ltr'><strong>in</strong></span> <span class='ocrx_word' id='word_1_476' title='bbox 2452 3085 2795 3140; x_wconf 86' lang='lat' dir='ltr'><strong>conscientia</strong></span> <span class='ocrx_word' id='word_1_477' title='bbox 2829 3086 3130 3139; x_wconf 89' lang='lat' dir='ltr'><strong>damnatus</strong></span> <span class='ocrx_word' id='word_1_478' title='bbox 3161 3100 3333 3139; x_wconf 87' lang='lat' dir='ltr'><strong>ausus</strong></span> <span class='ocrx_word' id='word_1_479' title='bbox 3372 3090 3459 3139; x_wconf 89' lang='lat' dir='ltr'><strong>est</strong></span> <span class='ocrx_word' id='word_1_480' title='bbox 3478 3084 3600 3140; x_wconf 84' lang='lat' dir='ltr'><strong>sine</strong></span> 
     </span>
    </p>
   </div>
   <div class='ocr_carea' id='block_1_63' title="bbox 318 3173 3602 3248">
    <p class='ocr_par' dir='ltr' id='par_1_63' title="bbox 318 3173 3602 3248">
     <span class='ocr_line' id='line_1_63' title="bbox 318 3173 3602 3248; baseline 0 -20"><span class='ocrx_word' id='word_1_481' title='bbox 318 3174 560 3229; x_wconf 90' lang='lat' dir='ltr'><strong>medunt</strong></span> <span class='ocrx_word' id='word_1_482' title='bbox 580 3193 594 3241; x_wconf 89' lang='lat'><strong>;</strong></span> <span class='ocrx_word' id='word_1_483' title='bbox 626 3174 675 3228; x_wconf 89' lang='lat' dir='ltr'><strong>si</strong></span> <span class='ocrx_word' id='word_1_484' title='bbox 695 3174 962 3230; x_wconf 89' lang='lat' dir='ltr'><strong>mandata</strong></span> <span class='ocrx_word' id='word_1_485' title='bbox 981 3173 1416 3237; x_wconf 89' lang='lat' dir='ltr'><strong>observaverint,</strong></span> <span class='ocrx_word' id='word_1_486' title='bbox 1429 3191 1721 3245; x_wconf 89' lang='lat' dir='ltr'><strong>nunquam</strong></span> <span class='ocrx_word' id='word_1_487' title='bbox 1740 3175 1796 3229; x_wconf 90' lang='lat' dir='ltr'><strong>in</strong></span> <span class='ocrx_word' id='word_1_488' title='bbox 1813 3175 1924 3246; x_wconf 92' lang='lat' dir='ltr'><strong>spi-</strong></span> <span class='ocrx_word' id='word_1_489' title='bbox 2004 3176 2337 3248; x_wconf 84' lang='lat' dir='ltr'><strong>poenitentia</strong></span> <span class='ocrx_word' id='word_1_490' title='bbox 2359 3182 2416 3230; x_wconf 89' lang='lat' dir='ltr'><strong>et</strong></span> <span class='ocrx_word' id='word_1_491' title='bbox 2429 3174 2793 3230; x_wconf 88' lang='lat' dir='ltr'><strong>correctionis</strong></span> <span class='ocrx_word' id='word_1_492' title='bbox 2810 3173 2992 3238; x_wconf 88' lang='lat' dir='ltr'><strong>venia,</strong></span> <span class='ocrx_word' id='word_1_493' title='bbox 3017 3179 3212 3228; x_wconf 88' lang='lat' dir='ltr'><strong>sancta</strong></span> <span class='ocrx_word' id='word_1_494' title='bbox 3231 3173 3500 3245; x_wconf 84' lang='lat' dir='ltr'><strong>mysteria</strong></span> <span class='ocrx_word' id='word_1_495' title='bbox 3522 3179 3602 3228; x_wconf 86' lang='lat' dir='ltr'><strong>te-</strong></span> 
     </span>
    </p>
   </div>
   <div class='ocr_carea' id='block_1_64' title="bbox 316 3263 3598 3335">
    <p class='ocr_par' dir='ltr' id='par_1_64' title="bbox 316 3263 3598 3335">
     <span class='ocr_line' id='line_1_64' title="bbox 316 3263 3598 3335; baseline 0 -17"><span class='ocrx_word' id='word_1_496' title='bbox 316 3263 437 3318; x_wconf 88' lang='lat' dir='ltr'><strong>ritu</strong></span> <span class='ocrx_word' id='word_1_497' title='bbox 467 3263 734 3318; x_wconf 88' lang='lat' dir='ltr'><strong>mortales</strong></span> <span class='ocrx_word' id='word_1_498' title='bbox 761 3269 928 3318; x_wconf 87' lang='lat' dir='ltr'><strong>erunt</strong></span> <span class='ocrx_word' id='word_1_499' title='bbox 959 3281 973 3317; x_wconf 88' lang='lat'><strong><em>:</em></strong></span> <span class='ocrx_word' id='word_1_500' title='bbox 1013 3263 1265 3333; x_wconf 89' lang='lat' dir='ltr'><strong>alioquin</strong></span> <span class='ocrx_word' id='word_1_501' title='bbox 1309 3263 1649 3335; x_wconf 69' lang='lat' dir='ltr'><strong>praecidendi</strong></span> <span class='ocrx_word' id='word_1_502' title='bbox 1674 3270 1825 3330; x_wconf 91' lang='lat' dir='ltr'><strong>sunt,</strong></span> <span class='ocrx_word' id='word_1_503' title='bbox 1857 3268 1922 3318; x_wconf 92' lang='lat' dir='ltr'><strong>ut</strong></span> <span class='ocrx_word' id='word_1_504' title='bbox 2004 3282 2243 3331; x_wconf 90' lang='lat' dir='ltr'><strong>merare,</strong></span> <span class='ocrx_word' id='word_1_505' title='bbox 2275 3281 2379 3319; x_wconf 91' lang='lat' dir='ltr'><strong>nec</strong></span> <span class='ocrx_word' id='word_1_506' title='bbox 2398 3263 2750 3334; x_wconf 65' lang='lat' dir='ltr'><strong>praesentiam</strong></span> <span class='ocrx_word' id='word_1_507' title='bbox 2785 3263 2983 3318; x_wconf 72' lang='lat' dir='ltr'><strong>divinae</strong></span> <span class='ocrx_word' id='word_1_508' title='bbox 3016 3263 3328 3333; x_wconf 87' lang='lat' dir='ltr'><strong>majestatis</strong></span> <span class='ocrx_word' id='word_1_509' title='bbox 3367 3264 3598 3330; x_wconf 89' lang='lat' dir='ltr'><strong>veritus,</strong></span> 
     </span>
    </p>
   </div>
   <div class='ocr_carea' id='block_1_65' title="bbox 319 3350 1922 3422">
    <p class='ocr_par' dir='ltr' id='par_1_65' title="bbox 319 3350 1922 3422">
     <span class='ocr_line' id='line_1_65' title="bbox 319 3350 1922 3422; baseline 0 -16"><span class='ocrx_word' id='word_1_510' title='bbox 319 3351 525 3406; x_wconf 89' lang='lat' dir='ltr'><strong>melius</strong></span> <span class='ocrx_word' id='word_1_511' title='bbox 545 3351 953 3418; x_wconf 86' lang='lat' dir='ltr'><strong>reinserantur,</strong></span> <span class='ocrx_word' id='word_1_512' title='bbox 984 3350 1138 3406; x_wconf 89' lang='lat' dir='ltr'><strong>unde</strong></span> <span class='ocrx_word' id='word_1_513' title='bbox 1168 3353 1261 3406; x_wconf 86' lang='lat' dir='ltr'><strong>let</strong></span> <span class='ocrx_word' id='word_1_514' title='bbox 1288 3351 1507 3421; x_wconf 87' lang='lat' dir='ltr'><strong>lignum</strong></span> <span class='ocrx_word' id='word_1_515' title='bbox 1537 3351 1663 3407; x_wconf 68' lang='lat' dir='ltr'><strong>vita:</strong></span> <span class='ocrx_word' id='word_1_516' title='bbox 1683 3352 1812 3422; x_wconf 90' lang='lat' dir='ltr'><strong>jure</strong></span> <span class='ocrx_word' id='word_1_517' title='bbox 1840 3352 1922 3406; x_wconf 87' lang='lat' dir='ltr'><strong>di-</strong></span> 
     </span>
    </p>
   </div>
   <div class='ocr_carea' id='block_1_66' title="bbox 320 3440 1919 3512">
    <p class='ocr_par' dir='ltr' id='par_1_66' title="bbox 320 3440 1919 3512">
     <span class='ocr_line' id='line_1_66' title="bbox 320 3440 1919 3512; baseline 0 -17"><span class='ocrx_word' id='word_1_518' title='bbox 320 3440 489 3508; x_wconf 89' lang='lat' dir='ltr'><strong>citur,</strong></span> <span class='ocrx_word' id='word_1_519' title='bbox 511 3440 647 3511; x_wconf 89' lang='lat' dir='ltr'><strong>quia</strong></span> <span class='ocrx_word' id='word_1_520' title='bbox 664 3440 811 3495; x_wconf 91' lang='lat' dir='ltr'><strong>sicut</strong></span> <span class='ocrx_word' id='word_1_521' title='bbox 829 3440 970 3495; x_wconf 92' lang='lat' dir='ltr'><strong>illud</strong></span> <span class='ocrx_word' id='word_1_522' title='bbox 983 3440 1468 3495; x_wconf 86' lang='lat' dir='ltr'><strong>immortalitatem</strong></span> <span class='ocrx_word' id='word_1_523' title='bbox 1497 3441 1748 3512; x_wconf 89' lang='lat' dir='ltr'><strong>corporis</strong></span> <span class='ocrx_word' id='word_1_524' title='bbox 1761 3456 1919 3496; x_wconf 90' lang='lat' dir='ltr'><strong>sum-</strong></span> 
     </span>
    </p>
   </div>
   <div class='ocr_carea' id='block_1_67' title="bbox 318 3528 1919 3602">
    <p class='ocr_par' dir='ltr' id='par_1_67' title="bbox 318 3528 1919 3602">
     <span class='ocr_line' id='line_1_67' title="bbox 318 3528 1919 3602; baseline -0.001 -17"><span class='ocrx_word' id='word_1_525' title='bbox 318 3529 871 3602; x_wconf 75' lang='lat' dir='ltr'><strong>ptumpraastitisset,</strong></span> <span class='ocrx_word' id='word_1_526' title='bbox 887 3529 971 3584; x_wconf 90' lang='lat' dir='ltr'><strong>ita</strong></span> <span class='ocrx_word' id='word_1_527' title='bbox 996 3529 1149 3584; x_wconf 88' lang='lat' dir='ltr'><strong>istud</strong></span> <span class='ocrx_word' id='word_1_528' title='bbox 1167 3528 1281 3584; x_wconf 93' lang='lat' dir='ltr'><strong>imo</strong></span> <span class='ocrx_word' id='word_1_529' title='bbox 1309 3529 1544 3584; x_wconf 90' lang='lat' dir='ltr'><strong>solidius</strong></span> <span class='ocrx_word' id='word_1_530' title='bbox 1572 3529 1745 3585; x_wconf 88' lang='lat' dir='ltr'><strong>vitam</strong></span> <span class='ocrx_word' id='word_1_531' title='bbox 1772 3545 1919 3602; x_wconf 67' lang='lat' dir='ltr'><strong>prae-</strong></span> 
     </span>
    </p>
   </div>
   <div class='ocr_carea' id='block_1_68' title="bbox 317 3618 1917 3676">
    <p class='ocr_par' dir='ltr' id='par_1_68' title="bbox 317 3618 1917 3676">
     <span class='ocr_line' id='line_1_68' title="bbox 317 3618 1917 3676; baseline 0 -1"><span class='ocrx_word' id='word_1_532' title='bbox 317 3624 435 3675; x_wconf 82' lang='lat' dir='ltr'><strong>stat</strong></span> <span class='ocrx_word' id='word_1_533' title='bbox 454 3636 582 3675; x_wconf 88' lang='lat' dir='ltr'><strong>cum</strong></span> <span class='ocrx_word' id='word_1_534' title='bbox 603 3618 991 3675; x_wconf 87' lang='lat' dir='ltr'><strong>observatione</strong></span> <span class='ocrx_word' id='word_1_535' title='bbox 1000 3619 1398 3674; x_wconf 89' lang='lat' dir='ltr'><strong>mandatorum</strong></span> <span class='ocrx_word' id='word_1_536' title='bbox 1416 3619 1518 3675; x_wconf 91' lang='lat' dir='ltr'><strong>Dei</strong></span> <span class='ocrx_word' id='word_1_537' title='bbox 1531 3626 1817 3676; x_wconf 63' lang='lat' dir='ltr'><strong>eternam.</strong></span> <span class='ocrx_word' id='word_1_538' title='bbox 1836 3620 1917 3676; x_wconf 91' lang='lat' dir='ltr'><strong>De</strong></span> 
     </span>
    </p>
   </div>
   <div class='ocr_carea' id='block_1_69' title="bbox 319 3707 1921 3780">
    <p class='ocr_par' dir='ltr' id='par_1_69' title="bbox 319 3707 1921 3780">
     <span class='ocr_line' id='line_1_69' title="bbox 319 3707 1921 3780; baseline 0.001 -16"><span class='ocrx_word' id='word_1_539' title='bbox 319 3724 434 3780; x_wconf 89' lang='lat' dir='ltr'><strong>quo</strong></span> <span class='ocrx_word' id='word_1_540' title='bbox 454 3708 516 3763; x_wconf 91' lang='lat' dir='ltr'><strong>in</strong></span> <span class='ocrx_word' id='word_1_541' title='bbox 540 3709 709 3764; x_wconf 90' lang='lat' dir='ltr'><strong>laude</strong></span> <span class='ocrx_word' id='word_1_542' title='bbox 726 3707 1049 3779; x_wconf 66' lang='lat' dir='ltr'><strong>sapientiae:</strong></span> <span class='ocrx_word' id='word_1_543' title='bbox 1084 3710 1325 3777; x_wconf 87' lang='lat' dir='ltr'><strong>Lignum</strong></span> <span class='ocrx_word' id='word_1_544' title='bbox 1354 3711 1476 3764; x_wconf 71' lang='lat' dir='ltr'><strong>vitae</strong></span> <span class='ocrx_word' id='word_1_545' title='bbox 1494 3714 1570 3765; x_wconf 86' lang='lat' dir='ltr'><strong>est</strong></span> <span class='ocrx_word' id='word_1_546' title='bbox 1588 3710 1674 3764; x_wconf 88' lang='lat' dir='ltr'><strong>his</strong></span> <span class='ocrx_word' id='word_1_547' title='bbox 1702 3713 1801 3779; x_wconf 87' lang='lat' dir='ltr'><strong>qui</strong></span> <span class='ocrx_word' id='word_1_548' title='bbox 1827 3726 1921 3780; x_wconf 88' lang='lat' dir='ltr'><strong>ap-</strong></span> 
     </span>
    </p>
   </div>
   <div class='ocr_carea' id='block_1_70' title="bbox 312 3796 1920 3870">
    <p class='ocr_par' dir='ltr' id='par_1_70' title="bbox 312 3796 1920 3870">
     <span class='ocr_line' id='line_1_70' title="bbox 312 3796 1920 3870; baseline 0.001 -18"><span class='ocrx_word' id='word_1_549' title='bbox 312 3799 716 3868; x_wconf 79' lang='lat' dir='ltr'><strong>prehenderint</strong></span> <span class='ocrx_word' id='word_1_550' title='bbox 766 3814 906 3853; x_wconf 88' lang='lat' dir='ltr'><strong>eam.</strong></span> <span class='ocrx_word' id='word_1_551' title='bbox 934 3797 1006 3853; x_wconf 88' lang='lat' dir='ltr'><strong>Et</strong></span> <span class='ocrx_word' id='word_1_552' title='bbox 1031 3797 1092 3852; x_wconf 92' lang='lat' dir='ltr'><strong>in</strong></span> <span class='ocrx_word' id='word_1_553' title='bbox 1126 3796 1461 3870; x_wconf 74' lang='lat' dir='ltr'><strong>Apocalypsi</strong></span> <span class='ocrx_word' id='word_1_554' title='bbox 1494 3800 1736 3855; x_wconf 83' lang='lat' dir='ltr'><strong>Joannes</strong></span> <span class='ocrx_word' id='word_1_555' title='bbox 1767 3818 1780 3853; x_wconf 72' lang='grc' dir='ltr'>ς</span> <span class='ocrx_word' id='word_1_556' title='bbox 1814 3801 1920 3868; x_wconf 87' lang='lat' dir='ltr'><strong>Qui</strong></span> 
     </span>
    </p>
   </div>
   <div class='ocr_carea' id='block_1_71' title="bbox 318 3888 1921 3957">
    <p class='ocr_par' dir='ltr' id='par_1_71' title="bbox 318 3888 1921 3957">
     <span class='ocr_line' id='line_1_71' title="bbox 318 3888 1921 3957; baseline 0 -15"><span class='ocrx_word' id='word_1_557' title='bbox 318 3890 538 3955; x_wconf 73' lang='lat' dir='ltr'><strong>vicerit,</strong></span> <span class='ocrx_word' id='word_1_558' title='bbox 554 3888 693 3942; x_wconf 84' lang='lat' dir='ltr'><strong>dabo</strong></span> <span class='ocrx_word' id='word_1_559' title='bbox 712 3890 764 3942; x_wconf 88' lang='lat' dir='ltr'><strong>ei</strong></span> <span class='ocrx_word' id='word_1_560' title='bbox 779 3888 932 3942; x_wconf 86' lang='lat' dir='ltr'><strong>edere</strong></span> <span class='ocrx_word' id='word_1_561' title='bbox 951 3888 1016 3942; x_wconf 87' lang='lat' dir='ltr'><strong>de</strong></span> <span class='ocrx_word' id='word_1_562' title='bbox 1034 3889 1186 3956; x_wconf 81' lang='lat' dir='ltr'><strong>tigno</strong></span> <span class='ocrx_word' id='word_1_563' title='bbox 1226 3891 1368 3954; x_wconf 66' lang='lat' dir='ltr'><strong>vitae,</strong></span> <span class='ocrx_word' id='word_1_564' title='bbox 1398 3889 1542 3957; x_wconf 87' lang='lat' dir='ltr'><strong>quod</strong></span> <span class='ocrx_word' id='word_1_565' title='bbox 1568 3894 1644 3942; x_wconf 87' lang='lat' dir='ltr'><strong>est</strong></span> <span class='ocrx_word' id='word_1_566' title='bbox 1666 3892 1728 3943; x_wconf 90' lang='lat' dir='ltr'><strong>in</strong></span> <span class='ocrx_word' id='word_1_567' title='bbox 1740 3904 1921 3957; x_wconf 89' lang='lat' dir='ltr'><strong>para-</strong></span> 
     </span>
    </p>
   </div>
   <div class='ocr_carea' id='block_1_72' title="bbox 318 3975 1917 4047">
    <p class='ocr_par' dir='ltr' id='par_1_72' title="bbox 318 3975 1917 4047">
     <span class='ocr_line' id='line_1_72' title="bbox 318 3975 1917 4047; baseline 0.001 -17"><span class='ocrx_word' id='word_1_568' title='bbox 318 3976 440 4031; x_wconf 82' lang='lat' dir='ltr'><strong>diso</strong></span> <span class='ocrx_word' id='word_1_569' title='bbox 464 3976 566 4031; x_wconf 87' lang='lat' dir='ltr'><strong>Dei</strong></span> <span class='ocrx_word' id='word_1_570' title='bbox 592 3979 705 4031; x_wconf 82' lang='lat' dir='ltr'><strong>mei</strong></span> <span class='ocrx_word' id='word_1_571' title='bbox 734 3994 751 4030; x_wconf 90' lang='lat'><strong><em>:</em></strong></span> <span class='ocrx_word' id='word_1_572' title='bbox 782 3976 916 4047; x_wconf 88' lang='lat' dir='ltr'><strong>quia</strong></span> <span class='ocrx_word' id='word_1_573' title='bbox 934 3977 1182 4047; x_wconf 86' lang='lat' dir='ltr'><strong>profecto</strong></span> <span class='ocrx_word' id='word_1_574' title='bbox 1201 3991 1313 4031; x_wconf 93' lang='lat' dir='ltr'><strong>non</strong></span> <span class='ocrx_word' id='word_1_575' title='bbox 1334 3976 1460 4031; x_wconf 88' lang='lat' dir='ltr'><strong>aliis</strong></span> <span class='ocrx_word' id='word_1_576' title='bbox 1488 3975 1730 4047; x_wconf 89' lang='lat' dir='ltr'><strong>largitur</strong></span> <span class='ocrx_word' id='word_1_577' title='bbox 1746 3976 1917 4032; x_wconf 88' lang='lat' dir='ltr'><strong>etiam</strong></span> 
     </span>
    </p>
   </div>
   <div class='ocr_carea' id='block_1_73' title="bbox 319 4064 1269 4137">
    <p class='ocr_par' dir='ltr' id='par_1_73' title="bbox 319 4064 1269 4137">
     <span class='ocr_line' id='line_1_73' title="bbox 319 4064 1269 4137; baseline 0.002 -17"><span class='ocrx_word' id='word_1_578' title='bbox 319 4064 382 4120; x_wconf 90' lang='lat' dir='ltr'><strong>in</strong></span> <span class='ocrx_word' id='word_1_579' title='bbox 411 4064 685 4136; x_wconf 86' lang='lat' dir='ltr'><strong>mysterio</strong></span> <span class='ocrx_word' id='word_1_580' title='bbox 710 4080 878 4137; x_wconf 89' lang='lat' dir='ltr'><strong>quam</strong></span> <span class='ocrx_word' id='word_1_581' title='bbox 899 4065 1269 4123; x_wconf 78' lang='lat' dir='ltr'><strong>vincentibus.</strong></span> 
     </span>
    </p>
   </div>
   <div class='ocr_carea' id='block_1_74' title="bbox 389 4153 1916 4226">
    <p class='ocr_par' dir='ltr' id='par_1_74' title="bbox 389 4153 1916 4226">
     <span class='ocr_line' id='line_1_74' title="bbox 389 4153 1916 4226; baseline 0 -18"><span class='ocrx_word' id='word_1_582' title='bbox 389 4153 446 4208; x_wconf 89' lang='lat'><strong>3.</strong></span> <span class='ocrx_word' id='word_1_583' title='bbox 486 4154 598 4209; x_wconf 89' lang='lat' dir='ltr'><strong>Sed</strong></span> <span class='ocrx_word' id='word_1_584' title='bbox 636 4154 903 4226; x_wconf 87' lang='lat' dir='ltr'><strong>quoniam</strong></span> <span class='ocrx_word' id='word_1_585' title='bbox 968 4155 1038 4210; x_wconf 90' lang='lat' dir='ltr'><strong>de</strong></span> <span class='ocrx_word' id='word_1_586' title='bbox 1103 4154 1284 4210; x_wconf 89' lang='lat' dir='ltr'><strong>tribus</strong></span> <span class='ocrx_word' id='word_1_587' title='bbox 1349 4153 1630 4210; x_wconf 90' lang='lat' dir='ltr'><strong>vocabulis</strong></span> <span class='ocrx_word' id='word_1_588' title='bbox 1666 4154 1916 4226; x_wconf 88' lang='lat' dir='ltr'><strong>corporis</strong></span> 
     </span>
    </p>
   </div>
   <div class='ocr_carea' id='block_1_75' title="bbox 318 4242 1917 4315">
    <p class='ocr_par' dir='ltr' id='par_1_75' title="bbox 318 4242 1917 4315">
     <span class='ocr_line' id='line_1_75' title="bbox 318 4242 1917 4315; baseline 0 -17"><span class='ocrx_word' id='word_1_589' title='bbox 318 4242 531 4299; x_wconf 87' lang='lat' dir='ltr'><strong>Christi</strong></span> <span class='ocrx_word' id='word_1_590' title='bbox 559 4243 823 4311; x_wconf 81' lang='lat' dir='ltr'><strong>diximus,</strong></span> <span class='ocrx_word' id='word_1_591' title='bbox 848 4248 1026 4299; x_wconf 88' lang='lat' dir='ltr'><strong>restat</strong></span> <span class='ocrx_word' id='word_1_592' title='bbox 1053 4244 1223 4298; x_wconf 90' lang='lat' dir='ltr'><strong>etiam</strong></span> <span class='ocrx_word' id='word_1_593' title='bbox 1249 4243 1564 4314; x_wconf 85' lang='lat' dir='ltr'><strong>intelligere</strong></span> <span class='ocrx_word' id='word_1_594' title='bbox 1599 4244 1917 4315; x_wconf 89' lang='lat' dir='ltr'><strong>Scripturas</strong></span> 
     </span>
    </p>
   </div>
   <div class='ocr_carea' id='block_1_76' title="bbox 2001 3351 3599 3424">
    <p class='ocr_par' dir='ltr' id='par_1_76' title="bbox 2001 3351 3599 3424">
     <span class='ocr_line' id='line_1_76' title="bbox 2001 3351 3599 3424; baseline -0.002 -16"><span class='ocrx_word' id='word_1_595' title='bbox 2001 3353 2138 3409; x_wconf 84' lang='lat' dir='ltr'><strong>dum</strong></span> <span class='ocrx_word' id='word_1_596' title='bbox 2168 3354 2380 3424; x_wconf 91' lang='lat' dir='ltr'><strong>cogitat</strong></span> <span class='ocrx_word' id='word_1_597' title='bbox 2407 3352 2548 3407; x_wconf 91' lang='lat' dir='ltr'><strong>nihil</strong></span> <span class='ocrx_word' id='word_1_598' title='bbox 2580 3352 3027 3422; x_wconf 87' lang='lat' dir='ltr'><strong>amplius,quam</strong></span> <span class='ocrx_word' id='word_1_599' title='bbox 3045 3367 3169 3421; x_wconf 83' lang='lat' dir='ltr'><strong>quae</strong></span> <span class='ocrx_word' id='word_1_600' title='bbox 3200 3351 3476 3419; x_wconf 90' lang='lat' dir='ltr'><strong>videntur,</strong></span> <span class='ocrx_word' id='word_1_601' title='bbox 3494 3367 3599 3405; x_wconf 91' lang='lat' dir='ltr'><strong>nec</strong></span> 
     </span>
    </p>
   </div>
   <div class='ocr_carea' id='block_1_77' title="bbox 1999 3440 3598 3512">
    <p class='ocr_par' dir='ltr' id='par_1_77' title="bbox 1999 3440 3598 3512">
     <span class='ocr_line' id='line_1_77' title="bbox 1999 3440 3598 3512; baseline -0.001 -16"><span class='ocrx_word' id='word_1_602' title='bbox 1999 3441 2268 3512; x_wconf 89' lang='lat' dir='ltr'><strong>intelligit</strong></span> <span class='ocrx_word' id='word_1_603' title='bbox 2295 3441 2485 3508; x_wconf 90' lang='lat' dir='ltr'><strong>miser,</strong></span> <span class='ocrx_word' id='word_1_604' title='bbox 2518 3440 2666 3511; x_wconf 90' lang='lat' dir='ltr'><strong>quod</strong></span> <span class='ocrx_word' id='word_1_605' title='bbox 2695 3455 2986 3510; x_wconf 88' lang='lat' dir='ltr'><strong>nunquam</strong></span> <span class='ocrx_word' id='word_1_606' title='bbox 3041 3455 3171 3493; x_wconf 90' lang='lat' dir='ltr'><strong>caro</strong></span> <span class='ocrx_word' id='word_1_607' title='bbox 3226 3440 3455 3503; x_wconf 88' lang='lat' dir='ltr'><strong>Christi,</strong></span> <span class='ocrx_word' id='word_1_608' title='bbox 3487 3440 3598 3494; x_wconf 92' lang='lat' dir='ltr'><strong>nisi</strong></span> 
     </span>
    </p>
   </div>
   <div class='ocr_carea' id='block_1_78' title="bbox 2000 3527 3599 3601">
    <p class='ocr_par' dir='ltr' id='par_1_78' title="bbox 2000 3527 3599 3601">
     <span class='ocr_line' id='line_1_78' title="bbox 2000 3527 3599 3601; baseline -0.003 -15"><span class='ocrx_word' id='word_1_609' title='bbox 2000 3531 2071 3586; x_wconf 91' lang='lat' dir='ltr'><strong>de</strong></span> <span class='ocrx_word' id='word_1_610' title='bbox 2095 3547 2269 3586; x_wconf 91' lang='lat' dir='ltr'><strong>manu</strong></span> <span class='ocrx_word' id='word_1_611' title='bbox 2300 3531 2423 3601; x_wconf 89' lang='lat' dir='ltr'><strong>ejus</strong></span> <span class='ocrx_word' id='word_1_612' title='bbox 2461 3535 2517 3584; x_wconf 87' lang='lat' dir='ltr'><strong>et</strong></span> <span class='ocrx_word' id='word_1_613' title='bbox 2544 3528 2768 3583; x_wconf 91' lang='lat' dir='ltr'><strong>sublimi</strong></span> <span class='ocrx_word' id='word_1_614' title='bbox 2807 3544 2907 3582; x_wconf 90' lang='lat' dir='ltr'><strong>ara</strong></span> <span class='ocrx_word' id='word_1_615' title='bbox 2934 3527 3029 3581; x_wconf 91' lang='lat' dir='ltr'><strong>ubi</strong></span> <span class='ocrx_word' id='word_1_616' title='bbox 3061 3528 3319 3583; x_wconf 87' lang='lat' dir='ltr'><strong>Christus</strong></span> <span class='ocrx_word' id='word_1_617' title='bbox 3348 3528 3599 3599; x_wconf 83' lang='lat' dir='ltr'><strong>pontifex</strong></span> 
     </span>
    </p>
   </div>
   <div class='ocr_carea' id='block_1_79' title="bbox 2000 3616 3597 3689">
    <p class='ocr_par' dir='ltr' id='par_1_79' title="bbox 2000 3616 3597 3689">
     <span class='ocr_line' id='line_1_79' title="bbox 2000 3616 3597 3689; baseline -0.004 -13"><span class='ocrx_word' id='word_1_618' title='bbox 2000 3621 2322 3678; x_wconf 89' lang='lat' dir='ltr'><strong>futurorum</strong></span> <span class='ocrx_word' id='word_1_619' title='bbox 2350 3619 2624 3675; x_wconf 91' lang='lat' dir='ltr'><strong>bonorum</strong></span> <span class='ocrx_word' id='word_1_620' title='bbox 2646 3633 2748 3689; x_wconf 92' lang='lat' dir='ltr'><strong>pro</strong></span> <span class='ocrx_word' id='word_1_621' title='bbox 2775 3616 3034 3672; x_wconf 88' lang='lat' dir='ltr'><strong>omnibus</strong></span> <span class='ocrx_word' id='word_1_622' title='bbox 3056 3627 3081 3659; x_wconf 86' lang='lat'><strong>0</strong></span> <span class='ocrx_word' id='word_1_623' title='bbox 3110 3616 3340 3683; x_wconf 88' lang='lat' dir='ltr'><strong>assistit,</strong></span> <span class='ocrx_word' id='word_1_624' title='bbox 3367 3617 3597 3685; x_wconf 89' lang='lat' dir='ltr'><strong>jureac-</strong></span> 
     </span>
    </p>
   </div>
   <div class='ocr_carea' id='block_1_80' title="bbox 2001 3703 3594 3784">
    <p class='ocr_par' dir='ltr' id='par_1_80' title="bbox 2001 3703 3594 3784">
     <span class='ocr_line' id='line_1_80' title="bbox 2001 3703 3594 3784; baseline -0.006 -17"><span class='ocrx_word' id='word_1_625' title='bbox 2001 3711 2227 3784; x_wconf 90' lang='lat' dir='ltr'><strong>cipitur.</strong></span> <span class='ocrx_word' id='word_1_626' title='bbox 2252 3708 2412 3765; x_wconf 91' lang='lat' dir='ltr'><strong>Unde</strong></span> <span class='ocrx_word' id='word_1_627' title='bbox 2441 3707 2701 3763; x_wconf 88' lang='lat' dir='ltr'><strong>sacerdos</strong></span> <span class='ocrx_word' id='word_1_628' title='bbox 2729 3722 2857 3761; x_wconf 88' lang='lat' dir='ltr'><strong>cum</strong></span> <span class='ocrx_word' id='word_1_629' title='bbox 2881 3705 2999 3760; x_wconf 74' lang='lat' dir='ltr'><strong>haec</strong></span> <span class='ocrx_word' id='word_1_630' title='bbox 3036 3704 3232 3775; x_wconf 89' lang='lat' dir='ltr'><strong>incipit</strong></span> <span class='ocrx_word' id='word_1_631' title='bbox 3277 3703 3594 3773; x_wconf 84' lang='lat' dir='ltr'><strong>immolare,</strong></span> 
     </span>
    </p>
   </div>
   <div class='ocr_carea' id='block_1_81' title="bbox 1999 3795 3595 3866">
    <p class='ocr_par' dir='ltr' id='par_1_81' title="bbox 1999 3795 3595 3866">
     <span class='ocr_line' id='line_1_81' title="bbox 1999 3795 3595 3866; baseline -0.006 -10"><span class='ocrx_word' id='word_1_632' title='bbox 1999 3801 2151 3856; x_wconf 89' lang='lat' dir='ltr'><strong>inter</strong></span> <span class='ocrx_word' id='word_1_633' title='bbox 2176 3804 2378 3856; x_wconf 63' lang='lat' dir='ltr'><strong>cetera</strong></span> <span class='ocrx_word' id='word_1_634' title='bbox 2407 3798 2595 3864; x_wconf 87' lang='lat' dir='ltr'><strong>:Jube,</strong></span> <span class='ocrx_word' id='word_1_635' title='bbox 2628 3795 2831 3866; x_wconf 90' lang='lat' dir='ltr'><strong>inquit,</strong></span> <span class='ocrx_word' id='word_1_636' title='bbox 2853 3795 2961 3849; x_wconf 72' lang='lat' dir='ltr'><strong>haec</strong></span> <span class='ocrx_word' id='word_1_637' title='bbox 2992 3795 3239 3863; x_wconf 79' lang='lat' dir='ltr'><strong>perferri</strong></span> <span class='ocrx_word' id='word_1_638' title='bbox 3255 3809 3357 3863; x_wconf 89' lang='lat' dir='ltr'><strong>per</strong></span> <span class='ocrx_word' id='word_1_639' title='bbox 3390 3808 3595 3847; x_wconf 88' lang='lat' dir='ltr'><strong>manus</strong></span> 
     </span>
    </p>
   </div>
   <div class='ocr_carea' id='block_1_82' title="bbox 1998 3885 3596 3959">
    <p class='ocr_par' dir='ltr' id='par_1_82' title="bbox 1998 3885 3596 3959">
     <span class='ocr_line' id='line_1_82' title="bbox 1998 3885 3596 3959; baseline -0.007 -12"><span class='ocrx_word' id='word_1_640' title='bbox 1998 3895 2181 3947; x_wconf 90' lang='lat' dir='ltr'><strong>sancti</strong></span> <span class='ocrx_word' id='word_1_641' title='bbox 2198 3892 2388 3959; x_wconf 77' lang='lat' dir='ltr'><strong>angeli</strong></span> <span class='ocrx_word' id='word_1_642' title='bbox 2418 3891 2504 3944; x_wconf 89' lang='lat' dir='ltr'><strong>tui</strong></span> <span class='ocrx_word' id='word_1_643' title='bbox 2527 3891 2592 3941; x_wconf 83' lang='lat' dir='ltr'><strong>in</strong></span> <span class='ocrx_word' id='word_1_644' title='bbox 2615 3888 2851 3941; x_wconf 87' lang='lat' dir='ltr'><strong>sublime</strong></span> <span class='ocrx_word' id='word_1_645' title='bbox 2871 3888 3050 3939; x_wconf 85' lang='lat' dir='ltr'><strong>altare</strong></span> <span class='ocrx_word' id='word_1_646' title='bbox 3080 3888 3259 3948; x_wconf 86' lang='lat' dir='ltr'><strong>tuum,</strong></span> <span class='ocrx_word' id='word_1_647' title='bbox 3291 3885 3356 3936; x_wconf 89' lang='lat' dir='ltr'><strong>in</strong></span> <span class='ocrx_word' id='word_1_648' title='bbox 3380 3897 3596 3951; x_wconf 88' lang='lat' dir='ltr'><strong>conspe-</strong></span> 
     </span>
    </p>
   </div>
   <div class='ocr_carea' id='block_1_83' title="bbox 2000 3971 3595 4047">
    <p class='ocr_par' dir='ltr' id='par_1_83' title="bbox 2000 3971 3595 4047">
     <span class='ocr_line' id='line_1_83' title="bbox 2000 3971 3595 4047; baseline -0.006 -12"><span class='ocrx_word' id='word_1_649' title='bbox 2000 3986 2091 4036; x_wconf 87' lang='lat' dir='ltr'><strong>ctu</strong></span> <span class='ocrx_word' id='word_1_650' title='bbox 2111 3982 2315 4034; x_wconf 74' lang='lat' dir='ltr'><strong>divinae</strong></span> <span class='ocrx_word' id='word_1_651' title='bbox 2342 3980 2644 4047; x_wconf 83' lang='lat' dir='ltr'><strong>majestatis</strong></span> <span class='ocrx_word' id='word_1_652' title='bbox 2684 3981 2807 4030; x_wconf 62' lang='lat' dir='ltr'><strong>tua.</strong></span> <span class='ocrx_word' id='word_1_653' title='bbox 2837 3974 2907 4029; x_wconf 90' lang='lat' dir='ltr'><strong>Et</strong></span> <span class='ocrx_word' id='word_1_654' title='bbox 2948 3971 3178 4043; x_wconf 85' lang='lat' dir='ltr'><strong>cogitas,</strong></span> <span class='ocrx_word' id='word_1_655' title='bbox 3211 3988 3244 4026; x_wconf 96' lang='lat' dir='ltr'><strong>o</strong></span> <span class='ocrx_word' id='word_1_656' title='bbox 3269 3971 3457 4038; x_wconf 90' lang='lat' dir='ltr'><strong>homo,</strong></span> <span class='ocrx_word' id='word_1_657' title='bbox 3488 3971 3595 4027; x_wconf 89' lang='lat' dir='ltr'><strong>ali-</strong></span> 
     </span>
    </p>
   </div>
   <div class='ocr_carea' id='block_1_84' title="bbox 1998 4059 3593 4138">
    <p class='ocr_par' dir='ltr' id='par_1_84' title="bbox 1998 4059 3593 4138">
     <span class='ocr_line' id='line_1_84' title="bbox 1998 4059 3593 4138; baseline -0.006 -15"><span class='ocrx_word' id='word_1_658' title='bbox 1998 4068 2148 4123; x_wconf 92' lang='lat' dir='ltr'><strong>unde</strong></span> <span class='ocrx_word' id='word_1_659' title='bbox 2172 4068 2313 4122; x_wconf 92' lang='lat' dir='ltr'><strong>illud</strong></span> <span class='ocrx_word' id='word_1_660' title='bbox 2341 4068 2594 4138; x_wconf 90' lang='lat' dir='ltr'><strong>accipere</strong></span> <span class='ocrx_word' id='word_1_661' title='bbox 2635 4079 2805 4136; x_wconf 88' lang='lat' dir='ltr'><strong>quam</strong></span> <span class='ocrx_word' id='word_1_662' title='bbox 2829 4061 2899 4118; x_wconf 91' lang='lat' dir='ltr'><strong>de</strong></span> <span class='ocrx_word' id='word_1_663' title='bbox 2952 4060 3137 4128; x_wconf 88' lang='lat' dir='ltr'><strong>altari,</strong></span> <span class='ocrx_word' id='word_1_664' title='bbox 3169 4059 3269 4115; x_wconf 90' lang='lat' dir='ltr'><strong>ubi</strong></span> <span class='ocrx_word' id='word_1_665' title='bbox 3298 4059 3593 4116; x_wconf 87' lang='lat' dir='ltr'><strong>sublimius</strong></span> 
     </span>
    </p>
   </div>
   <div class='ocr_carea' id='block_1_85' title="bbox 1996 4152 2827 4228">
    <p class='ocr_par' dir='ltr' id='par_1_85' title="bbox 1996 4152 2827 4228">
     <span class='ocr_line' id='line_1_85' title="bbox 1996 4152 2827 4228; baseline -0.006 -16"><span class='ocrx_word' id='word_1_666' title='bbox 1996 4156 2403 4228; x_wconf 90' lang='lat' dir='ltr'><strong>transpositum</strong></span> <span class='ocrx_word' id='word_1_667' title='bbox 2433 4152 2827 4210; x_wconf 82' lang='lat' dir='ltr'><strong>consecratur?</strong></span> 
     </span>
    </p>
   </div>
   <div class='ocr_carea' id='block_1_86' title="bbox 2068 4238 3596 4310">
    <p class='ocr_par' dir='ltr' id='par_1_86' title="bbox 2068 4238 3596 4310">
     <span class='ocr_line' id='line_1_86' title="bbox 2068 4238 3596 4310; baseline -0.001 -10"><span class='ocrx_word' id='word_1_668' title='bbox 2068 4244 2123 4301; x_wconf 80' lang='lat'><strong>2.</strong></span> <span class='ocrx_word' id='word_1_669' title='bbox 2148 4244 2257 4299; x_wconf 89' lang='lat' dir='ltr'><strong>Sed</strong></span> <span class='ocrx_word' id='word_1_670' title='bbox 2296 4242 2550 4298; x_wconf 85' lang='lat' dir='ltr'><strong>fortassis</strong></span> <span class='ocrx_word' id='word_1_671' title='bbox 2572 4243 2642 4296; x_wconf 89' lang='lat' dir='ltr'><strong>ad</strong></span> <span class='ocrx_word' id='word_1_672' title='bbox 2676 4242 2791 4297; x_wconf 84' lang='lat' dir='ltr'><strong>haec</strong></span> <span class='ocrx_word' id='word_1_673' title='bbox 2807 4256 2948 4296; x_wconf 67' lang='lat' dir='ltr'><strong>caeca</strong></span> <span class='ocrx_word' id='word_1_674' title='bbox 2995 4238 3259 4310; x_wconf 89' lang='lat' dir='ltr'><strong>cogitatio</strong></span> <span class='ocrx_word' id='word_1_675' title='bbox 3276 4238 3483 4297; x_wconf 71' lang='lat' dir='ltr'><strong>dicito:</strong></span> <span class='ocrx_word' id='word_1_676' title='bbox 3525 4242 3596 4298; x_wconf 94' lang='lat' dir='ltr'><strong>Et</strong></span> 
     </span>
    </p>
   </div>
   <div class='ocr_carea' id='block_1_87' title="bbox 315 4320 3594 4407">
    <p class='ocr_par' dir='ltr' id='par_1_87' title="bbox 315 4320 3594 4407">
     <span class='ocr_line' id='line_1_87' title="bbox 315 4320 3594 4407; baseline -0.001 -16"><span class='ocrx_word' id='word_1_677' title='bbox 315 4339 563 4400; x_wconf 77' lang='lat' dir='ltr'><strong>sanctas,</strong></span> <span class='ocrx_word' id='word_1_678' title='bbox 604 4334 1029 4405; x_wconf 88' lang='lat' dir='ltr'><strong>doctrinamque</strong></span> <span class='ocrx_word' id='word_1_679' title='bbox 1079 4333 1309 4401; x_wconf 89' lang='lat' dir='ltr'><strong>Christi,</strong></span> <span class='ocrx_word' id='word_1_680' title='bbox 1338 4350 1508 4404; x_wconf 90' lang='lat' dir='ltr'><strong>quam</strong></span> <span class='ocrx_word' id='word_1_681' title='bbox 1562 4351 1708 4405; x_wconf 66' lang='lat' dir='ltr'><strong>saepe</strong></span> <span class='ocrx_word' id='word_1_682' title='bbox 1732 4320 1982 4407; x_wconf 83' lang='lat' dir='ltr'><strong>typiceD</strong></span> <span class='ocrx_word' id='word_1_683' title='bbox 2001 4334 2279 4407; x_wconf 91' lang='lat' dir='ltr'><strong>quomodo</strong></span> <span class='ocrx_word' id='word_1_684' title='bbox 2308 4333 2365 4388; x_wconf 93' lang='lat' dir='ltr'><strong>in</strong></span> <span class='ocrx_word' id='word_1_685' title='bbox 2395 4333 2602 4390; x_wconf 54' lang='lat' dir='ltr'><strong>calum</strong></span> <span class='ocrx_word' id='word_1_686' title='bbox 2631 4337 2762 4387; x_wconf 90' lang='lat' dir='ltr'><strong>ante</strong></span> <span class='ocrx_word' id='word_1_687' title='bbox 2789 4337 3148 4402; x_wconf 83' lang='lat' dir='ltr'><strong>conspectum</strong></span> <span class='ocrx_word' id='word_1_688' title='bbox 3177 4328 3375 4384; x_wconf 66' lang='lat' dir='ltr'><strong>divina:</strong></span> <span class='ocrx_word' id='word_1_689' title='bbox 3414 4332 3594 4402; x_wconf 86' lang='lat' dir='ltr'><strong>maje-</strong></span> 
     </span>
    </p>
   </div>
   <div class='ocr_carea' id='block_1_88' title="bbox 316 4422 1919 4497">
    <p class='ocr_par' dir='ltr' id='par_1_88' title="bbox 316 4422 1919 4497">
     <span class='ocr_line' id='line_1_88' title="bbox 316 4422 1919 4497; baseline 0 -18"><span class='ocrx_word' id='word_1_690' title='bbox 316 4440 520 4497; x_wconf 89' lang='lat' dir='ltr'><strong>corpus</strong></span> <span class='ocrx_word' id='word_1_691' title='bbox 548 4422 759 4480; x_wconf 87' lang='lat' dir='ltr'><strong>Christi</strong></span> <span class='ocrx_word' id='word_1_692' title='bbox 786 4423 1147 4495; x_wconf 88' lang='lat' dir='ltr'><strong>interpretari</strong></span> <span class='ocrx_word' id='word_1_693' title='bbox 1177 4422 1401 4489; x_wconf 88' lang='lat' dir='ltr'><strong>debere,</strong></span> <span class='ocrx_word' id='word_1_694' title='bbox 1429 4428 1494 4477; x_wconf 87' lang='lat' dir='ltr'><strong>ut</strong></span> <span class='ocrx_word' id='word_1_695' title='bbox 1523 4440 1698 4479; x_wconf 90' lang='lat' dir='ltr'><strong>unum</strong></span> <span class='ocrx_word' id='word_1_696' title='bbox 1718 4440 1919 4496; x_wconf 88' lang='lat' dir='ltr'><strong>corpus</strong></span> 
     </span>
    </p>
   </div>
   <div class='ocr_carea' id='block_1_89' title="bbox 389 4529 1919 4602">
    <p class='ocr_par' dir='ltr' id='par_1_89' title="bbox 389 4529 1919 4602">
     <span class='ocr_line' id='line_1_89' title="bbox 389 4529 1919 4602; baseline 0.001 -18"><span class='ocrx_word' id='word_1_697' title='bbox 389 4538 416 4570; x_wconf 74' lang='grc' dir='ltr'><strong><em>ι</em></strong></span> <span class='ocrx_word' id='word_1_698' title='bbox 447 4530 551 4585; x_wconf 87' lang='lat' dir='ltr'><strong>Hic</strong></span> <span class='ocrx_word' id='word_1_699' title='bbox 603 4529 802 4602; x_wconf 90' lang='lat' dir='ltr'><strong>incipit</strong></span> <span class='ocrx_word' id='word_1_700' title='bbox 820 4531 878 4585; x_wconf 93' lang='lat' dir='ltr'><strong>in</strong></span> <span class='ocrx_word' id='word_1_701' title='bbox 906 4531 1094 4585; x_wconf 91' lang='lat' dir='ltr'><strong>codice</strong></span> <span class='ocrx_word' id='word_1_702' title='bbox 1108 4529 1282 4585; x_wconf 88' lang='lat' dir='ltr'><strong>Laub.</strong></span> <span class='ocrx_word' id='word_1_703' title='bbox 1311 4546 1432 4599; x_wconf 89' lang='lat' dir='ltr'><strong>cap.</strong></span> <span class='ocrx_word' id='word_1_704' title='bbox 1460 4530 1589 4585; x_wconf 84' lang='lat' dir='ltr'><strong>XIII</strong></span> <span class='ocrx_word' id='word_1_705' title='bbox 1617 4547 1628 4581; x_wconf 90' lang='lat'><strong>:</strong></span> <span class='ocrx_word' id='word_1_706' title='bbox 1656 4530 1807 4597; x_wconf 90' lang='lat' dir='ltr'><strong>Quod</strong></span> <span class='ocrx_word' id='word_1_707' title='bbox 1828 4533 1919 4585; x_wconf 80' lang='lat' dir='ltr'><strong>illi</strong></span> 
     </span>
    </p>
   </div>
   <div class='ocr_carea' id='block_1_90' title="bbox 315 4601 1815 4670">
    <p class='ocr_par' dir='ltr' id='par_1_90' title="bbox 315 4601 1815 4670">
     <span class='ocr_line' id='line_1_90' title="bbox 315 4601 1815 4670; baseline 0.002 -16"><span class='ocrx_word' id='word_1_708' title='bbox 315 4601 423 4655; x_wconf 82' lang='lat' dir='ltr'><strong>soli</strong></span> <span class='ocrx_word' id='word_1_709' title='bbox 459 4605 558 4670; x_wconf 85' lang='lat' dir='ltr'><strong>qui</strong></span> <span class='ocrx_word' id='word_1_710' title='bbox 580 4617 638 4655; x_wconf 90' lang='lat' dir='ltr'><strong>eo</strong></span> <span class='ocrx_word' id='word_1_711' title='bbox 666 4601 829 4669; x_wconf 82' lang='lat' dir='ltr'><strong>digne</strong></span> <span class='ocrx_word' id='word_1_712' title='bbox 846 4610 1159 4665; x_wconf 82' lang='lat' dir='ltr'><strong>vescuntur,</strong></span> <span class='ocrx_word' id='word_1_713' title='bbox 1192 4607 1323 4655; x_wconf 85' lang='lat' dir='ltr'><strong>sunt</strong></span> <span class='ocrx_word' id='word_1_714' title='bbox 1342 4604 1407 4654; x_wconf 89' lang='lat' dir='ltr'><strong>in</strong></span> <span class='ocrx_word' id='word_1_715' title='bbox 1435 4616 1655 4669; x_wconf 85' lang='lat' dir='ltr'><strong>corpore</strong></span> <span class='ocrx_word' id='word_1_716' title='bbox 1683 4606 1815 4669; x_wconf 81' lang='lat' dir='ltr'><strong>ejus.</strong></span> 
     </span>
    </p>
   </div>
   <div class='ocr_carea' id='block_1_91' title="bbox 391 4671 1911 4740">
    <p class='ocr_par' dir='ltr' id='par_1_91' title="bbox 391 4671 1911 4740">
     <span class='ocr_line' id='line_1_91' title="bbox 391 4671 1911 4740; baseline 0.002 -15"><span class='ocrx_word' id='word_1_717' title='bbox 391 4672 421 4713; x_wconf 73' lang='grc' dir='ltr'><strong>ι)</strong></span> <span class='ocrx_word' id='word_1_718' title='bbox 440 4672 725 4726; x_wconf 85' lang='lat' dir='ltr'><strong>Puteanus</strong></span> <span class='ocrx_word' id='word_1_719' title='bbox 756 4673 945 4739; x_wconf 84' lang='lat' dir='ltr'><strong>codex,</strong></span> <span class='ocrx_word' id='word_1_720' title='bbox 982 4673 1129 4727; x_wconf 87' lang='lat' dir='ltr'><strong>Flor.</strong></span> <span class='ocrx_word' id='word_1_721' title='bbox 1146 4672 1322 4727; x_wconf 88' lang='lat' dir='ltr'><strong>Laub.</strong></span> <span class='ocrx_word' id='word_1_722' title='bbox 1354 4671 1597 4726; x_wconf 91' lang='lat' dir='ltr'><strong>Colbert.</strong></span> <span class='ocrx_word' id='word_1_723' title='bbox 1630 4688 1797 4740; x_wconf 90' lang='lat' dir='ltr'><strong>unus,</strong></span> <span class='ocrx_word' id='word_1_724' title='bbox 1829 4690 1911 4728; x_wconf 87' lang='lat' dir='ltr'><strong>ve-</strong></span> 
     </span>
    </p>
   </div>
   <div class='ocr_carea' id='block_1_92' title="bbox 315 4744 1413 4808">
    <p class='ocr_par' dir='ltr' id='par_1_92' title="bbox 315 4744 1413 4808">
     <span class='ocr_line' id='line_1_92' title="bbox 315 4744 1413 4808; baseline -0.002 -10"><span class='ocrx_word' id='word_1_725' title='bbox 315 4747 555 4798; x_wconf 83' lang='lat' dir='ltr'><strong>scuntur</strong></span> <span class='ocrx_word' id='word_1_726' title='bbox 573 4759 695 4797; x_wconf 89' lang='lat' dir='ltr'><strong>eam</strong></span> <span class='ocrx_word' id='word_1_727' title='bbox 725 4762 741 4797; x_wconf 93' lang='lat'><strong><em>:</em></strong></span> <span class='ocrx_word' id='word_1_728' title='bbox 773 4744 977 4808; x_wconf 90' lang='lat' dir='ltr'><strong>Sirm.,</strong></span> <span class='ocrx_word' id='word_1_729' title='bbox 1010 4749 1305 4798; x_wconf 83' lang='lat' dir='ltr'><strong>vescuntur</strong></span> <span class='ocrx_word' id='word_1_730' title='bbox 1330 4759 1413 4797; x_wconf 90' lang='lat' dir='ltr'><strong>ea.</strong></span> 
     </span>
    </p>
   </div>
   <div class='ocr_carea' id='block_1_93' title="bbox 388 4813 1765 4884">
    <p class='ocr_par' dir='ltr' id='par_1_93' title="bbox 388 4813 1765 4884">
     <span class='ocr_line' id='line_1_93' title="bbox 388 4813 1765 4884; baseline 0.001 -16"><span class='ocrx_word' id='word_1_731' title='bbox 388 4825 414 4884; x_wconf 64' lang='grc'>9</span> <span class='ocrx_word' id='word_1_732' title='bbox 449 4813 659 4884; x_wconf 85' lang='lat' dir='ltr'><strong>Regius</strong></span> <span class='ocrx_word' id='word_1_733' title='bbox 684 4829 832 4868; x_wconf 91' lang='lat' dir='ltr'><strong>unus</strong></span> <span class='ocrx_word' id='word_1_734' title='bbox 856 4815 1026 4869; x_wconf 85' lang='lat' dir='ltr'><strong>codex</strong></span> <span class='ocrx_word' id='word_1_735' title='bbox 1053 4815 1228 4880; x_wconf 90' lang='lat' dir='ltr'><strong>addit,</strong></span> <span class='ocrx_word' id='word_1_736' title='bbox 1247 4816 1392 4884; x_wconf 88' lang='lat' dir='ltr'><strong>quod</strong></span> <span class='ocrx_word' id='word_1_737' title='bbox 1415 4819 1491 4869; x_wconf 86' lang='lat' dir='ltr'><strong>est</strong></span> <span class='ocrx_word' id='word_1_738' title='bbox 1513 4815 1765 4871; x_wconf 73' lang='lat' dir='ltr'><strong>Ecclesia.</strong></span> 
     </span>
    </p>
   </div>
   <div class='ocr_carea' id='block_1_94' title="bbox 387 4883 1912 4958">
    <p class='ocr_par' dir='ltr' id='par_1_94' title="bbox 387 4883 1912 4958">
     <span class='ocr_line' id='line_1_94' title="bbox 387 4883 1912 4958; baseline -0.001 -17"><span class='ocrx_word' id='word_1_739' title='bbox 387 4883 889 4958; x_wconf 12' lang='lat' dir='ltr'><strong>dgLaubqsentire.</strong></span> <span class='ocrx_word' id='word_1_740' title='bbox 918 4886 1056 4941; x_wconf 86' lang='lat' dir='ltr'><strong>Tres</strong></span> <span class='ocrx_word' id='word_1_741' title='bbox 1084 4902 1217 4942; x_wconf 92' lang='lat' dir='ltr'><strong>mss.</strong></span> <span class='ocrx_word' id='word_1_742' title='bbox 1250 4883 1579 4958; x_wconf 79' lang='lat' dir='ltr'><strong>expungunt</strong></span> <span class='ocrx_word' id='word_1_743' title='bbox 1617 4884 1912 4958; x_wconf 89' lang='lat' dir='ltr'><strong>sequentia</strong></span> 
     </span>
    </p>
   </div>
   <div class='ocr_carea' id='block_1_95' title="bbox 309 4956 1028 5026">
    <p class='ocr_par' dir='ltr' id='par_1_95' title="bbox 309 4956 1028 5026">
     <span class='ocr_line' id='line_1_95' title="bbox 309 4956 1028 5026; baseline 0.001 -17"><span class='ocrx_word' id='word_1_744' title='bbox 309 4956 503 5018; x_wconf 83' lang='lat' dir='ltr'><strong>verba,</strong></span> <span class='ocrx_word' id='word_1_745' title='bbox 527 4973 698 5026; x_wconf 89' lang='lat' dir='ltr'><strong>quam</strong></span> <span class='ocrx_word' id='word_1_746' title='bbox 728 4957 1028 5012; x_wconf 78' lang='lat' dir='ltr'><strong>Christum.</strong></span> 
     </span>
    </p>
   </div>
   <div class='ocr_carea' id='block_1_96' title="bbox 386 5028 1490 5093">
    <p class='ocr_par' dir='ltr' id='par_1_96' title="bbox 386 5028 1490 5093">
     <span class='ocr_line' id='line_1_96' title="bbox 386 5028 1490 5093; baseline 0 -10"><span class='ocrx_word' id='word_1_747' title='bbox 386 5042 411 5073; x_wconf 77' lang='grc' dir='ltr'><strong>ο</strong></span> <span class='ocrx_word' id='word_1_748' title='bbox 441 5029 577 5083; x_wconf 79' lang='lat' dir='ltr'><strong>Tres</strong></span> <span class='ocrx_word' id='word_1_749' title='bbox 598 5044 728 5082; x_wconf 91' lang='lat' dir='ltr'><strong>mss.</strong></span> <span class='ocrx_word' id='word_1_750' title='bbox 765 5028 998 5093; x_wconf 87' lang='lat' dir='ltr'><strong>addunt,</strong></span> <span class='ocrx_word' id='word_1_751' title='bbox 1033 5031 1146 5083; x_wconf 87' lang='lat' dir='ltr'><strong>nisi</strong></span> <span class='ocrx_word' id='word_1_752' title='bbox 1166 5030 1229 5083; x_wconf 84' lang='lat' dir='ltr'><strong>de</strong></span> <span class='ocrx_word' id='word_1_753' title='bbox 1259 5028 1490 5084; x_wconf 75' lang='lat' dir='ltr'><strong>Christo.</strong></span> 
     </span>
    </p>
   </div>
   <div class='ocr_carea' id='block_1_97' title="bbox 388 5098 1915 5172">
    <p class='ocr_par' dir='ltr' id='par_1_97' title="bbox 388 5098 1915 5172">
     <span class='ocr_line' id='line_1_97' title="bbox 388 5098 1915 5172; baseline 0 -18"><span class='ocrx_word' id='word_1_754' title='bbox 388 5100 417 5172; x_wconf 17' lang='grc' dir='ltr'><strong>τί</strong></span> <span class='ocrx_word' id='word_1_755' title='bbox 438 5100 556 5154; x_wconf 83' lang='lat' dir='ltr'><strong>Hoc</strong></span> <span class='ocrx_word' id='word_1_756' title='bbox 581 5099 644 5154; x_wconf 91' lang='lat' dir='ltr'><strong>in</strong></span> <span class='ocrx_word' id='word_1_757' title='bbox 672 5099 861 5153; x_wconf 90' lang='lat' dir='ltr'><strong>codice</strong></span> <span class='ocrx_word' id='word_1_758' title='bbox 886 5099 1060 5153; x_wconf 88' lang='lat' dir='ltr'><strong>Laub.</strong></span> <span class='ocrx_word' id='word_1_759' title='bbox 1076 5099 1272 5172; x_wconf 90' lang='lat' dir='ltr'><strong>incipit</strong></span> <span class='ocrx_word' id='word_1_760' title='bbox 1300 5116 1429 5171; x_wconf 91' lang='lat' dir='ltr'><strong>cap.</strong></span> <span class='ocrx_word' id='word_1_761' title='bbox 1468 5098 1595 5154; x_wconf 85' lang='lat' dir='ltr'><strong>XIV</strong></span> <span class='ocrx_word' id='word_1_762' title='bbox 1626 5117 1638 5152; x_wconf 89' lang='lat'><strong><em>:</em></strong></span> <span class='ocrx_word' id='word_1_763' title='bbox 1671 5099 1823 5167; x_wconf 85' lang='lat' dir='ltr'><strong>Quod</strong></span> <span class='ocrx_word' id='word_1_764' title='bbox 1845 5102 1915 5154; x_wconf 86' lang='lat' dir='ltr'><strong>il-</strong></span> 
     </span>
    </p>
   </div>
   <div class='ocr_carea' id='block_1_98' title="bbox 318 5171 1913 5241">
    <p class='ocr_par' dir='ltr' id='par_1_98' title="bbox 318 5171 1913 5241">
     <span class='ocr_line' id='line_1_98' title="bbox 318 5171 1913 5241; baseline 0 -16"><span class='ocrx_word' id='word_1_765' title='bbox 318 5171 420 5225; x_wconf 82' lang='lat' dir='ltr'><strong>lud</strong></span> <span class='ocrx_word' id='word_1_766' title='bbox 446 5173 527 5225; x_wconf 89' lang='lat' dir='ltr'><strong>sic</strong></span> <span class='ocrx_word' id='word_1_767' title='bbox 552 5173 819 5226; x_wconf 68' lang='lat' dir='ltr'><strong>veraciter</strong></span> <span class='ocrx_word' id='word_1_768' title='bbox 844 5187 1042 5241; x_wconf 83' lang='lat' dir='ltr'><strong>corpus</strong></span> <span class='ocrx_word' id='word_1_769' title='bbox 1070 5171 1215 5241; x_wconf 85' lang='lat' dir='ltr'><strong>quod</strong></span> <span class='ocrx_word' id='word_1_770' title='bbox 1244 5176 1445 5227; x_wconf 88' lang='lat' dir='ltr'><strong>natum</strong></span> <span class='ocrx_word' id='word_1_771' title='bbox 1498 5175 1572 5226; x_wconf 86' lang='lat' dir='ltr'><strong>est</strong></span> <span class='ocrx_word' id='word_1_772' title='bbox 1598 5172 1662 5225; x_wconf 88' lang='lat' dir='ltr'><strong>de</strong></span> <span class='ocrx_word' id='word_1_773' title='bbox 1688 5175 1913 5225; x_wconf 88' lang='lat' dir='ltr'><strong>inteme-</strong></span> 
     </span>
    </p>
   </div>
   <div class='ocr_carea' id='block_1_99' title="bbox 314 5242 936 5311">
    <p class='ocr_par' dir='ltr' id='par_1_99' title="bbox 314 5242 936 5311">
     <span class='ocr_line' id='line_1_99' title="bbox 314 5242 936 5311; baseline 0.003 -16"><span class='ocrx_word' id='word_1_774' title='bbox 314 5246 448 5297; x_wconf 86' lang='lat' dir='ltr'><strong>rata</strong></span> <span class='ocrx_word' id='word_1_775' title='bbox 491 5243 709 5311; x_wconf 84' lang='lat' dir='ltr'><strong>Virgine</strong></span> <span class='ocrx_word' id='word_1_776' title='bbox 737 5242 936 5297; x_wconf 88' lang='lat' dir='ltr'><strong>Maria.</strong></span> 
     </span>
    </p>
   </div>
   <div class='ocr_carea' id='block_1_100' title="bbox 387 5314 969 5381">
    <p class='ocr_par' dir='ltr' id='par_1_100' title="bbox 387 5314 969 5381">
     <span class='ocr_line' id='line_1_100' title="bbox 387 5314 969 5381; baseline -0.002 -13"><span class='ocrx_word' id='word_1_777' title='bbox 387 5331 413 5373; x_wconf 72' lang='grc' dir='ltr'>ι</span> <span class='ocrx_word' id='word_1_778' title='bbox 443 5314 556 5379; x_wconf 85' lang='lat' dir='ltr'><strong>AL,</strong></span> <span class='ocrx_word' id='word_1_779' title='bbox 590 5316 969 5381; x_wconf 78' lang='lat' dir='ltr'><strong>interpellans.</strong></span> 
     </span>
    </p>
   </div>
   <div class='ocr_carea' id='block_1_101' title="bbox 390 5384 1647 5455">
    <p class='ocr_par' dir='ltr' id='par_1_101' title="bbox 390 5384 1647 5455">
     <span class='ocr_line' id='line_1_101' title="bbox 390 5384 1647 5455; baseline 0.004 -22"><span class='ocrx_word' id='word_1_780' title='bbox 390 5384 599 5455; x_wconf 30' lang='lat' dir='ltr'><strong>hiEditi</strong></span> <span class='ocrx_word' id='word_1_781' title='bbox 627 5400 755 5438; x_wconf 90' lang='lat' dir='ltr'><strong>cum</strong></span> <span class='ocrx_word' id='word_1_782' title='bbox 786 5384 1038 5455; x_wconf 87' lang='lat' dir='ltr'><strong>pluribus</strong></span> <span class='ocrx_word' id='word_1_783' title='bbox 1066 5400 1223 5452; x_wconf 92' lang='lat' dir='ltr'><strong>mss.,</strong></span> <span class='ocrx_word' id='word_1_784' title='bbox 1247 5399 1375 5439; x_wconf 87' lang='lat' dir='ltr'><strong>caro</strong></span> <span class='ocrx_word' id='word_1_785' title='bbox 1402 5386 1523 5453; x_wconf 87' lang='lat' dir='ltr'><strong>ipsa</strong></span> <span class='ocrx_word' id='word_1_786' title='bbox 1554 5389 1647 5455; x_wconf 78' lang='lat' dir='ltr'><strong>est.</strong></span> 
     </span>
    </p>
   </div>
   <div class='ocr_carea' id='block_1_102' title="bbox 386 5454 1909 5527">
    <p class='ocr_par' dir='ltr' id='par_1_102' title="bbox 386 5454 1909 5527">
     <span class='ocr_line' id='line_1_102' title="bbox 386 5454 1909 5527; baseline 0 -18"><span class='ocrx_word' id='word_1_787' title='bbox 386 5454 562 5510; x_wconf 82' lang='lat' dir='ltr'><strong>iTres</strong></span> <span class='ocrx_word' id='word_1_788' title='bbox 580 5470 714 5527; x_wconf 85' lang='lat' dir='ltr'><strong>mss.</strong></span> <span class='ocrx_word' id='word_1_789' title='bbox 722 5496 742 5525; x_wconf 82' lang='lat'><strong>,</strong></span> <span class='ocrx_word' id='word_1_790' title='bbox 770 5454 837 5510; x_wconf 80' lang='lat' dir='ltr'><strong>in</strong></span> <span class='ocrx_word' id='word_1_791' title='bbox 865 5470 1091 5527; x_wconf 85' lang='lat' dir='ltr'><strong>corpore</strong></span> <span class='ocrx_word' id='word_1_792' title='bbox 1112 5459 1256 5525; x_wconf 86' lang='lat' dir='ltr'><strong>ejus;</strong></span> <span class='ocrx_word' id='word_1_793' title='bbox 1284 5455 1407 5511; x_wconf 88' lang='lat' dir='ltr'><strong>cod.</strong></span> <span class='ocrx_word' id='word_1_794' title='bbox 1443 5456 1500 5511; x_wconf 93' lang='lat' dir='ltr'><strong>S.</strong></span> <span class='ocrx_word' id='word_1_795' title='bbox 1531 5454 1807 5524; x_wconf 83' lang='lat' dir='ltr'><strong>Audoeni,</strong></span> <span class='ocrx_word' id='word_1_796' title='bbox 1843 5456 1909 5510; x_wconf 89' lang='lat' dir='ltr'><strong>in</strong></span> 
     </span>
    </p>
   </div>
   <div class='ocr_carea' id='block_1_103' title="bbox 310 5525 793 5595">
    <p class='ocr_par' dir='ltr' id='par_1_103' title="bbox 310 5525 793 5595">
     <span class='ocr_line' id='line_1_103' title="bbox 310 5525 793 5595; baseline -0.004 -14"><span class='ocrx_word' id='word_1_797' title='bbox 310 5541 539 5595; x_wconf 86' lang='lat' dir='ltr'><strong>corpore</strong></span> <span class='ocrx_word' id='word_1_798' title='bbox 567 5525 793 5581; x_wconf 82' lang='lat' dir='ltr'><strong>Christi.</strong></span> 
     </span>
    </p>
   </div>
   <div class='ocr_carea' id='block_1_104' title="bbox 1999 4418 3595 4490">
    <p class='ocr_par' dir='ltr' id='par_1_104' title="bbox 1999 4418 3595 4490">
     <span class='ocr_line' id='line_1_104' title="bbox 1999 4418 3595 4490; baseline -0.003 -10"><span class='ocrx_word' id='word_1_799' title='bbox 1999 4424 2161 4480; x_wconf 87' lang='lat' dir='ltr'><strong>statis</strong></span> <span class='ocrx_word' id='word_1_800' title='bbox 2182 4429 2298 4478; x_wconf 90' lang='lat' dir='ltr'><strong>tam</strong></span> <span class='ocrx_word' id='word_1_801' title='bbox 2329 4422 2513 4479; x_wconf 89' lang='lat' dir='ltr'><strong>subito</strong></span> <span class='ocrx_word' id='word_1_802' title='bbox 2542 4423 2792 4486; x_wconf 79' lang='lat' dir='ltr'><strong>offertur,</strong></span> <span class='ocrx_word' id='word_1_803' title='bbox 2818 4432 2844 4475; x_wconf 75' lang='grc' dir='ltr'><strong>ει</strong></span> <span class='ocrx_word' id='word_1_804' title='bbox 2875 4435 3005 4475; x_wconf 88' lang='lat' dir='ltr'><strong>cum</strong></span> <span class='ocrx_word' id='word_1_805' title='bbox 3034 4418 3124 4473; x_wconf 91' lang='lat' dir='ltr'><strong>hic</strong></span> <span class='ocrx_word' id='word_1_806' title='bbox 3173 4424 3273 4473; x_wconf 92' lang='lat' dir='ltr'><strong>aut</strong></span> <span class='ocrx_word' id='word_1_807' title='bbox 3305 4419 3466 4490; x_wconf 89' lang='lat' dir='ltr'><strong>panis</strong></span> <span class='ocrx_word' id='word_1_808' title='bbox 3493 4425 3595 4475; x_wconf 89' lang='lat' dir='ltr'><strong>aut</strong></span> 
     </span>
    </p>
   </div>
   <div class='ocr_carea' id='block_1_105' title="bbox 2069 4529 2829 4593">
    <p class='ocr_par' dir='ltr' id='par_1_105' title="bbox 2069 4529 2829 4593">
     <span class='ocr_line' id='line_1_105' title="bbox 2069 4529 2829 4593; baseline -0.001 -12"><span class='ocrx_word' id='word_1_809' title='bbox 2069 4541 2085 4593; x_wconf 90' lang='lat' dir='ltr'><strong>j</strong></span> <span class='ocrx_word' id='word_1_810' title='bbox 2112 4529 2309 4591; x_wconf 89' lang='lat' dir='ltr'><strong>Vatic.,</strong></span> <span class='ocrx_word' id='word_1_811' title='bbox 2344 4532 2545 4583; x_wconf 83' lang='lat' dir='ltr'><strong>edendo</strong></span> <span class='ocrx_word' id='word_1_812' title='bbox 2561 4532 2829 4583; x_wconf 84' lang='lat' dir='ltr'><strong>crescunt.</strong></span> 
     </span>
    </p>
   </div>
   <div class='ocr_carea' id='block_1_106' title="bbox 2070 4596 3590 4667">
    <p class='ocr_par' dir='ltr' id='par_1_106' title="bbox 2070 4596 3590 4667">
     <span class='ocr_line' id='line_1_106' title="bbox 2070 4596 3590 4667; baseline -0.001 -12"><span class='ocrx_word' id='word_1_813' title='bbox 2070 4606 2097 4643; x_wconf 75' lang='grc' dir='ltr'><strong>ιι</strong></span> <span class='ocrx_word' id='word_1_814' title='bbox 2119 4601 2371 4665; x_wconf 87' lang='lat' dir='ltr'><strong>Quatuor</strong></span> <span class='ocrx_word' id='word_1_815' title='bbox 2400 4618 2556 4665; x_wconf 89' lang='lat' dir='ltr'><strong>mss.,</strong></span> <span class='ocrx_word' id='word_1_816' title='bbox 2591 4602 2737 4654; x_wconf 85' lang='lat' dir='ltr'><strong>mori</strong></span> <span class='ocrx_word' id='word_1_817' title='bbox 2766 4615 2877 4651; x_wconf 89' lang='lat' dir='ltr'><strong>non</strong></span> <span class='ocrx_word' id='word_1_818' title='bbox 2892 4602 3081 4665; x_wconf 84' lang='lat' dir='ltr'><strong>posset.</strong></span> <span class='ocrx_word' id='word_1_819' title='bbox 3108 4596 3275 4660; x_wconf 87' lang='lat' dir='ltr'><strong>Editi,</strong></span> <span class='ocrx_word' id='word_1_820' title='bbox 3296 4612 3590 4667; x_wconf 86' lang='lat' dir='ltr'><strong>nunquam</strong></span> 
     </span>
    </p>
   </div>
   <div class='ocr_carea' id='block_1_107' title="bbox 1990 4668 3310 4741">
    <p class='ocr_par' dir='ltr' id='par_1_107' title="bbox 1990 4668 3310 4741">
     <span class='ocr_line' id='line_1_107' title="bbox 1990 4668 3310 4741; baseline -0.005 -14"><span class='ocrx_word' id='word_1_821' title='bbox 1990 4690 2135 4727; x_wconf 75' lang='lat' dir='ltr'><strong>mori</strong></span> <span class='ocrx_word' id='word_1_822' title='bbox 2157 4676 2433 4741; x_wconf 83' lang='lat' dir='ltr'><strong>potuisset,</strong></span> <span class='ocrx_word' id='word_1_823' title='bbox 2464 4672 2598 4730; x_wconf 85' lang='lat' dir='ltr'><strong>sive,</strong></span> <span class='ocrx_word' id='word_1_824' title='bbox 2634 4669 2894 4741; x_wconf 86' lang='lat' dir='ltr'><strong>uthabet</strong></span> <span class='ocrx_word' id='word_1_825' title='bbox 2920 4668 3100 4733; x_wconf 89' lang='lat' dir='ltr'><strong>Flor.,</strong></span> <span class='ocrx_word' id='word_1_826' title='bbox 3124 4674 3310 4737; x_wconf 84' lang='lat' dir='ltr'><strong>posset.</strong></span> 
     </span>
    </p>
   </div>
   <div class='ocr_carea' id='block_1_108' title="bbox 2066 4740 3591 4810">
    <p class='ocr_par' dir='ltr' id='par_1_108' title="bbox 2066 4740 3591 4810">
     <span class='ocr_line' id='line_1_108' title="bbox 2066 4740 3591 4810; baseline -0.002 -12"><span class='ocrx_word' id='word_1_827' title='bbox 2066 4749 2080 4791; x_wconf 83' lang='grc' dir='ltr'>ι</span> <span class='ocrx_word' id='word_1_828' title='bbox 2110 4740 2174 4798; x_wconf 90' lang='lat' dir='ltr'><strong>In</strong></span> <span class='ocrx_word' id='word_1_829' title='bbox 2208 4744 2310 4798; x_wconf 90' lang='lat' dir='ltr'><strong>cod</strong></span> <span class='ocrx_word' id='word_1_830' title='bbox 2358 4742 2655 4797; x_wconf 90' lang='lat' dir='ltr'><strong>Laubiensi</strong></span> <span class='ocrx_word' id='word_1_831' title='bbox 2683 4740 2843 4794; x_wconf 89' lang='lat' dir='ltr'><strong>deest</strong></span> <span class='ocrx_word' id='word_1_832' title='bbox 2860 4741 3007 4793; x_wconf 83' lang='lat' dir='ltr'><strong>unde</strong></span> <span class='ocrx_word' id='word_1_833' title='bbox 3035 4745 3084 4793; x_wconf 88' lang='lat' dir='ltr'><strong>et</strong></span> <span class='ocrx_word' id='word_1_834' title='bbox 3107 4746 3328 4808; x_wconf 83' lang='lat' dir='ltr'><strong>tignum</strong></span> <span class='ocrx_word' id='word_1_835' title='bbox 3360 4743 3480 4795; x_wconf 63' lang='lat' dir='ltr'><strong>vita</strong></span> <span class='ocrx_word' id='word_1_836' title='bbox 3493 4744 3591 4810; x_wconf 86' lang='lat' dir='ltr'><strong>ju-</strong></span> 
     </span>
    </p>
   </div>
   <div class='ocr_carea' id='block_1_109' title="bbox 1990 4817 3584 4952">
    <p class='ocr_par' dir='ltr' id='par_1_109' title="bbox 1990 4817 3584 4952">
     <span class='ocr_line' id='line_1_109' title="bbox 1990 4817 3584 4952; baseline -0.001 -15"><span class='ocrx_word' id='word_1_837' title='bbox 1990 4833 2051 4871; x_wconf 60' lang='grc' dir='ltr'><em>η</em></span> <span class='ocrx_word' id='word_1_838' title='bbox 2066 4817 2318 4942; x_wconf 42' lang='lat' dir='ltr'><strong>nili/liii:</strong></span> <span class='ocrx_word' id='word_1_839' title='bbox 2356 4901 2370 4939; x_wconf 87' lang='lat'><strong>:</strong></span> <span class='ocrx_word' id='word_1_840' title='bbox 2403 4886 2569 4939; x_wconf 79' lang='lat' dir='ltr'><strong>Illam</strong></span> <span class='ocrx_word' id='word_1_841' title='bbox 2594 4887 2874 4952; x_wconf 83' lang='lat' dir='ltr'><strong>integram</strong></span> <span class='ocrx_word' id='word_1_842' title='bbox 2894 4884 3032 4951; x_wconf 89' lang='lat' dir='ltr'><strong>agni</strong></span> <span class='ocrx_word' id='word_1_843' title='bbox 3052 4897 3280 4937; x_wconf 84' lang='lat' dir='ltr'><strong>carnem</strong></span> <span class='ocrx_word' id='word_1_844' title='bbox 3312 4886 3375 4936; x_wconf 89' lang='lat' dir='ltr'><strong>ut</strong></span> <span class='ocrx_word' id='word_1_845' title='bbox 3407 4885 3584 4948; x_wconf 81' lang='lat' dir='ltr'><strong>tollat,</strong></span> 
     </span>
    </p>
   </div>
   <div class='ocr_carea' id='block_1_110' title="bbox 1998 4964 3586 5095">
    <p class='ocr_par' dir='ltr' id='par_1_110' title="bbox 1998 4964 3586 5095">
     <span class='ocr_line' id='line_1_110' title="bbox 1998 4964 3586 5095; baseline -0.004 -14"><span class='ocrx_word' id='word_1_846' title='bbox 1998 4964 2099 5073; x_wconf 55' lang='lat' dir='ltr'><strong>eu:</strong></span> <span class='ocrx_word' id='word_1_847' title='bbox 2124 5027 2301 5082; x_wconf 92' lang='lat' dir='ltr'><strong>Laub.</strong></span> <span class='ocrx_word' id='word_1_848' title='bbox 2325 5046 2338 5082; x_wconf 89' lang='lat'><strong>:</strong></span> <span class='ocrx_word' id='word_1_849' title='bbox 2361 5040 2490 5084; x_wconf 78' lang='lat' dir='ltr'><strong>CAP.</strong></span> <span class='ocrx_word' id='word_1_850' title='bbox 2512 5026 2631 5080; x_wconf 87' lang='lat' dir='ltr'><strong>XV.</strong></span> <span class='ocrx_word' id='word_1_851' title='bbox 2652 5025 2813 5081; x_wconf 80' lang='lat' dir='ltr'><strong>Nihil</strong></span> <span class='ocrx_word' id='word_1_852' title='bbox 2846 5027 2910 5079; x_wconf 89' lang='lat' dir='ltr'><strong>in</strong></span> <span class='ocrx_word' id='word_1_853' title='bbox 2930 5028 3192 5095; x_wconf 69' lang='lat' dir='ltr'><strong>praesenti</strong></span> <span class='ocrx_word' id='word_1_854' title='bbox 3209 5029 3401 5079; x_wconf 64' lang='lat' dir='ltr'><strong>sacculo</strong></span> <span class='ocrx_word' id='word_1_855' title='bbox 3431 5025 3586 5076; x_wconf 85' lang='lat' dir='ltr'><strong>dam-</strong></span> 
     </span>
    </p>
   </div>
   <div class='ocr_carea' id='block_1_111' title="bbox 1996 5099 3455 5167">
    <p class='ocr_par' dir='ltr' id='par_1_111' title="bbox 1996 5099 3455 5167">
     <span class='ocr_line' id='line_1_111' title="bbox 1996 5099 3455 5167; baseline -0.005 -12"><span class='ocrx_word' id='word_1_856' title='bbox 1996 5100 2243 5156; x_wconf 83' lang='lat' dir='ltr'><strong>nabilius</strong></span> <span class='ocrx_word' id='word_1_857' title='bbox 2263 5115 2430 5167; x_wconf 88' lang='lat' dir='ltr'><strong>quam</strong></span> <span class='ocrx_word' id='word_1_858' title='bbox 2450 5114 2642 5167; x_wconf 86' lang='lat' dir='ltr'><strong>corpus</strong></span> <span class='ocrx_word' id='word_1_859' title='bbox 2659 5099 2887 5151; x_wconf 87' lang='lat' dir='ltr'><strong>Domini</strong></span> <span class='ocrx_word' id='word_1_860' title='bbox 2910 5099 3138 5165; x_wconf 86' lang='lat' dir='ltr'><strong>indigne</strong></span> <span class='ocrx_word' id='word_1_861' title='bbox 3161 5099 3455 5165; x_wconf 86' lang='lat' dir='ltr'><strong>percipere.</strong></span> 
     </span>
    </p>
   </div>
   <div class='ocr_carea' id='block_1_112' title="bbox 2064 5169 2990 5240">
    <p class='ocr_par' dir='ltr' id='par_1_112' title="bbox 2064 5169 2990 5240">
     <span class='ocr_line' id='line_1_112' title="bbox 2064 5169 2990 5240; baseline 0 -16"><span class='ocrx_word' id='word_1_862' title='bbox 2064 5182 2091 5213; x_wconf 84' lang='lat'><strong>0</strong></span> <span class='ocrx_word' id='word_1_863' title='bbox 2121 5170 2327 5240; x_wconf 85' lang='lat' dir='ltr'><strong>Regius</strong></span> <span class='ocrx_word' id='word_1_864' title='bbox 2362 5186 2488 5234; x_wconf 91' lang='lat' dir='ltr'><strong>ms.,</strong></span> <span class='ocrx_word' id='word_1_865' title='bbox 2515 5185 2618 5238; x_wconf 88' lang='lat' dir='ltr'><strong>pro</strong></span> <span class='ocrx_word' id='word_1_866' title='bbox 2645 5169 2990 5240; x_wconf 70' lang='lat' dir='ltr'><strong>hominibus.</strong></span> 
     </span>
    </p>
   </div>
   <div class='ocr_carea' id='block_1_113' title="bbox 2065 5234 3586 5306">
    <p class='ocr_par' dir='ltr' id='par_1_113' title="bbox 2065 5234 3586 5306">
     <span class='ocr_line' id='line_1_113' title="bbox 2065 5234 3586 5306; baseline -0.005 -10"><span class='ocrx_word' id='word_1_867' title='bbox 2065 5247 2092 5289; x_wconf 73' lang='grc' dir='ltr'><strong>Ρ</strong></span> <span class='ocrx_word' id='word_1_868' title='bbox 2122 5234 2257 5295; x_wconf 77' lang='lat' dir='ltr'><strong>Cod.</strong></span> <span class='ocrx_word' id='word_1_869' title='bbox 2277 5240 2484 5295; x_wconf 90' lang='lat' dir='ltr'><strong>Laub.:</strong></span> <span class='ocrx_word' id='word_1_870' title='bbox 2515 5234 2633 5294; x_wconf 59' lang='lat' dir='ltr'><strong>car.</strong></span> <span class='ocrx_word' id='word_1_871' title='bbox 2678 5238 2823 5293; x_wconf 85' lang='lat' dir='ltr'><strong>XVI.</strong></span> <span class='ocrx_word' id='word_1_872' title='bbox 2858 5240 3002 5306; x_wconf 88' lang='lat' dir='ltr'><strong>Quid</strong></span> <span class='ocrx_word' id='word_1_873' title='bbox 3019 5252 3151 5291; x_wconf 60' lang='lat' dir='ltr'><strong>caeca</strong></span> <span class='ocrx_word' id='word_1_874' title='bbox 3181 5237 3437 5304; x_wconf 86' lang='lat' dir='ltr'><strong>cogitatio</strong></span> <span class='ocrx_word' id='word_1_875' title='bbox 3476 5234 3586 5288; x_wconf 87' lang='lat' dir='ltr'><strong>sibi</strong></span> 
     </span>
    </p>
   </div>
   <div class='ocr_carea' id='block_1_114' title="bbox 1991 5314 2429 5372">
    <p class='ocr_par' dir='ltr' id='par_1_114' title="bbox 1991 5314 2429 5372">
     <span class='ocr_line' id='line_1_114' title="bbox 1991 5314 2429 5372; baseline -0.009 -4"><span class='ocrx_word' id='word_1_876' title='bbox 1991 5315 2231 5368; x_wconf 86' lang='lat' dir='ltr'><strong>interius</strong></span> <span class='ocrx_word' id='word_1_877' title='bbox 2260 5314 2429 5372; x_wconf 87' lang='lat' dir='ltr'><strong>dicat,</strong></span> 
     </span>
    </p>
   </div>
   <div class='ocr_carea' id='block_1_115' title="bbox 2063 5375 3577 5455">
    <p class='ocr_par' dir='ltr' id='par_1_115' title="bbox 2063 5375 3577 5455">
     <span class='ocr_line' id='line_1_115' title="bbox 2063 5375 3577 5455; baseline -0.007 -17"><span class='ocrx_word' id='word_1_878' title='bbox 2063 5397 2091 5442; x_wconf 80' lang='grc' dir='ltr'><strong>(ι</strong></span> <span class='ocrx_word' id='word_1_879' title='bbox 2121 5384 2210 5438; x_wconf 93' lang='lat' dir='ltr'><strong>Ita</strong></span> <span class='ocrx_word' id='word_1_880' title='bbox 2247 5388 2463 5454; x_wconf 84' lang='lat' dir='ltr'><strong>septem</strong></span> <span class='ocrx_word' id='word_1_881' title='bbox 2500 5382 2723 5455; x_wconf 69' lang='lat' dir='ltr'><strong>Optimae</strong></span> <span class='ocrx_word' id='word_1_882' title='bbox 2770 5384 2917 5435; x_wconf 75' lang='lat' dir='ltr'><strong>notua</strong></span> <span class='ocrx_word' id='word_1_883' title='bbox 2952 5394 3085 5455; x_wconf 75' lang='lat' dir='ltr'><strong>mss.</strong></span> <span class='ocrx_word' id='word_1_884' title='bbox 3112 5375 3288 5455; x_wconf 78' lang='lat' dir='ltr'><strong>editi,</strong></span> <span class='ocrx_word' id='word_1_885' title='bbox 3320 5378 3577 5443; x_wconf 74' lang='lat' dir='ltr'><strong>offertur.</strong></span> 
     </span>
    </p>
   </div>
   <div class='ocr_carea' id='block_1_116' title="bbox 1990 5453 3217 5526">
    <p class='ocr_par' dir='ltr' id='par_1_116' title="bbox 1990 5453 3217 5526">
     <span class='ocr_line' id='line_1_116' title="bbox 1990 5453 3217 5526; baseline -0.007 -16"><span class='ocrx_word' id='word_1_886' title='bbox 1990 5455 2165 5526; x_wconf 88' lang='lat' dir='ltr'><strong>Flor.,</strong></span> <span class='ocrx_word' id='word_1_887' title='bbox 2196 5453 2560 5523; x_wconf 72' lang='lat' dir='ltr'><strong>transfertur.</strong></span> <span class='ocrx_word' id='word_1_888' title='bbox 2583 5453 2786 5520; x_wconf 88' lang='lat' dir='ltr'><strong>Vatic.,</strong></span> <span class='ocrx_word' id='word_1_889' title='bbox 2820 5453 3217 5519; x_wconf 80' lang='lat' dir='ltr'><strong>transferatur.</strong></span> 
     </span>
    </p>
   </div>
  </div>
