3992 6166
524 198 655 255 1287

1174 257 1179 262 .
1279 201 1341 254 Β.
1388 202 1757 260 PASCUASII
1802 206 2158 263 RADBERTI
2198 207 2501 263 ABBATIS
2545 202 3035 260 CORBEIENSIS.

3592 199 3697 260 1288

520 343 655 382 caro
685 328 819 382 licet
837 328 1057 382 dicatur
1075 345 1121 393 ε,
1155 328 1214 382 in
1259 344 1429 383 manu
1468 330 1771 383 sacerdotis
1818 331 2108 385 visibiliter
2123 335 2173 393 Α
2190 331 2437 403 pontifex
2462 330 2676 385 assistit
2699 345 2866 400 quam
2897 342 3096 397 corpus
3115 342 3298 388 suum,
3329 341 3422 396 per
3438 329 3561 397 quod
3586 333 3633 382 et
3654 327 3699 382 in

522 434 746 488 semper
771 423 1051 473 teneatur.
1088 418 1206 472 Hoc
1223 418 1427 488 quippe
1443 424 1547 485 est,
1571 435 1603 472 ο
1642 419 1828 473 infelix
1864 418 1889 460 ι)
1921 420 2106 485 homo,

525 508 672 576 quod
699 513 1113 561 sacramentum
1136 507 1216 560 vel
1250 507 1580 577 mysterium
1607 514 1857 562 vocatur.
1881 509 1940 563 Si
1961 510 2111 562 enim

518 600 701 650 totum
735 596 945 651 visibile
990 597 1167 661 ﬁeret,
1198 596 1415 649 nullum
1468 596 1527 650 in
1573 613 1639 650 eo
1668 598 1998 669 mysterium
2028 599 2112 652 vel

523 692 801 739 secretum
824 692 988 750 esset,
1012 685 1164 738 nulla
1176 685 1331 746 ﬁdes,
1350 685 1503 738 nulla
1533 686 1615 739 vis
1640 686 1927 756 Spiritalis,
1959 687 2115 741 nulla

522 774 635 827 alia
688 791 798 838 res,
842 791 1009 844 quam
1049 790 1171 843 quae
1228 773 1403 827 oculis
1442 780 1499 827 et
1539 776 1730 844 gustui
1777 775 2109 845 subjaceret.

520 864 683 916 Nunc
711 869 897 916 autem
926 863 1095 933 longe
1126 864 1291 917 aliter
1309 863 1485 918 virtus
1505 864 1692 919 divina
1711 866 1948 921 interius
1978 883 2112 938 ope-

519 957 698 1014 ratur,
731 952 861 1022 quia
891 968 990 1022 per
1015 953 1182 1007 ﬁdem
1222 953 1595 1020 ambulamus,
1629 960 1686 1008 et
1714 972 1825 1009 non
1866 972 1965 1027 per
1993 973 2114 1027 spe-

522 1040 662 1093 ciem
698 1058 707 1092 :
745 1039 914 1094 habet
942 1042 1090 1095 enim
1142 1042 1281 1096 ﬁdes
1334 1043 1625 1113 praemium
1669 1044 2019 1111 meritorum,
2051 1052 2115 1100 ut

524 1128 795 1199 quidquid
826 1147 928 1201 per
945 1131 1112 1184 ﬁdem
1134 1130 1235 1184 tibi
1259 1132 1525 1203 sapuerit,
1553 1132 1657 1185 hoc
1670 1132 1905 1187 interius
1932 1139 2114 1188 totum

524 1219 809 1289 praebeat;
842 1219 990 1273 unde
1020 1219 1289 1290 scriptum
1328 1220 1566 1290 legimus
1597 1239 1608 1273 :
1644 1223 1853 1276 Dedisti
1880 1225 1974 1287 eis,
2008 1225 2115 1277 Do-

524 1312 694 1373 mine,
723 1324 925 1376 panem
956 1309 1019 1360 de
1061 1312 1205 1372 cwlo,
1241 1308 1527 1361 habentem
1568 1324 1725 1362 omne
1759 1311 2114 1363 delectamen-

528 1401 1225 1463 tum,etomncmsaporem
1248 1395 1395 1462 (Sal).
1417 1410 1527 1461 xw,
1560 1395 1669 1457 20).
1711 1398 1973 1469 Alioquin
2004 1396 2113 1451 nisi

2193 438 2304 492 quo
2331 421 2446 476 Deo
2478 419 2631 473 Patri
2672 425 2799 471 vota
2823 416 3072 470 ﬁdelium
3101 420 3161 468 et
3179 415 3341 468 ﬁdem
3367 411 3393 453 ά
3420 415 3700 470 credentium

2195 511 2384 577 offert;
2419 508 2568 580 quod
2608 507 2656 561 si
2681 506 2954 560 veraciter
2973 521 3174 575 corpus
3201 502 3400 558 Christi
3427 503 3575 557 altare
3597 505 3705 559 illud

2193 599 2417 652 caeleste
2440 596 2704 652 creditur.
2733 596 2855 665 jam
2904 609 3015 647 non
3054 592 3278 646 aliunde
3319 606 3519 645 carnem
3541 600 3588 646 et
3608 609 3706 646 san-

2193 688 2420 757 guinem
2443 701 2613 756 quam
2642 685 2712 738 de
2741 684 2863 754 ipso
2883 681 3088 738 Christi
3115 696 3345 752 corpore
3356 696 3552 735 sumere
3572 688 3617 735 te
3630 699 3709 752 pu-

2195 777 2359 831 tabis.

2262 864 2317 918 3.
2345 864 2625 918 Caeterum
2656 876 2678 907 0
2711 861 2780 915 de
2810 860 3139 931 angelorum
3196 860 3480 930 praesentia
3511 859 3713 915 dubitare

2194 953 2420 1007 omnino
2440 968 2551 1006 non
2573 950 2760 1015 debes,
2790 949 2921 1021 quia
2953 948 3025 1002 ad
3053 949 3158 1002 hoc
3214 949 3503 1002 secundum
3543 955 3713 1020 aposto-

2196 1042 2313 1096 lum
2346 1041 2584 1095 Paulum
2607 1038 3070 1094 administratorii
3099 1036 3331 1108 spiritus
3358 1037 3510 1108 positi
3540 1046 3649 1091 sunt
3672 1036 3712 1091 in

2196 1130 2509 1185 ministerio
2539 1145 2641 1200 pro
2672 1128 2692 1170 ί
2710 1128 2802 1182 his
2831 1127 2926 1198 qui
2975 1125 3359 1180 hereditatem
3396 1125 3638 1196 accipiunt
3657 1142 3718 1179 sa-

2197 1219 2347 1274 lutis.
2385 1218 2596 1273 Idcirco
2626 1217 2775 1271 inter
2832 1215 3160 1287 angelorum
3190 1214 3559 1284 frequentiam,
3591 1230 3718 1284 quam

2194 1308 2447 1362 terribile
2473 1307 2547 1361 sit
2572 1306 2804 1376 indigne
2833 1305 2904 1359 ad
2937 1303 3385 1358 communionem
3406 1303 3633 1356 accedere
3652 1303 3719 1355 de-

2196 1397 2294 1451 bet
2321 1396 2557 1467 quisque
2582 1395 2830 1465 cogitare
2855 1413 2868 1461 ;
2901 1393 3015 1447 imo
3041 1408 3210 1463 quam
3235 1389 3474 1445 terribile
3500 1391 3565 1443 sit
3580 1390 3718 1460 ipsum

524 1505 625 1559 per
658 1488 824 1540 fidem
864 1493 920 1540 et
958 1487 1385 1556 intelligentiam
1426 1487 1558 1557 quid
1599 1494 1803 1558 praeter
1831 1505 2031 1559 panem
2061 1494 2119 1541 et
2199 1485 2447 1556 corporis
2469 1501 2533 1538 ac
2556 1484 2848 1555 sanguinis
2877 1486 3313 1544 sacramentum,
3333 1479 3425 1533 ubi
3462 1478 3718 1549 plenissime

523 1575 789 1628 vinumin
819 1574 1263 1644 eisgustantibus
1292 1574 1475 1645 sapit?
1506 1576 1574 1629 Et
1602 1576 1727 1629 ideo
1757 1577 1996 1647 populus
2021 1575 2115 1630 ille
2200 1576 2375 1629 virtus
2404 1574 2610 1628 Christi
2631 1573 2918 1644 accipitur,
2959 1578 3017 1625 et
3061 1589 3246 1643 neque
3274 1572 3346 1626 ab
3379 1572 3482 1625 alio
3508 1584 3647 1641 quam
3668 1566 3719 1619 ab

527 1663 767 1717 carnalis
789 1679 995 1716 manna
1025 1663 1312 1727 fastidivit,
1330 1664 1462 1733 quia
1487 1663 1625 1717 inibi
1656 1680 1767 1718 non
1795 1665 1903 1718 nisi
1924 1681 2116 1718 carna—
2136 1647 2180 1704 B
2200 1663 2321 1733 ipso
2342 1662 2561 1717 Christo
2590 1662 2852 1733 pontiﬁce
2883 1661 3213 1731 porrigitur,
3264 1661 3389 1715 licet
3429 1658 3626 1713 visibilis
3653 1672 3719 1709 sa-

523 1751 601 1806 lia
629 1752 898 1823 quaesivit.
934 1752 1209 1806 Caeterum
1258 1751 1458 1822 quibus
1503 1770 1723 1807 omnem
1773 1771 2029 1825 saporem
2062 1762 2118 1808 et

524 1856 689 1894 omne
718 1840 1187 1893 delectamentum
1220 1840 1474 1909 praebuit,
1499 1841 1751 1895 eamdem
1780 1842 1849 1895 de
1870 1842 2007 1896 coelo
2035 1859 2118 1896 es-

525 1945 667 1996 cam,
703 1945 870 2000 quam
902 1945 1050 1983 nunc
1076 1929 1434 2000 percipimus,
1462 1930 1727 2000 spiritalis
1742 1936 1799 1985 et
1818 1931 2003 2002 typica
2021 1932 2119 1985 illa

523 2018 807 2089 perceptio
822 2021 875 2071 in
896 2034 992 2071 ore
1012 2018 1216 2088 sapuit,
1238 2018 1365 2072 hinc
1385 2020 1671 2091 apostolus
1687 2024 1874 2091 patres
1894 2025 2115 2075 nostros

523 2107 717 2161 eadem
747 2108 1055 2161 comedisse
1077 2124 1257 2161 escam
1280 2108 1589 2179 spiritalem
1612 2089 1871 2169 tastatur,
1886 2109 1983 2163 sed
2004 2125 2115 2163 non

523 2196 580 2249 in
610 2195 863 2265 pluribus
897 2212 1088 2249 eorum
1112 2196 1252 2249 bene
1283 2196 1548 2266 placitum
1572 2196 1739 2250 fuisse
1759 2198 1873 2251 Deo
1904 2197 2110 2264 (Aug.):

524 2284 771 2353 profecto
796 2285 927 2354 quia
942 2284 1294 2338 fastidientes
1317 2284 1592 2355 spiritalia
1617 2286 1918 2340 carnaliter
1944 2286 2120 2357 sapie-

524 2371 681 2437 bant,
701 2389 811 2426 non
834 2372 1058 2443 quidem
1080 2380 1267 2443 patres
1279 2374 1455 2427 nostri
1486 2374 1758 2444 spiritalia
1776 2381 2117 2445 praegustan-

525 2468 630 2528 tes,
665 2462 759 2515 sed
791 2461 1045 2515 inﬁdeles
1065 2462 1231 2532 plane
1251 2468 1439 2533 patres
1456 2462 1887 2529 Pharisaeorum,
1912 2464 1981 2518 de
1993 2464 2118 2535 qui-

524 2549 627 2604 bus
656 2551 929 2604 Dominus
957 2550 1179 2604 dicebat
1207 2567 1219 2603 :
1251 2552 1400 2618 Quod
1422 2555 1632 2605 mortui
1654 2555 1769 2606 sint
1796 2556 1857 2606 in
1894 2555 2115 2607 deserto.

525 2640 612 2694 Illi
645 2640 840 2711 utique
872 2639 1077 2693 mortui
1113 2646 1245 2693 sunt
1267 2639 1325 2693 in
1355 2639 1558 2710 quibus
1574 2640 1983 2711 beneplacitum
2008 2658 2119 2696 non

522 2727 631 2782 fuit
651 2729 771 2791 Dei,
793 2728 885 2782 isti
909 2745 1033 2782 vero
1049 2728 1190 2781 mori
1219 2744 1327 2781 non
1351 2733 1657 2798 potuerunt
1675 2729 2005 2799 spiritaliter
2033 2747 2122 2784 co-

524 2818 834 2876 medentes,
857 2817 987 2887 quia
1018 2817 1098 2870 eis
1129 2833 1251 2870 esca
1282 2817 1376 2869 illa
1404 2817 1643 2871 caelestis
1662 2834 1918 2888 saporem
1943 2824 2000 2872 et
2028 2819 2120 2872 de-

528 2907 926 2960 lectamentum
958 2904 1400 2958 immortalitatis
1441 2905 1695 2975 praebuit.
1722 2906 1904 2959 Simili
1934 2907 2121 2978 itaque

2199 1752 2394 1805 cerdos
2424 1752 2687 1805 assistere
2714 1757 2773 1805 et
2808 1751 3044 1821 singulis
3072 1750 3324 1805 tribuere
3339 1748 3590 1812 videatur;
3617 1744 3714 1815 quia

2200 1840 2345 1909 quod
2378 1840 2483 1894 iste
2512 1856 2612 1910 per
2669 1839 3044 1909 ignorantiam
3104 1838 3366 1892 omnibus
3407 1836 3720 1891 indiﬁ‘erenter

2197 1928 2414 1995 tribuit,
2449 1929 2707 1984 Christus
2723 1928 2927 1982 virtute
2959 1928 3276 1997 majestatis
3303 1943 3413 1981 suae
3432 1920 3721 1985 interius,cui

2198 2018 2270 2071 ad
2302 2018 2634 2082 remedium,
2659 2017 2861 2087 cuique
2889 2016 2958 2070 ad
2989 2017 3267 2087 judicium
3311 2015 3586 2075 tribuatur,
3619 2011 3721 2065 divi-

2199 2107 2351 2160 nitus
2377 2119 2402 2160 ς
2427 2106 2712 2160 discernit.
2746 2106 2884 2170 Quis
2911 2107 3061 2160 enim
3101 2121 3331 2160 carnem
3375 2104 3536 2174 ipsius
3561 2105 3609 2153 et
3622 2114 3720 2152 san-

2197 2196 2447 2266 guinem,
2484 2195 2589 2249 nisi
2620 2195 2689 2249 ab
2718 2196 2839 2266 ipso
2864 2196 2994 2265 jure
3032 2194 3294 2265 percipit,
3326 2194 3477 2262 cujus
3502 2194 3576 2244 est
3600 2185 3722 2241 caro?

2202 2285 2271 2338 Et
2298 2283 2422 2337 ideo
2453 2284 2595 2338 alius
2624 2284 2828 2354 accipit
2856 2284 3191 2354 mysterium
3234 2282 3305 2336 ad
3330 2281 3578 2352 judicmm
3605 2277 3722 2330 dam-

2198 2373 2463 2437 nationis,
2496 2374 2639 2427 alius
2669 2389 2798 2427 vero
2825 2372 3089 2426 virtutem
3122 2371 3377 2443 mysterii
3424 2369 3486 2424 ad
3513 2366 3716 2422 salutem.

2199 2461 2228 2501 ιι
2255 2463 2399 2516 Nam
2444 2462 2491 2516 is
2537 2462 2632 2532 qui
2655 2478 2783 2515 cum
2812 2462 2956 2516 Juda
2988 2478 3089 2532 pro
3109 2466 3433 2530 contemptu
3460 2472 3549 2511 suo
3563 2461 3611 2509 et
3624 2453 3723 2506 vitio

2202 2550 2452 2605 criminis
2482 2568 2611 2605 reus
2636 2556 2880 2616 tenetur,
2904 2567 3031 2604 cum
3064 2551 3091 2604 J
3098 2550 3215 2604 uda
3245 2549 3433 2619 utique
3459 2544 3725 2600 condemna-

2203 2647 2315 2705 tur,
2342 2665 2365 2694 ο
2390 2646 2445 2693 et
2464 2639 2560 2709 qui
2588 2656 2713 2693 cum
2753 2640 2918 2693 Petro
2944 2654 3010 2692 ac
3038 2655 3169 2693 cum
3206 2638 3418 2692 caeteris
3452 2633 3655 2689 ﬁdeliter
3680 2643 3727 2681 ac

2202 2729 2401 2782 devote
2420 2723 2840 2799 participatur,i
2871 2744 2998 2782 cum
3024 2728 3197 2782 Petro
3223 2742 3439 2798 quoque
3460 2729 3510 2778 et
3533 2736 3638 2776 cum
3653 2733 3727 2771 σε·

2204 2817 2341 2871 teris
2363 2817 2630 2888 apostolis
2676 2817 2734 2870 in
2789 2833 3020 2887 corpore
3050 2821 3425 2870 consecratur.
3451 2813 3612 2880 (Isid)
3640 2807 3727 2860 Hoc

2204 2923 2336 2975 ergo
2347 2905 2620 2976 judicium
2639 2904 2696 2958 in
2713 2905 2886 2958 natali
2900 2906 2928 2942 κ
2944 2903 3133 2959 calicis
3156 2921 3284 2959 mox
3299 2902 3564 2973 excipitur,
3585 2902 3639 2950 ut
3657 2893 3727 2947 do-

526 2994 693 3047 modo
723 3009 871 3046 nunc
888 2993 945 3045 in
970 2992 1215 3045 Ecclesia
1234 2992 1504 3045 cibusiste
1533 2992 1862 3062 quibusdam
1888 2995 1997 3049 vita
2016 3003 2119 3063 est,
2140 3001 2183 3060 C
2206 3003 2401 3049 ceatur
2420 2995 2552 3065 quid
2575 2993 3054 3064 contemptor-ibus
3071 2993 3387 3055 immineat,
3404 2990 3448 3045 si
3461 2983 3675 3043 damnari
3703 2996 3729 3033 δ

526 3081 861 3152 quibusdam
893 3096 1023 3133 vero
1053 3096 1217 3150 pmna
1238 3086 1293 3134 et
1322 3080 1653 3151 supplicium
1685 3083 1914 3151 peccati.
1947 3085 2121 3140 Porro
2203 3084 2542 3138 conscientia
2554 3083 2752 3154 pedem
2775 3083 2844 3136 de
2861 3082 3293 3136 mensaDomini
3314 3097 3422 3135 non
3438 3072 3727 3132 retraxerint.

529 3169 628 3223 illa
646 3169 756 3221 vita
777 3174 879 3232 est,
897 3167 1101 3237 quibus
1116 3168 1371 3222 Christus
1393 3175 1477 3223 est
1490 3169 1629 3233 vita;
1670 3169 1767 3223 illa
1787 3188 1916 3226 vero
1947 3189 2116 3240 mors,
2201 3173 2360 3228 Unde
2378 3172 2650 3227 Dominus
2668 3172 2725 3225 in
2757 3171 2999 3225 Levitico
3027 3171 3095 3225 ad
3129 3172 3395 3243 Moysen:
3429 3170 3645 3236 Loquere,
3668 3160 3729 3212 in~

527 3257 622 3328 qui
645 3273 977 3326 percamem
993 3262 1050 3310 et
1067 3256 1440 3326 ignorantiam
1464 3257 1716 3312 membra
1739 3266 1869 3314 sunt
1890 3261 2114 3316 diaboli.
2203 3262 2342 3331 quit,
2360 3264 2431 3314 ad
2448 3262 2639 3314 Aaron
2670 3266 2717 3314 et
2746 3261 2820 3314 ad
2838 3262 2983 3327 ﬁlios
2996 3263 3133 3329 ejus,
3154 3265 3218 3313 ut
3238 3261 3455 3313 caveant
3471 3257 3533 3308 ab
3549 3254 3621 3305 his
3636 3260 3725 3316 qua?

527 3348 707 3412 Unde,
753 3349 935 3410 homo,
966 3345 1115 3399 disce
1149 3346 1301 3400 aliud
1330 3352 1578 3416 gustare,
1615 3365 1784 3419 quam
1836 3350 1983 3420 quod
2023 3367 2118 3405 ore
2202 3355 2514 3404 consecrata
2546 3355 2680 3403 sunt
2699 3351 2949 3415 ﬁliorum
2980 3351 3175 3415 Israel,
3196 3355 3246 3402 et
3278 3363 3386 3401 non
3413 3339 3727 3399 contaminent

531 3435 716 3490 carnis
743 3435 1020 3501 sentitur;
1044 3434 1196 3488 aliud
1250 3434 1436 3488 videre
1464 3444 1509 3499 π,
1543 3451 1714 3505 quam
1744 3438 1889 3506 quod
1943 3439 2118 3493 oculis
2201 3454 2402 3493 nomen
2432 3440 2907 3505 sancti/lautorum
2936 3437 3099 3491 mihi.
3124 3438 3239 3505 Ego
3264 3438 3517 3491 Dominus
3544 3449 3559 3483 :
3584 3422 3728 3482 Dicad

527 3525 653 3580 istis
682 3523 900 3579 carneis
926 3528 1292 3577 monstratur.
1323 3523 1485 3577 Disce
1517 3524 1649 3594 quia
1701 3526 1849 3579 Deus
1886 3509 2117 3597 spiritus
2199 3544 2301 3593 eos,
2347 3527 2551 3597 inquit,
2575 3531 2624 3581 et
2668 3528 2743 3579 ad
2764 3532 3001 3595 posteros
3030 3541 3224 3579 eorum
3255 3545 3269 3580 :
3299 3524 3480 3580 Omnis
3500 3521 3635 3574 homo
3656 3511 3729 3582 qui

525 3614 823 3669 illocaliter
850 3612 1057 3683 ubique
1081 3618 1182 3666 est.
1239 3612 1494 3682 Intellige
1525 3613 1657 3683 quia
1687 3614 1964 3684 spiritalia
2004 3617 2117 3671 haec
2198 3618 2476 3671 accesserit
2500 3617 2563 3669 de
2586 3618 2753 3684 stirpe
2785 3620 2963 3669 uestra
2977 3616 3052 3669 ad
3071 3631 3134 3668 ea
3164 3631 3283 3684 qua
3309 3613 3593 3669 consecrata
3610 3604 3723 3664 sunt,

527 3704 673 3759 sicut
700 3720 804 3757 nec
826 3702 1095 3767 localiter,
1125 3701 1204 3755 sic
1260 3702 1457 3773 utique
1502 3717 1605 3755 nec
1650 3704 1950 3758 carnaliter
1987 3711 2116 3760 ante
2200 3724 2319 3775 quae
2343 3707 2664 3759 obtulerunt
2714 3707 2824 3770 ﬁlii
2870 3705 3042 3758 Israel
3081 3706 3335 3770 Domino,
3365 3706 3426 3756 in
3442 3715 3536 3769 quo
3560 3700 3623 3750 est
3644 3696 3727 3745 im-

527 3797 885 3863 conspectum
908 3790 1108 3844 divina:
1133 3790 1440 3859 majestatis
1475 3789 1531 3843 in
1564 3789 1802 3845 sublime
1838 3792 2113 3847 feruntur.
2202 3795 2505 3856 munditia,
2535 3795 2737 3862 peribit
2760 3809 2946 3847 coram
2980 3795 3238 3848 Domino.
3276 3793 3383 3859 Ego
3410 3804 3542 3853 sum,
3569 3778 3722 3851 inquit.

526 3881 725 3951 Cogita
752 3880 927 3951 igitur
977 3879 1022 3933 si
1071 3878 1354 3949 quippiam
1401 3895 1730 3949 corporeum
1780 3886 1965 3951 potest
1999 3898 2120 3936 esse

527 3968 844 4029 sublimius.
876 3984 1001 4023 cum
1034 3967 1348 4025 substantia
1394 3968 1555 4038 panis
1585 3973 1642 4021 et
1670 3970 1781 4023 vini
1822 3969 1880 4024 in
1911 3971 2121 4026 Christi

525 4072 751 4110 carnem
782 4062 839 4110 et
883 4056 1215 4125 sanguinem
1266 4056 1568 4111 efﬁcaciter
1606 4057 1845 4112 interius
1874 4076 2121 4114 commu-

525 4150 682 4198 tatur
705 4163 717 4210 ;
750 4144 903 4198 itaut
923 4145 1183 4215 deinceps
1206 4151 1333 4216 post
1351 4147 1828 4201 consecrationem
1852 4149 1967 4218 jam
1994 4166 2122 4203 vera

2206 3886 2475 3939 Dominus
2496 3884 2681 3949 (Leuit.
2704 3896 2836 3947 xxn,
2864 3880 2942 3952 2).
2974 3881 3081 3935 Ubi
3117 3897 3233 3937 non
3273 3881 3448 3935 solum
3473 3871 3728 3931 sacerdotes

2203 3971 2388 4042 tangit
2415 3977 2473 4025 et
2491 3971 2779 4026 ministros
2806 3971 3020 4037 altaris,
3054 3987 3249 4026 verum
3282 3970 3446 4025 etiam
3467 3976 3654 4022 omnem
3676 3956 3726 4009 de

2204 4062 2377 4131 stirpe
2406 4076 2545 4114 verae
2574 4060 2702 4113 ﬁdei
2733 4060 2862 4114 licet
2884 4061 3118 4115 ultimus
3141 4062 3201 4114 in
3232 4057 3468 4115 Ecclesia
3491 4053 3725 4108 habeatur.

2204 4156 2268 4203 ut
2291 4150 2433 4203 hanc
2465 4149 2606 4219 legis
2632 4155 2982 4203 sanctionem
3031 4150 3089 4203 in
3119 4164 3413 4204 commune
3453 4138 3726 4199 custodiant.

533 4231 742 4285 Christi
771 4246 901 4285 caro
930 4236 986 4284 et
1016 4232 1245 4301 sanguis
1291 4234 1561 4288 veraciter
1590 4236 1867 4302 credatur,
1911 4243 1967 4291 et
2008 4254 2120 4293 non
2138 4290 2182 4309 ἢ
2203 4238 2362 4293 Alius
2379 4238 2595 4309 quippe
2624 4239 2798 4293 Israel
2827 4239 3069 4293 carnalis
3113 4238 3339 4293 nomine
3365 4242 3517 4290 tenus
3540 4222 3730 4300 appella-

535 4320 686 4375 aliud
737 4336 907 4391 quam
953 4320 1208 4374 Christus
1238 4321 1398 4390 panis
1427 4322 1495 4375 de
1528 4324 1665 4377 coelo
1705 4342 1739 4378 a
1766 4325 2121 4381 credentibus

533 4410 868 4468 mstimetur.
916 4409 1162 4464 Putasne
1189 4409 1342 4463 aliud
1381 4426 1503 4464 esse
1540 4412 1715 4466 altare
1743 4412 1839 4466 ubi
1866 4415 2122 4471 Christus

598 4572 788 4645 a_Cod.
822 4572 1053 4645 Majoris
1095 4571 1439 4645 Monasterii.
1491 4573 1546 4628 S.
1578 4573 1852 4637 Audoeni,
1886 4582 1944 4630 et
1973 4592 2121 4632 unus

534 4641 742 4710 regius,
760 4645 882 4697 licet
905 4641 1178 4698 rideatur.
1198 4644 1501 4699 Vaticanus
1518 4662 1648 4699 vero
1670 4646 1819 4700 hunc
1840 4647 2020 4702 locum
2042 4648 2122 4702 sic

535 4710 702 4779 legit:
730 4714 873 4766 Licet
890 4716 1114 4769 dicatur
1137 4720 1238 4769 aut
1258 4732 1386 4771 caro
1402 4718 1657 4771 videatur
1675 4719 1738 4771 in
1760 4734 1935 4773 manu
1947 4735 2122 4773 sacer-

532 4781 706 4855 dolisi
719 4787 768 4855 et
785 4786 1078 4855 uisibititer
1096 4802 1261 4855 super
1281 4790 1460 4842 altare
1485 4794 1754 4842 teneatur.

610 4852 637 4932 ιζ
665 4851 957 4932 Editicum
977 4851 1193 4926 aliquot
1215 4874 1373 4924 mss.,
1393 4861 1538 4927 felix
1558 4860 1735 4914 homo.
1750 4859 1926 4926 Flor.,
1940 4860 2118 4927 homo,

528 4925 734 4977 omisso
753 4925 907 4990 felix.

601 5012 625 5044 c
654 4993 791 5070 Cod.
825 4995 1055 5070 Majoris
1101 4998 1447 5067 Monasterii,
1480 5003 1642 5056 aliud
1693 5003 1833 5056 vide.
1859 5002 2116 5070 Mamer.,

531 5067 672 5121 disce
690 5067 851 5121 aliud
877 5067 1077 5121 videre.

601 5139 628 5182 d
659 5138 857 5193 Plures
884 5153 1019 5192 mss.
1045 5155 1175 5195 cum
1211 5141 1375 5197 editis
1402 5143 1619 5213 legunt,
1643 5146 1710 5200 Et
1737 5147 1864 5213 ﬁdes
1901 5145 2119 5200 creden-

535 5210 677 5262 tium
697 5213 944 5278 o/fertur.

601 5291 625 5322 θ
656 5282 721 5335 In
750 5281 871 5335 cod.
900 5280 1074 5357 Laub.
1107 5280 1197 5357 hic
1215 5281 1407 5354 incipit
1437 5302 1559 5357 cap.
1587 5288 1766 5343 XVIII
1796 5305 1807 5340 :
1847 5287 1995 5354 Quod
2019 5290 2119 5341 du-

528 5350 701 5425 bitare
726 5369 839 5425 non
875 5356 1124 5408 debemus
1143 5356 1205 5407 de
1233 5350 1555 5421 angelorum
1583 5350 1893 5425 prasentia.

600 5420 620 5461 ί
656 5421 809 5477 Editi
852 5430 1076 5495 propter
1097 5442 1219 5491 eos;
1275 5420 1373 5479 sed
1401 5420 1649 5483 melioris
1676 5437 1824 5485 notae
1852 5448 1992 5489 mss.
2040 5431 2120 5485 le-

527 5499 671 5565 gunt
690 5509 795 5563 pro
813 5496 917 5550 his.

2203 4335 2315 4393 tur,
2347 4328 2491 4381 alius
2520 4344 2650 4382 vero
2677 4344 2805 4382 vere
2837 4328 3065 4382 lvidens
3108 4328 3308 4392 Deum,
3340 4326 3406 4379 de
3438 4323 3581 4392 cujus
3605 4309 3728 4370 nimi-

2204 4434 2328 4472 rum
2361 4416 2535 4488 stirpe
2558 4433 2722 4471 nemo
2765 4417 3091 4472 immundus
3133 4416 3301 4471 debet
3343 4410 3583 4469 accedere
3599 4402 3727 4459 adea

2273 4600 2298 4641 ε
2323 4579 2609 4633 Puteanus
2628 4578 2775 4644 cod.,
2794 4579 3063 4633 divinitas
3092 4579 3333 4633 decernit
3353 4595 3371 4641 ;
3401 4574 3571 4645 plures
3601 4579 3721 4625 ωδε-ι

2201 4653 2476 4705 divinitus
2507 4650 2770 4703 decernit.

2273 4703 2301 4765 h
2333 4720 2437 4775 Hic
2460 4720 2520 4774 in
2540 4719 2727 4777 codice
2765 4719 2939 4775 Laub.
2972 4718 3171 4791 incipit
3197 4734 3318 4789 cap.
3343 4715 3461 4771 XIX
3487 4713 3586 4791 τρε

2202 4797 2250 4847 et
2271 4794 2413 4861 quod
2428 4796 2738 4846 consecrata
2752 4793 2984 4846 Domino
3001 4784 3112 4845 non
3132 4784 3374 4845 aliorum
3394 4790 3461 4841 sit
3476 4784 3620 4861 citing.
3634 4784 3719 4861 mi”

2204 4852 2302 4932 qui
2328 4868 2458 4917 sunt
2488 4865 2552 4916 in
2581 4864 2835 4929 Domino,
2863 4864 2997 4931 quia
3023 4862 3086 4916 hi
3111 4863 3216 4916 soli
3233 4861 3409 4914 visuri
3432 4858 3551 4911 sunt
3571 4852 3720 4905 Dom:-

2203 4950 2363 4988 num.

2272 5003 2288 5075 ξ
2320 5004 2510 5071 Mam.,
2540 5009 2953 5061 contemnatur.
3472 5068 3486 5075 _
3549 5065 3558 5075 _

2272 5069 2288 5125 i
2310 5075 2483 5153 Flor.,
2499 5062 2842 5153 participat.
2860 5075 3030 5153 Apud
3050 5062 3719 5153 Mamertinumdeﬁiqefﬂ‘:

2201 5150 2296 5201 tur
2311 5147 2429 5201 haec
2446 5140 2617 5201 verba
2649 5164 2660 5199 :
2696 5140 2954 5203 ti'i'delitei~
2976 5152 3026 5202 et
3048 5148 3228 5202 devote
3250 5140 3717 5214 participatur,cum

2198 5220 2357 5273 Petro
2374 5234 2599 5286 quoque.
3468 5283 3475 5286 _
3655 5269 3693 5286 λ,

2272 5269 2304 5325 ί
2328 5269 2505 5343 vati—ct
2524 5269 2599 5343 “et
2627 5289 2773 5343 Flor.
2806 5306 2819 5339 :
2850 5289 2918 5343 In
2941 5290 3229 5344 Dominica
3253 5300 3411 5349 cana,
3455 5283 3510 5333 in
3540 5269 3714 5330 exordio

2202 5362 2408 5415 colicis.

2275 5412 2287 5473 ί
2318 5412 2407 5485 Ita
2433 5448 2526 5509 sex
2555 5448 2688 5486 mss.
2738 5432 2896 5509 editi,
2925 5435 3073 5509 alius
3102 5435 3190 5486 vir
3227 5430 3405 5509 videns
3426 5424 3594 5509 Deum.
3619 5412 3712 5466 Βιιο

2202 5518 2362 5573 mss.,
2393 5506 2544 5559 alius
2574 5519 2698 5558 vero
2726 5507 2915 5560 videns
2942 5505 3134 5571 Deum,
3168 5505 3368 5557 omisso
3388 5508 3511 5549 vere.
