3992 6166
488 221 628 280 1995

1245 222 1302 276 S;
1343 216 1723 294 PASCHASII
1761 215 2122 271 RADBERTI
2158 214 2466 273 ABBATIS
2503 216 3005 275 CORBEIENSIS.

3580 220 3691 278 12%

481 345 755 400 servitute
783 343 1052 413 liberans,
1081 342 1140 397 in
1161 343 1491 398 memoriam
1521 341 1775 413 ejusdem
1797 339 2262 402 liberatio—Ahoc
2308 349 2723 399 sacramentum
2765 342 3133 415 corporaliter
3170 369 3197 401 ο
3236 348 3471 408 maneat,
3514 350 3568 398 ut
3607 346 3698 401 sint

481 433 573 488 nis
613 450 717 505 per
759 450 954 488 omnes
999 448 1175 487 annos
1219 432 1605 486 immolatione
1651 446 1757 484 sua
1805 430 2077 502 populum

482 523 746 578 eumdem
783 514 1134 578 sanctiﬁcare
1174 520 1417 585 valebat,
1466 519 1644 573 donec
1689 519 1908 573 veniret
1933 520 2072 590 ipse,

481 611 573 666 cui
591 611 721 666 talis
739 612 923 666 hostia
944 609 1329 665 testimonium
1355 608 1544 670 dabat,
1564 608 1894 678 oblatusque
1922 608 2078 662 Patri

480 716 586 771 pro
612 700 774 755 nobis
802 700 862 754 in
899 699 1139 753 hostiam
1166 698 1508 768 odoremque
1535 697 1845 763 suavitatis,
1876 704 2079 767 myste-

479 788 631 843 rium
662 805 776 843 suaa
796 780 1091 859 passionis,
1110 785 1295 840 oblato
1315 788 1476 856 Agno
1504 786 1565 839 in
1588 792 1902 840 creaturam
1919 786 2079 856 panis

476 877 705 948 vinique
722 875 1125 945 transferetur[
1143 879 1222 929 at.
1244 874 1597 944 transferret]
1624 876 1872 928 sacerdos
1895 874 2074 929 factus

477 968 544 1019 in
562 971 830 1019 mternum
859 965 1163 1018 secundum
1192 965 1444 1017 ordinem
1475 964 1873 1028 Melchisedech,
1914 980 2075 1017 acce-

476 1054 616 1108 dens
658 1070 759 1125 per
785 1053 1151 1125 semetipsum
1181 1053 1252 1107 ad
1281 1053 1461 1108 Deum
1500 1052 1571 1106 ad
1599 1052 2071 1123 interpellandum

2156 432 2447 487 credentes
2474 436 2651 487 unum
2688 434 2746 487 in
2781 432 3024 499 Christo,
3062 437 3119 485 et
3148 431 3403 486 Christus
3429 432 3484 485 in
3507 433 3576 487 eis
3599 451 3694 487 ma-

2159 526 2310 590 neat,
2342 527 2619 592 quatenus
2647 522 2785 576 illud
2803 521 3103 592 impleatur
3123 520 3278 591 quod
3299 520 3415 591 ipse
3433 521 3497 574 ad
3516 522 3696 577 Patrem

2159 615 2310 664 orat:
2334 611 2460 664 Non
2478 627 2582 680 pro
2601 611 2687 664 his
2705 615 2891 663 autem
2911 626 3059 677 rogo,
3076 609 3286 680 inquit,
3303 614 3529 674 tantum,
3542 612 3699 678 sedpro

2159 702 2343 768 eisqui
2351 701 2623 753 credituri
2631 705 2869 767 suntper
2892 700 3117 752 verbum
3139 714 3337 752 eorum
3363 701 3424 752 in
3436 714 3531 765 me,
3551 704 3701 753 atom-

2161 804 2253 841 nes
2282 804 2462 841 unum
2480 791 2592 841 sint
2607 791 2749 841 sicut
2766 793 2845 854 tu,
2871 789 3051 852 Pater,
3073 790 3138 840 in
3162 804 3250 840 me
3270 792 3319 840 et
3340 804 3427 854 ego
3448 789 3503 839 in
3524 793 3581 852 te,
3597 792 3646 839 ut
3666 794 3704 841 et

2158 878 2263 945 ipsi
2280 874 2295 903 τ
2318 879 2433 929 sint
2461 878 2524 929 in
2554 876 2706 929 nobis
2739 877 2917 942 (Joan.
2949 889 3081 940 xvu,
3109 873 3228 943 20).
3247 875 3378 928 Haec
3401 874 3578 945 itaque
3601 875 3704 928 uni-

2152 969 2240 1018 tas
2289 980 2399 1018 non
2448 964 2596 1018 sicut
2630 963 2876 1018 haeretici
2905 963 3100 1017 volunt
3139 963 3266 1017 sola
3293 963 3562 1017 voluntate
3586 963 3704 1016 inter

2153 1054 2381 1108 Patrem
2413 1058 2471 1106 et
2497 1052 2700 1107 Filium
2730 1052 3085 1123 praedicatur,
3129 1057 3191 1106 et
3215 1052 3364 1106 sicut
3396 1051 3627 1106 laborant
3655 1068 3705 1106 ex

2151 1158 2217 1196 eo
2233 1142 2383 1213 quod
2406 1142 2485 1196 ait
2514 1160 2525 1194 :
2558 1143 2667 1209 Ego
2695 1147 2745 1195 et
2764 1145 2927 1197 Pater
2945 1158 3128 1195 unum
3146 1158 3344 1195 sumus
3360 1142 3532 1204 (Joan.
3554 1157 3601 1207 χ,
3617 1138 3704 1209 30).

2151 1230 2395 1284 Tentant
2421 1230 2595 1299 igitur
2621 1229 2694 1283 ad
2732 1227 3127 1282 unanimitatis
3157 1228 3305 1282 illud
3334 1233 3568 1283 conterre
3603 1244 3708 1282 con-

2150 1334 2397 1379 sensum,
2425 1324 2490 1372 ut
2520 1318 2706 1372 unitas
2735 1318 3039 1372 voluntatis
3065 1317 3124 1371 in
3143 1317 3238 1371 his
3260 1317 3354 1383 sit,
3375 1334 3484 1372 non
3509 1323 3705 1382 natura,

2150 1407 2294 1461 sicut
2321 1406 2698 1461 multitudinis
2727 1406 3077 1460 credentium
3118 1406 3179 1459 in
3207 1406 3515 1460 Jerusalem
3540 1397 3709 1459 dicitur

474 1159 579 1213 pro
616 1142 795 1197 nobis.
828 1142 973 1206 Quia
999 1159 1133 1212 ergo
1164 1141 1488 1212 redemptor
1513 1147 1705 1195 noster
1741 1141 1847 1195 hoc
1886 1145 2071 1195 totum

475 1232 625 1303 quod
671 1237 925 1302 tempore
971 1230 1248 1303 passionis
1298 1247 1411 1285 sua:
1458 1230 1631 1284 semel
1664 1228 1858 1299 gessit,
1890 1229 2073 1283 adhuc

472 1336 654 1392 usque
690 1320 855 1375 hodie
906 1320 1234 1390 quotidiana
1272 1318 1526 1388 ejusdem
1574 1316 1750 1371 beatae
1794 1317 2070 1388 passionis

471 1407 1005 1463 commemoratione
1026 1408 1262 1479 peragit,
1280 1408 1421 1461 hanc
1434 1407 1493 1461 in
1510 1406 1706 1478 primis
1728 1406 2067 1477 praecipuam

472 1514 596 1551 esse
618 1513 847 1551 causam
875 1502 1031 1567 puto,
1077 1512 1251 1567 quare
1293 1512 1394 1549 nos
1446 1500 1812 1549 sacrosancta:
1868 1494 2067 1548 mortis
2149 1512 2243 1549 cor
2268 1512 2449 1549 unum
2477 1501 2526 1549 et
2554 1499 2750 1549 anima
2780 1511 2898 1549 una
2927 1497 3099 1563 fuisse
3122 1500 3260 1561 (Act.
3287 1512 3359 1559 ιν,
3394 1493 3496 1564 32);
3517 1494 3603 1549 sed
3626 1511 3707 1548 nos

471 1587 595 1657 ejus
624 1573 1068 1640 recordzitionem
1115 1584 1556 1638 sacratissimum
1595 1600 1796 1655 corpus
1841 1590 1898 1639 et
1932 1600 2065 1638 san-
2084 1653 2119 1657 _
2150 1585 2380 1638 Patrum
2412 1584 2646 1653 vestigia
2689 1590 3007 1656 sequentes,
3038 1584 3273 1639 credere
3300 1596 3330 1638 ς
3356 1588 3564 1655 oportet
3588 1584 3701 1653 quod

467 1653 698 1745 guinem
729 1674 904 1745 ipsius
946 1672 1195 1744 quotidie
1233 1689 1402 1744 super
1445 1672 1639 1726 altaris
1666 1653 1824 1726 aram
1869 1673 2067 1726 immo-
2084 1653 2130 1712 Β
2149 1670 2298 1724 Deus
2321 1687 2390 1725 ex
2416 1670 2532 1725 Deo
2551 1653 2998 1726 substantialiter
3013 1672 3266 1743 genitus,
3298 1653 3607 1726 naturaliter
3623 1672 3706 1725 hoc

468 1763 651 1818 lantes
680 1763 903 1817 assidue
933 1761 1311 1833 replicamus.)
1340 1761 1501 1816 Unde
1526 1778 1753 1815 oramus
1778 1779 1789 1814 :
1836 1763 2065 1816 Dimitte
2147 1764 2235 1813 est
2261 1760 2410 1830 quod
2439 1760 2607 1814 Pater
2627 1761 2832 1830 (HILAR
2878 1760 2974 1815 lib.
3007 1777 3121 1816 ναι.
3153 1763 3221 1815 de
3260 1762 3506 1828 Trinit.),
3533 1777 3590 1814 ac
3630 1776 3707 1831 per

468 1853 623 1906 nobis
650 1853 829 1906 debita
858 1856 1047 1906 nostra
1079 1850 1293 1920 (Matth.
1327 1864 1400 1915 vi,
1422 1851 1476 1917 1)
1503 1868 1516 1917 ;
1541 1850 1675 1921 quia
1694 1850 1741 1903 si
1758 1849 2063 1905 dixerimus
2145 1848 2251 1902 hoc
2274 1847 2302 1888 ιι
2327 1849 2545 1903 unitate
2572 1855 2786 1905 naturae
2806 1850 2976 1905 Pater
2994 1855 3051 1927 et
3078 1851 3261 1904 Filius
3290 1866 3462 1905 unum
3483 1866 3589 1903 esse
3608 1865 3705 1919 pro-

468 1940 619 2011 quod
647 1945 937 2012 peccatum
966 1955 1076 1993 non
1122 1938 1414 2006 habemus,
1447 1938 1555 2010 ipsi
1591 1955 1693 1993 nos
1721 1939 2057 2006 seducimus,
2143 1936 2367 2003 bantur,
2399 1954 2616 1992 necnon
2654 1944 2711 1992 et
2739 1939 2996 1994 Christus
3028 1939 3202 1994 hodie
3231 1939 3293 1993 in
3322 1938 3480 1997 nobis
3507 1954 3607 1991 non
3631 1954 3702 1990 so-

466 2034 525 2083 et
550 2028 757 2083 veritas
784 2028 843 2082 in
871 2027 1033 2083 nobis
1053 2044 1166 2082 non
1195 2033 1299 2082 est.
2142 2026 2261 2080 lum
2291 2042 2391 2097 per
2419 2028 2775 2081 concordiam
2814 2028 3137 2094 voluntatis,
3184 2030 3288 2083 sed
3318 2029 3484 2083 etiam
3510 2044 3600 2098 per
3620 2042 3699 2079 na-

538 2115 591 2171 3.
615 2117 872 2172 Secundo
899 2116 1106 2187 agitur,
1139 2121 1204 2170 ut
1229 2116 1377 2170 sicut
1405 2115 1513 2170 fuit
1540 2114 1708 2170 arbor
1733 2116 1859 2171 vitae
1882 2115 1940 2170 in
1967 2133 2062 2186 pa-
2140 2120 2329 2169 turam
2366 2115 2425 2169 in
2469 2114 2650 2182 nobis,
2682 2116 2829 2171 sicut
2854 2122 2912 2171 et
2947 2134 3050 2172 nos
3088 2117 3148 2171 in
3190 2118 3309 2183 illo,
3343 2123 3489 2172 recte
3514 2131 3703 2171 manere

462 2205 671 2272 radiso,
705 2205 787 2260 ita
813 2210 1010 2259 sancta
1036 2204 1138 2261 Dei
1165 2204 1429 2266 Ecclesia.
1450 2221 1572 2276 qua:
1596 2205 1889 2275 paradisus
1917 2205 2061 2259 deli-
2140 2203 2362 2257 dicitur.
2392 2205 2539 2258 Nam
2568 2204 2616 2258 si
2656 2206 2881 2260 Verbum
2905 2222 3033 2259 caro
3057 2209 3280 2275 factum
3306 2212 3399 2272 est,
3418 2212 3473 2260 et
3492 2220 3581 2259 nos
3605 2219 3702 2257 vere

465 2294 680 2348 ciarum
701 2293 1003 2348 incanticis
1018 2292 1714 2364 appellatur,habeatinse
1728 2293 2059 2364 mysterium
2140 2291 2423 2347 Verbumi
2450 2292 2661 2347 factum
2699 2309 2926 2348 carnem
2957 2295 3018 2348 in
3064 2295 3191 2350 cibo
3238 2295 3521 2350 Dominico
3557 2292 3700 2347 sumi-

463 2381 609 2447 vitaa,
642 2381 791 2452 quod
820 2382 879 2434 in
909 2381 1106 2435 eodem
1131 2380 1285 2451 ligno
1313 2380 1664 2451 ﬁgurabatur
1695 2400 1707 2449 ;
1741 2399 1807 2435 ex
1825 2398 1934 2453 quo
1964 2383 2061 2453 qui
2143 2396 2288 2446 mus,
2317 2381 2596 2451 quomodo
2618 2381 2676 2435 in
2698 2381 2858 2436 nobis
2880 2382 3136 2438 Christus
3153 2400 3393 2438 manere
3415 2381 3704 2436 naturaliter

462 2469 639 2524 edunt
666 2473 953 2523 servantes
980 2466 1247 2522 mandata
1275 2469 1399 2523 vitae
1434 2486 1792 2541 nequaquam
1827 2476 2063 2541 possunt
2138 2467 2266 2536 jure
2295 2484 2409 2522 non
2435 2468 2766 2536 aestimatur,
2800 2470 2897 2541 qui
2934 2475 2991 2524 et
3035 2478 3305 2526 naturam
3331 2471 3507 2525 carnis
3532 2474 3701 2524 nostrae

461 2556 606 2611 mori
625 2556 685 2610 in
704 2562 997 2612 aeternum.
1023 2556 1182 2622 Quod
1203 2557 1250 2611 si
1267 2558 1437 2612 veluti
1457 2558 1636 2612 Adam
1652 2558 2056 2626 inobedientes,
2142 2554 2576 2627 inseparabilem
2606 2556 2713 2611 sibi
2741 2558 2909 2613 homo
2940 2564 3106 2614 natus
3134 2561 3294 2615 Deus
3331 2558 3627 2631 assumpsit,
3658 2561 3703 2610 et

461 2663 497 2700 a
538 2644 760 2700 diabolo
798 2662 992 2700 rursus
1030 2651 1259 2717 peccato
1288 2646 1486 2701 mortis
1518 2648 1794 2719 perempti
1830 2649 2058 2715 fuerint,
2144 2648 2408 2698 naturam
2453 2645 2639 2699 carnis
2676 2662 2791 2700 suae
2819 2648 2890 2701 ad
2930 2653 3193 2703 naturam
3222 2652 3241 2706 i
3279 2647 3589 2705 aeternitatis
3621 2644 3702 2699 sub

460 2734 608 2789 sicut
626 2734 720 2788 ille
735 2734 805 2789 de
826 2734 1085 2805 paradiso
1105 2742 1467 2789 removentur
1495 2752 1528 2789 a
1549 2737 1757 2791 sanctis
1789 2736 2062 2791 altaribus
2144 2739 2495 2788 sacramento
2524 2734 2628 2789 hoc
2656 2734 2814 2789 nobis
2842 2738 3330 2794 communicandas
3358 2738 3531 2793 carnis
3561 2734 3703 2788 admi-

460 2826 519 2877 et
546 2840 580 2877 a
606 2822 760 2893 ligno
782 2822 929 2889 vitm,
966 2822 1179 2877 scilicet
1201 2839 1237 2877 a
1262 2839 1494 2894 corpore
1524 2829 1582 2877 et
1608 2825 1879 2895 sanguine
1906 2825 2063 2879 Chri-
2143 2821 2331 2875 scuit?
2360 2822 2431 2876 Et
2456 2822 2581 2876 ideo
2602 2840 2701 2894 per
2728 2825 2835 2879 hoc
2861 2841 3055 2880 omnes
3085 2826 3145 2881 in
3169 2827 3293 2882 Deo
3322 2828 3483 2883 Patre
3509 2830 3560 2879 et
3585 2822 3699 2877 Filio

458 2911 553 2978 sti,
579 2911 676 2983 qui
695 2916 783 2966 est
800 2927 997 2967 verum
1019 2911 1265 2983 paradisi
1280 2912 1524 2981 lignum;
1549 2913 1707 2982 cujus
1721 2914 1925 2980 folium
1948 2929 2061 2967 non
2142 2925 2207 2962 ac
2253 2910 2464 2980 Spiritu
2519 2917 2713 2967 sancto
2764 2929 2942 2968 unum
2991 2932 3210 2982 sumus,
3261 2916 3443 2987 quiak
3487 2912 3700 2969 Peterin

459 3001 658 3071 deﬂuet
697 3004 747 3054 et
796 3003 987 3054 omnia
1016 3016 1353 3070 quaecunque
1389 3002 1552 3067 faciet
1582 3003 2121 3070 prosperabunturc
2143 2997 2365 3052 Christo
2406 3004 2465 3052 et
2508 2999 2762 3056 Christus
2817 3001 2875 3055 in
2919 3002 3080 3057 nobis
3128 3004 3421 3076 probatur.
3454 3003 3581 3057 Hinc
3620 3000 3699 3069 igi-

462 3090 630 3157 (Psal.
663 3106 700 3156 1,
731 3086 784 3157 3)
813 3106 828 3144 :
857 3094 1219 3143 removentur
1251 3093 1440 3143 autem
1463 3105 1533 3142 ne
1558 3094 1786 3143 sumant
1809 3089 1880 3143 de
1906 3089 2059 3159 ligno
2140 3091 2235 3140 tur
2274 3092 2362 3140 est
2399 3088 2547 3157 quod
2585 3093 2643 3142 et
2691 3105 2794 3143 nos
2830 3089 2889 3143 in
2929 3091 3151 3146 Christo
3200 3092 3531 3148 naturaliter
3554 3104 3697 3143 unum

460 3175 608 3242 vitaz,
640 3182 699 3231 et
724 3176 871 3230 male
916 3175 1105 3229 vivant
1154 3183 1218 3229 ut
1256 3174 1589 3242 moriantur,
1619 3175 1734 3229 imo
1774 3181 1838 3230 ut
1866 3177 2061 3247 resipi-
2139 3191 2341 3246 corpus
2370 3176 2664 3244 efﬁcimur,
2698 3184 2756 3233 et
2778 3180 2827 3232 si
2846 3180 2970 3250 quis
3001 3181 3233 3237 Patrem
3262 3184 3319 3237 in
3342 3182 3549 3238 Christo
3568 3183 3697 3233 natu-

458 3269 618 3320 scant
644 3282 680 3319 a
698 3264 862 3319 malis
889 3264 1028 3330 suis,
1058 3269 1117 3318 et
1138 3280 1239 3335 per
1265 3263 1657 3335 paenitentiam
1686 3265 2054 3327 reconciliari,
2138 3264 2336 3318 raliter
2379 3267 2697 3332 conﬁtetur,
2728 3270 3065 3324 conﬁteatur
3117 3288 3178 3326 se
3227 3272 3550 3328 naturaliter
3570 3266 3698 3337 (quia

460 3353 669 3409 Christi
696 3365 721 3394 ι
759 3370 861 3425 per
914 3353 1065 3407 hunc
1124 3352 1311 3407 cibum
1367 3369 1564 3407 rursus
1618 3353 2005 3408 reinserantur
2029 3354 2056 3394 δ
2139 3352 2386 3408 Verbum
2412 3353 2426 3395 ι
2453 3372 2582 3409 caro
2612 3357 2715 3426 est)
2747 3373 2926 3412 unum
2967 3375 3089 3414 esse
3136 3360 3196 3415 in
3232 3362 3349 3429 illo,
3380 3366 3442 3416 ut
3466 3354 3695 3414 naturalis

457 3440 783 3507 visceribus,
812 3450 871 3496 et
898 3441 1135 3496 feliciter
1164 3441 1426 3512 deinceps
1454 3441 1643 3495 vivant
1670 3442 1725 3496 in
1762 3448 2054 3498 aeternum.
2139 3441 2346 3508 unitas,
2380 3458 2482 3512 per
2531 3451 2947 3501 sacramentum
2996 3457 3273 3519 appareat
3298 3448 3551 3504 veritatis.
3581 3444 3694 3498 Hinc

459 3530 580 3585 Hoc
607 3530 813 3602 quippe
840 3535 1021 3601 agunt
1047 3530 1363 3585 sacerdotes
1384 3530 1592 3585 Christi
1621 3530 1680 3585 in
1707 3531 1974 3603 Ecclesia,
2001 3540 2059 3588 et
2139 3546 2273 3599 ergo
2292 3530 2456 3584 dicit:
2481 3533 2585 3598 Qui
2604 3535 2905 3588 manducet
2921 3551 3147 3592 carnem
3166 3555 3372 3606 meam,
3390 3543 3439 3592 et
3454 3537 3572 3591 bibit
3587 3547 3695 3586 san-

459 3626 776 3675 monstrant
797 3619 946 3690 quod
973 3619 1227 3673 futurum
1248 3625 1338 3674 est
1362 3618 1420 3673 in
1449 3619 1545 3674 illo
1565 3620 1763 3674 ultimo
1781 3622 2053 3689 examine,
2136 3621 2365 3685 guinem
2395 3635 2604 3687 meum,
2635 3624 2699 3675 in
2730 3639 2815 3676 me
2844 3631 3048 3691 manet,
3082 3632 3131 3680 et
3159 3644 3255 3694 ego
3287 3630 3348 3681 in
3376 3643 3431 3680 eo
3448 3625 3610 3693 (Joan.
3632 3635 3691 3682 vi,

461 3710 686 3780 quando
702 3707 1115 3779 separabuntur
1136 3708 1279 3778 justi
1307 3708 1377 3761 ab
1394 3708 1637 3779 injustis.
1664 3708 1771 3763 Sed
1794 3709 2057 3764 hicsicuti
2139 3705 2246 3775 57).
2276 3706 2420 3760 Vere
2449 3708 2625 3778 igitur
2668 3710 2816 3765 sicut
2869 3729 2971 3782 per
3013 3721 3282 3770 naturam
3325 3713 3537 3769 deitatis
3571 3711 3692 3765 Deus

2137 3794 2306 3848 Pater
2332 3795 2390 3849 in
2412 3796 2549 3851 Filio
2577 3802 2681 3866 est,
2716 3798 2796 3852 ita
2823 3805 2878 3854 et
2917 3802 3090 3857 Filius
3120 3804 3271 3859 Deus
3301 3805 3460 3859 homo
3492 3815 3581 3873 per
3604 3798 3691 3851 hu-

2135 3884 2466 3938 manitatem
2506 3886 2604 3955 [αι.
2628 3888 2928 3960 unitatem]
2953 3892 3159 3946 carnis‘
3179 3893 3242 3947 in
3272 3892 3428 3948 nobis
3457 3905 3565 3944 esse
3586 3888 3692 3957 jure

2135 3972 2359 4039 dicitur,
2375 3990 2441 4027 ac
2466 3990 2566 4045 per
2585 3976 2690 4030 hoc
2717 3970 2995 4033 mediator
3013 3981 3115 4035 Dei
3142 3987 3200 4036 et
3222 3982 3506 4037 hominum
3524 3972 3686 4048 praedi-

2135 4068 2326 4130 catur;
2358 4063 2489 4134 quia
2530 4080 2631 4134 per
2658 4082 2787 4120 eum
2815 4070 3273 4127 communionem
3304 4068 3525 4126 unitatis
3552 4062 3691 4119 habe-

2137 4168 2263 4206 mus
2308 4152 2380 4205 ad
2407 4153 2605 4217 Deum,
2661 4155 2797 4210 dum
2834 4156 2955 4228 ipse
2998 4159 3058 4213 in
3103 4160 3275 4216 Patre
3302 4173 3539 4221 manens,
3570 4157 3618 4207 et
3639 4149 3687 4203 in

460 3797 638 3852 Adam
671 3796 899 3868 expulso
927 3812 1054 3867 spes
1100 3795 1309 3850 mansit
1336 3796 1604 3850 redeundi
1644 3796 1716 3850 ad
1752 3797 1923 3851 vitam
1955 3815 2056 3869 per

460 3884 870 3957 paenitentiam,
894 3885 974 3938 ita
996 3884 1242 3955 praecisis
1260 3901 1293 3938 a
1320 3884 1473 3954 ligno
1490 3884 1617 3939 vitae
1633 3890 1788 3955 patet
1798 3886 2052 3957 facultas,

462 3973 510 4027 si
524 3973 697 4027 velint
715 3973 899 4027 redire
921 3972 992 4026 ad
1012 3973 1251 4027 veniam.
1267 3972 1372 4027 Ubi
1386 3990 1515 4027 cum
1537 3974 1868 4044 poenitentia
1883 3975 2055 4030 inter-

462 4061 712 4128 cesserit,
753 4068 907 4116 certa
942 4077 1070 4133 spes
1099 4061 1427 4133 percipitur,
1470 4062 1601 4133 quia
1636 4064 1758 4133 jam
1786 4063 1912 4117 vitae
1951 4064 2052 4118 ad-

463 4151 683 4219 mistus,
709 4151 852 4206 mori
879 4166 992 4206 non
1011 4150 1237 4222 poterit,
1265 4150 1313 4205 si
1333 4151 1725 4206 reconciliatus
1742 4157 1969 4207 maneat
1994 4152 2054 4207 in

465 4240 708 4295 Christo.
2072 4291 2120 4312 n
2139 4238 2298 4293 nobis
2336 4256 2557 4311 quoque
2586 4258 2815 4299 manere
2841 4245 3067 4301 dicitur.
3102 4248 3225 4312 Qua
3253 4251 3323 4305 de
3351 4261 3508 4303 causa
3540 4252 3684 4297 unum

536 4291 708 4295 ---τω
2458 4291 2554 4311 Γ,
2587 4291 2814 4299 ,πηη
2845 4291 3067 4301 __-_____
3106 4291 3225 4312 τη,
3254 4291 3323 4305 ,Ν
3351 4291 3508 4303 νην*
3545 4291 3636 4297 ___-,

536 4330 590 4383 4.
616 4329 825 4394 Tertio,
858 4339 883 4368 ο
910 4334 977 4382 ut
1014 4327 1333 4399 quicunque
1377 4327 1546 4399 digne
1577 4330 1723 4384 hanc
1762 4328 1934 4384 vitam
1970 4291 2122 4384 su-D
2142 4343 2244 4381 nos
2272 4343 2395 4381 esse
2421 4327 2479 4381 in
2513 4328 2649 4400 ipsis
2696 4332 2954 4402 superius
2987 4332 3159 4389 Pater
3184 4352 3219 4389 a
3257 4334 3394 4391 Filio
3420 4326 3684 4387 secundum

463 4423 647 4486 munt,
663 4416 845 4471 renati
864 4432 1040 4471 unum
1061 4415 1396 4483 efﬁciantur,
1419 4422 1483 4470 ut
1504 4416 1650 4470 sicut
1669 4418 1789 4487 jam
1809 4435 1911 4489 per
1930 4417 2061 4491 bap-
2141 4415 2552 4471 humanitatem
2580 4425 2861 4475 exoratur.

463 4506 697 4577 tismum
720 4505 945 4561 Christo
965 4502 994 4544 ἀ
1018 4503 1352 4571 induuntur,
1370 4504 1452 4558 ita
1480 4503 1735 4559 Christus
1763 4506 1823 4559 in
1854 4507 1934 4561 eis
1959 4524 2061 4578 per

536 4624 561 4650 ⁸
585 4613 673 4667 Ita
716 4610 964 4666 melioris
994 4614 1140 4664 notm
1182 4626 1315 4664 mss.
1350 4610 1521 4667 Sirm.
1560 4627 1687 4666 cum
1725 4612 2058 4683 quibusdam

464 4699 623 4746 mss.,
657 4686 1003 4737 reconciliati
1026 4682 1257 4736 Christo.

536 4751 563 4792 δ
592 4753 715 4808 Duo
744 4753 959 4807 codices
978 4752 1147 4822 regii,
1175 4768 1321 4807 unus
1344 4753 1570 4824 reginae
1597 4755 1826 4821 Sueciae,
1860 4760 2060 4811 reinse-

463 4830 674 4895 rantur
700 4827 995 4877 visceribus
1012 4825 1295 4895 paradisi,
1329 4823 1388 4877 id
1415 4823 1489 4878 est
1521 4827 1785 4893 Ecclesia,
1810 4832 1859 4881 et
1882 4830 2058 4895 felici-

468 4900 568 4949 ter.
598 4894 757 4949 Alter
776 4911 879 4949 ms.
908 4893 1115 4963 reginae
1136 4895 1365 4961 Suecize,
1392 4899 1784 4951 reinserantur
1811 4893 1928 4967 ejus
1956 4902 2060 4952 vis-

465 4968 696 5031 ceribus,
727 4971 775 5019 et
813 4967 1065 5032 ﬁdeliter.

537 5044 555 5065 ⁶
574 5036 803 5090 Codices
826 5034 1036 5106 regina:
1065 5032 1299 5101 Suecise,
1332 5036 1443 5090 duo
1472 5038 1613 5108 regii
1636 5055 1650 5090 :
1685 5039 1861 5092 Tertio
1889 5042 2057 5095 etiam

467 5107 676 5162 Christi
724 5110 905 5177 passio
960 5110 1278 5175 reputatur,
1316 5112 1380 5159 ut
1424 5107 1737 5177 quicunque
1778 5112 1941 5179 digne
1984 5114 2059 5165 ad

463 5181 658 5232 vitam.

536 5248 563 5289 ἀ
592 5250 678 5303 ita
713 5247 830 5301 fere
859 5261 1051 5299 omnes
1080 5261 1215 5299 mss.
1248 5246 1439 5310 Editi..
1474 5250 1754 5305 Christum
1784 5255 2050 5308 induunt.

440 5320 447 5339 ‘
533 5338 559 5386 9
587 5317 788 5384 Vatic.,
821 5320 1192 5386 spiritualiter
1212 5323 1454 5372 maneat.

536 5378 786 5466 'Editi.,_'
816 5378 863 5442 et
902 5390 1010 5466 ipsi
1036 5404 1216 5466 unum.
1261 5392 1375 5442 sint
1422 5392 1485 5466 in
1541 5393 1713 5459 nobis,
1758 5399 1927 5466 atque
1970 5397 2053 5451 ita

462 5460 522 5515 in
552 5465 708 5515 textu
756 5459 1009 5527 Joannis,
1043 5459 1147 5514 Sed
1197 5460 1257 5513 in
1296 5459 1555 5517 omnibus
1591 5479 1725 5523 mss.
1774 5459 2053 5523 desidera.

460 5537 555 5587 tur
589 5547 787 5587 unum.

2212 4514 2261 4567 5.
2294 4513 2433 4568 Ecce
2467 4515 2577 4571 duo
2605 4516 2717 4571 ista
2757 4526 3112 4577 sacramenta
3139 4524 3276 4596 quid
3305 4523 3536 4580 efﬁciunt
3561 4534 3572 4571 ε
3599 4527 3679 4585 Per

2210 4653 2237 4702 ε
2264 4620 2403 4702 Tres.
2429 4638 2587 4702 ms_s_._,
2620 4627 2835 4702 credere
2858 4630 3252 4702 indubitanter
3282 4633 3532 4687 debemus.

2208 4688 2476 4814 Libyam"
2516 4694 2664 4749 Flor'
2696 4702 2754 4751 et
2777 4698 2934 4753 COIb'
2979 4699 3029 4767 Ῑν
3059 4718 3124 4757 αθ
3146 4719 3247 4772 Per
3274 4706 3412 4760 hanc
3446 4698 3675 4755 unitatem

2262 4780 2279 4813 Ι
2306 4778 2378 4814 'cI'.

2142 4774 2378 4815 ηαιανσκκ

2211 4832 2226 4874 ί
2269 4833 2437 4899 Editi,
2493 4836 2719 4892 Verbum
2758 4856 3002 4909 carnem,
3050 4843 3295 4899 Colbert.
3342 4858 3494 4907 unus,
3527 4844 3569 4893 et
3590 4848 3676 4909 τιας

2138 4918 2326 4985 peram
2354 4921 2589 4985 carnem
2616 4912 2679 4963 in
2707 4913 2840 4965 cibo.
2880 4907 3036 4969 Colb.
3067 4916 3231 4985 alter,
3253 4922 3301 4970 et
3330 4931 3419 4970 nos
3445 4926 3549 4968 vero
3581 4907 3674 4959 Ver.

2141 4975 2525 5051 bu'irLcarncm
2552 4979 2765 5045 factum
2796 4985 2861 5037 in
2888 4987 3024 5039 cibo.

2205 5046 2222 5127 ξ
2251 5046 2385 5127 Tres
2416 5063 2571 5115 mss.,
2601 5056 2927 5127 sterilitatis
2950 5072 3079 5111 suat.
3570 5121 3588 5127 ,
3633 5117 3641 5127 ,

2210 5122 2237 5202 ις
2285 5117 2407 5201 Duo
2435 5135 2570 5202 mss.
2601 5122 2771 5202 regii,
2789 5130 2850 5202 et
2898 5126 3008 5202 duo
3054 5130 3265 5202 Suecie
3290 5131 3517 5202 reginae:
3554 5117 3668 5202 ouis

2139 5188 2390 5270 Paternin
2417 5191 2648 5270 Christo
2665 5188 2849 5270 'Fitio‘
2876 5202 2924 5251 et
2955 5201 3019 5253 in
3058 5201 3278 5270 Spiritu
3322 5188 3489 5258 saneto
3522 5201 3666 5247 una"!

2138 5262 2339 5326 existit,
2379 5265 2429 5313 et
2458 5262 2708 5342 Christus
2739 5269 2800 5321 in
2817 5268 2985 5342 Patre
3010 5276 3059 5324 et
3086 5262 3305 5342 Spiritu
3330 5274 3496 5342 sancto
3520 5272 3665 5342 unum

2132 5343 2474 5397 permanens,
2496 5335 2559 5386 in
2580 5337 2916 5415 nobis_etiam
2931 5357 3034 5415 per
3056 5335 3341 5415 assume
3352 5341 3518 5399 carnis
3536 5335 3663 5389 natu-

2134 5415 2603 5485 raimnunumfsse
2624 5409 2913 5485 probatur.
2943 5413 3089 5468 Hinc
3117 5409 3261 5485 ergo,
3292 5421 3388 5471 etc.

2205 5467 2219 5509 ¹
2245 5471 2412 5540 Editi,
2447 5467 2674 5532 Verbum
2702 5494 2830 5534 caro
2854 5467 3182 5549 factumest:
