3992 6166
339 374 367 429 1
380 371 485 431 297

1237 381 1376 438 LIB.
1414 384 1509 439 DE
1544 386 1880 443 CORPORE
1918 387 2010 443 ET
2048 389 2417 447 SANGUINE
2453 392 2735 448 DOMINI.

3484 400 3507 460 1
3519 395 3625 459 '298

346 499 696 571 baptismum
728 515 862 570 ergo
890 502 1243 558 renascimur
1270 505 1328 559 in
1359 506 1598 573 Christo,
1634 515 1692 564 et
1726 527 1828 583 per
1851 528 1943 565 sa-
1958 512 2010 571 A
2029 511 2178 578 ﬁdei,
2202 513 2388 568 saltim
2410 515 2601 584 justus
2624 515 2946 571 invenitur?
2971 518 3183 575 Idcirco
3206 526 3497 580 teneamus
3516 541 3619 582 nos

339 594 696 644 crumentum
720 590 970 661 corporis
997 606 1062 645 ac
1087 593 1379 663 sanguinis
1396 596 1651 652 Christus
1671 599 1730 653 in
1754 599 1935 665 nobis,

339 694 455 732 non
484 679 667 733 solum
695 678 825 746 ﬁde,
847 679 947 733 sed
978 679 1151 735 etiam
1172 683 1390 739 unitate
1419 686 1602 740 carnis
1632 692 1690 742 et
1717 689 1940 759 sangui-

340 766 429 820 nis
458 783 689 823 manere
717 768 1021 839 probatur;
1065 775 1122 823 et
1148 770 1275 826 ideo
1297 773 1418 843 jam
1448 775 1701 829 membra
1730 778 1937 832 Christi

342 857 466 927 ejus
494 873 663 911 carne
704 858 1002 925 vescimur,
1035 864 1100 915 ut
1138 860 1280 915 nihil
1322 862 1475 917 aliud
1518 880 1688 934 quam
1737 882 1940 938 corpus

341 947 485 1016 ejus,
528 946 680 1001 unde
718 947 974 1016 vivimus,
1010 954 1067 1003 et
1112 950 1341 1020 sanguis
1382 951 1751 1007 inveniamur.
1796 955 1940 1010 Hinc

338 1034 516 1104 igitur
534 1040 642 1100 est,
665 1037 813 1107 quod
838 1053 994 1092 nemo
1015 1040 1257 1093 ascendit
1286 1041 1361 1093 ad
1390 1044 1601 1105 catum,
1625 1046 1739 1096 nisi
1757 1046 1857 1111 qui
1874 1045 1938 1096 de

338 1127 463 1178 caelo
485 1125 757 1179 descendit
799 1126 975 1191 (Joan.
1002 1140 1081 1193 ιιι,
1116 1124 1223 1196 13),
1257 1128 1390 1198 quia
1416 1145 1543 1182 cum
1571 1128 1665 1183 illo
1693 1146 1795 1202 per
1821 1131 1937 1185 haec

336 1213 609 1282 mysteria
638 1229 815 1268 unum
843 1230 1055 1270 sumus.
1098 1216 1344 1271 Iteratur
1378 1222 1567 1271 autem
1600 1219 1705 1272 hoc
1731 1226 1937 1291 mystc-

333 1301 505 1369 rium,
531 1308 589 1356 et
613 1301 684 1356 ob
703 1305 1295 1359 commemorationem
1316 1306 1591 1377 passionis
1612 1308 1839 1375 Christi,
1863 1310 1936 1363 si-

332 1396 432 1445 cut
465 1390 586 1462 ipse
625 1391 707 1445 ait
748 1410 760 1445 :
804 1394 924 1447 Hac
965 1396 1385 1464 quotiescunque
1417 1398 1603 1463 agitis,
1653 1398 1716 1450 in
1752 1414 1933 1452 meam

334 1484 910 1536 commemorationem
949 1483 1116 1549 facite
1152 1484 1312 1554 (Luc.
1364 1498 1495 1550 xxii,
1534 1484 1645 1553 19).
1691 1488 1933 1553 Quoties-

336 1585 551 1638 cunque
577 1586 710 1641 ergo
731 1571 880 1625 hunc
888 1587 1089 1640 panem
1111 1572 1352 1639 sumitis,
1380 1578 1438 1627 et
1453 1572 1643 1628 bibitis
1666 1575 1816 1629 hunc
1843 1592 1929 1630 ca-

337 1660 516 1723 licem,
553 1665 785 1713 mortem
820 1661 1048 1715 Domini
1084 1664 1499 1717 annuntiabitis
1547 1665 1713 1718 donec
1746 1668 1929 1719 veniat

338 1747 392 1815 (1
410 1746 531 1800 Cor.
567 1762 643 1813 x1,
674 1746 786 1817 26).
816 1749 943 1803 Non
971 1749 1162 1821 itaque
1208 1750 1288 1804 sic
1315 1751 1721 1822 accipiendum,
1753 1753 1931 1808 donec

2021 600 2093 654 ad
2120 600 2295 655 istum
2322 604 2643 672 pontiﬁcem
2676 609 2734 658 et
2758 607 3105 663 sacerdotem
3134 610 3440 681 Christum,
3472 619 3530 668 et
3558 615 3619 670 in

2019 688 2115 742 illo
2145 706 2494 759 maneamus,
2519 692 2649 763 quia
2675 710 2776 763 per
2803 695 2909 749 hoc
2934 698 3083 767 quod
3107 698 3201 753 ille
3230 700 3291 755 in
3318 701 3480 757 nobis
3508 709 3617 769 est,

2019 782 2078 831 et
2104 794 2207 832 nos
2249 779 2310 833 in
2337 779 2453 846 illo,
2489 781 2659 834 etiam
2689 787 2747 835 et
2771 782 2881 854 ipsi
2909 800 3104 841 omnes
3132 790 3449 845 sacerdotes
3478 791 3617 847 dici-

2023 882 2152 920 mur
2175 873 2233 921 et
2262 885 2476 923 sumus.
2505 870 2662 925 Fecit
2688 872 2838 926 enim
2866 889 2969 927 nos
2994 891 3231 945 regnum
3262 882 3319 931 et
3354 878 3617 933 sacerdo-

2020 958 2106 1008 tes
2135 956 2272 1021 Deo,
2295 962 2352 1011 et
2379 957 2505 1012 ideo
2524 975 2654 1025 gens
2681 966 2873 1015 sancta
2899 966 3267 1018 sacerdotium
3296 970 3494 1033 regale,
3522 983 3617 1036 po-

2014 1046 2185 1111 pulus
2203 1048 2417 1112 acquisi
2422 1048 2589 1125 tionis
2609 1046 2679 1099 ab
2693 1048 2958 1119 Apostolo
2977 1051 3368 1121 praedicamur.
3382 1054 3500 1108 Hoc
3514 1054 3617 1125 igi-

2017 1136 2115 1185 tur
2150 1138 2366 1199 notum,
2400 1121 2670 1204 quia'nos
2716 1136 2776 1190 in
2818 1136 2940 1208 ipso
2987 1144 3043 1194 et
3088 1140 3182 1194 ille
3209 1141 3270 1194 in
3307 1141 3469 1196 nobis
3512 1121 3616 1214 per

2017 1219 2163 1273 hanc
2193 1221 2436 1289 gratiam
2462 1230 2916 1294 concorporatur,
2963 1229 3374 1299 transﬁgurans
3419 1246 3522 1285 nos
3550 1234 3614 1287 in

2015 1323 2249 1379 corpore
2276 1310 2548 1364 claritatis
2593 1328 2728 1379 sum,
2768 1318 2834 1367 ut
2871 1330 2997 1368 cum
3026 1315 3147 1386 ipso
3176 1322 3233 1371 et
3273 1317 3332 1372 in
3369 1318 3491 1390 ipso
3534 1321 3613 1375 sit

2014 1396 2174 1451 nobis
2188 1414 2425 1468 regnum
2441 1400 2613 1470 pacis.
2630 1401 2748 1455 Hoc
2775 1402 2980 1473 quippe
3003 1403 3192 1458 Salem
3204 1405 3613 1478 interpretatur

2013 1490 2073 1539 et
2092 1488 2458 1542 sacerdotium
2486 1495 2773 1543 atomum.
2797 1490 2940 1544 Hinc
2962 1507 3185 1563 quoque
3214 1494 3496 1566 Pmpheta
3523 1513 3612 1552 ca-

2011 1574 2145 1628 nit:
2193 1577 2405 1638 Lauda,
2454 1576 2778 1644 Jerusalem,
2829 1579 3154 1647 Dominum,
3210 1585 3383 1637 lauda
3436 1586 3612 1641 Deum

2013 1668 2193 1731 tuum,
2209 1664 2363 1721 Sion.
2389 1666 2498 1733 Qui
2514 1668 2698 1735 posuit
2715 1669 2850 1734 fines
2870 1672 2990 1722 tuos
3003 1684 3216 1737 pacem,
3235 1675 3283 1724 et
3303 1673 3464 1742 adipe
3481 1674 3613 1741 fru-

2012 1756 2189 1806 menti
2206 1756 2372 1807 satiat
2395 1760 2442 1808 te
2464 1757 2630 1822 (Psat.
2656 1768 2856 1821 CXLVII,
2880 1754 2929 1822 1,
2944 1754 3019 1827 3).
3041 1758 3276 1825 (Hilam)
3293 1760 3375 1814 De
3399 1777 3510 1832 quo
3528 1762 3613 1817 ni-

234 1898 251 1911 η
333 1850 486 1889 mors
510 1835 720 1890 Christi
740 1838 943 1896 veniat,
976 1839 1072 1909 qui
1092 1840 1214 1909 jam
1233 1840 1382 1893 ultra
1406 1821 1520 1894 non
1548 1841 1807 1907 moritur,
1830 1842 1928 1897 sed
1943 1821 1990 1881 B
2012 1840 2221 1894 mirum
2240 1842 2521 1897 frumento
2546 1843 2786 1898 caelestis
2813 1821 3242 1902 illaJerusalem
3265 1821 3561 1919 saginatur
3589 1870 3606 1906 :

334 1923 510 1978 donec
534 1924 654 1995 ipse
672 1925 944 1980 Dominus
967 1928 1038 1981 ad
1061 1927 1339 1997 judicium
1357 1929 1561 1983 veniat.
1588 1929 1881 1985 Interdum
1901 1941 1927 1970 ι

331 2018 523 2067 autem
552 2029 775 2085 semper
799 2032 951 2070 mors
988 2022 1074 2071 est
1102 2017 1309 2072 Christi
1337 2034 1437 2089 pro
1466 2018 1653 2072 saeculi
1686 2019 1797 2073 vita
1822 2036 1924 2090 po-

330 2102 497 2156 steris
522 2103 851 2170 nuntianda,
883 2110 949 2158 ut
975 2105 1195 2160 discant
1221 2123 1333 2177 qua
1359 2107 1632 2161 charitate
1671 2124 1804 2162 suos
1836 2109 1925 2162 di-

328 2189 482 2257 lexit,
518 2192 614 2262 qui
641 2208 743 2263 pro
772 2192 852 2247 eis
885 2194 1028 2248 mori
1057 2194 1319 2265 dignatus
1346 2201 1432 2250 est
1462 2211 1474 2245 :
1506 2196 1596 2250 cui
1624 2196 1819 2251 omnes
1847 2198 1925 2251 vi-

325 2295 450 2334 cem
477 2280 746 2335 debemus
776 2283 1081 2353 rependere
1110 2284 1419 2349 charitatis,
1447 2285 1582 2355 quia
1603 2286 1674 2340 ad
1695 2286 1801 2340 hoc
1819 2302 1922 2342 nos

322 2371 482 2442 prior
507 2370 720 2438 dilexit,
750 2387 876 2425 cum
906 2388 1156 2427 essemus
1184 2374 1455 2443 gehennae
1478 2374 1599 2441 ﬁlii,
1630 2380 1695 2429 ut
1722 2375 1920 2446 dilige-

326 2474 518 2513 remus
548 2476 678 2513 eum
706 2476 741 2513 a
768 2467 950 2514 morte
970 2461 1090 2530 jam
1119 2460 1361 2515 liberati.

395 2549 452 2603 6.
485 2548 693 2602 Dicunt
736 2549 907 2603 etiam
938 2549 1186 2620 quidam,
1219 2550 1368 2621 quod
1414 2556 1474 2605 et
1516 2552 1642 2606 ideo
1671 2553 1921 2623 quotidie

320 2635 657 2704 celebratur,
706 2642 771 2691 ut
817 2638 913 2709 qui
957 2638 1027 2693 de
1072 2639 1278 2693 Iudaeis
1319 2640 1705 2707 credidissent,
1746 2641 1919 2705 hahe-

320 2731 450 2781 rent
478 2743 581 2797 per
616 2726 761 2780 hanc
788 2720 1048 2797 gratiam,
1079 2728 1290 2782 assueti
1315 2728 1511 2782 diebus
1541 2729 1773 2799 singulis
1802 2731 1916 2784 Do-

319 2815 476 2869 mino
504 2815 716 2869 hostias
742 2815 1027 2870 immolari
1056 2815 1082 2855 ι)
1121 2830 1231 2887 quo
1262 2822 1492 2887 possent
1518 2817 1672 2871 εωιό
1698 2819 1919 2889 religio-

2007 1933 2066 1982 et
2093 1930 2404 1984 notandum
2428 1931 2576 2001 quod
2607 1932 2711 1986 hoc
2736 1931 3107 2001 frumentum,
3128 1950 3332 2006 corpus
3354 1936 3613 1993 videlicet

2006 2020 2237 2088 Christi,
2260 2021 2484 2092 adipem
2503 2021 2726 2090 habeat,
2745 2028 2803 2078 et
2828 2039 2943 2078 non
2960 2025 3143 2079 solum
3163 2026 3407 2097 adipem,
3424 2020 3528 2082 sed
3549 2035 3607 2083 et

2006 2124 2201 2164 omnes
2229 2110 2474 2173 delicias,
2506 2111 2588 2165 ita
2615 2116 2673 2165 et
2714 2116 2880 2183 potus
2910 2114 3220 2184 sanguinis.
3267 2115 3425 2170 Unde
3455 2116 3605 2187 quod

2002 2197 2073 2251 de
2117 2205 2278 2270 petra
2318 2200 2504 2270 typice
2545 2201 2811 2269 manavit,
2844 2218 2996 2257 nunc
3039 2203 3171 2269 mel,
3212 2219 3364 2259 nunc
3393 2205 3599 2272 oleum,

2006 2302 2156 2341 nunc
2183 2304 2350 2359 aqua,
2382 2305 2533 2343 nunc
2560 2306 2782 2361 quoque
2809 2297 2977 2361 potus
3018 2291 3241 2359 dicitur,
3276 2293 3410 2364 quia
3436 2295 3605 2365 quid-

2005 2375 2138 2446 quid
2194 2382 2537 2448 praagustare
2585 2378 2915 2449 spiritaliter
2970 2380 3238 2450 potueris,
3268 2381 3374 2435 hoc
3417 2386 3605 2437 totum

2002 2462 2211 2517 ibidem
2253 2464 2519 2519 invenies.
2553 2465 2624 2519 Et
2652 2465 2782 2519 hinc
2827 2470 2913 2520 est
2940 2466 3091 2537 quod
3126 2467 3362 2522 tradunt
3401 2468 3601 2536 Judaei,

2003 2552 2153 2621 quod
2180 2568 2389 2607 manna
2420 2553 2646 2624 quando
2680 2553 3051 2609 comedebant
3067 2555 3387 2623 carnaliter,
3405 2572 3604 2612 secun-

2001 2639 2139 2693 dum
2158 2641 2503 2696 voluntatem
2527 2642 2968 2713 uniuscujusque
2995 2642 3076 2697 sic
3096 2642 3352 2714 sapiebat
3378 2644 3600 2699 unicui-

2001 2744 2110 2798 que
2141 2728 2201 2782 in
2248 2746 2364 2797 ore,
2394 2730 2550 2785 verbi
2591 2747 2780 2797 causa,
2828 2731 2877 2785 si
2924 2731 3130 2802 pirum,
3180 2731 3229 2785 si
3274 2732 3424 2787 mala
3461 2732 3508 2801 ιι,
3549 2733 3601 2789 si

2000 2832 2185 2884 uvam,
2231 2817 2278 2871 si
2320 2834 2543 2889 panem,
2580 2819 2629 2873 si
2670 2835 2866 2874 carnes
2911 2819 3303 2887 desiderasset,
3338 2836 3439 2875 seu
3484 2821 3599 2876 alia

319 2905 409 2959 nis
445 2910 574 2959 vota
603 2904 899 2959 celebriter
926 2906 1126 2959 offerre
1155 2910 1213 2959 et
1253 2905 1506 2960 omnium
1547 2912 1798 2962 veterum
1826 2924 1918 2962 sa-
2000 2921 2363 2978 quaecunque,
2396 2908 2587 2962 omnia
2613 2924 2823 2962 manna
2851 2907 3152 2979 praestabat
3180 2907 3194 2949 ί
3233 2908 3293 2963 in
3327 2925 3425 2963 ore
3453 2909 3599 2981 desis

317 2993 657 3047 criﬁciorum
682 2998 850 3065 atque
870 2994 1413 3048 holocaustomatum
1434 2993 1461 3034 ά
1481 2996 1675 3065 ﬁguris
1695 3001 1917 3068 postpo-
1998 2993 2266 3049 derantis.
2298 2996 2430 3050 Haec
2467 2996 2551 3049 illi
2591 2996 2840 3051 carnalia
2877 3013 3100 3067 semper
3127 3002 3457 3068 quaerentes,
3490 3014 3597 3054 nos

315 3082 461 3149 sitis,
485 3082 654 3153 hujus
683 3082 937 3154 mysterii
967 3083 1229 3153 praeferre
1260 3083 1551 3137 veritatem
1572 3096 1614 3136 ο.
1650 3085 1758 3139 Sed
1788 3086 1919 3140 licet
1998 3099 2129 3137 vero
2152 3083 2396 3138 fatemur
2415 3084 2544 3150 ﬁde,
2574 3085 2723 3155 quod
2751 3084 3027 3155 spiritalia
3054 3090 3112 3138 et
3145 3090 3357 3140 aeterna
3383 3086 3593 3158 potius,

311 3172 397 3227 ita
422 3172 695 3236 videatur,
731 3178 925 3226 tamen
960 3171 1180 3243 plenior
1217 3177 1274 3226 et
1309 3172 1608 3243 perfectior
1634 3175 1914 3229 sententia
1930 3173 1974 3233 C
1994 3182 2108 3226 non
2128 3173 2311 3227 solum
2332 3173 2460 3239 ista,
2484 3174 2582 3227 sed
2604 3178 2663 3226 et
2678 3173 2777 3226 illa
2794 3173 2855 3227 in
2887 3172 3147 3227 cordibus
3170 3174 3423 3229 ﬁdelium
3447 3190 3595 3246 prm-

309 3267 416 3329 est,
456 3278 625 3333 quam
654 3261 1044 3332 praemisimus.
1084 3261 1228 3325 Quia
1258 3277 1371 3315 non
1399 3261 1584 3316 minus
1610 3279 1713 3333 pro
1750 3263 1910 3318 nobis
1992 3261 2254 3315 stabant:
2276 3262 2426 3316 unde
2453 3278 2555 3332 per
2580 3262 2699 3315 haec
2724 3261 3073 3316 conﬁdenter
3092 3266 3316 3333 oportet
3342 3262 3592 3332 credere,

307 3367 477 3422 quam
494 3367 597 3422 pro
618 3350 728 3404 illis
751 3349 810 3403 in
833 3349 1077 3404 Ecclesia
1095 3349 1201 3403 hoc
1220 3351 1554 3421 mysterium
1574 3352 1905 3407 celebratur.
1991 3350 2040 3403 si
2076 3350 2201 3420 quis
2229 3350 2397 3420 digne
2424 3350 2756 3420 perceperit,
2799 3349 2948 3419 quod
2976 3348 3149 3403 vitam
3174 3350 3447 3422 percipiat
3482 3351 3595 3405 im-

305 3440 439 3496 Haec
465 3440 671 3511 quippe
701 3440 882 3509 ﬁgura
911 3438 1195 3509 praecessit
1217 3439 1277 3492 in
1304 3439 1730 3506 Melchisedech,
1764 3442 1911 3496 sicut
1990 3438 2371 3504 mortalitatis,
2404 3443 2462 3491 et
2502 3437 2717 3491 deliciis
2744 3437 2969 3492 fruatur
2992 3453 3124 3491 cum
3152 3438 3308 3493 omni
3344 3439 3593 3495 delecta-

302 3529 446 3583 ﬁdes
472 3528 533 3582 in
554 3527 857 3594 Abraham,
883 3527 981 3581 sed
1000 3528 1133 3598 quia
1160 3528 1248 3582 lex
1269 3528 1429 3599 quasi
1466 3528 1685 3582 medius
1726 3529 1908 3600 paries
1988 3532 2203 3591 mento,
2226 3526 2285 3580 in
2313 3542 2413 3596 spe
2442 3526 2659 3595 positus
2688 3530 3027 3580 aeternorum
3051 3525 3088 3579 1.

302 3634 365 3672 se
385 3616 598 3687 injecit,
633 3617 820 3688 potius
849 3616 908 3670 in
937 3615 1197 3671 omnibus
1225 3617 1415 3687 legum
1444 3617 1750 3681 sacriﬁciis,
1770 3619 1909 3673 veri-
2059 3616 2112 3669 7.
2140 3613 2160 3642 ³
2188 3615 2297 3669 Sed
2346 3614 2496 3685 quia,
2538 3615 2771 3685 juvante
2821 3613 3067 3679 Christo,
3113 3613 3249 3684 quid
3295 3613 3426 3669 boni
3472 3616 3591 3672 haec

300 3712 391 3761 tas
438 3706 607 3776 hujus
652 3706 908 3777 mysterii
956 3704 1344 3772 adumbratur,
1408 3705 1611 3777 quibus
1658 3707 1905 3777 profecto
1986 3703 2257 3773 mysteria
2277 3703 2445 3774 digne
2460 3719 2529 3757 ea
2546 3701 2982 3774 percipientibus
2999 3702 3274 3767 tribuant,
3291 3702 3588 3759 ostendere

301 3796 538 3850 remotis
569 3795 718 3867 quod
748 3795 1078 3866 praedictum
1120 3799 1261 3862 erat,
1296 3795 1604 3850 secundum
1643 3796 1904 3851 ordinem
1986 3792 2323 3859 curavimus,
2348 3792 2587 3863 perutile
2614 3791 2806 3846 multis
2833 3791 2895 3845 in
2922 3795 3209 3862 posterum
3248 3789 3513 3856 arbitror,
3536 3791 3587 3846 si

300 3884 709 3939 Melchisedech
736 3882 990 3938 Christus
1024 3900 1189 3938 verus
1216 3883 1467 3956 pontifex
1493 3883 1778 3949 successit,
1804 3901 1905 3939 sa-
1986 3896 2053 3934 ea
2082 3896 2204 3951 quae
2245 3879 2429 3934 verbis
2469 3879 2728 3947 diximus,
2761 3879 3029 3950 exemplis
3063 3878 3401 3950 quibusdam
3432 3883 3589 3935 certa

303 3973 615 4027 cerdotium
646 3971 862 4027 habens
891 3978 1183 4027 aeternum.
1222 3973 1341 4028 Hoc
1387 3973 1578 4044 itaque
1616 3972 1898 4027 Abraham
1981 3968 2303 4024 reddamus.
2332 3969 2463 4024 Haec
2479 3968 2655 4040 igitur
2673 3967 3073 4040 subsequentia
3089 3966 3349 4033 libenter,
3370 3983 3579 4038 quasso,

301 4061 362 4117 in
398 4062 805 4117 Melchisedech
845 4062 954 4116 ﬁde
985 4066 1365 4134 conspexerat,
1400 4067 1458 4116 et
1501 4061 1625 4116 ideo
1655 4062 1901 4116 decimas
1982 4058 2226 4130 perlege,
2259 4074 2497 4129 quorum
2525 4056 2782 4128 quaedam
2812 4073 2877 4111 ex
2902 4056 3065 4110 dictis
3092 4055 3243 4110 beati
3268 4071 3334 4110 ac
3360 4057 3586 4127 praecel-

307 4148 359 4203 ei
402 4148 673 4203 obtulisse
716 4148 943 4219 legitur,
976 4154 1145 4220 atque
1188 4148 1631 4204 benedictionem
1666 4148 1737 4202 ab
1778 4149 1901 4220 ipso
1982 4147 2282 4201 lentissimi
2337 4147 2440 4201 viri
2496 4146 2754 4216 Gregorii
2794 4146 3061 4200 Romanis
3117 4144 3266 4199 sedis
3313 4144 3583 4200 antistitis

302 4238 640 4309 percepisse.
672 4238 832 4291 Unde
860 4237 882 4278 ΐ
907 4254 1004 4292 rex
1032 4238 1127 4292 ille
1157 4238 1576 4305 Melchisedech,
1609 4254 1706 4292 rex
1728 4239 1899 4308 justi-
1982 4236 2378 4309 excerpsimus,
2419 4241 2589 4306 atque
2642 4234 2727 4289 uti
2775 4233 2956 4288 isdem
2997 4232 3258 4304 egregius
3296 4233 3492 4289 doctor
3517 4234 3580 4290 in

298 4326 393 4380 tiae
417 4326 504 4381 vel
527 4326 732 4392 Salem,
756 4332 815 4381 et
841 4326 1100 4381 sacerdos
1125 4326 1344 4391 dicitur,
1373 4332 1440 4381 ut
1462 4343 1563 4398 per
1591 4343 1721 4382 eum
1744 4328 1902 4383 Chri-
1981 4325 2098 4379 suis
2126 4325 2346 4395 scriptis
2375 4323 2622 4395 reliquit,
2660 4322 2790 4377 huic
2817 4328 3011 4377 nostro
3038 4322 3305 4394 opusculo
3344 4322 3583 4378 inservi-

299 4419 441 4481 stus,
472 4416 637 4485 cujus
672 4419 873 4486 typum
916 4415 1010 4468 ille
1036 4415 1230 4485 gessit,
1262 4415 1550 4469 evidenter
1585 4430 1687 4470 rex
1715 4421 1773 4471 et
1804 4429 2127 4508 sa-Dmus,
2156 4418 2220 4467 ut
2246 4418 2407 4467 tanto
2432 4418 2661 4508 auctore
2702 4412 2762 4466 in
2792 4410 3043 4466 medium
3067 4410 3329 4478 adducto,
3360 4411 3580 4466 ﬁrmius

300 4504 498 4558 cerdos
536 4509 910 4570 monstretur;
959 4503 1210 4574 alioquin
1261 4503 1583 4558 mortalium
1632 4505 1758 4576 quis
1801 4522 1897 4560 rex
1915 4500 1958 4508 ⁷
1982 4500 2151 4555 verba
2175 4507 2372 4556 nostra
2397 4501 2752 4556 roborentur.

294 4592 529 4663 justitiae
552 4594 681 4663 jure
701 4597 872 4665 queat
889 4592 1092 4660 vocari,
1120 4608 1249 4647 cum
1265 4592 1473 4658 nullus,
1497 4593 1608 4648 nisi
1626 4595 1851 4664 justitia
1868 4607 1899 4648 ε
2049 4587 2104 4646 8.
2133 4590 2313 4645 Judaei
2340 4590 2635 4661 cujusdam
2654 4588 2871 4672 vitrarii
2899 4588 3067 4655 ﬁlius,
3090 4602 3220 4642 cum
3246 4585 3401 4659 apud
3420 4587 3579 4644 Chri-

372 4735 576 4803 "Editi,
600 4739 861 4808 interim;
893 4735 989 4789 sed
1009 4751 1203 4808 omnes
1222 4735 1570 4808 mss.legunt
1587 4738 1892 4808 interdum,
1979 4735 2076 4788 ille
2104 4748 2203 4787 rea:
2230 4732 2435 4799 Satem,
2467 4733 2529 4787 id
2564 4736 2639 4786 est
2673 4732 2911 4802 justih‘a
2938 4734 2986 4784 et
3013 4731 3183 4798 pacis,
3218 4734 3269 4783 et
3308 4731 3579 4797 sacerdos,

300 4823 425 4886 quae
452 4822 557 4886 vox
582 4807 877 4863 familiaris
918 4812 1005 4862 est
1032 4805 1313 4861 Radberto
1356 4805 1894 4877 ad’signiﬁcandum
1977 4810 2082 4863 etc.
2114 4875 2149 4886 Α
2200 4875 2211 4886 .
2592 4878 2603 4886 _

299 4874 553 4933 interim.
1518 4874 1541 4877 θ
2050 4887 2081 4929 ε
2109 4875 2366 4943 Quinque
2390 4890 2550 4940 mss.,
2571 4875 2808 4943 justitiz
2830 4874 2952 4940 ﬁde.

370 4950 409 5028 b_
430 4950 517 5005 Ita
544 4950 681 5005 editi
705 4966 833 5005 cum
863 4947 1118 5022 pluribus
1144 4965 1279 5003 mss.
1302 4948 1543 5014 Quidam
1574 4950 1770 5022 legunt
1796 4955 1900 5006 im-
2108 4943 2384 5028 {utribus
2412 4961 2547 4999 mss.
2579 4944 2934 5028 desideratur
2966 4945 3017 4996 si

296 5024 527 5076 motare.
863 5014 884 5022 ’
1626 5014 1660 5022 ⁷
2060 5016 2075 5057 ί
2111 5017 2261 5071 Editi
2290 5032 2417 5071 cum
2447 5032 2560 5073 ms.
2597 5014 2847 5087 Majoris,
2877 5014 3031 5071 Mon.
3061 5014 3341 5084 sapiebat;
3383 5027 3579 5067 omnes

366 5107 385 5131 ο
423 5091 737 5170 ξᾴἱιίμςιᾳσ
761 5095 1049 5170 religionis
1077 5098 1220 5170 uota.
1316 5162 1365 5170 __
1410 5162 1441 5170 Α
1527 5164 1541 5170 _
1622 5164 1634 5170 _
1980 5087 2077 5143 alii
2103 5089 2604 5170 ειιεενιη,ρνξζιεζᾳὺαξΖ
2650 5158 2662 5170 θ
2736 5157 2747 5168 .
2833 5156 2890 5170 η
3038 5162 3047 5170 λ
3103 5156 3138 5170 Α
3205 5157 3220 5170 Δ
3427 5153 3439 5166 ο

368 5174 395 5217 ει
422 5163 530 5242 Hic
583 5153 827 5242 multum
868 5153 1092 5242 variant
1146 5178 1281 5242 mss.
1316 5162 1495 5242 Yatie
1527 5164 1664 5242 legit
1690 5166 1900 5242 illato-
1996 5180 2061 5242 υ)
2103 5160 2168 5214 In
2195 5153 2317 5242 (ιςκξζ
2349 5157 2526 5242 vatic.
2562 5156 3077 5242 ilajoris,‘M.onast1
3102 5156 3159 5211 S.
3473 5153 3578 5242 ad:

297 5239 705 5310 caustomatum
733 5238 906 5310 sacris
936 5236 1105 5303 huius
1129 5236 1403 5310 myste_rii.
1426 5225 1821 5310 Regiifcodices
1842 5241 1901 5289 et
1979 5225 2135 5310 ditur
2146 5248 2168 5310 Δε
2201 5230 2247 5287 Α
2274 5232 2379 5310 Deo
2398 5230 2560 5310 detur
2579 5225 2838 5310 in'se.(ve1
2860 5230 2923 5281 in
2942 5229 3082 5296 ipso)
3096 5227 3463 5310 sperantibus.
3485 5225 3579 5310 ῥ’ἱο

300 5305 512 5383 sueciae
535 5306 762 5375 reginae,
790 5296 1474 5383 Holocaustorujnﬂguris
1501 5296 1668 5383 hujus
1694 5312 1899 5383 myste-
1980 5305 2098 5383 fiat.
2117 5302 2396 5358 Amen.In
2409 5298 2598 5383 codice
2609 5299 2785 5383 regio,
2810 5312 3198 5383 supernorum,
3216 5296 3397 5383 et

295 5379 399 5432 rii.
419 5365 738 5431 Mamium
753 5365 1003 5446 quinque
1019 5391 1155 5429 mss.
1170 5365 1715 5430 Hotocaustomdtum
1731 5365 1899 5446 h'ujus
1979 5365 2044 5427 in
2074 5377 2189 5442 ipso
2212 5365 2815 5446 ερεναηιίὸυίηςῖᾷηςφ
2969 5368 3202 5422 Mamer.
3217 5366 3259 5419 Α
3286 5366 3392 5420 Deo
3412 5365 3578 5419 detur

296 5451 576 5524 mysterii.
592 5448 760 5524 Ulim.
774 5441 839 5501 et
860 5441 1051 5514 Sirm.,
1075 5447 1615 5502 Holocaustomatum
1636 5441 1898 5514 legitimis
1980 5441 2499 5524 ipsolsperantibus.
2528 5441 2639 5524 Sicf,
2672 5443 2752 5524 -ξίσ
2778 5442 3121 5524 βαεκςξπιεᾲπ
3138 5523 3161 5524 ἡ
3184 5522 3194 5524 4
3215 5506 3258 5524 ,,

296 5506 466 5587 Ιιιῦυς
494 5521 778 5588 mysterii.
1038 5506 1049 5514 ’
1684 5506 1705 5514 ⁷
1997 5506 2029 5588 Ἀ
2049 5523 2077 5559 k
2107 5506 2241 5588 Quae
2264 5518 2579 5588 sequuntur
2604 5506 2998 5588 hujuscapitis
3012 5506 3460 5588 suppeditarunt
3482 5520 3573 5560 re-

365 5577 391 5642 ;
424 5577 628 5655 Vatia,
653 5592 937 5643 virtutem.
1975 5585 2123 5657 gina
2152 5577 2560 5657 sueciiecpdex
2582 5577 3055 5657 unushngibhi,
3086 5577 3361 5648 signatus,
3391 5582 3450 5631 et
3480 5592 3574 5630 eo-

366 5658 389 5699 f
415 5659 596 5721 Vatic.
616 5650 709 5733 ita
735 5660 884 5715 hunc
911 5661 1096 5718 locum
1123 5659 1261 5729 legit
1291 5677 1304 5716 :
1342 5660 1487 5715 Unde
1515 5659 1896 5715 Melchisedech
1976 5650 2084 5712 dex
2111 5655 2281 5726 regiae
2309 5653 2680 5722 Bibliothecae,
2720 5650 2881 5711 4070.
