3992 6166
460 344 607 405 1199
1223 349 1280 402 S.
1321 347 1700 406 PASGHASII
1738 347 2100 405 RADBERTI
2139 349 2447 405 ABBATIS
2480 346 2981 405 OORBEIENSIS.
3569 343 3688 404 13W

457 473 678 527 stinnos
718 489 925 544 pueros
967 474 1041 527 ad
1089 474 1276 528 studia
1323 474 1642 529 litterarum
1686 482 2058 544 exerceretur,
2075 479 2396 538 Anondum
2426 493 2586 532 sacro
2635 477 2972 547 baptismate
3019 478 3275 538 renatus,
3304 474 3445 528 inter
3477 473 3688 528 membra

462 563 708 632 quadam
734 563 827 617 die
849 563 991 617 dum
1020 563 1318 616 issarum
1347 564 1489 618 festa
1523 565 1580 618 in
1627 564 1851 619 basilica
1884 566 2059 620 beata;
2141 568 2351 621 Christi
2377 569 2682 639 deputatus
2709 573 2813 630 est,
2841 565 2914 618 ad
2951 570 3178 618 tantum
3221 563 3497 617 munimen
3523 564 3690 617 saluus

461 653 566 708 Dei
596 652 886 722 genitricis
903 665 1128 723 semper
1149 653 1379 722 virginis
1406 654 1594 708 Maria:
1613 655 2054 720 celebrarentur,
2137 674 2254 711 sum
2284 658 2633 728 proﬁrer‘unt,
2657 660 2869 726 quanto
2896 654 3073 723 magis
3103 652 3482 706 indubitanter
3503 653 3691 706 creden-

459 743 521 796 ά
548 742 872 812 populine:
898 757 1055 794 more
1074 742 1145 794 ad
1174 741 1568 796 eucharistiam
1591 743 1661 796 de
1683 757 1852 797 manu
1873 761 2060 798 sacer»
2139 745 2277 799 dum
2309 752 2393 799 est
2424 745 2681 799 ﬁdelibus
2719 750 2776 796 et
2797 745 2918 812 jam
2945 741 3205 796 membra
3228 742 3471 812 corporis
3500 741 3688 806 Christi,

459 831 614 884 dotis
651 831 1038 900 accipiendam
1093 831 1398 895 accederet,
1452 832 1525 885 ad
1573 833 2058 903 participationem
2139 835 2290 905 quod
2319 841 2406 888 est
2435 834 2695 898 Ecclesia,
2721 833 2884 901 cujus
2908 832 3029 902 ipse
3061 836 3237 901 caput
3261 837 3367 895 est,
3393 847 3486 900 per
3503 845 3692 898 regene-

460 919 693 988 gloriosi
721 919 968 988 corporis
994 924 1054 972 et
1083 920 1376 989 sanguinis
1407 921 1629 974 Domini
1647 937 1777 974 cum
1813 923 1940 976 aliis
1969 923 2057 976 ina
2139 924 2413 978 rationem
2465 923 2691 986 ell‘ectis,
2738 933 2870 975 cum
2913 921 3083 990 digne
3131 937 3205 974 ea
3260 919 3574 990 percipiunt,
3615 935 3690 972 ss-

459 1006 725 1071 thntibus,
759 1008 954 1061 comvis
996 1008 1130 1074 suis,
1164 1009 1461 1079 prmdictus
1490 1009 1676 1064 infans
1703 1011 1930 1065 Iudaeus
1963 1028 2058 1064 acs
2139 1012 2243 1066 luti
2285 1012 2535 1082 corporis
2577 1017 2636 1064 et
2681 1011 2883 1064 animae
2920 1026 3036 1063 suae
3071 1009 3192 1063 haec
3217 1014 3557 1062 sacramenta
3588 1023 3692 1077 pro-

456 1096 664 1150 cessit:
703 1109 812 1166 quo
841 1096 976 1149 dum
1022 1097 1444 1168 propinquaret,
1473 1098 1681 1163 divina,
1711 1105 1774 1152 ut
1820 1101 2052 1165 aestimo,
2140 1102 2344 1154 ﬁcere?

459 1184 813 1256 providentia
836 1184 945 1238 sibi
971 1186 1274 1251 revolante,
1300 1187 1450 1240 videt
1476 1203 1645 1257 super
1662 1189 1840 1242 altare
1865 1191 2059 1242 mulie~
2204 1187 2290 1244 iO.
2326 1189 2481 1243 Beati
2515 1188 2688 1242 etiam
2728 1187 2985 1256 Gregorii
3021 1187 3236 1240 summi
3271 1185 3548 1250 antistitis,
3577 1185 3694 1237 sicut

456 1285 581 1327 rem
597 1272 901 1344 quamdam
922 1274 1168 1328 honesta
1187 1275 1489 1329 admodum
1510 1277 1702 1330 formae
1720 1278 1777 1331 in
1793 1279 2059 1332 cathedra
2139 1278 2521 1349 promisimus,
2534 1277 2791 1347 exempla
2810 1277 2880 1329 ad
2902 1276 3151 1329 medium
3165 1275 3518 1337 deducamus,
3537 1274 3696 1345 quire-

454 1363 770 1429 sedantem,
790 1363 1199 1434 parvuluqu
1221 1379 1457 1434 puerum
1488 1382 1657 1436 super
1673 1367 1911 1435 genibus
1939 1369 2056 1422 suis
2139 1368 2249 1421 fert
2287 1369 2466 1433 (110m.
2495 1365 2585 1432 37,
2615 1369 2678 1418 in
2706 1367 2914 1432 anng.
2948 1370 3005 1417 et
3033 1365 3068 1417 l.
3113 1379 3169 1416 rv
3199 1367 3436 1431 Dialog.,
3464 1380 3575 1432 cap,
3605 1363 3694 1428 57),

457 1457 773 1522 tenentem,
793 1453 889 1522 qui
909 1453 1137 1524 propria
1157 1467 1329 1507 manu
1355 1467 1575 1507 sacram
1605 1457 2033 1510 communionen

2138 1457 2286 1526 quod
2335 1456 2560 1526 quidam
2603 1455 2740 1508 dum
2789 1453 2860 1506 ab
2915 1452 3174 1506 hostibus
3220 1457 3525 1523 caperetur,
3560 1443 3693 1520 longe

455 1539 735 1594 sacerdoti
763 1540 1105 1611 porrigebat,
1137 1547 1202 1594 ut
1228 1548 1285 1595 et
1310 1542 1417 1612 ipsi
1452 1543 1598 1612 plebi
1630 1545 1870 1598 ﬁdeliter
1898 1560 2055 1599 acce-s
2137 1546 2496 1599 transductus
2523 1549 2610 1597 est
2634 1562 2645 1597 :
2665 1555 2910 1613 cumque
2935 1542 3032 1596 diu
3062 1548 3362 1595 teneretur
3387 1542 3443 1594 in
3478 1541 3691 1603 vinculis,

454 1629 614 1683 denti
642 1629 1022 1684 distribuerat.
1043 1631 1170 1694 Qua
1197 1636 1255 1684 et
1279 1629 1429 1684 idem
1454 1633 1678 1686 Iudaeus
1709 1648 1847 1702 puer
1870 1649 2056 1703 perce-
2137 1649 2378 1704 eumque
2409 1650 2547 1687 uxor
2569 1647 2673 1686 sua
2700 1647 2768 1686 ex
2797 1631 2997 1685 eadem
3025 1630 3358 1701 captivitate
3386 1646 3492 1684 non
3520 1630 3693 1699 recipe

456 1723 574 1788 pta,
600 1716 856 1788 gaudens
880 1717 953 1772 ad
982 1719 1212 1773 domum
1253 1721 1570 1785 revertitur,
1603 1737 1668 1774 ac
1713 1721 1859 1791 patri
1895 1723 2054 1792 operi
2135 1730 2241 1786 ret,
2271 1724 2606 1777 exstinctum
2636 1722 2873 1791 putavit,
2900 1736 3000 1790 pro
3031 1736 3145 1790 quo
3180 1721 3305 1789 jam
3341 1719 3487 1772 velut
3509 1723 3693 1771 mortuo

457 1819 562 1860 suo
588 1807 830 1873 intento,
860 1807 1009 1861 inber
1035 1809 1324 1879 amplexus
1353 1814 1410 1862 et
1447 1809 1639 1862 oscula
1667 1825 1793 1879 quae
1823 1826 2052 1880 accepe‘
2073 1793 2120 1853 Β
2137 1828 2323 1866 sacras
2364 1811 2576 1865 hostias
2604 1808 3045 1864 hebdomadibus
3087 1808 3333 1876 singulis
3372 1805 3694 1878 omnipotenti

457 1900 551 1949 rat
574 1909 701 1948 cum
730 1896 934 1964 gaudio
961 1896 1152 1950 retiert.
1200 1899 1276 1950 At
1322 1897 1414 1950 ille
1460 1897 1682 1951 Christo
1731 1898 1970 1951 Domino
2000 1904 2058 1952 et
2137 1901 2274 1968 Deo,
2296 1906 2361 1954 ut
2389 1901 2591 1954 anima:
2615 1899 2738 1968 eius
2760 1897 2981 1951 vincula
3008 1898 3386 1962 solverentur,
3409 1895 3616 1950 curabat
3634 1894 3694 1948 of-

453 1983 574 2038 Iuis
604 1983 820 2054 legibus
845 1985 1124 2051 inimicus,
1150 1985 1278 2039 felle
1298 1986 1692 2039 amaritudinis
1717 1993 2052 2053 commotus,
2137 1990 2282 2042 terre
2301 2008 2312 2042 :
2332 1990 2493 2058 cujus
2513 1987 2678 2041 toties
2699 1986 2918 2040 vincula
2932 1985 3299 2039 solvebantur
3316 1985 3375 2038 in
3396 1984 3690 2055 captivitate,

456 2074 539 2126 ait
563 2074 617 2127 ei
651 2093 664 2126 :
696 2072 757 2128 Si
783 2089 914 2127 cum
960 2074 1268 2128 infantibus
1310 2076 1758 2130 Christianorum
1798 2077 2055 2146 religioni
2135 2079 2356 2148 quoties
2383 2077 2453 2131 ab
2483 2079 2606 2146 ejus
2641 2077 2882 2144 conjuge
2915 2075 3116 2128 oblata:
3147 2074 3390 2128 fuissent
3415 2074 3590 2126 hostiae
3613 2087 3693 2141 pro

454 2162 904 2227 communicasti,
933 2163 1007 2216 ad
1038 2162 1412 2219 ulciscendam
1442 2165 1696 2218 Mosaicae
1735 2166 1877 2233 legis
1905 2166 2054 2234 inju-
2133 2168 2336 2221 animos
2364 2169 2487 2236 ejus
2515 2164 2883 2218 absolutione.
2923 2164 3069 2217 Nam
3112 2164 3285 2233 longa
3329 2167 3454 2233 post
3480 2168 3692 2231 tempora

456 2247 621 2316 riam,
647 2248 854 2304 oblitus
876 2257 1112 2322 paterna
1140 2253 1368 2322 pietate,
1400 2253 1681 2323 parricida
1707 2253 1765 2306 in
1795 2260 1851 2307 te
1881 2254 2054 2307 durus
2136 2271 2410 2320 reversus,
2431 2254 2720 2307 admirans
2749 2252 2924 2316 valde,
2959 2268 3072 2305 suae
3101 2251 3373 2304 indicavit
3403 2251 3547 2305 uxori
3574 2249 3692 2319 quod

454 2338 712 2391 aristam.
745 2337 814 2392 Et
840 2339 1251 2409 apprehensum
1273 2357 1509 2410 puerum
1537 2341 1595 2394 in
1615 2356 1677 2394 os
1701 2341 1942 2394 fornacis
1968 2358 2056 2394 ar-
2135 2344 2332 2399 diebus
2362 2343 2530 2397 certis
2560 2339 3036 2410 hebdomadisque
3081 2340 3326 2409 singulis
3364 2341 3478 2408 ejus
3515 2338 3695 2391 vincula

453 2424 642 2479 dentis
670 2428 925 2496 proiecit,
959 2428 1302 2498 adiectisque
1330 2429 1498 2499 lignis
1530 2446 1640 2499 quo
1669 2431 2056 2484 vehementius
2137 2432 2514 2493 solvebantur,
2539 2447 2678 2500 quos
2698 2429 2954 2483 videlicet
2975 2429 3095 2482 dies
3125 2431 3254 2498 ejus
3283 2445 3420 2482 uxor
3435 2435 3587 2497 atque
3611 2427 3694 2479 ho-

453 2520 718 2570 ureretur
754 2515 977 2570 institit.
1009 2517 1119 2570 Sed
1167 2529 1280 2570 non
1317 2518 1500 2572 defuit
1528 2519 1622 2571 ilia
1651 2519 2051 2585 misericordia,
2138 2538 2230 2575 ras
2256 2521 2578 2580 discutiens,
2601 2524 2738 2572 tunc
2757 2535 2883 2571 eum
2909 2519 3240 2586 recognovit
3258 2517 3692 2580 absolutum,cum

451 2614 582 2675 qum
609 2610 724 2658 tres
766 2606 1052 2674 quondam
1103 2607 1367 2660 Hebmos
1415 2623 1619 2678 pueros
1658 2607 1718 2660 in
1753 2609 2056 2662 Chaldai‘co
2139 2621 2240 2682 pro
2270 2627 2336 2663 eo
2366 2609 2701 2663 sacriﬁcium
2731 2607 3067 2660 meminerat
3095 2606 3374 2660 oblatum.
3406 2606 3537 2660 llinc
3567 2620 3691 2673 ergo,

455 2687 677 2746 camino
707 2695 984 2764 projectos
1027 2693 1176 2748 nube
1216 2695 1507 2749 rorulenta
1537 2702 1898 2765 resperserat.
1931 2698 2056 2767 Ipsa
2139 2699 2218 2752 mi
2247 2698 2584 2762 dulcissime,
2612 2701 2766 2749 certa
2783 2695 3239 2749 consideratione
3264 2695 3480 2763 collige,
3498 2694 3695 2747 oblatas

451 2783 606 2836 enim
622 2788 683 2836 et
705 2782 854 2836 hunc
883 2783 1034 2836 inter
1054 2783 1268 2836 medios
1288 2783 1448 2852 ignes
1463 2790 1523 2836 et
1550 2800 1860 2853 prunarum
1881 2787 2057 2838 moles
2139 2787 2302 2841 nobis
2337 2803 2498 2839 sacra
2520 2785 2707 2839 hostia
2731 2790 3008 2854 quantum
3034 2785 3223 2837 valeat
3249 2784 3461 2837 solvere
3487 2783 3540 2836 in
3565 2779 3694 2834 nobis

447 2872 731 2941 jacentem
754 2869 977 2940 penitus
997 2872 1250 2924 consumi
1270 2887 1382 2924 non
1410 2887 1575 2941 passa
1591 2878 1679 2924 est
1702 2890 1713 2924 :
1747 2873 1896 2942 quod
1927 2888 2056 2926 curn
2139 2877 2440 2945 ligaturam
2470 2875 2671 2939 cordis,
2691 2875 2741 2926 si
2770 2873 2958 2927 oblata
2983 2872 3053 2926 ab
3073 2873 3259 2927 altero
3281 2873 3459 2944 potuit
3482 2873 3532 2924 in
3551 2871 3696 2924 altero

451 2960 708 3013 audisset
725 2966 926 3024 mater,
952 2961 1100 3029 quod
1124 2960 1335 3013 scilicet
1354 2960 1534 3012 ﬁlium
1560 2975 1914 3014 communem
1934 2974 2057 3014 cru-
2136 2965 2353 3019 solvere
2381 2964 2602 3018 vincula
2629 2962 2904 3034 corporis...
2929 2962 3036 3016 Sed
3069 2962 3210 3032 quia
3239 2967 3296 3016 te
3333 2961 3499 3015 sacris
3535 2957 3695 3013 altari-

453 3043 598 3100 dolis
640 3053 804 3117 pater
846 3047 1213 3101 deliberasset
1253 3063 1474 3110 exuere,
1508 3048 1754 3101 cucurrit
1798 3049 1870 3102 ad
1919 3049 2114 3123 libea-n
2141 3052 2244 3106 bus
2273 3053 2652 3123 mancipatum
2680 3052 2754 3104 ad
2800 3052 2916 3105 haec
2961 3051 3241 3105 sacriﬁcia
3285 3049 3552 3104 offerenda
3585 3046 3693 3102 scio.

457 3106 701 3189 randum
725 3146 853 3187 eum
879 3154 892 3201 ;
925 3135 1023 3188 sed
1053 3149 1178 3188 cum
1202 3136 1433 3189 vidisset
1457 3106 1715 3190 incendia
1743 3137 1812 3190 ab
1833 3153 1927 3191 ore
1947 3139 2056 3191 fon
2075 3106 2118 3166 Ο
2139 3141 2390 3195 devotior
2419 3106 2477 3193 et
2513 3141 2881 3211 praeparatior
2917 3140 3040 3210 [al.,
3074 3140 3433 3211 promptior],
3464 3139 3589 3191 hanc
3614 3136 3694 3188 ho-

455 3223 610 3278 necis
640 3223 853 3293 patulo,
898 3224 1008 3276 huc
1037 3224 1298 3294 illucque,
1335 3227 1564 3278 flamma
1589 3226 1934 3291 dominante,
1970 3228 2058 3280 di-
2138 3232 2308 3284 stiam
2359 3231 2652 3284 immolare
2704 3229 2930 3282 assidue
2982 3229 3235 3283 studeas.
3276 3229 3441 3293 Audi,
3486 3226 3692 3280 obsecro.

453 3312 663 3383 spargi,
697 3319 958 3366 ornatum
986 3312 1186 3384 capitis
1215 3315 1288 3367 ad
1327 3319 1538 3367 terram
1578 3316 1832 3385 projmi't,
1869 3317 2058 3370 discis-
2143 3320 2397 3389 ejusdem
2428 3318 2762 3372 venerabilis
2800 3317 2903 3371 viri
2934 3318 3196 3388 Gregorii
3226 3318 3548 3388 exemplum,
3578 3309 3696 3383 quod

454 3411 634 3470 suque
655 3401 889 3464 cesar-ie,
921 3415 980 3454 se
1010 3401 1275 3454 miseram
1305 3403 1616 3466 clamitans,
1649 3405 1931 3459 civitatem
1960 3423 2057 3459 vos
2143 3409 2268 3462 ideo
2317 3408 2579 3478 praesenti
2627 3407 2832 3477 pagina
2876 3405 3184 3471 subscribo,
3221 3413 3492 3477 quatenus
3531 3397 3582 3456 in
3619 3414 3697 3452 ara

459 3489 616 3543 cibus
666 3490 936 3559 implevit.
999 3490 1157 3553 Quod
1211 3505 1340 3545 cum
1372 3491 1677 3546 Christiani
1724 3494 1872 3548 cives
1923 3495 2058 3565 quid
2138 3497 2324 3552 cordis
2366 3497 2726 3566 temetipsum
2776 3502 3024 3550 mactare
3068 3495 3407 3550 sacriﬁcium
3452 3489 3697 3547 ardentius

457 3583 649 3632 actum
677 3574 849 3632 fuerit
891 3578 1234 3645 didicissent,
1267 3589 1670 3636 concurrerunt
1699 3595 1892 3636 omnes
1918 3585 2062 3654 pari-
2141 3585 2486 3639 ascenderis.

457 3671 550 3721 ter
577 3668 650 3721 ad
677 3672 795 3721 tam
815 3668 1072 3738 iniquum
1092 3670 1496 3739 spectaculum,
1524 3671 1894 3741 retractisque
1921 3673 2060 3741 ignis
2221 3674 2303 3730 ll.
2334 3675 2542 3728 Narrat
2568 3673 2719 3726 enim
2749 3672 3046 3743 praedictus
3070 3672 3273 3726 doctor
3300 3669 3580 3742 quemdam
3597 3666 3699 3719 Cas-

459 3748 566 3812 bus
592 3757 664 3810 ab
693 3765 792 3810 ore
833 3757 1094 3823 fornacis,
1144 3756 1436 3812 inveniunt
1476 3773 1715 3830 puerum
1753 3761 1916 3830 quasi
1963 3777 2064 3831 per
2141 3763 2291 3817 cium
2322 3762 2568 3826 nomine,
2599 3768 2735 3816 tunc
2763 3761 3104 3832 episcopum,
3133 3763 3227 3814 cui
3263 3778 3382 3814 mos
3409 3763 3523 3814 erat
3545 3752 3696 3826 quoti-

459 3845 685 3916 plumas
724 3839 1086 3898 mollissimae
1131 3846 1552 3900 recumbentem
1598 3866 1609 3899 :
1661 3861 1770 3917 quo
1796 3853 2063 3914 extracto,
2145 3855 2344 3908 diana:
2377 3853 2489 3907 Deo
2517 3853 2730 3907 hostias
2767 3853 2987 3916 olferre,
3023 3854 3103 3906 ita
3143 3860 3210 3906 ut
3239 3869 3380 3924 pene
3409 3851 3578 3905 nullus
3603 3845 3697 3898 dies

459 3933 818 3987 admirantur
859 3946 1054 3986 omnes
1103 3933 1360 3997 illaesum,
1415 3935 1867 4006 clamoribusque
1911 3938 2064 3990 locus
2147 3943 2272 3997 vitae
2293 3944 2416 4012 ejus
2431 3942 2718 4006 transiret,
2738 3953 2849 4011 quo
2871 3958 2983 3995 non
3009 3941 3382 4012 omnipotenti
3402 3942 3508 3996 Deo
3525 3933 3696 3990 hostias

461 4019 559 4077 ille
579 4023 848 4093 repletur,
863 4029 921 4075 et
939 4023 1019 4075 sic
1040 4024 1326 4092 magnalia
1347 4023 1570 4077 Domini
1593 4024 1662 4077 ab
1685 4026 1836 4078 omni
1858 4027 2063 4096 populo
2145 4032 2503 4085 immolaret:
2537 4032 2699 4099 cujus
2725 4047 2854 4084 cum
2882 4031 3156 4084 sacriﬁcio
3185 4032 3349 4084 valde
3375 4022 3696 4083 concordabat

462 4109 892 4165 benedicuntur.
926 4112 1292 4165 Conclamant
1319 4113 1488 4165 etiam
1521 4119 1584 4166 ut
1619 4119 1904 4167 auctorem
1941 4129 2064 4166 sce-
2145 4121 2282 4174 vita.
2318 4121 2460 4173 Nam
2491 4125 2695 4172 cuncta
2719 4136 2844 4189 qua:
2870 4119 3114 4173 habebat
3141 4121 3199 4173 in
3229 4114 3581 4188 eleemosynis
3621 4109 3695 4163 tri-

465 4199 600 4253 leris
623 4193 793 4267 hujus
814 4199 871 4251 in
893 4198 1040 4268 ipsas
1061 4200 1333 4269 projicere
1356 4201 1612 4254 ﬂammas
1647 4202 1904 4256 debeant.
1933 4204 2065 4256 Pro-
2148 4208 2472 4273 buens,cum
2485 4207 2557 4261 ad
2572 4208 2767 4262 horam
2778 4208 3319 4262 oﬂ'erendisacriﬁcii
3331 4199 3697 4266 veniasegvelul

462 4289 678 4358 jectum
709 4291 898 4339 autem
938 4287 1019 4340 ita
1049 4293 1231 4340 totum
1261 4288 1408 4357 ignis
1439 4289 1746 4355 absorbuit,
1779 4297 1842 4344 ut
1881 4293 1964 4345 vix
1992 4291 2063 4345 de
2146 4302 2298 4351 totus
2327 4296 2385 4350 in
2414 4297 2677 4367 lacrymis
2705 4297 2976 4362 deﬂuens,
3002 4298 3366 4368 semetipsum
3386 4311 3505 4349 cum
3527 4301 3695 4358 magna

465 4375 688 4430 ossibus
715 4375 837 4445 ejus
865 4387 1098 4445 parvum
1127 4376 1261 4444 quid
1308 4377 1719 4446 relinqueretur
1761 4379 2055 4437 indicium.
2079 4386 2329 4456 “cordis
2373 4386 2710 4440 contritione
2754 4386 3016 4456 primitus
3044 4387 3383 4440 sacriﬁcium
3414 4377 3658 4438 mactabat
3683 4389 3692 4422 ε

466 4467 888 4535 Interrogantes
908 4470 1096 4517 autem
1122 4464 1460 4518 infantulum
1481 4467 1804 4535 Christiani,
1823 4469 1990 4538 quale
2011 4471 2064 4523 ei
2081 4461 2130 4489 υ
2147 4477 2388 4546 quadam
2402 4482 2592 4529 autem
2604 4481 2764 4529 nocte
2776 4476 2897 4544 ejus
2909 4474 3237 4545 presbytero
3257 4491 3355 4546 per
3368 4473 3532 4526 visum
3545 4461 3695 4522 Domi-

467 4546 862 4608 umbraculum
883 4553 1098 4616 fuisset,
1121 4551 1231 4606 ait:
1259 4554 1459 4607 Mulier
1476 4553 1573 4608 illa
1590 4571 1713 4625 qum
1735 4556 1792 4609 in
1811 4557 2061 4623 basilica,
2147 4581 2253 4618 nus
2271 4564 2505 4633 assistit,
2519 4565 2713 4618 dicens
2752 4583 2763 4617 ς
2792 4564 2946 4617 Vade
2966 4570 3025 4617 et
3048 4563 3138 4617 dic
3159 4565 3414 4634 episcopo
3435 4579 3447 4614 :
3468 4561 3563 4626 Age
3578 4550 3694 4622 quod

470 4641 570 4696 ubi
597 4659 800 4712 panem
835 4643 904 4696 de
950 4659 1146 4696 mensa
1179 4643 1386 4713 accepi,
1420 4644 1478 4696 in
1507 4644 1773 4698 cathedra
1814 4645 2062 4712 sedebat,
2146 4658 2284 4720 agis,
2314 4669 2536 4722 operare
2565 4655 2708 4722 quod
2735 4655 2998 4720 operaris,
3026 4669 3137 4705 non
3167 4658 3324 4706 cesset
3348 4667 3433 4719 pes
3454 4653 3583 4706 tuus,
3606 4651 3693 4692 non

473 4745 822 4801 parvmnque
849 4727 1121 4786 infantem
1148 4729 1204 4786 in
1234 4733 1358 4786 sinu
1379 4730 1663 4801 gestabat;
1694 4734 1810 4788 hinc
1835 4747 1923 4788 me
1945 4737 2066 4806 pal-
2148 4749 2302 4795 cesset
2330 4751 2534 4795 manus
2557 4747 2672 4807 tua,
2695 4744 2876 4794 natali
2898 4737 3267 4808 apostolorum
3290 4742 3458 4792 venies
3475 4723 3540 4788 ad
3556 4738 3642 4792 me.
3657 4729 3693 4778 ετ

470 4817 548 4870 lio
603 4833 724 4881 suo,
757 4835 827 4871 ne
865 4819 1010 4887 ignis
1043 4827 1278 4885 voraret,
1319 4823 1559 4892 cperuit.
1594 4823 1738 4876 Esca
1774 4824 1944 4877 etiam
1975 4820 2071 4877 illa
2154 4829 2462 4884 retribuam
2501 4827 2602 4883 tibi
2633 4825 2926 4883 mercedem,
2951 4829 3125 4882 luam.
3149 4823 3398 4883 Surrexit
3422 4813 3691 4897 presbyter;

475 4922 643 4977 quam
665 4906 735 4959 de
755 4917 926 4959 manu
949 4909 1256 4962 εδθθηίοιίῑ
1276 4923 1622 4982 acceperam,
1645 4912 1704 4965 in
1733 4917 1951 4966 tantum
1980 4930 2071 4966 me
2153 4921 2247 4973 sed
2271 4919 2404 4989 quia
2425 4931 2455 4973 e
2477 4920 2654 4974 vicino
2671 4921 2789 4988 jam
2809 4920 3190 4989 apostolorum
3210 4916 3486 4972 natalitius
3497 4911 3600 4965 dies
3615 4907 3689 4958 im-

467 4989 632 5066 juvit,
666 5000 731 5049 ut
752 5005 823 5047 ne
849 4990 1186 5065 spiraculum
1213 4997 1438 5068 quidem
1459 5000 1604 5069 ignis
1627 5001 1836 5055 sentire
1857 5015 1946 5055 rne
1974 5019 2072 5072 pu-
2153 5008 2417 5073 minebat,
2441 5014 2558 5061 tam
2579 5008 2876 5078 prOpinqui
2894 5007 3073 5061 exitus
3090 4999 3194 5060 sibi
3211 5008 3354 5060 diem
3369 5004 3600 5080 episcopo
3612 5006 3693 5046 δυο

473 5091 689 5150 tarem;
718 5083 869 5138 unde
887 5084 1266 5140 indubitatum
1289 5095 1374 5142 est
1399 5089 1616 5142 beatam
1639 5090 1691 5143 ei
1719 5087 1951 5144 Mariam
1977 5104 2071 5162 ιη)-
2153 5097 2411 5150 nuntiare
2425 5095 2971 5166 pertimuit.Aliaque
2982 5101 3142 5149 nocte
3153 5083 3415 5149 Domirirls
3427 5083 3692 5150 rediit,ejus

472 5174 748 5246 paruisse.
774 5172 982 5243 Agnita
1004 5189 1137 5244 ergo
1167 5174 1351 5230 infans
1381 5178 1490 5230 ﬁde
1514 5179 1805 5244 catholica,
1833 5181 2072 5234 credidit
2153 5181 2591 5239 inobcdientiam
2619 5185 2977 5238 vehementer
3001 5183 3322 5255 increpavit,
3348 5183 3503 5250 atque
3532 5169 3688 5228 eadem

473 5263 534 5316 in
562 5263 791 5316 nomine
812 5261 1014 5345 Patris,
1035 5267 1093 5315 et
1113 5262 1256 5327 Filii,
1279 5271 1338 5316 et
1356 5266 1598 5336 Spiritus
1614 5268 1812 5333 sancti,
1837 5284 1901 5322 ac
1929 5270 2076 5323 salu-
2150 5274 2418 5345 jussionis
2439 5274 2606 5327 verba
2643 5275 2902 5327 retexuit.
2931 5275 3085 5328 Tunc
3114 5265 3397 5344 presbyter
3414 5259 3623 5322 surrexit
3641 5261 3690 5310 ut

471 5345 692 5405 taribus
720 5344 881 5421 aquis
911 5344 1155 5418 ablutus,
1179 5365 1294 5404 una
1316 5365 1442 5406 cum
1467 5356 1736 5423 genitrice
1767 5367 1869 5411 sua
1892 5358 2073 5412 denuo
2159 5344 2433 5434 pergeret,
2471 5363 2565 5416 sed
2597 5375 2790 5416 rursus
2818 5359 3117 5416 inﬁrmitas
3155 5361 3332 5416 cordis
3359 5359 3494 5412 facta
3517 5356 3590 5406 est
3613 5348 3690 5399 im-

474 5445 562 5494 σει
591 5445 840 5493 renatus.
876 5437 1040 5494 Multi
1080 5453 1302 5511 quoque
1330 5439 1651 5497 Judaeorum
1680 5445 1785 5499 hoc
1821 5441 2072 5519 exemplo
2156 5453 2479 5523 pedimento
2507 5446 2817 5505 indicandzn
2861 5449 3233 5514 revelationis,
3259 5439 3686 5522 admunitiOneqtle

475 5529 538 5584 in
565 5527 704 5582 urbe
732 5528 831 5582 illa
855 5524 928 5582 ad
957 5529 1125 5583 ﬁdem
1154 5532 1403 5585 conversi
1432 5540 1583 5591 sunt.
2157 5542 2370 5595 iteratae
2402 5540 2672 5610 jussionis
2704 5540 2970 5594 obduruit
3006 5557 3253 5612 pergere,
3287 5541 3340 5592 et
3379 5543 3489 5606 quae
3515 5525 3686 5612 viderat

548 5616 602 5673 9.
637 5617 698 5672 Si
725 5633 858 5687 ergo
887 5618 1003 5672 haec
1047 5619 1317 5690 mysteria
1360 5621 1464 5689 illi,
1495 5620 1594 5694 qui
1625 5624 1837 5695 absque
1875 5627 1984 5680 ﬁde
2013 5633 2073 5683 et
2156 5608 2517 5683 manifestare
2532 5629 2922 5697 neglexittsed
2942 5608 3076 5700 quia
3093 5608 3346 5699 magnam
3365 5608 3688 5701 mansuetudi-_
