3992 6166
406 227 547 315 1393

1183 229 1241 286 S.
1282 228 1664 289 PASCHASII
1705 230 2068 288 RADBERTI
2106 230 2410 287 ABBATIS
2446 229 2938 288 CORBEIENSIS.

3514 230 3617 290 1304

401 363 532 431 post
548 363 791 415 mortem
810 359 1114 431 deputatus
1127 355 1339 411 sum.Si
1359 359 1550 410 autem
1567 355 1708 410 mihi
1731 360 2000 427 praestare
2022 354 2075 414 Α
2093 358 2150 408 et
2186 371 2315 409 caro
2347 354 2450 410 sub
2480 356 2663 427 specie
2691 357 2853 427 panis
2890 355 3096 411 visibili
3142 356 3281 410 nihil
3317 356 3453 411 aliud
3490 374 3624 428 quam

403 448 620 520 aliquid
638 449 741 516 vis,
775 446 1147 519 omnipotenti
1170 446 1287 500 Deo
1312 461 1415 516 pro
1441 460 1531 498 me
1560 444 1700 499 oﬁ‘er
1732 445 1883 499 hunc
1914 460 2009 515 pa-

404 553 557 605 nem,
580 543 647 593 ut
673 555 775 610 pro
800 537 1044 610 peccatis
1061 536 1203 590 meis
1225 533 1588 601 intervenias,
1611 538 1669 587 et
1681 538 1817 588 tunc
1835 549 2008 587 exau-

406 624 592 681 ditum
618 632 676 681 te
705 643 827 682 esse
854 641 1149 696 cognosce,
1184 639 1311 677 cum
1342 622 1451 676 huc
1479 622 1550 676 ad
1580 622 1878 677 lavandum
1911 638 2006 677 ve-

402 714 577 782 neris,
629 720 687 770 et
724 732 815 769 me
860 714 1091 768 minime
1132 710 1411 766 inveneris
1444 730 1455 764 :
1498 712 1557 765 in
1587 711 1788 782 quibus
1825 710 2006 765 verbis

406 801 701 874 disparuit,
733 809 791 857 et
815 803 864 856 is
892 802 988 873 qui
1003 799 1303 855 essehomo
1331 798 1644 863 videbatur,
1678 815 2009 853 evanesuen-

405 891 479 945 do
507 892 755 946 innotuit
781 891 916 962 quia
943 890 1175 961 spiritus
1202 888 1328 943 fuit.
1370 888 1526 943 Idem
1556 905 1686 942 vero
1714 888 2007 959 presbyter

403 979 761 1034 hebdomada
776 979 1046 1034 continua
1065 994 1187 1032 sese
1217 994 1317 1048 pro
1338 993 1403 1031 eo
1432 977 1492 1031 in
1510 977 1771 1048 lacrymis
1788 977 2001 1044 afflixit,

404 1068 714 1122 salutarem
742 1068 988 1123 hostiam
1009 1066 1259 1139 quotidie
1285 1065 1572 1132 obtulit,et
1598 1072 1724 1137 post
1750 1082 2005 1120 reversus

405 1155 477 1209 ad
511 1154 793 1222 balneum,
826 1173 956 1211 eum
979 1156 1097 1225 jam
1144 1154 1377 1208 minime
1408 1154 1636 1208 invenit.
1679 1154 1821 1218 Quia
1849 1171 1915 1208 ex
1944 1171 2005 1209 re

407 1248 681 1314 quantum
705 1243 883 1315 prosit
901 1242 1196 1297 animabus
1224 1242 1475 1296 ﬁdelium
1492 1242 1806 1296 immolatio
1836 1258 2007 1297 sacrae

405 1318 708 1386 oblationis
755 1332 927 1385 etiam
984 1336 1112 1403 post
1157 1336 1399 1385 mortem
1453 1329 1616 1384 facile
1669 1331 2003 1397 ostenditur,

408 1420 633 1490 quando
652 1421 796 1475 hanc
808 1425 866 1474 et
883 1420 989 1491 ipsi
1009 1424 1361 1473 mortuorum
1382 1418 1613 1490 spiritus
1633 1435 1668 1472 a
1695 1419 2007 1475 viventibus

405 1512 627 1578 petunt,
648 1513 706 1562 et
731 1509 895 1579 signa
921 1508 1191 1572 indicant,
1211 1506 1413 1578 quibus
1442 1514 1638 1578 postea
1659 1508 1902 1563 absoluti
1930 1510 2010 1563 vi-

405 1595 669 1650 deantur.
712 1596 967 1667 Denique
996 1596 1044 1650 si
1073 1595 1398 1650 insolubiles
1426 1596 1599 1667 culpae
1640 1613 1754 1651 non
1778 1596 2005 1663 fuerint,

2088 460 2217 497 caro
2244 444 2583 514 porrigitur;
2611 445 2710 499 sed
2735 461 2885 511 caro,
2920 447 3053 516 quia
3079 445 3141 500 in
3160 446 3351 500 eadem
3376 462 3519 500 carne
3531 463 3628 517 pas-

2088 549 2183 586 sus
2220 533 2279 587 in
2308 534 2547 587 veritate
2580 534 2863 601 creditur;
2895 535 3058 605 panis
3097 551 3250 602 vero,
3281 535 3405 605 quia
3439 551 3631 603 granum

2087 621 2355 675 frumenti
2384 621 2590 675 cadens
2611 621 2670 675 in
2699 626 2931 688 terram,
2954 628 3010 676 et
3030 639 3136 678 nos
3155 640 3223 677 ex
3239 623 3355 694 ipso
3371 623 3494 677 nihil
3510 623 3630 678 aliud

2089 726 2257 781 quam
2297 711 2644 765 frumentum
2675 727 2776 782 per
2804 711 2973 765 ﬁdem
3010 713 3230 782 genuit.
3271 712 3422 766 Unde
3448 727 3534 783 per
3552 712 3635 765 hoc

2088 799 2333 869 seipsum
2365 799 2480 853 suis
2508 798 2777 853 membris
2806 816 2869 852 ex
2890 816 2951 854 se
2979 800 3129 854 natis
3157 800 3326 853 vitam
3354 798 3573 871 praebuit,
3592 807 3637 855 et

2088 887 2405 959 prmstando
2443 888 2581 940 nihil
2639 888 2799 941 nobis
2847 888 3001 942 aliud
3050 905 3224 960 quam
3262 889 3414 960 panis
3440 894 3637 943 aeternus

2087 976 2209 1030 fuit.
2246 976 2400 1030 Nihil
2438 976 2588 1029 enim
2618 976 2638 1018 ί
2667 976 2738 1031 ad
2767 977 3008 1046 ﬁguram
3033 977 3403 1042 manifestius,
3441 977 3563 1030 nihil
3583 977 3637 1032 ad

2087 1063 2420 1134 mysterium
2464 1063 2775 1117 evidentius
2829 1082 2840 1116 :
2890 1080 3134 1134 granum
3180 1064 3381 1135 quippe
3421 1064 3639 1118 frumenti

2088 1153 2342 1207 Christus
2376 1153 2435 1207 in
2466 1158 2679 1207 terram
2705 1152 2924 1220 cecidit,
2972 1154 3070 1207 sed
3101 1154 3285 1207 multa
3310 1169 3478 1223 grana
3501 1152 3562 1206 de
3594 1169 3638 1206 se

2086 1242 2303 1312 genuit,
2331 1258 2454 1312 quae
2483 1241 2752 1295 nimirum
2774 1258 2955 1311 grana
2981 1242 3125 1296 nihil
3148 1276 3174 1317 ε
3204 1241 3355 1295 aliud
3375 1257 3525 1312 quam
3541 1242 3640 1294 fru-

2089 1336 2363 1397 mentum,
2386 1331 2535 1401 quod
2563 1331 2621 1384 in
2652 1329 2679 1371 h
2701 1331 2967 1386 horreum
2982 1330 3511 1385 coacervatur.Unde
3527 1330 3642 1383 mira

2090 1422 2150 1475 in
2180 1420 2300 1491 ipso
2328 1424 2534 1473 nostra:
2560 1423 2777 1473 natura:
2796 1419 2986 1473 unitas
3014 1419 3372 1490 praedicatur.
3399 1418 3527 1471 Nam
3551 1433 3641 1471 om-

2090 1526 2191 1564 nes
2210 1508 2485 1574 novimus,
2502 1508 2652 1579 quod
2677 1508 2838 1579 panis
2863 1525 3011 1562 unus
3040 1525 3107 1562 ex
3138 1507 3334 1562 multis
3360 1505 3643 1560 naturaliter

2090 1596 2283 1668 granis
2312 1596 2572 1650 efﬁcitur.
2605 1596 2682 1649 Ex
2713 1612 2824 1666 quo
2853 1601 3047 1650 nostra
3074 1596 3137 1649 in
3159 1595 3380 1650 Christo
3406 1610 3641 1648 commen-

402 1682 476 1737 ad
500 1681 905 1739 absolutionem
933 1684 1197 1755 prodesse
1229 1684 1540 1739 innumeris
1562 1685 1731 1739 etiam
1770 1687 2007 1740 mortuis
2027 1702 2075 1763 Β
2094 1689 2260 1742 datur
2286 1685 2494 1748 unitas,
2515 1689 2573 1738 et
2602 1685 2785 1754 ﬁgura
2811 1685 3065 1739 veritatis
3106 1684 3169 1739 in
3199 1682 3461 1755 mysterio
3487 1698 3645 1752 appro-

414 1772 645 1827 victima
672 1789 844 1828 sacra;
868 1773 1168 1828 oblationis
1199 1779 1401 1844 potest.
1448 1774 1557 1828 Sed
1594 1774 1882 1829 sciendum
1909 1792 2008 1829 no-

408 1858 498 1914 bis
520 1866 608 1916 est
637 1862 771 1933 quia
796 1861 908 1917 illis
939 1879 1100 1916 sacra
1128 1862 1354 1916 victima
1373 1863 1612 1917 mortuis
1634 1864 1883 1935 prodest,
1909 1863 2007 1935 qui

409 1949 643 2004 vivendo
670 1948 1054 2015 obtinuerunt,
1076 1955 1142 2004 ut
1170 1950 1341 2005 etiam
1365 1955 1493 2021 post
1506 1958 1745 2005 mortem
1764 1952 1887 2023 ipsa
1901 1951 2002 2006 bo-

407 2054 483 2092 na
500 2038 784 2109 adjuvent,
818 2056 941 2110 quas
974 2039 1064 2093 hic
1090 2056 1191 2110 pro
1230 2039 1364 2110 ipsis
1395 2040 1466 2093 ab
1501 2041 1625 2095 aliis
1655 2042 1813 2095 ﬁunt.
1851 2042 2005 2096 Inter

405 2126 527 2183 haec
541 2131 732 2181 autem
758 2128 1108 2198 pensandum
1134 2133 1221 2181 est
1237 2128 1385 2198 quod
1400 2128 1577 2182 tutior
1593 2128 1681 2182 via
1708 2129 1798 2195 sit,
1826 2136 1891 2183 ut
1910 2128 2009 2183 bo-

407 2231 549 2271 num
583 2216 732 2286 quod
766 2216 1003 2286 quisque
1037 2220 1166 2287 post
1203 2221 1444 2271 mortem
1483 2234 1644 2272 suam
1689 2223 1880 2289 sperat
1915 2219 2007 2288 agi

408 2320 512 2374 per
534 2304 693 2371 alios,
716 2308 849 2374 agat
872 2304 1008 2358 dum
1036 2305 1169 2358 vivit
1184 2304 1323 2377 ipse.
1369 2306 1594 2361 Beatius
1611 2307 1815 2378 quippe
1831 2312 1916 2361 est
1936 2307 2009 2360 li-

409 2390 609 2446 berum
629 2392 799 2459 exire,
827 2409 996 2463 quam
1024 2394 1712 2464 postvinculalibertatem
1738 2412 2006 2466 qumrere.

411 2479 695 2535 Debemus
719 2480 911 2551 itaque
938 2482 1311 2553 nosmetipsos
1339 2484 1473 2550 Deo,
1498 2484 1632 2538 dum
1660 2484 1915 2551 vivimus,
1949 2485 2009 2539 in

413 2568 599 2623 cordis
639 2570 1065 2641 compunctione
1094 2578 1341 2626 mactare
1375 2592 1387 2625 :
1436 2572 1568 2644 quia
1606 2573 1700 2643 qui
1733 2573 2012 2644 passionis

410 2657 717 2713 Dominicae
757 2659 1028 2731 mysteria
1061 2661 1428 2727 celebramus,
1486 2661 1755 2716 debemus
1801 2662 2013 2716 imitari

413 2747 564 2817 quod
599 2747 838 2818 agimus.
870 2749 1026 2803 Tunc
1054 2765 1188 2819 ergo
1217 2766 1348 2803 vera
1377 2766 1479 2820 pro
1507 2749 1669 2804 nobis
1695 2751 1810 2804 Deo
1830 2750 2014 2804 hostia

412 2836 542 2902 erit,
568 2852 739 2908 quam
770 2837 1074 2902 oll‘erimus,
1103 2853 1231 2891 cum
1255 2854 1357 2892 nos
1385 2838 1533 2908 ipsos
1552 2839 1793 2892 hostiam
1824 2839 2015 2892 feceri-

410 2940 560 2979 mus.
575 2925 757 2995 Igitur
774 2910 1451 2996 dum‘perindulgentiam
1481 2926 1749 2996 temporis
1768 2926 2013 2997 spatium

2088 1778 2269 1832 batur.
2305 1774 2390 1829 Ad
2419 1774 2526 1827 hoc
2555 1774 2761 1845 quippe
2790 1773 2929 1828 illud
2967 1790 3149 1828 unum
3202 1778 3476 1827 mortuum
3507 1776 3580 1824 est
3600 1770 3644 1823 in

2089 1872 2259 1931 terra,
2286 1869 2352 1918 ut
2378 1879 2442 1917 ex
2464 1863 2584 1932 ejus
2602 1862 2767 1932 adipe
2796 1868 2852 1916 et
2873 1862 3218 1933 pinguedine
3242 1878 3345 1915 nos
3373 1858 3647 1914 fecundare-

2085 1972 2232 2021 mur,
2248 1953 2343 2024 qui
2365 1956 2430 2006 ut
2448 1952 2567 2022 ipse
2594 1951 2675 2005 ait
2695 1973 2706 2008 :
2724 1953 2850 2005 Nisi
2870 1957 3163 2005 mortuum
3191 1953 3389 2019 fuerit,
3408 1953 3565 2018 ipsum
3582 1957 3649 2001 so‘

2090 2046 2211 2099 lum
2240 2046 2426 2095 manet
2446 2043 2623 2110 (Joan.
2644 2056 2737 2105 xn,
2761 2038 2871 2107 '24).
2896 2043 2911 2085 i
2941 2041 3103 2094 Nunc
3127 2057 3265 2095 vero
3282 2040 3411 2111 quia
3429 2044 3643 2092 mortuus

2091 2130 2416 2193 resurrexit,
2459 2129 2697 2183 multum
2741 2130 2861 2199 jam
2908 2128 3158 2183 fructum
3197 2130 3360 2183 aﬁ‘ert
3405 2128 3459 2181 in
3497 2147 3513 2201 j
3558 2140 3648 2178 cm-

2090 2220 2370 2275 dentibus.
2401 2219 2483 2272 De
2506 2234 2617 2288 quo
2640 2217 2913 2272 nimirum
2940 2218 3123 2272 fructu
3159 2234 3307 2273 unus
3334 2218 3484 2288 panis
3508 2213 3648 2267 efﬁci-

2092 2316 2207 2374 tur,
2246 2308 2380 2379 quia
2430 2306 2687 2361 Christus
2723 2312 2782 2361 et
2821 2307 3066 2361 Ecclesia
3118 2324 3300 2361 unum
3337 2321 3522 2376 corpus
3556 2317 3650 2356 esse

2092 2397 2380 2470 probatur.
2423 2396 2583 2450 Unde
2607 2396 2818 2449 dictum
2848 2402 2935 2450 est
2969 2415 2980 2449 :
3027 2397 3090 2450 Et
3115 2402 3290 2450 erunt
3317 2398 3419 2449 duo
3444 2398 3501 2447 in
3519 2407 3651 2447 carne

2092 2504 2209 2541 una
2237 2489 2288 2550 (Ι
2314 2488 2435 2541 Cor.
2468 2502 2541 2549 v1,
2590 2483 2699 2552 16).
2749 2485 2919 2539 Recte
2965 2501 3097 2556 ergo
3143 2485 3253 2540 hoc
3282 2482 3584 2555 mysterium
3607 2480 3652 2533 in

2092 2591 2236 2648 pane
2260 2574 2592 2638 celebratur,
2625 2578 2900 2643 quatenus
2928 2590 3029 2645 per
3054 2574 3162 2627 hoc
3188 2574 3357 2629 altius
3375 2571 3653 2641 designetur

2094 2664 2227 2736 quid
2256 2664 2314 2718 in
2344 2679 2410 2717 eo
2436 2667 2670 2732 geratur
2699 2678 2747 2720 ις.
2790 2661 2971 2716 Simili
3013 2662 3184 2717 modo
3214 2668 3273 2717 et
3300 2663 3357 2716 in
3385 2661 3502 2714 vino
3535 2654 3653 2729 quod

2094 2770 2158 2808 ex
2175 2751 2366 2807 multis
2384 2752 2633 2822 liquatur
2653 2750 2858 2814 uvis,et
2875 2751 2944 2805 de
2960 2752 3152 2806 multis
3180 2752 3242 2805 in
3270 2766 3441 2805 unum
3459 2745 3653 2803 conﬂuit

2092 2842 2305 2912 granis,
2337 2857 2459 2911 quae
2486 2839 2751 2893 nimirum
2778 2856 2959 2909 grana
2981 2841 3260 2894 virtutum
3290 2857 3353 2893 ex
3382 2839 3473 2892 illa
3498 2850 3652 2889 creve-

2094 2936 2231 2984 runt
2254 2930 2365 2984 vite
2386 2946 2508 3000 quae
2539 2928 2756 2982 dixerat
2777 2947 2787 2981 :
2813 2930 2923 2997 Ego
2941 2945 3065 2983 sum
3087 2933 3219 2984 vitis
3240 2945 3387 2993 vera,
3406 2944 3486 2982 vos
3499 2929 3651 2978 autem

410 3011 706 3078 habemus,
738 3012 875 3066 dum
917 3012 1090 3082 judex
1116 3029 1217 3066 nos
1244 3013 1501 3074 sustinet,
1532 3014 1666 3067 dum
1705 3015 2078 3076 conversio-C
2091 3020 2358 3089 palmites
2391 3021 2571 3086 (Joan.
2604 3033 2693 3081 xv,
2717 3018 2792 3086 5).
2842 3017 2970 3071 Non
3011 3022 3199 3089 potest
3230 3035 3362 3089 ergo
3405 3015 3593 3087 palmes
3628 3027 3655 3063 a

411 3116 547 3156 nem
574 3105 827 3154 nostram
847 3099 896 3153 is
916 3100 1011 3170 qui
1031 3101 1225 3171 culpas
1253 3101 1540 3155 examinat
1566 3109 1869 3174 exspectat,
1890 3120 2018 3159 con-

414 3189 617 3242 ﬂemus
642 3188 703 3242 in
738 3188 1000 3259 lacrymis
1028 3188 1297 3243 duritiam
1328 3190 1537 3244 mentis
1562 3197 1785 3259 nostrae,
1816 3194 2017 3248 forme-

418 3292 547 3330 mus
575 3276 634 3330 in
663 3276 930 3347 proximis
957 3276 1201 3347 gratiam
1249 3276 1635 3349 benignitatis,
1676 3286 1734 3335 et
1774 3283 2016 3337 ﬁdenter

414 3364 559 3431 dico,
593 3365 729 3436 quia
750 3365 983 3420 salutari
1011 3366 1193 3421 hostia
1222 3374 1349 3437 post
1386 3374 1624 3422 mortem
1654 3387 1765 3425 non
1794 3372 2013 3443 indige-

414 3453 685 3520 bimus,si
700 3454 835 3509 dum
864 3455 923 3509 in
948 3455 1054 3509 hac
1082 3457 1329 3511 convalle
1360 3458 1739 3529 lacrymarum
1754 3461 2010 3530 vivimus,

416 3543 533 3598 Deo
549 3542 734 3597 hostia
759 3543 865 3615 ipsi
893 3543 1185 3601 fuerimus.
1218 3546 1349 3600 Haec
1375 3564 1477 3619 pro
1505 3549 1813 3603 assertione
1844 3566 2015 3605 sacrae

419 3630 718 3687 oblationis
748 3632 900 3687 dicta
937 3632 1239 3701 sufﬁciant,
1273 3651 1422 3690 nunc
1459 3636 1530 3691 ad
1559 3638 1910 3709 propositum
1934 3656 2019 3695 re-

416 3721 673 3777 deamus.

1056 3849 1287 3906 CAPUT
1314 3850 1384 3906 X.

479 3982 507 4015 ³
536 3972 651 4028 Cur
673 3975 738 4027 in
756 3988 903 4043 pane
927 3979 975 4028 et
1002 3976 1131 4028 vino
1156 3974 1253 4028 hoc
1280 3976 1612 4044 mysterium
1634 3978 1965 4033 celebratur.

492 4077 544 4135 1.
576 4080 759 4149 Igitur
779 4080 838 4133 in
861 4096 1008 4152 pane
1037 4079 1067 4122 ι)
1095 4079 1222 4134 ideo
1246 4079 1581 4147 celebratur,
1617 4083 1750 4153 quia
1763 4084 2020 4141 Christus

418 4168 584 4238 panis
608 4172 695 4221 est
724 4168 821 4237 qui
849 4167 918 4222 de
950 4168 1087 4222 caelo
1116 4168 1407 4223 descendit
1431 4187 1447 4235 ;
1490 4170 1587 4223 sed
1617 4170 1761 4226 sicut
1805 4173 1966 4243 panis
1992 4186 2019 4218 ο

419 4254 587 4324 longe
615 4253 768 4308 aliud
804 4254 874 4308 ab
916 4255 1026 4309 isto
1054 4272 1200 4326 pane
1230 4256 1257 4299 ά
1283 4256 1635 4327 intelligitur,
1659 4259 1740 4312 ita
1765 4260 1929 4331 longe
1957 4262 2017 4316 in

2098 3108 2303 3179 seipso,
2322 3107 2431 3161 nisi
2450 3107 2510 3160 in
2537 3107 2646 3160 vite
2668 3106 2955 3173 manserit,
2987 3107 3169 3161 facere
3190 3108 3451 3162 fructum.
3481 3102 3656 3158 Idcirco

2097 3197 2293 3251 vinum
2325 3196 2472 3267 quod
2517 3194 2760 3249 bibimus
2785 3195 3015 3265 sanguis
3046 3202 3132 3250 est
3159 3196 3413 3267 ejusdem
3433 3192 3547 3247 vitis
3580 3187 3656 3259 qui

2097 3285 2169 3339 de
2212 3286 2387 3340 latere
2434 3285 2557 3354 ejus
2592 3284 2771 3342 ﬂuxit.
2816 3285 2960 3339 Nam
2994 3286 3122 3339 vitis
3170 3292 3233 3340 et
3275 3285 3479 3356 palmes
3506 3293 3652 3334 unum

2096 3380 2228 3429 sunt
2264 3390 2483 3445 corpus,
2502 3379 2560 3427 et
2585 3373 2713 3427 ideo
2741 3390 2917 3428 unum
2939 3374 3226 3429 fructuum
3254 3376 3397 3430 ferre
3416 3371 3655 3431 videntur,

2097 3464 2232 3534 quia
2288 3479 2398 3517 uva
2450 3478 2621 3531 quam
2685 3462 2899 3532 palmes
2963 3464 3143 3529 aﬁ‘ert,
3199 3464 3272 3517 de
3328 3461 3502 3517 radice
3552 3470 3659 3528 pro-

2098 3553 2259 3606 ﬂuxit
2295 3551 2443 3606 vitis.
2491 3550 2636 3605 Hinc
2675 3567 2897 3622 quoque
2940 3558 2998 3606 et
3030 3552 3294 3607 Christus
3329 3567 3433 3607 uva
3467 3546 3656 3606 dicitur,

2100 3657 2269 3712 quam
2316 3639 2435 3693 veri
2465 3640 2480 3682 ι
2510 3640 2907 3710 exploratores,
2958 3642 3345 3711 apostolorum
3386 3626 3661 3693 scilicet‘et

2101 3730 2504 3801 prophetarum
2537 3728 2759 3795 chorus,
2792 3729 2910 3784 suis
2946 3729 3018 3783 ad
3052 3746 3154 3783 nos
3192 3728 3441 3785 humeris
3475 3723 3663 3779 fortiter

2103 3823 2391 3889 gestantes
2418 3817 2762 3872 detulerunt.
2796 3818 2957 3873 Unde
2985 3819 3193 3873 Paulus
3223 3818 3476 3890 egregius
3500 3808 3664 3893 ρηεᾳί.

2105 3914 2261 3962 cator
2306 3921 2319 3955 :
2372 3908 2568 3972 Pretio,
2615 3906 2819 3977 inquit,
2866 3911 3037 3977 empti
3079 3910 3224 3975 estis,
3267 3910 3476 3977 portate
3510 3900 3663 3957 Domi-

2102 4013 2242 4051 num
2263 4004 2305 4036 ω
2335 3995 2617 4051 Christum
2646 3998 2710 4050 in
2729 4012 2952 4066 corpore
2978 4002 3155 4051 vestro
3180 3998 3231 4067 (Ι
3249 3998 3371 4052 Cor.
3400 4010 3471 4060 v1,
3494 3987 3665 4058 28).D8

2102 4102 2214 4157 qua
2241 4085 2482 4155 denique
2501 4099 2611 4137 uva
2627 4084 2764 4138 dum
2789 4085 2962 4156 praelo
2976 4086 3255 4156 premitur
3269 4080 3545 4156 passionis,
3561 4091 3663 4131 san-

2098 4174 2226 4245 guis
2266 4172 2485 4228 effluxit
2527 4173 2744 4228 salutis.
2780 4172 2923 4226 Hinc
2941 4173 3173 4245 Moyses
3201 4173 3355 4227 canit
3380 4172 3436 4225 in
3460 4164 3661 4226 cantico,

2098 4262 2247 4333 quod
2276 4262 2630 4317 constituerit
2644 4261 2913 4332 populum
2933 4278 3099 4315 suum
3128 4262 3398 4317 Do‘m‘inus
3425 4271 3573 4326 super
3594 4266 3665 4305 e1-

422 4342 580 4397 aliud
605 4358 735 4397 caro
765 4359 800 4397 a
830 4343 1058 4397 mortali
1094 4344 1212 4413 jam
1248 4351 1443 4398 nostra
1481 4362 1649 4400 carne
1680 4350 2011 4410 secernitur.
2030 4342 2081 4401 D
2102 4353 2301 4406 celsam
2320 4355 2546 4417 terram,
2565 4351 2934 4404 utcomederet
2949 4352 3464 4418 fructusagrorum,
3481 4350 3665 4407 etsugr

424 4432 568 4488 Caro
592 4431 783 4504 itaque
804 4450 908 4505 per
930 4432 1246 4505 passionem
1270 4438 1327 4487 et
1363 4450 1494 4488 vera
1530 4451 1659 4489 caro
1689 4437 2025 4509 redemptio-

424 4537 557 4575 nem
586 4540 702 4578 suze
727 4522 1063 4578 conditionis
1087 4523 1272 4593 explet
1304 4536 1316 4570 :
1358 4524 1521 4594 panis
1552 4541 1682 4579 vero
1715 4527 1920 4582 victum
1953 4529 2025 4583 ad

424 4610 799 4669 aeternitatem
841 4611 1055 4666 renatis
1093 4611 1535 4666 immortalitatis
1555 4612 1782 4683 przebet.
1840 4618 2025 4688 Atque

427 4694 554 4751 ideo
582 4712 685 4751 nec
704 4698 932 4767 mirum,
957 4701 1004 4754 si
1032 4717 1162 4755 caro
1190 4700 1398 4755 Christi
1425 4700 1587 4771 panis
1606 4702 1833 4774 dicitur,
1855 4721 1983 4760 cum
1999 4725 2026 4756 ο

495 4868 523 4899 δ
552 4840 619 4894 In
648 4839 1035 4896 recentissimo
1064 4842 1252 4897 codice
1270 4844 1327 4898 S.
1348 4843 1710 4899 German.hic
1729 4845 1927 4900 titulus
1946 4846 2026 4900 sic

428 4910 661 4985 effertur
689 4928 702 4964 :
730 4910 889 4985 Quod
914 4914 1012 4985 hoc
1039 4918 1371 4980 mysterium
1404 4920 1707 4985 utrumque
1735 4922 1785 4970 et
1824 4932 1951 4970 caro
1978 4923 2029 4971 et

421 4984 592 5068 panis
622 4983 853 5048 dicitur,
887 4987 937 5035 et
965 4984 1028 5036 de
1071 4986 1220 5050 vino,
1276 4987 1420 5053 quod
1457 5003 1522 5039 ea:
1554 4983 1750 5042 multis
1774 4990 2029 5056 liquatur

424 5070 550 5109 υυιε
557 5095 570 5110 .

499 5141 529 5186 b
558 5143 623 5198 In
642 5143 766 5198 cod.
792 5141 1002 5213 reginae
1032 5141 1243 5197 Sueciae
1267 5148 1323 5197 et
1351 5143 1522 5201 duob.
1554 5145 1724 5216 regiis
1753 5146 1982 5201 additur
2012 5165 2024 5201 :

426 5215 549 5269 Hac
577 5216 799 5272 oblatio.

500 5315 536 5375 ci
553 5303 700 5357 Editi
720 5304 937 5358 addunt
949 5306 1062 5369 ille,
1091 5303 1240 5375 quod
1263 5320 1394 5358 mss.
1419 5306 2018 5375 praetermittuntCod.

428 5373 563 5428 Mai.
595 5375 744 5427 Mon.
777 5377 867 5429 sed
893 5379 1039 5430 sicut
1070 5373 1186 5443 ille,
1217 5373 1439 5429 omisso
1446 5379 1633 5444 panis.

497 5463 529 5507 (ι
557 5460 813 5526 Quatuor
836 5479 970 5518 mss.
1004 5464 1223 5519 addunt
1252 5469 1489 5517 terreno.

494 5566 520 5602 ρ
533 5550 702 5624 Editi,
724 5553 861 5609 dum
871 5570 999 5610 caro
1012 5556 1355 5636 porrigitur,
1378 5557 1438 5608 at
1458 5569 1591 5625 mss.
1617 5554 1688 5610 ad
1710 5570 1888 5621 unum
1902 5573 2026 5615 om-

2106 4445 2185 4495 ret
2214 4442 2320 4493 mel
2338 4441 2401 4494 de
2416 4445 2592 4508 petra,
2627 4442 2913 4507 oleumque
2931 4440 2995 4492 de
3021 4455 3150 4492 samo
3178 4436 3540 4499 durissimo,et
3559 4443 3664 4484 san-

2105 4530 2333 4597 guinem
2356 4545 2470 4582 uva:
2500 4529 2699 4582 biberet
2721 4530 3197 4581 merracissimum
3215 4529 3389 4595 (Deut.
3409 4513 3661 4583 xxxn,l3).

2101 4618 2183 4673 De
2214 4633 2323 4687 quo
2352 4617 2622 4671 nimirum
2650 4616 2924 4687 sanguine
2944 4618 3127 4670 omnis
3144 4616 3452 4671 inebriatur
3479 4601 3663 4665 Christi

2102 4705 2382 4775 Ecclesia;
2417 4712 2475 4760 et
2501 4705 2628 4759 ideo
2657 4705 2899 4776 speciem
2928 4705 3043 4759 vini
3077 4706 3206 4774 jure
3239 4709 3394 4760 tenet
3422 4702 3475 4755 in
3500 4708 3659 4755 sensu.

2106 4865 2206 4903 nes
2230 4867 2241 4901 :
2266 4849 2404 4904 Cum
2424 4853 2473 4902 et
2492 4864 2621 4901 caro
2635 4848 2735 4900 sub
2751 4851 2919 4917 specie
2939 4850 3168 4915 visibili,
3180 4843 3340 4903 nihil
3357 4843 3508 4901 aliud
3518 4849 3663 4909 quam

2109 4922 2613 4993 carqpqrrigitur.
2762 4990 2776 4993 _
2818 4992 2823 4993 γ
3240 4992 3247 4993 7
3503 4982 3530 4993 η
3558 4982 3566 4993 _

2179 4997 2199 5038 ί
2226 4973 2290 5044 In
2311 4973 2458 5044 Flor.
2479 5009 2495 5044 :
2518 4991 2675 5044 Nihil
2703 4990 3036 5064 adﬁgurain
3056 4992 3423 5057 manifestius,
3454 4980 3583 5064 nihil
3602 4973 3664 5028 ad

2110 5065 2351 5131 ﬁguram
2381 5063 2685 5115 evidentius
2714 5061 2861 5114 nihil
2888 5063 2964 5115 ad
2982 5064 3313 5128 mysterium
3340 5061 3628 5127 expressius.

2182 5144 2211 5203 gr
2243 5133 2331 5186 Ita
2348 5139 2561 5203 septem
2592 5148 2729 5187 mss.
2754 5132 2921 5197 Editi,
2956 5133 3103 5186 nihil
3132 5134 3296 5187 aliud
3320 5135 3461 5185 sunt.

2182 5196 2210 5238 τι
2248 5196 2428 5274 Flor.;
2454 5205 2513 5257 in
2545 5203 2787 5257 Ecclesia:
2813 5196 3096 5257 horreum.

2175 5276 2190 5316 i
2229 5273 2409 5337 Editi,
2430 5280 2696 5327 maneret.

2173 5349 2191 5403 i
2231 5345 2398 5410 Editi,
2432 5348 2494 5398 in
2513 5362 2564 5397 se
2593 5346 2950 5409 credentibus,
2971 5364 2985 5407 ;
3003 5345 3098 5399 sed
3121 5361 3256 5400 mss.
3279 5339 3578 5415 expungunt
3594 5347 3653 5386 se.

2178 5417 2206 5487 ξι
2233 5416 2465 5470 Mamer.
2490 5420 2549 5469 et
2561 5415 2729 5476 Ulim.
2747 5431 2872 5487 cum
2888 5417 3136 5487 quinque
3156 5432 3315 5481 mss.,
3337 5414 3622 5483 generatur-

2177 5482 2189 5524 ¹
2218 5487 2416 5540 Plures
2437 5503 2569 5540 mss.
2598 5502 2726 5541 cum
2755 5482 2939 5551 editis,
2962 5482 3077 5540 viri
3104 5482 3474 5556 exploratores.

2179 5568 2222 5600 ιιι
2251 5558 2336 5615 Ita
2363 5573 2558 5614 omnes
2585 5574 2728 5631 pene
2757 5573 2865 5614 ms.
2894 5558 3063 5629 Editi,
3091 5563 3298 5614 vortate
3321 5558 3499 5613 Deum.
