3992 6166
234 334 371 397 1305

1112 338 1248 395 LIB.
1300 340 1391 395 DE
1431 340 1766 397 CORPORE
1804 341 1893 396 ET
1931 341 2300 398 SANGUINE
2336 340 2620 396 DOMINI.

3373 343 3506 405 1306

219 462 360 516 dum
388 460 720 532 spiritaliter
758 460 992 531 sanguis
1026 466 1257 532 potatur
1281 464 1341 518 in
1368 466 1656 535 mysterio,
1686 466 1818 537 quia
1834 466 2269 525 Aattendimus:
2299 464 2382 519 ita
2405 480 2626 535 quoque
2651 464 2699 518 si
2721 469 3040 520 mutaretur
3064 466 3127 523 in.
3150 483 3397 537 carnem,
3420 468 3504 524 ni-

218 551 354 605 hinc
376 550 731 604 laetiﬁcamur
754 550 992 621 spiritali
1020 550 1218 606 laetitia
1254 552 1327 607 ad
1356 554 1659 622 gaudium;
1690 554 1820 609 hinc

218 656 352 694 vero
372 650 397 679 ι
418 639 751 693 redimimur
768 639 838 694 de
862 645 1043 694 morte
1072 641 1145 694 ad
1170 641 1366 709 vitam,
1392 648 1447 696 et
1466 644 1647 714 pretio
1672 642 1821 698 salu-

216 728 293 783 tis
337 733 545 783 nostraa
585 727 824 782 interius
865 728 1211 799 saginamur.
1244 731 1324 785 De
1359 731 1562 802 quibus
1601 732 1819 787 duobus

215 817 396 872 David
434 817 713 871 cecinerat
742 815 803 870 in
841 816 1129 887 mysterio,
1157 818 1304 888 quod
1328 822 1495 887 panis
1526 823 1817 888 conﬁrmat

213 922 312 960 cor
335 907 599 971 hominis,
619 910 667 959 et
695 908 891 959 vinum
923 908 1179 974 laetiﬁcat,
1207 906 1403 978 utique
1433 908 1629 962 laetitia
1652 908 1817 980 spiri-

212 994 336 1048 tali.
357 995 596 1066 Propter
616 993 844 1064 quodin
864 993 1062 1048 eadem
1089 993 1405 1049 substantia
1421 997 1551 1066 jure
1577 996 1818 1052 celebra-

212 1089 313 1138 tur
348 1083 455 1138 hoc
482 1082 814 1155 mysterium
843 1082 1062 1149 salutis,
1096 1083 1230 1153 quia
1257 1085 1514 1139 Christus
1542 1087 1703 1157 panis
1731 1093 1818 1142 est

214 1173 313 1243 qui
359 1172 429 1226 de
468 1173 606 1225 caelo
648 1172 954 1237 descendit,
987 1177 1045 1226 et
1086 1172 1277 1227 vinum
1307 1190 1417 1243 quo
1461 1175 1817 1231 laetiﬁcantur

211 1262 385 1316 corda
404 1261 772 1315 credentium.
797 1261 877 1315 De
898 1278 1008 1332 quo
1034 1262 1301 1317 nimirum
1322 1264 1527 1334 Joseph
1556 1265 1811 1334 meridie,

210 1367 329 1422 qua
376 1350 517 1403 hora
566 1350 821 1406 Christus
867 1366 1066 1421 passus
1107 1356 1212 1417 est,
1256 1351 1565 1407 inebriatus
1610 1354 1817 1424 legitur

209 1440 453 1510 mystice
488 1455 617 1493 cum
646 1438 914 1493 fratribus
942 1439 1085 1497 suis.
1122 1440 1281 1494 Unde
1315 1446 1372 1494 et
1398 1457 1521 1506 nos,
1559 1443 1606 1496 si
1631 1443 1816 1499 adhuc

211 1543 424 1598 aquam
468 1531 690 1581 tantum
736 1543 847 1581 non
877 1527 1148 1598 sapimus,
1181 1528 1334 1583 intus
1363 1529 1730 1598 inebriamur,
1757 1539 1815 1586 et

207 1616 528 1685 gaudemus
549 1616 618 1668 de
644 1614 805 1669 bonis
832 1616 1057 1670 Domini
1087 1633 1257 1688 super
1284 1617 1588 1686 frumento,
1611 1620 1737 1674 vino
1758 1627 1816 1676 et

1900 554 1979 607 hil
2003 555 2244 626 amplius
2264 570 2394 609 caro
2420 553 2628 608 Christi
2657 559 2808 608 esset
2834 571 3005 626 quam
3033 561 3137 622 est,
3162 557 3295 627 quia
3320 562 3506 613 totum

1900 643 2150 713 spiritale
2196 648 2283 697 est
2338 643 2488 714 quod
2542 643 2908 710 comedimus,
2950 645 3065 699 imo
3110 646 3306 701 durius
3357 652 3508 702 esset

1900 736 2095 785 contra
2123 731 2585 786 consuetudinem
2605 731 2934 799 humanam,
2950 733 3083 788 licet
3106 750 3334 789 carnem
3357 735 3506 790 salu-

1899 820 1992 886 tis,
2015 825 2208 875 tamen
2235 836 2461 874 carnem
2483 820 2729 874 hominis
2750 821 2960 876 Christi
2980 823 3039 876 in
3068 824 3312 894 speciem
3334 829 3392 879 et
3418 840 3507 879 co-

1898 908 2073 963 lorem
2095 908 2271 979 ipsius
2290 913 2588 974 mutatam,
2605 915 2663 963 et
2680 909 2871 965 vinum
2892 912 2948 964 in
2987 927 3243 966 cruorem
3275 928 3506 967 conver-

1898 1014 2021 1051 sum
2050 998 2317 1069 accipere.
2341 998 2501 1052 Unde
2517 1003 2575 1053 et
2600 997 2682 1052 illi
2702 998 2887 1053 adhuc
2913 1000 3081 1054 rudes
3101 999 3361 1071 discipuli
3383 1018 3504 1056 car-

1897 1086 2104 1145 naliter
2148 1086 2451 1157 sapientes,
2496 1086 2798 1142 dicebant:
2839 1090 3029 1141 Durus
3073 1094 3148 1166 est
3194 1090 3285 1143 hic
3323 1106 3503 1143 sermo

1897 1174 2085 1245 (Joan.
2100 1190 2176 1240 v1,
2192 1172 2303 1244 6|),
2325 1192 2451 1229 cum
2472 1176 2709 1230 diceret:
2736 1177 2859 1230 Nisi
2882 1179 3353 1231 manducaveritis
3378 1194 3501 1232 car-

1897 1278 2024 1316 nem
2061 1266 2170 1330 ﬁlii
2198 1265 2458 1327 hominis,
2487 1270 2534 1317 et
2576 1267 2821 1318 biberitis
2852 1268 2968 1332 ejus
2995 1268 3350 1333 sanguinem,
3384 1282 3498 1320 non

1896 1353 2158 1405 habebitis
2179 1355 2352 1405 vitam
2374 1354 2436 1405 in
2454 1354 2602 1405 vobis
2623 1356 2938 1406 manentem
2960 1355 3143 1423 (Ibid.,
3170 1353 3287 1421 54);
3312 1360 3370 1409 et
3385 1371 3500 1409 non

1896 1444 2160 1510 poterant
2185 1440 2463 1494 sustinere
2491 1440 2684 1511 utique
2714 1441 2847 1511 quia
2874 1442 3175 1495 carnaliter
3198 1458 3267 1496 ea
3289 1442 3501 1497 intelli-

1892 1527 2119 1598 gebant.
2155 1529 2247 1583 Sic
2276 1529 2469 1599 itaque
2496 1535 2555 1584 et
2599 1529 2693 1583 ille
2720 1530 3022 1583 carnaliter
3050 1530 3215 1601 sapit,
3250 1530 3345 1601 qui
3372 1531 3500 1585 ideo

1895 1634 2008 1671 non
2027 1617 2206 1671 credit
2223 1618 2505 1671 carnalem
2526 1618 2735 1672 Christi
2762 1635 2884 1673 esse
2906 1625 2965 1672 et
2983 1618 3337 1688 sanguinem,
3366 1619 3502 1689 quia

209 1704 357 1769 oleo,
392 1721 503 1775 quo
543 1703 753 1775 perfusi
796 1721 991 1759 sumus
1036 1705 1233 1760 laetitia
1257 1712 1483 1771 aeterna,
1517 1712 1575 1762 et
1605 1710 1813 1779 gaudio
1896 1706 2139 1776 speciem
2176 1710 2235 1759 et
2271 1707 2515 1760 colorem
2562 1707 2808 1762 exterius
2858 1723 2971 1761 non
3024 1706 3281 1763 mutaVit.
3340 1707 3501 1764 Unde

210 1793 602 1847 exsultationis
635 1793 695 1847 in
727 1794 986 1848 Domino.
1011 1795 1126 1848 Nos
1147 1795 1297 1849 enim
1316 1812 1429 1850 non
1447 1797 1627 1851 solum
1652 1784 1876 1853 vineaB
1894 1794 2173 1848 orandum
2198 1793 2227 1834 ιι
2248 1800 2313 1848 ut
2337 1794 2457 1865 ipse
2482 1812 2584 1865 per
2609 1812 2669 1849 se
2699 1795 2957 1851 Christus
2986 1796 3194 1866 veniat,
3227 1802 3285 1852 et
3315 1813 3500 1853 come-

207 1882 460 1948 Domini,
488 1882 587 1936 sed
616 1887 674 1936 et
698 1883 981 1937 vindemia
1000 1884 1120 1953 ejus
1144 1901 1360 1938 sumus.
1394 1885 1475 1940 De
1501 1902 1614 1956 qua
1641 1887 1814 1941 nimi-

206 1988 340 2025 rum
358 1970 522 2024 vinea
549 1972 807 2025 Christus
826 1972 885 2026 in
905 1973 1182 2027 Canticis:
1218 1975 1576 2040 Vindemiavi,
1605 1975 1807 2046 inquit,

205 2062 512 2130 myrrham
541 2076 668 2114 cum
696 2065 996 2129 unguentis
1025 2065 1159 2115 meis
1181 2081 1197 2127 ;
1238 2065 1575 2117 manducavi
1606 2080 1809 2133 panem

206 2165 395 2202 meum
428 2165 555 2203 cum
583 2149 742 2203 melle
771 2166 905 2215 meo,
931 2156 981 2203 et
1007 2152 1119 2203 bibi
1138 2154 1335 2204 vinum
1368 2167 1493 2204 cum
1527 2156 1662 2206 tacte
1694 2168 1809 2205 meo

204 2237 391 2309 (Cant.
424 2254 477 2304 v,
509 2236 584 2307 1);
618 2238 716 2292 sed
745 2255 857 2292 non
883 2235 910 2277 δ
940 2238 1097 2309 prius
1120 2239 1282 2309 panis
1300 2240 1615 2294 comeditur
1638 2256 1808 2310 quam

205 2327 442 2396 myrrha
457 2326 516 2381 in
531 2326 692 2381 nobis
706 2326 1150 2381 mortiﬁcationis
1165 2333 1467 2396 turgescat,
1486 2334 1545 2382 et
1556 2344 1808 2397 unguen-

204 2420 330 2468 tum
367 2414 500 2469 boni
530 2416 717 2470 odoris
747 2415 977 2470 naribus
1007 2421 1385 2486 respergatur.
1416 2417 1575 2470 Tunc
1616 2418 1808 2487 itaque

203 2520 410 2574 panem
435 2520 564 2558 cum
592 2505 776 2570 melle,
799 2504 947 2574 quod
974 2504 1043 2557 de
1065 2510 1243 2575 petra,
1268 2521 1391 2575 quae
1416 2505 1670 2560 Christus
1698 2512 1802 2572 est,

206 2592 384 2652 ﬂuxit.
400 2593 748 2647 comedimus
771 2598 802 2663 (°
826 2610 954 2648 cum
975 2593 1034 2647 in
1054 2593 1174 2664 ipso
1190 2593 1471 2648 credimus
1484 2594 1624 2648 duas
1643 2602 1805 2648 natu-

201 2696 317 2744 ras,
339 2680 587 2736 divinam
608 2687 666 2735 et
684 2682 1033 2749 humanam);
1055 2687 1189 2736 tunc
1206 2682 1403 2752 utique
1420 2683 1608 2737 vinum
1625 2683 1807 2738 suavi-

200 2770 337 2824 tatis
363 2787 493 2825 cum
514 2771 658 2824 lacte
680 2770 923 2824 bibimus
948 2771 1091 2839 (cum
1110 2787 1212 2842 per
1240 2787 1461 2825 sacram
1491 2772 1806 2827 doctrinam

200 2859 573 2930 intelligimus
609 2861 800 2914 vinum
846 2860 1181 2930 sanguinem
1212 2860 1335 2930 ejus
1373 2864 1538 2928 esse).
1569 2861 1807 2933 Propter

201 2948 372 3018 quod,
404 2949 614 3019 quiain
642 2950 766 3003 istis
793 2949 1012 3003 duobus
1041 2950 1159 3003 haec
1187 2949 1426 3020 mystica
1446 2949 1804 3020 tegebantur,

199 3042 418 3092 rectum
449 3037 558 3092 fuit
583 3043 648 3092 ut
674 3038 731 3091 in
763 3038 850 3092 his
880 3037 1131 3092 divinum
1171 3038 1334 3092 ﬁeret
1363 3045 1803 3107 sacramentum,

199 3132 481 3196 quatenus
506 3132 687 3181 totum
710 3127 1039 3198 spiritaliter
1057 3125 1371 3197 intelligere
1392 3144 1551 3182 mens
1578 3137 1804 3200 satage-

197 3221 305 3281 ret,
334 3214 431 3269 ubi
460 3216 600 3269 nihil
627 3216 851 3270 carnale
878 3215 1085 3269 sentire
1112 3215 1271 3280 licet;
1302 3216 1454 3271 unde
1477 3216 1673 3272 didem
1700 3235 1803 3289 pa-

196 3304 286 3357 nis
311 3304 591 3370 Christus,
616 3305 712 3375 qui
736 3305 806 3359 de
832 3304 970 3359 caelo
994 3303 1302 3369 descendit,
1326 3306 1387 3359 in
1407 3306 1512 3360 hoc
1532 3308 1802 3378 mysterio

196 3393 493 3463 accipitur,
517 3393 663 3447 sicut
686 3398 743 3447 et
768 3409 899 3447 caro
929 3410 1051 3463 quae
1078 3393 1137 3447 in
1164 3409 1328 3448 cruce
1353 3395 1640 3465 pependit,
1672 3412 1800 3449 cum

195 3482 419 3552 integer
442 3481 702 3553 deinceps
722 3482 978 3537 Christus
1004 3487 1341 3553 perseveret,
1366 3482 1497 3536 licet
1524 3483 1595 3537 ab
1616 3483 1800 3537 omni-

196 3570 303 3625 bus
331 3571 582 3641 quotidie
597 3572 816 3635 edatur,
840 3576 898 3625 et
921 3571 986 3623 fit
1012 3570 1176 3640 panis
1196 3570 1424 3641 quidem
1444 3571 1515 3624 ad
1543 3572 1715 3625 vitam
1743 3577 1802 3626 et

194 3660 526 3713 firmitatem
573 3660 769 3725 animi,
799 3675 929 3713 caro
970 3675 1101 3712 vero
1148 3658 1220 3712 ad
1264 3658 1539 3712 unitatem
1585 3665 1802 3714 naturae

195 3754 405 3803 nostrae
421 3755 477 3803 et
493 3748 896 3819 redemptionis
915 3749 1181 3820 pretium.
1197 3748 1358 3803 Unde
1377 3748 1499 3819 ipse
1518 3749 1599 3802 ait
1618 3767 1633 3803 :
1662 3750 1802 3804 Caro

197 3855 319 3892 mea
345 3844 421 3891 est
442 3853 549 3906 pro
568 3839 771 3892 mundi
788 3842 922 3902 vita,
951 3844 999 3891 et
1028 3841 1258 3905 sanguis
1281 3854 1403 3891 vere
1421 3840 1521 3906 qui
1533 3854 1637 3906 pro
1658 3839 1805 3892 vobis

196 3928 513 3995 effundatur
538 3930 601 3981 in
626 3930 1005 3981 remissionem
1024 3932 1373 3994 peccatorum
1401 3926 1800 3995 (Joan.vi,62).

196 4016 343 4070 Hinc
370 4031 507 4069 sane
537 4020 626 4069 est
653 4015 801 4086 quod
830 4016 1109 4086 sapientia
1130 4014 1231 4069 Dei
1261 4015 1446 4070 Patris
1472 4016 1673 4070 maluit
1696 4016 1803 4071 hoc

193 4104 533 4175 mysterium
579 4104 639 4158 in
694 4104 934 4175 speciem
973 4104 1135 4173 panis
1181 4120 1247 4157 ac
1291 4104 1404 4158 vini
1449 4121 1801 4175 permanere,

195 4209 368 4263 quam
396 4192 455 4246 in
484 4192 730 4246 colorem
776 4209 842 4246 ac
885 4208 1144 4262 saporem
1187 4193 1371 4247 carnis
1410 4199 1469 4247 et
1512 4193 1803 4263 sanguinis

195 4280 497 4347 demutari,
530 4282 664 4352 quia
691 4298 795 4335 nec
819 4282 925 4335 hoc
956 4287 1042 4335 est
1078 4282 1198 4351 jam
1230 4281 1379 4352 quod
1430 4281 1668 4349 videtur,
1701 4299 1804 4336 nec

1895 1882 1994 1936 dat
2022 1899 2227 1953 panem
2252 1899 2380 1937 cum
2409 1884 2574 1937 melle
2605 1900 2707 1937 suo
2732 1884 2793 1937 in
2834 1884 3016 1950 nobis,
3047 1891 3104 1939 et
3143 1885 3332 1939 vinum
3368 1902 3499 1940 cum

1894 1972 2039 2025 lacte
2067 1971 2240 2037 bibat,
2265 1972 2400 2042 quia
2423 1971 2530 2025 nisi
2553 1971 2808 2027 Christus
2828 1973 2979 2027 Deus
2998 1979 3055 2027 et
3074 1974 3243 2029 homo
3263 1990 3394 2028 vere
3417 1975 3499 2028 in-

1893 2060 2199 2130 telligatur,
2228 2066 2285 2113 et
2313 2060 2506 2114 vinum
2536 2061 2767 2131 sanguis
2787 2060 2800 2101 ί
2820 2062 2943 2131 ejus
2968 2078 3094 2116 cum
3122 2062 3266 2116 lacte
3292 2063 3499 2117 doctri-

1892 2165 1978 2203 na:
2006 2149 2401 2215 admisceatur,
2435 2165 2547 2203 non
2577 2154 2764 2220 potest
2799 2151 3068 2207 inﬁrmai
3101 2168 3260 2205 mens
3296 2167 3495 2223 capere

1892 2238 2074 2292 lucem
2095 2238 2347 2292 veritatis
2377 2244 2435 2292 et
2464 2239 2814 2309 mysterium,
2835 2240 2923 2293 vel
2955 2240 3105 2311 quod
3134 2240 3384 2295 divinum
3409 2246 3497 2296 est

1890 2342 2212 2396 agnoscere.
2238 2326 2343 2381 Ubi
2372 2327 2520 2381 mira
2546 2327 2734 2382 unitas
2761 2328 2822 2382 in
2850 2329 2975 2395 hoc,
2998 2330 3163 2383 sicuti
3194 2335 3255 2384 et
3280 2330 3340 2383 in
3367 2330 3497 2384 aliis

1891 2414 2235 2486 quibuslibet
2252 2416 2407 2483 locis,
2431 2416 2640 2471 Christi
2660 2422 2718 2471 et
2742 2418 2997 2472 Ecclesiae
3015 2418 3496 2484 declaratur,dum

1891 2504 2042 2573 quod
2064 2520 2167 2556 nos
2190 2503 2248 2556 in
2268 2503 2363 2557 illo
2383 2505 2636 2573 gerimus
2665 2509 2723 2558 et
2745 2504 2839 2559 ille
2863 2506 2922 2559 in
2949 2504 3111 2559 nobis
3139 2523 3310 2576 agere
3339 2523 3497 2561 mon-

1887 2597 2101 2646 stratur
2118 2592 2157 2646 ⁸.
2177 2594 2320 2647 Nam
2358 2593 2492 2646 dum
2524 2609 2623 2647 nos
2642 2598 2793 2648 recte
2823 2610 3027 2664 panem
3051 2611 3180 2649 cum
3208 2595 3376 2649 melle
3406 2612 3494 2650 co-

1889 2680 2185 2747 medimus,
2216 2685 2274 2735 et
2301 2681 2493 2735 vinum
2522 2681 2709 2735 calicis
2733 2697 2862 2736 cum
2890 2682 3036 2737 lacte
3060 2687 3340 2754 potamus,
3357 2688 3494 2739 tunc

1889 2774 1949 2823 et
1974 2770 2094 2840 ipse
2120 2786 2187 2824 ea
2218 2786 2278 2824 se
2305 2770 2366 2823 in
2394 2769 2557 2823 nobis
2578 2786 2801 2824 sumere
2820 2775 3082 2838 testatur,
3108 2772 3243 2843 quia
3261 2788 3363 2844 per
3387 2773 3494 2827 hoc

1888 2875 1992 2913 nos
2010 2859 2069 2913 in
2081 2875 2246 2913 suum
2267 2875 2469 2929 corpus
2488 2859 2717 2928 trajicit,
2740 2865 2798 2914 et
2814 2876 2993 2914 unum
3007 2861 3175 2915 inillo
3191 2860 3490 2916 efﬁcimur.

1959 2946 2014 3000 2.
2032 2948 2140 3002 Pro
2165 2947 2377 3001 talibus
2402 2947 2576 3017 igitur
2604 2952 2662 3001 et
2691 2947 3082 3017 hujuscemodi
3111 2950 3372 3020 negotiis,
3412 2950 3493 3003 ﬁli

1888 3036 2236 3102 charissima,
2265 3036 2492 3106 provide
2520 3051 2655 3090 sane
2688 3036 2748 3090 in
2786 3052 2930 3107 pane
2955 3043 3014 3091 et
3041 3037 3188 3104 vino,
3231 3038 3352 3092 sine
3375 3038 3495 3092 ulla

1820 3097 1864 3157 θ
1885 3097 2300 3178 decoloratio'ne
2322 3123 2668 3191 substantiae,
2692 3097 2806 3179 hoc
2816 3126 3149 3196 mysterium
3175 3097 3415 3181 interius
3438 3128 3493 3181 vi

1886 3220 1945 3267 et
1968 3219 2247 3285 potestate
2272 3212 2459 3267 divina
2484 3213 2793 3284 peragitur,
2826 3219 2891 3267 ut
2918 3219 2975 3268 et
3003 3215 3181 3269 virtus
3207 3215 3339 3269 ﬁdei
3370 3215 3493 3269 eni-

1884 3309 2004 3356 teat
2029 3302 2089 3355 in
2114 3301 2424 3367 intellectu,
2458 3308 2514 3355 et
2538 3302 2797 3356 doctrina
2816 3303 2956 3356 ﬂuat
2974 3303 3106 3357 hinc
3128 3303 3258 3357 inde
3276 3304 3336 3357 in
3357 3320 3495 3375 ope-

1884 3390 2102 3444 ratione
2131 3389 2146 3427 ¹
2170 3390 2527 3453 sacramenti,
2565 3395 2622 3444 et
2648 3390 2854 3444 veritas
2884 3390 3246 3460 resplendeat
3267 3391 3328 3444 in
3357 3407 3496 3462 pra:-

1882 3477 2217 3548 ﬁguratione
2265 3478 2538 3548 mysterii.
2573 3479 2718 3532 Nam
2765 3478 3176 3533 Melchisedech
3222 3480 3381 3550 prius
3433 3480 3494 3534 in

1882 3567 2066 3636 ﬁgura
2091 3566 2201 3619 ista
2229 3566 2510 3620 obtulerat
2536 3583 2741 3637 panem
2771 3573 2829 3621 et
2856 3567 3068 3622 vinum.
3102 3567 3236 3622 Ideo
3266 3585 3493 3623 necesse

1884 3654 1993 3710 fuit
2020 3662 2084 3709 ut
2106 3671 2270 3709 verus
2290 3670 2387 3707 rex
2417 3655 2568 3725 pacis
2607 3660 2664 3709 et
2691 3655 2940 3725 pontifex
2964 3660 3156 3709 noster
3180 3657 3494 3711 secundum

1885 3744 2139 3798 ordinem
2158 3744 2310 3798 illius
2330 3744 2528 3797 eadem
2548 3744 2792 3809 offerret,
2813 3750 3090 3814 quatenus
3110 3760 3211 3815 per
3229 3745 3335 3799 hoc
3351 3746 3492 3815 ﬁgu-

1886 3849 2083 3887 rarum
2118 3844 2159 3871 ιιι
2192 3832 2398 3886 veritas
2434 3832 2787 3897 claresceret,
2821 3838 2880 3886 et
2904 3833 3002 3903 qui
3037 3832 3296 3887 esuriunt
3318 3834 3490 3903 justi-

1885 3923 2025 3976 tiam
2053 3926 2110 3977 et
2137 3921 2357 3987 sitiunt,
2389 3920 2609 3975 duobus
2639 3920 2763 3976 istis
2799 3921 2860 3975 in
2888 3921 2976 3974 via
2998 3921 3283 3975 interdum
3314 3921 3490 3976 satia-

1884 4018 2101 4066 rentur.
2136 4010 2423 4081 Siquidem
2456 4026 2619 4081 pane,
2659 4009 2756 4081 qui
2801 4026 2902 4081 pro
2942 4010 3096 4063 omni
3144 4009 3269 4064 cibo
3317 4026 3489 4081 quam

1884 4117 2031 4171 saepe
2074 4100 2133 4153 in
2184 4099 2488 4170 Scripturis
2516 4097 2763 4168 ponitur,
2797 4104 2854 4151 et
2892 4113 3019 4152 cum
3048 4097 3308 4153 omnibus
3347 4099 3489 4154 escis

1885 4205 2193 4259 congruere
2223 4188 2461 4253 videtur,
2491 4186 2704 4241 esuries
2730 4192 3161 4257 temperaretur,
3192 4193 3331 4259 potu
3358 4205 3490 4244 vero

1885 4277 2181 4347 sanguinis
2206 4276 2329 4330 sitis
2359 4276 2520 4347 quasi
2556 4275 2769 4330 cmlesti
2816 4291 2943 4330 rore
2988 4276 3336 4331 madesceret
3360 4290 3408 4345 ιι,
3433 4284 3492 4332 et

195 4370 359 4423 ﬁeret
387 4369 526 4423 illud
555 4370 799 4441 amplius
828 4376 895 4424 ut
921 4375 1070 4423 esset
1098 4386 1227 4424 caro
1257 4375 1315 4423 et
1343 4370 1594 4440 sanguis,
1626 4387 1796 4441 quam
1814 4364 1863 4422 D
1883 4381 1982 4436 per
2028 4366 2135 4419 hoc
2182 4365 2423 4436 amplius
2467 4366 2636 4419 homo
2674 4364 2745 4418 ad
2769 4364 3051 4435 justitiam
3078 4366 3319 4420 refectus
3350 4378 3397 4431 ο,
3428 4367 3489 4421 in

192 4463 259 4512 ut
288 4458 615 4529 percipitur.
651 4460 769 4513 Nos
812 4459 964 4513 enim
993 4458 1052 4513 in
1081 4475 1146 4512 eo
1174 4458 1335 4512 illum
1374 4475 1577 4529 panem
1607 4459 1702 4530 qui
1731 4460 1799 4514 de

194 4547 335 4600 coelo
355 4547 643 4602 descendit
669 4547 1032 4613 comedimus,
1059 4553 1116 4601 et
1144 4547 1269 4601 ideo
1298 4547 1504 4601 dicitur
1536 4567 1547 4602 :
1584 4548 1801 4603 Uomedi

187 4652 394 4705 panem
416 4636 535 4705 [al.,
558 4636 773 4706 favum]
797 4653 923 4690 cum
942 4637 1101 4689 melle
1127 4652 1243 4688 meo
1261 4637 1442 4702 (Cant.
1460 4653 1513 4701 v,
1549 4635 1612 4702 l),
1648 4638 1798 4707 quod

195 4724 255 4777 in
272 4724 367 4778 illo
385 4723 696 4777 divinitatis
714 4723 948 4779 dulcedo
968 4729 1026 4776 et
1045 4723 1366 4776 humanitas
1384 4735 1409 4765 ο
1431 4724 1796 4794 prmdicatur;

194 4812 405 4866 idcirco
422 4811 566 4866 sicut
576 4812 636 4866 in
654 4813 765 4867 isto
776 4811 797 4853 ί
810 4828 1071 4883 saporem
1088 4810 1248 4882 panis
1270 4816 1369 4865 aut
1386 4812 1630 4868 colorem
1645 4829 1756 4869 non
1770 4827 1800 4869 ε

266 4985 293 5012 ιι
321 4972 495 5037 Flor.,
522 4973 788 5025 redimus.

265 5042 295 5084 ι)
324 5044 558 5097 Mamer.
590 5048 649 5096 et
680 5042 850 5097 Ulim.
896 5058 1023 5096 cum
1070 5057 1183 5099 ms.
1234 5042 1463 5112 Majoris
1496 5044 1683 5112 Mon.,
1714 5046 1805 5100 sed

191 5118 355 5184 prius
377 5117 545 5182 panis
572 5115 896 5168 comeditur.

264 5204 288 5257 σε
314 5185 533 5257 Desunt
554 5184 613 5238 in
642 5184 807 5238 editis
837 5182 1006 5238 verba
1024 5183 1083 5238 in
1113 5185 1435 5255 parenthesi
1467 5186 1668 5257 posita.

262 5252 291 5287 ⁴¹
324 5256 675 5323 Vatic.,jure
704 5259 887 5324 itaque
913 5258 1079 5323 panis
1111 5252 1377 5310 Christus.

262 5330 290 5360 °
319 5327 458 5381 Octo
487 5343 643 5391 mss.,
673 5333 722 5379 et
751 5327 1143 5380 humanitatis.

262 5394 286 5436 ι
315 5398 379 5452 In
410 5397 532 5451 cod.
564 5397 789 5467 Majoris
815 5398 965 5451 Mon.
998 5397 1351 5452 desideratur
1369 5400 1433 5452 in
1462 5400 1588 5453 isto.

262 5478 294 5539 β
318 5471 380 5524 1η
411 5468 629 5522 duobus
658 5484 794 5522 mss.
828 5469 1173 5539 expungitur
1189 5485 1319 5523 non.

265 5537 294 5578 ιι
323 5540 389 5594 ln
422 5540 763 5609 ms.Majoris
776 5537 926 5594 Mori.
953 5537 1229 5611 expuncto
1252 5540 1531 5595 orandum
1547 5539 1626 5596 sic
1656 5539 1795 5609 legi-

191 5616 309 5669 tur.
336 5612 486 5667 Unde
512 5616 560 5664 et
588 5615 699 5680 ipse
721 5628 822 5685 per
847 5627 918 5663 se.

1882 4455 2214 4509 fortitudine
2264 4453 2372 4508 cibi
2424 4454 2665 4508 caelestis
2712 4454 3064 4508 constantius
3092 4467 3116 4505 P
3159 4453 3483 4509 desudaret.

1882 4545 2000 4598 Hoc
2024 4544 2230 4615 quippe
2249 4549 2384 4615 potu
2399 4560 2463 4597 ac
2483 4542 2604 4596 cibo
2627 4542 2775 4596 Elias
2792 4542 2862 4595 de
2878 4557 3049 4595 manu
3065 4542 3249 4611 angeli
3266 4548 3484 4613 pastus,

1884 4632 2259 4704 quadraginta
2283 4632 2499 4697 diebus,
2525 4648 2627 4703 per
2656 4647 2795 4702 quos
2823 4646 3067 4700 praesens
3094 4631 3359 4686 saeculum
3387 4633 3487 4687 de-

1883 4721 2240 4792 signaturfin
2262 4721 2593 4775 fortitudine
2609 4735 2787 4790 usque
2803 4719 2874 4772 ad
2892 4723 3142 4772 montem
3161 4719 3263 4773 Dei
3283 4720 3488 4776 dicitur

1881 4810 2220 4882 pervenisse.
2254 4810 2332 4865 Ex
2379 4826 2488 4880 quo
2540 4813 2799 4880 patenter
2842 4806 3102 4860 innuitur
3143 4809 3293 4879 quod
3329 4809 3485 4865 cibus

1955 4974 1969 5014 i
2000 4972 2225 5042 Septem
2254 4986 2389 5023 mss.
2411 4968 2625 5039 legunt,
2650 4972 2698 5021 et
2721 4970 2919 5023 vinum
2946 4971 3244 5038 sanguinis
3272 4973 3407 5038 ejus.

1951 5050 1967 5097 t
1996 5042 2119 5097 Duo
2147 5058 2303 5099 mss.,
2331 5043 2498 5108 ﬁrma
2528 5055 2700 5093 mens.

1955 5117 1983 5151 κ
2003 5114 2152 5168 Editi
2171 5116 2461 5176 monstrat,
2483 5111 2581 5165 sed
2610 5126 2806 5165 omnes
2826 5127 2963 5170 mss.
2988 5111 3187 5183 le’gunt
3206 5115 3478 5164 monstra-

1886 5189 1998 5238 tur.

1954 5253 1969 5290 ¹
2005 5254 2205 5319 Laud.,
2240 5257 2303 5307 in
2331 5255 2641 5322 operatione
2669 5256 2944 5321 mysterii.

1943 5339 1984 5364 ιιι
2005 5327 2260 5390 Mamer.,
2284 5321 2412 5378 cum
2440 5329 2684 5394 quatuor
2711 5341 2869 5390 mss.,
2892 5340 2993 5394 per
3016 5321 3158 5377 hanc
3182 5323 3446 5390 figuram.

1947 5413 1975 5439 ιι
2010 5397 2132 5450 Duo
2160 5413 2321 5461 mss.,
2347 5400 2475 5450 ante
2500 5396 2866 5450 hitaresceret.

1950 5462 1977 5492 °
2000 5468 2114 5532 AL,
2148 5473 2327 5521 rectus
2340 5511 2353 5523 .

1948 5538 1975 5574 ν
2000 5538 2137 5592 Tres
2166 5555 2322 5597 mss.,
2351 5539 2597 5611 amplius
2624 5538 2933 5592 desudaret.
