3992 6166
588 316 722 377 1311
1236 310 1243 317 ’
1350 326 1408 381 S.
1450 322 1829 380 PASCHASII
1866 322 2229 380 RADBERTI
2265 322 2570 380 ABBATIS
2607 322 3095 380 CORBEIENSIS.
3658 320 3759 381 1312

587 446 823 502 sublime
846 449 1026 503 altare
1054 454 1216 504 tuum
1242 452 1307 504 in
1341 454 1618 519 conspectu
1646 450 1850 504 divina:
1872 450 2381 521 maiestatisAejus
2409 464 2610 521 corpus
2638 465 2650 500 :
2700 448 2847 503 unde
2877 448 3137 503 sacerdos
3173 463 3286 502 non
3321 463 3383 501 ex
3409 464 3463 502 se
3496 448 3608 504 dicit
3645 454 3753 523 quod

592 539 730 599 tuae;
762 541 828 591 ut
855 538 991 608 quid
1014 539 1249 610 perferri
1268 552 1292 580 ι
1319 538 1451 592 illuc
1473 554 1542 592 ea
1558 538 1855 609 desposcit,
1888 539 1996 593 nisi
2016 546 2081 593 ut
2099 540 2182 594 in-
2260 539 2381 610 ipse
2403 544 2622 593 creator
2650 537 2898 609 corporis
2931 544 2989 592 et
3001 537 3291 608 sanguinis
3309 539 3760 611 essepossit,quiasi

584 624 875 695 telligatur
893 628 1040 697 quod
1052 628 1113 681 in
1133 627 1578 697 ejussacerdotio
1594 627 1705 682 ista
1719 629 1875 682 fiant.
1893 629 2018 699 Ipse
2031 629 2181 684 enim
2261 629 2367 684 hoc
2394 634 2600 701 posset,
2633 628 2784 700 quod
2836 627 3141 681 absurdum
3180 632 3285 692 est,
3330 633 3528 681 creator
3559 632 3761 685 creatoris

590 713 773 769 factus
809 720 895 769 est
923 715 1169 787 pontifex
1204 716 1262 770 in
1289 720 1561 771 aeternum
1591 717 1897 772 secundum
1927 718 2182 773 ordinem
2262 719 2442 784 ﬁeret,
2476 717 2574 771 sed
2596 715 2852 771 obsecrat
2877 731 2904 759 ιι
2929 731 3030 786 per
3056 715 3261 770 Filium
3290 716 3514 781 Patrem,
3539 734 3621 787 per
3642 735 3763 788 quem

592 804 1011 869 Melchisedech,
1032 809 1175 858 teste
1195 805 1481 875 Apostolo,
1496 805 1567 859 ad
1595 805 2065 876 interpellandum
2082 823 2182 877 pro
2263 807 2334 862 ad
2354 823 2484 862 eum
2504 822 2789 860 accessum
2812 804 3103 858 habemus.
3131 804 3409 874 Rogamus
3429 816 3453 844 ο
3478 810 3634 858 autem
3662 806 3764 859 hanc
3792 860 3801 889 ν

592 890 771 958 nobis,
796 892 1033 949 otl‘erens
1063 893 1429 964 semetipsum
1457 894 1572 947 Deo
1600 894 1774 949 Patri.
1796 895 1881 949 Ad
1900 896 2004 949 hoc
2019 895 2183 967 quip-
2263 898 2591 951 oblationem
2612 895 2965 959 benedictam,
2991 910 3091 964 per
3110 909 3280 964 quam
3300 909 3397 947 nos
3423 892 3761 959 benedicamur;

593 996 663 1050 pe
684 982 855 1034 semel
880 981 1134 1037 introivit
1153 982 1212 1037 in
1237 988 1448 1049 sancta,
1470 999 1581 1037 non
1603 982 1661 1037 in
1691 984 1962 1055 sanguine
1975 984 2180 1049 alieno,
2268 988 2564 1054 ascriptam
2592 1001 2694 1056 per
2722 999 2891 1055 quam
2928 999 3030 1037 nos
3058 998 3256 1036 omnes
3275 983 3334 1035 in
3368 983 3494 1035 coelo
3518 982 3764 1036 conscriba-

592 1070 687 1123 sed
722 1070 950 1141 proprio
980 1072 1283 1141 sanguine;
1307 1072 1456 1126 unde
1474 1088 1587 1126 non
1607 1070 1678 1125 ab
1706 1072 1815 1126 alio
1836 1078 1984 1127 recte
2005 1072 2185 1144 perci-
2266 1091 2421 1140 mur;
2462 1079 2647 1128 ratam
2666 1082 2711 1138 P,
2753 1088 2854 1144 per
2877 1088 3046 1142 quam
3076 1070 3137 1124 in
3158 1069 3453 1124 visceribus
3478 1071 3650 1124 Christi
3673 1088 3766 1125 cen-

592 1157 764 1229 pitur,
798 1160 945 1229 quod
975 1161 1265 1231 proprium
1295 1162 1418 1231 ejus
1455 1165 1558 1225 est,
1590 1160 1687 1214 sed
1720 1160 1791 1214 ab
1817 1161 1939 1232 ipso
1966 1178 2186 1216 summo
2267 1178 2524 1228 seamur;
2559 1163 2973 1229 rationabilem,
3006 1176 3106 1230 per
3134 1176 3306 1230 quam
3347 1175 3380 1212 a
3426 1158 3617 1212 bestiali
3647 1175 3767 1212 sensu

592 1246 883 1317 pontiﬁce;
903 1263 1084 1318 neque
1113 1247 1183 1301 ab
1198 1248 1308 1303 alio
1329 1265 1459 1302 caro
1473 1250 1522 1318 ej
1532 1265 1595 1303 us
1615 1254 1840 1303 creatur
1858 1255 1917 1303 et
1931 1250 2180 1319 sanguis,
2269 1267 2558 1317 exuamur,
2589 1251 3073 1318 acceptabilemque
3092 1250 3277 1316 facere
3297 1246 3545 1317 dignetur
3564 1261 3576 1293 ε
3593 1260 3614 1303 ει
3630 1254 3768 1317 quate-

595 1333 703 1389 nisi
733 1351 768 1388 a
794 1352 903 1406 quo
933 1343 1122 1391 creata
1150 1342 1238 1392 est
1264 1337 1321 1391 in
1360 1342 1521 1391 utero
1550 1336 1815 1406 Virginis,
1849 1343 1914 1391 ut
1940 1338 2187 1393 Verbum
2269 1357 2376 1395 nus
2405 1346 2462 1394 et
2488 1356 2590 1394 nos
2613 1356 2715 1410 per
2740 1339 2846 1393 hoc
2868 1338 3040 1409 quia?
3063 1335 3227 1391 nobis
3247 1335 3616 1406 displicuimus,
3634 1351 3770 1404 accep-

595 1437 725 1476 caro
757 1425 936 1478 fieret.
970 1422 996 1464 δ
1022 1424 1206 1479 Verbo
1248 1426 1398 1479 enim
1428 1424 1610 1479 Patris
1647 1424 1858 1480 dictum
1889 1431 1976 1480 est
2002 1446 2014 1480 :
2060 1427 2189 1482 Cre-
2269 1429 2470 1484 tabiles
2505 1430 2564 1484 in
2593 1430 2713 1499 ejus
2749 1428 2915 1483 unico
2945 1427 3086 1481 Filio
3116 1426 3331 1492 simus;
3364 1431 3423 1477 ut
3451 1425 3599 1488 nobis,
3620 1422 3765 1493 inquit,

592 1513 724 1565 scite
751 1517 799 1564 et
820 1514 1287 1581 multiplicamini
1300 1515 1447 1582 (Gen.
1476 1530 1515 1581 1,
1534 1512 1719 1583 ‘21);et
1732 1531 1856 1569 ecce
1886 1515 2183 1569 adhucho-
2264 1521 2361 1587 ﬂat
2398 1534 2594 1587 corpus
2640 1524 2689 1571 et
2716 1519 2946 1585 sanguis
2975 1517 3326 1571 dilectissimi
3350 1515 3477 1568 Filii
3503 1514 3577 1565 tui
3606 1513 3771 1565 Domini

593 1598 685 1653 die
715 1615 781 1652 ex
825 1616 890 1654 eo
920 1606 1121 1655 cuncta
1156 1608 1422 1657 creantur
1447 1603 1775 1669 animantia,
1809 1620 1922 1658 non
1959 1618 1983 1648 ο
2018 1621 2179 1672 nova,
2266 1610 2445 1662 nostri
2465 1609 2591 1661 Jesu
2623 1607 2849 1663 Christi.

594 1687 692 1741 sed
718 1704 785 1741 ex
801 1689 998 1743 eodem
1020 1691 1252 1745 semine.
1268 1692 1352 1746 Ita
1373 1697 1431 1746 et
1457 1709 1587 1748 caro
1617 1693 1825 1748 Christi
1846 1693 2044 1748 eodem
2067 1710 2187 1748 ver-
2204 1764 2237 1767 _
2338 1695 2367 1749 3
2384 1741 2397 1753 .
2437 1696 2573 1750 Ecce
2600 1695 2733 1767 quid
2764 1694 2903 1748 ﬁdes
2949 1692 3215 1760 instituit,
3259 1709 3383 1747 ecce
3426 1691 3545 1763 quid
3576 1690 3768 1745 Christus

593 1774 665 1829 bo
693 1778 760 1830 fit
788 1793 937 1843 caro,
960 1779 1096 1849 quia
1132 1781 1358 1834 Verbum
1380 1798 1507 1835 caro
1531 1784 1743 1849 factum
1774 1787 1867 1844 est,
1897 1787 1945 1836 et
1976 1784 2189 1837 habita-
2203 1764 2249 1824 Β
2268 1784 2519 1850 indulsit,
2535 1790 2600 1838 ut
2615 1764 2775 1838 nobis
2798 1782 2871 1837 sit
2891 1798 3094 1853 corpus
3117 1787 3178 1836 et
3198 1778 3446 1852 sanguis,
3461 1784 3688 1851 quatenus
3702 1793 3771 1849 per

591 1867 673 1918 vit
718 1868 782 1919 in
821 1868 973 1920 nobis
1001 1869 1192 1938 (Joan.
1239 1883 1280 1933 Ι,
1311 1869 1419 1937 14).
1452 1870 1611 1925 Unde
1649 1870 1696 1925 si
1740 1887 1806 1924 ex
1831 1872 1928 1925 illa
1956 1870 2186 1925 benedi-
2267 1873 2373 1927 hoc
2408 1889 2510 1927 nos
2556 1872 2615 1927 in
2649 1888 2850 1943 corpus
2894 1870 3103 1925 Christi
3143 1869 3392 1941 quotidie
3417 1868 3765 1922 transferamur.

593 1954 778 2008 ctione
805 1960 965 2010 tanta
985 1963 1180 2012 manat
1203 1959 1524 2025 multitudo,
1547 1960 1682 2031 quid
1709 1966 1915 2031 putasd
1934 1977 2002 2014 ex
2019 1976 2187 2015 carne
2268 1962 2431 2016 Prius
2459 1966 2650 2015 autem
2679 1977 2850 2031 quam
2895 1960 3110 2015 Christi
3149 1971 3173 2001 ⁸
3199 1976 3400 2029 corpus
3442 1955 3771 2010 consecratione

594 2042 807 2097 Christi
824 2041 848 2097 ?
864 2045 1113 2115 nunquid
1141 2046 1394 2101 inefficax
1413 2059 1439 2090 ο
1456 2054 1543 2101 est
1570 2064 1636 2102 ex
1655 2065 1734 2114 se,
1761 2049 1858 2120 qui
1876 2054 2038 2104 tanta
2056 2049 2189 2103 fecit
2268 2051 2385 2116 fiat,
2413 2049 2620 2104 oblatio
2649 2049 2954 2104 sacerdotis
2992 2054 3095 2114 est,
3130 2048 3275 2129 sicut
3298 2048 3413 2119 ipse
3437 2047 3700 2109 conﬁtetur,
3713 2043 3768 2095 vel

595 2148 665 2185 ex
695 2132 909 2187 nihilo?
933 2139 991 2188 et
1016 2132 1191 2188 sicutr
1210 2152 1383 2206 panes
1410 2136 1568 2191 auxit
1587 2138 1901 2207 quantitate
1931 2137 2190 2192 substan-
2268 2145 2471 2194 cuncta
2511 2138 2735 2192 familiae
2772 2137 3128 2191 offerentium
3171 2152 3318 2202 eam,
3349 2135 3443 2189 sed
3487 2134 3540 2187 in
3580 2130 3708 2185 verbo
3734 2136 3771 2181 et
3802 2132 3813 2145 ‘

593 2220 686 2275 tiae
707 2237 877 2291 quam
906 2228 1111 2277 natura
1137 2238 1162 2279 ε
1194 2240 1305 2278 non
1344 2225 1594 2291 dederat,
1624 2226 1879 2296 nunquid
1908 2226 2188 2297 impotens
2268 2228 2472 2282 virtute
2508 2227 2750 2298 Spiritus
2778 2225 2957 2281 sancti
2984 2242 3131 2280 nova
3160 2226 3227 2279 fit
3254 2229 3500 2279 creatura
3524 2222 3575 2275 in
3599 2233 3767 2289 corpore

594 2314 681 2363 est
698 2309 878 2364 facere
903 2328 968 2365 ex
990 2311 1179 2383 aliquo
1193 2314 1341 2383 quod
1364 2314 1484 2369 sine
1505 2314 1716 2369 semine
1733 2313 1791 2369 in
1818 2321 2021 2369 uteroh
2037 2331 2191 2370 crea-
2274 2316 2560 2371 Creatoris
2595 2316 2667 2370 ad
2703 2321 2908 2370 nostra:
2945 2314 3323 2385 reparationis
3348 2323 3367 2357 ι
3393 2312 3626 2366 salutem.
3662 2305 3772 2361 Unde

596 2403 771 2452 verat.
816 2399 1064 2454 Pullulat
1090 2382 1226 2471 ergo
1253 2402 1351 2455 illa
1379 2402 1606 2458 ubertas
1647 2404 1831 2458 carnis
1861 2404 2089 2469 Christi,
2131 2410 2189 2459 et
2263 2406 2425 2476 juxta
2451 2404 2706 2459 sublimis
2733 2421 2891 2458 aram
2921 2382 3113 2458 altaris
3143 2418 3368 2473 semper
3400 2400 3643 2460 assistere,
3667 2392 3771 2448 Scri-
3806 2382 3815 2413 ’

598 2491 791 2541 manet
817 2488 1041 2558 integer
1068 2490 1342 2556 Christus,
1377 2496 1389 2537 i
1416 2492 1549 2563 quia
1579 2498 1783 2548 natura
1809 2498 2074 2548 manente
2098 2493 2186 2548 in-
2271 2500 2438 2565 ptura
2454 2500 2618 2557 teste,
2635 2493 2921 2565 probatur,
2940 2498 3004 2547 ut
3023 2508 3089 2545 ex
3109 2493 3236 2562 ejus
3256 2488 3607 2544 immolatione
3628 2497 3773 2553 corpus

595 2579 775 2644 tegra,
818 2576 989 2631 etiam
1023 2577 1083 2632 in
1134 2581 1427 2648 creaturis,
1469 2581 1540 2636 ad
1582 2583 1795 2652 justum
1836 2585 1959 2654 ejus
1988 2588 2189 2637 cuncta
2270 2588 2327 2636 et
2356 2582 2687 2653 sanguinem
2714 2582 3109 2654 percipiamus.
3138 2581 3414 2635 Caeterum
3440 2574 3658 2631 sacerdos
3680 2569 3772 2641 quia

594 2664 921 2721 exuberant.
2268 2671 2416 2726 vices
2436 2671 2645 2726 Christi
2674 2670 2874 2726 visibili
2904 2670 3089 2742 specie
3115 2669 3269 2724 inter
3298 2669 3469 2723 Deum
3501 2671 3551 2719 et
3572 2660 3774 2734 populum

665 2752 720 2810 2.
753 2754 1058 2828 Propterea
1084 2757 1215 2811 licet
1241 2758 1415 2812 semel
1442 2759 1647 2813 dixerit
1676 2772 1688 2807 :
1727 2760 2006 2815 Germinet
2035 2766 2189 2815 terra
2269 2777 2437 2831 agere
2462 2760 2700 2826 videtur,
2730 2760 2900 2814 infert
2935 2776 3038 2830 per
3066 2775 3272 2814 manus
3300 2755 3475 2827 angeli
3499 2758 3605 2807 vota
3634 2743 3774 2820 populi

595 2843 821 2898 herbam
864 2848 1131 2900 virentem
1165 2847 1312 2915 (Gen.
1345 2862 1383 2909 Ι,
1416 2845 1528 2915 11),
1560 2848 1743 2902 adhuc
1780 2848 1945 2902 hodie
1984 2865 2051 2903 ex
2095 2866 2181 2917 eo,
2267 2851 2338 2904 ad
2367 2851 2545 2905 Deum
2575 2855 2632 2904 et
2659 2849 2849 2903 refert.
2887 2847 3033 2902 Vota
3073 2848 3299 2918 quidem
3331 2845 3483 2900 otfert
3508 2847 3558 2896 et
3581 2850 3772 2899 munera,

595 2949 718 3004 quae
748 2950 848 3004 per
865 2934 1115 3004 singulos
1147 2941 1458 2989 nascuntur
1474 2952 1651 2990 annos
1680 2936 1871 2990 omnia
1888 2942 2179 3006 creantur;
2264 2940 2439 2993 refert
2456 2944 2647 2993 autem
2665 2938 2967 3008 impetrata
2985 2953 3088 3007 per
3110 2952 3316 3007 corpus
3338 2940 3393 2988 et
3410 2930 3706 3001 sanguinem,
3729 2928 3771 2976 et

595 3020 674 3075 sic
712 3021 902 3092 itaque
938 3029 995 3076 et
1017 3023 1076 3077 in
1105 3040 1171 3077 eo
1201 3024 1350 3094 quod
1379 3022 1589 3078 semell
1621 3024 1814 3091 voluit,
1839 3032 1897 3079 et
1919 3026 2182 3098 deinceps
2205 3083 2242 3098 Λ
2264 3027 2549 3083 distribuit
2576 3026 2814 3097 singulis
2833 3042 2945 3080 non
2966 3030 3245 3097 quantum
3276 3024 3419 3078 visus
3446 3017 3651 3075 exterior
3673 3028 3772 3084 prie

593 3083 829 3163 carnea;
839 3115 897 3163 et
923 3083 1254 3181 sanguinem
1275 3112 1334 3165 in
1351 3112 1456 3166 hac
1474 3083 2004 3169 commemoratione
2015 3083 2187 3185 jussit
2202 3083 2243 3142 Ο
2266 3116 2379 3183 bet,
2411 3117 2508 3170 sed
2538 3083 2811 3186 quantum
2834 3114 2972 3167 fides
2982 3083 3169 3184 capit.
3194 3121 3222 3151 ιι
3238 3112 3343 3167 Ubi
3364 3110 3483 3164 licet
3511 3083 3719 3160 sacerdos
3733 3099 3772 3150 in

593 3212 736 3263 esse,
764 3198 830 3250 fit
856 3198 1003 3268 quod
1026 3198 1284 3267 jubetur;
1308 3200 1333 3240 κ
1353 3218 1475 3272 quae
1506 3202 1552 3255 si
1574 3202 1698 3272 quis
1728 3219 1841 3257 non
1860 3204 2056 3271 credit,
2076 3205 2186 3259 im-
2266 3204 2605 3259 conscientia
2651 3203 2834 3257 malus
2864 3217 2986 3256 esse
3020 3201 3401 3265 convincatur,
3428 3212 3531 3251 non
3562 3205 3692 3246 suum
3712 3190 3773 3239 est

593 3284 686 3356 pio
706 3285 953 3340 deterior
980 3292 1101 3351 est;
1134 3288 1265 3360 quia
1286 3290 1383 3344 ille
1412 3291 1561 3360 quod
1593 3307 1705 3345 non
1733 3292 1944 3358 didicit,
1978 3310 2185 3365 appro-
2265 3294 2414 3364 quod
2444 3293 2625 3358 offert,
2658 3292 2756 3345 sed
2775 3290 3030 3345 omnium
3061 3306 3257 3361 preces
3279 3294 3335 3344 et
3352 3294 3472 3341 vota
3495 3298 3583 3355 per
3604 3288 3771 3365 omnem

591 3372 726 3427 bare
754 3390 867 3429 non
896 3380 1109 3446 potest;
1141 3377 1248 3432 iste
1277 3379 1425 3449 quod
1454 3380 1515 3434 in
1540 3380 1732 3435 multis
1772 3382 2030 3451 cognovit
2057 3364 2185 3436 con-
2266 3382 2495 3437 canonis
2512 3386 2728 3436 textum
2747 3379 3125 3435 commendat.
3149 3381 3298 3435 Nam
3322 3383 3377 3433 et
3392 3375 3509 3431 finis
3529 3364 3771 3427 orationiSv

590 3466 682 3515 tra
702 3468 963 3519 naturam
990 3466 1129 3532 fieri,
1154 3467 1323 3521 etiam
1341 3469 1402 3523 in
1423 3486 1590 3523 carne
1618 3469 1829 3524 Christi
1852 3450 1965 3524 non
1986 3471 2180 3528 credit.
2265 3476 2591 3527 cunctorum
2652 3469 2876 3523 vocibus
2916 3469 3306 3533 confirmatur,
3340 3466 3431 3520 ubi
3457 3476 3623 3517 omnes
3644 3458 3771 3511 Amen
3806 3450 3819 3474 ¹

590 3550 829 3624 Pr0pter
855 3554 1023 3624 quod,
1055 3555 1241 3622 homo,
1267 3557 1314 3610 si
1338 3558 1583 3612 attendis
1606 3558 1973 3625 sacerdotem,
1997 3565 2182 3614 atten-
2265 3576 2396 3615 voce
2434 3574 2679 3613 consona
2703 3558 2914 3612 dicunt.
2951 3556 3165 3612 Idcirco
3195 3573 3308 3612 non
3346 3554 3499 3609 unius
3523 3554 3599 3604 est
3620 3560 3641 3589 ι
3663 3537 3769 3612 (Ιαοδ

589 3641 660 3695 de
689 3642 976 3698 Christum
1002 3644 1250 3700 Verbum
1280 3646 1467 3702 Patris
1487 3648 1635 3718 quod
1663 3665 1793 3703 caro
1818 3656 1921 3717 est,
1946 3656 2004 3704 et
2033 3650 2183 3721 quod
2264 3666 2366 3722 pro
2394 3649 2586 3704 multis
2604 3647 2855 3713 offertur,
2871 3651 2929 3701 et
2951 3647 3262 3701 multorum
3281 3642 3522 3717 precibus
3546 3633 3770 3722 conﬁrma-

514 3716 531 3731 ⁸
588 3731 760 3785 semel
799 3732 1008 3787 factum
1049 3739 1152 3801 est,
1198 3736 1446 3805 quotidie
1473 3716 1596 3790 fieri
1638 3737 1698 3790 in
1727 3738 1993 3808 mysterio
2020 3716 2182 3794 lTuon
2263 3716 2376 3794 tur.
2390 3738 2535 3792 Nam
2550 3735 2890 3790 etDominus
2910 3735 3197 3803 ait:Quod
3209 3716 3312 3805 pro
3328 3732 3509 3787 multis
3523 3721 3769 3809 effunfw'f’:

588 3819 829 3886 dubites,
861 3821 997 3876 dum
1026 3839 1128 3893 per
1162 3803 1269 3878 hoc
1296 3841 1426 3879 caro
1459 3830 1517 3879 et
1542 3827 1772 3897 sanguis
1785 3803 1958 3882 vcibus
1989 3834 2182 3882 noster
2260 3831 2324 3882 in
2358 3828 2780 3881 remissionnem
2823 3829 3169 3894 peccatorum
3197 3803 3406 3893 (Matth.
3449 3829 3575 3871 xxvi.
3608 3806 3698 3900 28)-

586 3908 888 3965 efficiturm
914 3917 1187 3967 aeternus:
1212 3914 1284 3967 ad
1313 3914 1417 3968 hoc
1447 3896 1672 3986 quippe,
1694 3921 1760 3970 ut
1787 3921 1845 3969 et
1873 3932 1974 3971 nos
2004 3917 2179 3972 simus
2261 3917 2412 3972 enim
2440 3924 2464 3965 !
2491 3930 2592 3987 pro
2620 3930 2682 3968 se
2700 3919 2924 3967 tantum
2947 3917 3114 3979 esset,
3145 3914 3272 3983 ejus
3300 3908 3492 3965 merita
3514 3903 3637 3958 Deus
3651 3896 3765 3949 forsi-

657 4040 683 4069 ι
700 4017 879 4095 Editi,
895 4035 1021 4095 cum
1034 4019 1261 4095 aliquot
1277 4037 1436 4087 mss.,
1458 4023 1819 4090 perferenda;
1844 4039 1949 4077 ms.
1975 4023 2173 4095 Major.
2259 4024 2486 4076 dictam.
2502 4021 2841 4095 Repugnant
2858 4037 2991 4073 mss.
3016 4018 3112 4090 qui
3136 4020 3423 4090 apponunt
3446 4016 3606 4067 autem
3630 4008 3675 4057 et
3697 4013 3763 4052 ex-

586 4088 738 4165 Mon_.
775 4108 787 4142 :
822 4090 1048 4165 Ut_quid
1066 4095 1130 4165 in
1142 4088 1381 4165 sublime
1401 4088 1747 4165 perferenda.
2063 4088 2082 4095 ⁷
2258 4088 2752 4165 pungunt-inquit.
2772 4162 2786 4165 Α
2810 4162 2845 4165 μ
2956 4164 2969 4165 7
2989 4163 3003 4165 _
3034 4088 3052 4090 “
3478 4160 3487 4165 κ
3568 4150 3602 4165 ν

658 4159 776 4233 bin
806 4148 938 4213 cod:
962 4161 1137 4215 Laub.
1170 4162 1368 4232 incipit
1385 4148 1511 4233 ἑαρί
1538 4164 1736 4217 xxxv
1769 4182 1781 4216 :
1809 4165 2041 4232 Quando
2063 4180 2177 4219 non
2258 4148 2278 4165 ‘
2328 4177 2355 4218 ρ
2376 4148 2695 4217 ‘Anic’ienéis
2720 4162 2907 4216 addit:
2941 4163 3004 4217 Id
3027 4163 3417 4232 estjudicatam
3445 4160 3488 4208 et
3513 4148 3759 4205 solidatam-

587 4230 847 4304 t'nef/lcatc
874 4234 947 4284 sit
984 4248 1048 4286 ea:
1074 4248 1126 4285 se
1154 4230 1334 4300 facere
1358 4230 1501 4303 quod
1529 4238 1665 4300 vult,
1700 4238 1798 4303 qui
1825 4230 2022 4290 cuncta
2044 4238 2175 4304 fecit
2328 4262 2356 4303 q
2380 4235 2502 4289 Duo
2521 4251 2677 4298 mss.,
2710 4234 2977 4300 digneris.

587 4315 651 4351 ex
675 4301 871 4353 nihilo.
1365 4301 1382 4303 θ
1709 4301 1725 4303 “
2044 4301 2054 4304 ’
2330 4301 2355 4345 ί
2378 4304 2546 4369 Editi,
2578 4307 2641 4357 in
2672 4306 2849 4361 nobis.

658 4371 895 4456 eniam”
929 4388 1061 4456 non“
1076 4388 1229 4427 novo.
1282 4443 1313 4456 Λ
1368 4445 1416 4456 η
1547 4449 1556 4456 _
1822 4450 1831 4456 .
2193 4399 2241 4456 D
2331 4383 2352 4413 ⁸
2381 4377 2445 4431 In
2465 4364 2630 4430 editis
2657 4375 2817 4429 deest
2845 4374 3069 4440 Christi,
3097 4374 3248 4444 quod
3275 4371 3503 4428 retinent
3527 4377 3636 4418 mss.
3658 4364 3761 4426 pene

657 4450 684 4487 d
708 4442 843 4517 Cod.
875 4459 992 4513 reg.
1027 4444 1190 4498 Suec.
1223 4462 1235 4497 :
1273 4443 1416 4510 Quid
1455 4449 1620 4514 putas
1659 4450 1869 4513 quanta
1918 4462 1987 4500 ea:
2012 4442 2240 4517 carne"
2263 4464 2475 4502 omnes.
3114 4442 3133 4444 —
3342 4516 3353 4517 ί
3478 4512 3510 4517 γ,
3584 4507 3593 4517 .

586 4515 797 4571 Christi
824 4520 848 4568 Ρ
946 4512 963 4513 ί
1456 4512 1465 4514 ⁷
1674 4512 1683 4513 ί
2156 4512 2167 4525 “
2328 4524 2346 4559 ι
2375 4518 2510 4572 Cod.
2544 4518 2685 4586 Maj.
2722 4518 2896 4577 Mon.,
2927 4517 3002 4570 ad
3037 4521 3236 4570 nostra
3263 4512 3641 4586 redemptio‘nis;
3677 4567 3706 4586 η

658 4564 855 4658 é'i‘r'e's
882 4603 1039 4653 mss.,
1071 4588 1331 4655 inefﬁcax
1357 4591 1432 4640 est
1461 4589 1697 4658 exsequi.
1793 4656 1803 4658 _
1833 4657 1842 4658 ί
2330 4599 2357 4628 υ
2380 4564 3446 4658 camilli.
3469 4599 3484 4658 _:

658 4656 681 4700 τ
700 4658 821 4712 Duo
843 4675 976 4713 mss.
1008 4646 1141 4713 Etsi
1161 4646 1333 4728 panes
1352 4660 1531 4713 auxit.
1565 4646 1713 4711 Editi
1740 4656 1957 4713 addunt
1982 4661 2064 4715 Ea:
2096 4664 2181 4715 ni-
2261 4662 2508 4713 sacerdos
2536 4662 2601 4712 in
2627 4660 2956 4713 conscientia
2991 4646 3174 4712 malus
3204 4646 3308 4711 esse
3332 4646 3762 4728 convincalutji

589 4726 755 4800 hilo,_
755 4730 902 4800 quod
942 4746 1075 4783 mss.
1108 4715 1303 4784 omnes
1332 4734 1680 4800 expungunt.
2261 4747 2427 4784 suum
2463 4735 2536 4784 est
2576 4731 2718 4798 quod
2746 4733 2919 4797 o/fert,
2949 4731 3039 4783 sed
3062 4744 3247 4798 preces
3274 4732 3322 4781 et
3346 4729 3459 4779 vota
3479 4732 3569 4789 per
3597 4715 3760 4764 omnem

654 4808 687 4851 τ
712 4796 863 4852 Editi
885 4800 1078 4861 Sirm..
1110 4818 1279 4869 quam
1301 4796 1656 4856 naturae-non
1675 4802 1895 4855 dederat
1915 4819 1932 4864 ;
1957 4805 2018 4854 at
2043 4818 2176 4856 mss.
2263 4804 2492 4856 canonis
2516 4796 2723 4855 lenitum
2743 4796 3105 4855 commendat.
3542 4855 3597 4869 π
3614 4837 3759 4869 4",,

590 4882 986 4944 omnes,qua_m
1004 4845 1212 4925 natam
1228 4845 1339 4927 non
1363 4845 1603 4939 dederat,
1627 4878 1683 4927 et
1694 4845 1929 4944 quidem,
1942 4877 2006 4924 ut
2019 4872 2181 4928 nobis
2332 4872 2449 4944 vald
2478 4876 2573 4944 est;
2592 4871 2841 4944 canonis,
2880 4872 3043 4944 cujus
3086 4871 3259 4944 ﬁnem
3286 4873 3523 4944 tempori

586 4925 808 4993 videtur
826 4925 1055 4994 ‘melius.
1638 4925 1648 4926 γ
1667 4925 1679 4927 ἡ
1710 4925 1765 4944 Γ
2133 4925 2176 4928 ἡ
2262 4925 2530 4998 Radberti
2552 4925 2791 4996 faciebat
2816 4925 2994 4997 oratio
3019 4942 3207 4995 Libera
3230 4956 3340 5002 n03.
3357 4925 3468 5005 ᾳίιθε
3485 4925 3760 5005 Domini???

656 4954 808 4993 Jetur
836 4954 1055 4994 melius.
2264 4954 2530 4998 ttadbertx
2552 4954 2791 4996 iaciebat
2816 4954 2994 4997 oratio
3019 4954 3207 4995 Libera
3230 4956 3340 5002 nos,
3357 4954 3468 5059 qbuze
3485 4954 3760 5005 uuwuuw":

656 5010 890 5105 {Il/duc.
923 5011 1080 5096 addit
1118 5014 1380 5105 Virginis.
1564 5092 1581 5105 Δ
1651 5088 1661 5099 ⁹
1708 5091 1723 5105 ι
1856 5036 1864 5045 ·
1933 5093 1949 5105 ι
2104 5091 2145 5105 μ
2262 5014 2622 5105 sequebatur.
2654 5014 2810 5105 Ejui
2831 4984 3760 5105 cpncluslipne-mdcelcnrfgisicjsrggz

659 5081 903 5173 iVaticq
936 5086 1069 5173 quia
1107 5071 1325 5173 'natgira
1354 5092 1609 5140 manente
1636 5088 1856 5154 integra
1901 5093 1949 5141 et
1991 5091 2179 5156 gratia
2263 5071 2377 5140 alta
2395 5101 2526 5139 voce
2548 5071 2878 5173 pronuntiat
2894 5085 3008 5137 sive
3028 5071 3756 5173 decantatlutgulllgfﬁnzt’lgf

586 5154 757 5207 etiam
778 5157 841 5207 ίη
869 5138 1230 5209 όνέαιηνίεαιί
1256 5138 1440 5210 usuin.
1731 5138 1776 5154 ὐ
1906 5138 1942 5141 Ἥ
1991 5138 2039 5156 vi
2408 5138 2786 5210 resnandeant
2812 5157 3006 5209 Amen.
3029 5154 3173 5208 Nam
3205 5138 3323 5210 quae
3349 5138 3627 5210 praecedunt
3657 5140 3707 5179 5“

658 5228 676 5282 i
704 5225 839 5280 Cod.
872 5226 1072 5296 Major.
1105 5227 1254 5280 Mon.
1293 5245 1304 5280 :
1348 5228 1500 5294 Quod
1525 5243 1734 5296 semper
1754 5230 1949 5283 voluit.

658 5297 686 5339 ιε
712 5297 817 5351 Hic
842 5297 963 5351 cod.
997 5296 1172 5351 Laub.
1205 5297 1403 5368 incipit
1439 5314 1561 5369 cap.
1592 5299 1818 5354 XXXVI
1847 5315 1860 5355 :
1897 5298 2047 5366 Quod
2080 5300 2180 5367 qui

586 5379 702 5419 non
727 5370 918 5432 credit,
949 5371 1121 5436 impio
1149 5370 1385 5421 deterior
1405 5373 1498 5421 est.

658 5437 673 5480 ι
703 5439 768 5492 In
797 5439 961 5493 editis
1005 5439 1163 5494 deest
1190 5441 1254 5492 in
1290 5442 1569 5506 mysterio.

658 5518 700 5547 ω
716 5509 803 5564 Ita
830 5527 962 5565 mss.
987 5512 1051 5565 In
1078 5510 1242 5565 editis
1263 5509 1617 5565 desideratur
1634 5516 1888 5566 aeternus.

657 5572 686 5601 ¹¹
716 5580 883 5651 Editi,
912 5584 1215 5636 obsecrans.

657 5657 683 5686 ο
704 5651 850 5721 Editi
881 5671 893 5708 :
926 5655 1197 5723 Rogamus
1225 5654 1368 5715 hanc
1388 5655 1737 5721 oblationem,
1768 5656 1979 5724 inquit,
2019 5654 2175 5707 bene-

2261 5139 2391 5211 voce
2408 5139 2786 5227 respdndeant
2812 5157 3006 5209 Amen.
3029 5154 3173 5208 Nam
3205 5139 3323 5224 quin
3349 5139 3605 5220 praecedlm

2261 5228 2435 5282 missa
2463 5225 2593 5281 voce
2620 5225 2970 5282 dicebantur.
3319 5292 3333 5296 _
3439 5286 3449 5296 ,

2330 5310 2355 5340 κ
2383 5298 2560 5352 Vatic.
2591 5298 2781 5368 regius
2817 5312 2983 5361 unus,
3030 5302 3087 5350 et
3132 5296 3189 5351 S.
3219 5292 3469 5368 Audoeni:

2259 5375 2333 5423 est
2364 5371 2596 5432 oblatio;
2629 5358 2828 5431 Haud,
2862 5358 2979 5422 non
3008 5368 3180 5421 unius
3218 5370 3307 5430 est,
3338 5358 3466 5430 quod

2259 5442 2589 5526 aﬂu'ld'fui'
2637 5511 2652 5526 .
2729 5510 2743 5526 1
2801 5525 2805 5526 ,
2837 5509 2872 5526 ,o
2948 5515 2958 5526 .
3185 5506 3347 5526 κως---
3375 5520 3386 5526 -
3412 5498 3461 5526 c:
3479 5493 3600 5526 ..τίθη
3620 5476 3748 5526 imit“

2327 5527 2354 5567 ν
2374 5511 2509 5566 Cod.
2535 5512 2591 5565 S.
2621 5509 2878 5565 Audoeni
2910 5515 2967 5564 et
2990 5524 3137 5564 unus
3168 5506 3348 5578 regius
3375 5498 3461 5555 :Si
3476 5493 3601 5548 enim
3620 5493 3684 5534 tm

2261 5586 2481 5638 tantum
2513 5586 2659 5635 esset.

3499 5292 3592 5334 non
3626 5266 3754 5342 αηξξξε

3500 5362 3587 5420 pro
3610 5339 3753 5394 multis
