3992 6166
180 264 329 323 1313

1065 255 1203 311 LIB.
1243 254 1338 310 DE
1375 255 1711 311 CORPORE
1749 254 1838 311 ET
1876 255 2243 312 SANGUINE
2278 256 2563 313 DOMINI.

3324 253 3461 316 1314

176 390 282 440 tan
307 393 333 419 ⁸
359 376 718 438 attendereth
741 397 752 432 :
777 393 926 433 nunc
952 381 1142 431 autem
1160 377 1292 431 licet
1318 377 1571 448 leprosus
1596 378 1671 432 sit
1687 377 1783 447 qui
1803 381 1845 438 A
1868 379 2170 449 pelluntur,
2197 384 2254 433 et
2284 379 2517 434 virtutes
2544 379 2615 434 ab
2635 379 2716 433 eis
2737 378 2993 450 plurimae
3010 385 3346 451 aperantur;
3380 384 3462 437 ita

178 475 368 539 oﬁ‘ert,
414 470 630 527 munda
674 473 810 523 sunt
838 483 961 538 quae
989 466 1349 532 hauriuntur,
1393 466 1528 536 quia
1555 484 1684 520 caro
1729 474 1786 520 et

179 563 438 634 sanguis.
469 558 776 623 Salvatoris
803 556 1013 611 nullius
1032 554 1394 609 immunditia
1406 555 1728 611 sordidatur
1740 566 1781 622 0;

179 670 253 707 ex
272 651 457 707 ofﬁcio
485 666 618 719 ergo
641 646 947 703 sacerdotis
964 645 1074 698 ista
1111 648 1169 697 et
1191 660 1305 697 non
1334 660 1400 698 ex
1422 644 1626 699 merito
1650 661 1786 716 prae-

179 746 430 798 stantur.
464 738 673 792 Idcirco
696 736 826 789 licet
853 733 881 775 ἀ
911 750 1042 788 reus
1070 732 1164 799 sit,
1186 732 1429 786 ofﬁcium
1445 733 1745 787 ministerii
1763 741 1786 768 °

179 846 410 885 sacrum
443 832 548 893 est,
591 832 648 880 et
666 825 877 897 gradus
898 821 1197 878 sacerdotii
1225 838 1260 874 a
1280 838 1498 877 summo
1524 822 1786 894 pontiﬁce

180 919 412 974 Christo
432 920 846 987 compensatur,
878 918 943 967 ut
972 911 1113 966 nihil
1144 909 1331 963 minus
1359 912 1544 969 carnis
1584 920 1641 966 et
1663 928 1788 965 san-

178 1008 376 1080 guinis
418 1006 626 1060 habeat
677 1004 781 1057 hoc
821 1002 1156 1072 mysterium
1196 1020 1230 1058 a
1271 1002 1464 1075 quovis
1494 1000 1725 1071 indigno
1745 999 1784 1066 ι’,

181 1092 378 1152 tamen
393 1093 711 1166 apostolicae
720 1091 1046 1163 propaginis
1056 1092 1400 1147 consecratio
1412 1088 1742 1144 exhibeatur
1759 1100 1789 1142 Β

182 1186 621 1242 Sacramentum
649 1181 802 1235 enim
829 1181 1194 1235 consecrandi
1231 1186 1335 1246 est,
1364 1179 1515 1251 quod
1543 1178 1715 1233 habet
1738 1178 1787 1232 is

183 1274 284 1345 qui
304 1271 622 1336 ordinatur,
655 1268 790 1339 quia
818 1284 931 1322 non
968 1285 1035 1321 ex
1064 1284 1150 1333 eo,
1198 1268 1296 1322 sed
1340 1284 1407 1321 ex
1443 1266 1622 1321 ofﬁcio
1662 1272 1719 1320 et
1755 1282 1790 1319 a

183 1378 411 1417 summo
431 1358 695 1430 pontiﬁce
724 1357 913 1426 gratia
941 1373 1111 1427 quam
1136 1356 1256 1428 ipsa
1269 1357 1491 1411 Veritas
1520 1353 1791 1427 repromi-

184 1451 261 1504 sit
298 1449 587 1520 impletur,
620 1451 685 1500 ut
712 1446 771 1499 in
800 1446 954 1499 nullo
979 1446 1356 1503 sacerdotium
1378 1446 1499 1515 ejus
1528 1449 1585 1498 et
1604 1444 1792 1516 ponti-

185 1539 389 1592 ﬁcatus
418 1536 683 1601 ofﬁcium,
720 1534 961 1604 alicujus
982 1533 1182 1588 merito
1212 1533 1542 1587 minoretur.
1568 1532 1792 1587 hVirtus

186 1628 340 1682 enim
365 1624 729 1680 consecrandi
757 1628 844 1677 est
870 1623 929 1676 in
959 1639 1044 1686 eo,
1086 1623 1235 1693 quod
1264 1622 1433 1677 habet
1455 1622 1503 1676 is
1532 1622 1629 1693 qui
1648 1621 1795 1676 ordi-

1867 468 2118 537 ejusdem
2148 468 2353 522 virtute
2402 468 2461 522 in
2508 474 2858 540 sacramento
2888 484 2923 522 a
2950 469 3114 524 malis
3148 486 3350 541 corpus
3404 477 3462 526 et

1866 556 2099 626 sanguis
2116 556 2427 622 conﬁcitur,
2459 557 2592 613 licet
2619 557 2830 612 dictum
2856 558 2947 625 sit,
2985 558 3134 630 quod
3161 559 3311 613 Deus
3334 575 3458 630 pec-

1868 648 2084 698 catores
2114 661 2227 699 non
2253 645 2466 712 audiat,
2498 646 2632 717 quia
2651 652 2709 699 et
2738 663 2908 717 super
2936 664 3140 718 aquam
3165 646 3454 719 baptismi,

1867 738 1925 787 et
1951 750 2120 803 super
2165 733 2370 800 oleum,
2422 740 2481 788 et
2518 751 2689 805 super
2732 735 3161 803 Eucharistiam,
3195 742 3255 790 et
3289 753 3464 807 super

1867 822 2052 892 capita
2063 839 2258 876 eorum
2269 822 2471 893 quibus
2485 838 2683 878 manus
2696 823 3002 895 imponitur
3013 824 3070 879 in
3085 831 3457 891 sacramento,

1866 910 1985 964 haec
2013 910 2202 965 omnia
2224 911 2283 965 in
2307 917 2658 966 sacramento
2685 929 2787 982 per
2812 914 3079 984 angelos“
3109 913 3466 983 celebrantur

1869 1004 1926 1053 et
1955 1000 2116 1054 ﬁunt.
2160 1000 2366 1055 Idcirco
2395 1001 2583 1055 valent
2619 1002 2791 1055 etiam
2817 1010 2874 1057 et
2901 1020 3001 1073 per
3038 1004 3366 1069 homicidas,
3395 1021 3462 1059 eo

1870 1088 2020 1158 quod
2049 1089 2154 1143 etsi
2183 1105 2296 1143 non
2324 1089 2570 1143 habeant
2588 1090 2858 1161 Spiritum
2889 1097 3167 1159 sanctum,
3199 1093 3348 1147 Deus
3378 1098 3465 1147 est

1870 1175 1965 1248 qui
1976 1177 2075 1230 dat
2084 1194 2185 1248 per
2194 1177 2569 1233 ministerium
2580 1196 2775 1233 eorum
2787 1181 3322 1253 eumdemSpiritum
3338 1198 3466 1237 san-

1871 1271 2023 1319 ctum
2054 1275 2092 1327 P,
2125 1272 2183 1320 et
2213 1274 2503 1321 consecrat
2518 1283 2583 1320 ex
2603 1268 2784 1322 ofﬁcio
2806 1285 3009 1324 munus
3031 1287 3145 1324 suae
3162 1271 3461 1342 largitatis;

1873 1354 2124 1425 alioquin
2145 1356 2439 1425 angustior
2456 1362 2542 1410 est
2571 1357 2757 1427 gratia
2788 1358 2996 1411 Christi
3018 1376 3187 1429 quam
3227 1360 3379 1414 fraus
3408 1364 3469 1414 et

1875 1443 2150 1497 calliditas
2178 1443 2409 1498 diaboli.
2456 1444 2513 1499 Si
2558 1445 2709 1498 enim
2752 1446 2949 1500 hortus
2998 1447 3092 1501 ille
3137 1447 3465 1503 deliciarum

1874 1531 2096 1586 clausus
2125 1532 2308 1603 potuit
2328 1532 2533 1587 habere
2561 1535 2752 1605 spinas
2789 1535 3113 1603 adversarii,
3139 1538 3314 1592 multo
3342 1554 3466 1591 ma-

1873 1620 1961 1690 gis
1982 1627 2136 1674 extra
2158 1628 2214 1675 et
2230 1621 2289 1675 in
2315 1638 2409 1676 eos
2430 1622 2523 1693 qui
2543 1622 2796 1676 membra
2818 1640 2929 1678 non
2944 1630 3078 1679 sunt
3096 1624 3323 1691 Christi,
3344 1642 3469 1697 pro-

185 1721 377 1772 natur.
413 1716 482 1769 Et
503 1714 629 1768 ideo
659 1716 1020 1777 revertentes,
1056 1712 1153 1782 qui
1182 1711 1448 1782 baptizati
1468 1716 1601 1765 sunt
1616 1709 2019 1781 prius,Bfecto
2050 1717 2276 1764 emanat
2296 1710 2417 1764 fons
2446 1711 2622 1781 ipsius
2654 1712 2870 1781 gratias.

187 1806 338 1860 sicut
360 1820 474 1858 non
499 1801 936 1873 rebaptizantur,
955 1801 1038 1854 ita
1052 1801 1248 1871 utique
1264 1800 1360 1870 qui
1374 1800 1531 1871 prius
1546 1799 1791 1854 ordinati

1945 1798 1997 1851 4.
2023 1799 2147 1852 Non
2168 1799 2339 1869 igitur
2358 1805 2659 1853 evacuatur
2678 1801 2823 1870 quod
2844 1800 3049 1872 ubique
3070 1802 3261 1873 pollet,
3286 1819 3467 1875 neque

187 1900 344 1960 sunt,
376 1908 572 1947 rursus
600 1907 713 1945 non
733 1889 1151 1954 reordinantur,
1175 1889 1246 1942 ad
1265 1888 1539 1943 unitatem
1563 1888 1793 1942 catholi-
1873 1887 2105 1941 alterius
2135 1904 2255 1941 esse
2283 1893 2485 1958 potest,
2515 1904 2682 1958 quam
2713 1890 3003 1961 proprium
3034 1891 3134 1945 Dei
3181 1897 3285 1955 est,
3333 1893 3467 1963 quia

188 1999 337 2049 eam,
355 1982 403 2036 si
424 1978 780 2045 recesserint,
799 1978 1119 2032 redeuntes.
1140 1977 1250 2031 Sed
1266 1982 1367 2031 aut
1390 1977 1790 2042 ministrant,si
1874 1975 1979 2030 etsi
2009 1980 2142 2029 sunt
2163 1976 2257 2046 qui
2279 1976 2468 2029 dicant
2487 1976 2603 2030 haec
2632 1977 2719 2031 sui
2739 1978 2927 2031 meriti
2953 1996 3092 2045 esse,
3112 1984 3171 2033 et
3188 1980 3466 2035 fornican-

185 2072 297 2126 hoc.
326 2066 584 2125 Ecclesia;
608 2068 826 2122 utilitas
850 2067 1239 2138 postulat,aut
1253 2066 1301 2120 si
1324 2082 1456 2132 non,
1475 2082 1790 2120 sacramen-
1869 2068 1965 2118 tur
1995 2081 2029 2117 a
2054 2065 2190 2131 Deo,
2214 2080 2569 2135 nequaquam
2607 2065 2704 2119 illa
2724 2067 3119 2122 exhonoranda
3142 2074 3275 2123 sunt
3291 2069 3466 2123 divini

184 2166 315 2216 tum
364 2167 556 2213 tamen
604 2155 975 2212 ordinationis
1020 2172 1135 2210 suae
1181 2160 1406 2225 gerunt,
1451 2160 1507 2209 et
1553 2154 1679 2209 ideo
1708 2155 1789 2209 eis
1864 2152 2012 2223 juris
2040 2157 2415 2221 sacramenta,
2445 2159 2509 2207 ut
2536 2171 2731 2209 eorum
2762 2156 2860 2209 illa
2891 2173 3011 2210 esse
3041 2161 3465 2227 putentur,cum

184 2265 397 2304 manus
418 2248 567 2301 inter
595 2257 606 2290 ξ
630 2245 802 2300 laicos
831 2261 946 2298 non
966 2242 1296 2314 imponitur.
1320 2244 1513 2298 Manet
1530 2243 1704 2314 igitur
1730 2243 1790 2297 in

185 2338 273 2393 eis
293 2334 635 2391 sacramenti
657 2334 834 2389 virtus
862 2332 969 2387 sibi
1010 2332 1306 2399 inutiliter,
1342 2333 1510 2387 etiam
1549 2332 1630 2387 rei
1659 2333 1794 2387 dum

185 2430 527 2481 consecrant
543 2418 583 2491 J',
622 2422 761 2478 satis
786 2427 977 2477 tamen
997 2421 1151 2476 utilis
1171 2426 1419 2492 potestas
1440 2427 1497 2475 et
1517 2421 1795 2475 ordinatio

195 2512 591 2578 consecrandi,
626 2511 758 2577 illis,
794 2510 935 2582 qui],
964 2510 1208 2581 gratiam
1245 2514 1522 2581 percepta;
1567 2509 1797 2564 benedi-

190 2601 402 2657 ctionis
451 2605 508 2654 et
558 2598 1066 2653 administrationis
1109 2599 1238 2663 ﬁde,
1287 2616 1385 2670 spe
1424 2604 1480 2652 et
1524 2598 1797 2653 charitate

191 2689 639 2745 communicant.
673 2687 687 2725 ¹
732 2689 928 2758 Neque
960 2703 1221 2758 perverso
1266 2687 1337 2741 ad
1364 2687 1601 2741 salutem
1622 2689 1795 2758 proﬁ-

196 2780 363 2834 ciunt
388 2779 506 2832 haec
534 2777 664 2832 vitae
694 2781 1045 2831 sacramenta
1059 2776 1128 2830 de
1151 2775 1360 2830 ccelesti
1387 2776 1541 2830 fonte
1569 2793 1799 2830 manan—

190 2869 306 2936 tia;
346 2866 613 2938 quoniam
643 2865 800 2919 nulla
827 2864 1183 2936 participatio
1197 2864 1430 2934 justitia:
1450 2881 1576 2919 cum
1597 2865 1801 2936 iniqui-

194 2963 344 3027 tate,
375 2956 521 3009 sicut
547 2971 649 3010 nec
679 2954 818 3008 lucis
846 2971 974 3008 cum
1001 2953 1269 3008 tenebris.
1302 2963 1340 2990 πη
1363 2954 1577 3008 Tamen
1603 2963 1631 2990 ιι
1659 2955 1801 3007 tales

1874 2240 2147 2295 Dominus
2174 2241 2278 2295 sub
2318 2243 2502 2313 specie
2532 2244 2843 2298 meretricis
2881 2262 3177 2317 synagoga;
3209 2264 3220 2299 :
3276 2250 3471 2301 Protu-

1877 2332 2011 2395 listi,
2046 2330 2248 2401 inquit,
2277 2332 2340 2384 de
2368 2346 2511 2385 auro
2542 2349 2658 2386 meo
2695 2338 2745 2387 et
2788 2339 3016 2400 argento
3046 2352 3180 2402 meo,
3215 2340 3263 2389 et
3287 2337 3470 2402 fecisti

1878 2420 1981 2471 tibi
2000 2422 2272 2487 imagines
2288 2423 2523 2475 masculi
2528 2437 2650 2489 nas,
2672 2427 2721 2475 et
2732 2423 3012 2488 fornicata
3025 2440 3076 2477 es
3088 2426 3149 2478 in
3168 2427 3243 2478 eis
3256 2425 3467 2491 (Ezech.

1878 2521 1991 2573 XVI,
2012 2508 2114 2575 17).
2144 2508 2362 2562 Deinde.
2389 2508 2503 2562 ait:
2538 2509 2807 2579 Accepisti
2842 2514 3164 2566 uestimenta
3196 2529 3316 2567 mea
3344 2529 3468 2567 ver-

1877 2599 2134 2650 sicoloria
2161 2606 2198 2662 ³,
2259 2604 2309 2651 et
2355 2600 2623 2666 aperuisti
2673 2600 2822 2653 idola
2865 2605 2980 2653 tua.
3025 2602 3213 2655 Oleum
3261 2618 3471 2670 quoque

1879 2701 2064 2739 meum
2092 2691 2141 2739 et
2161 2688 2451 2739 incensum
2475 2702 2661 2740 meum
2695 2690 2932 2754 posuisti
2958 2694 3087 2742 ante
3114 2691 3314 2756 faciem
3345 2692 3466 2743 ido-

1881 2773 2065 2826 lorum
2094 2772 2129 2824 ⁸.
2152 2773 2296 2836 Nam
2324 2778 2375 2826 et
2396 2789 2566 2842 panes
2592 2791 2734 2828 meos
2754 2792 2885 2843 quos
2904 2777 3029 2829 dedi
3050 2778 3168 2841 tibi,
3188 2782 3237 2831 et
3257 2779 3473 2832 simila-

1880 2862 2067 2928 ginem
2095 2881 2140 2926 υ,
2173 2867 2289 2929 post
2316 2877 2435 2929 qua:
2460 2864 2619 2917 melle
2660 2868 2709 2917 et
2750 2868 2861 2918 oleo
2903 2866 3081 2918 cibari
3112 2871 3179 2919 te.
3213 2865 3469 2920 Profecto

1885 2949 2016 3020 quia
2047 2949 2150 3003 etsi
2191 2950 2432 3004 carnalis
2484 2951 2675 3004 anima
2720 2952 2994 3007 convertit
3047 2954 3118 3007 ad
3164 2954 3474 3025 imaginem

192 3047 339 3100 licet
358 3044 603 3109 oderint,
630 3043 873 3097 adulteri
896 3042 1010 3096 sint
1034 3047 1091 3096 et
1117 3041 1427 3109 homicidae,
1451 3048 1510 3096 et
1546 3059 1613 3097 ex
1641 3048 1802 3114 parte
1819 3033 1863 3093 C
1884 3039 2344 3110 phantasmatum
2372 3055 2603 3093 suorum
2637 3039 2825 3094 omnia
2850 3048 3201 3097 sacramenta
3229 3050 3285 3098 et
3310 3043 3479 3098 verba

202 3133 421 3189 diaboli
448 3133 614 3203 plura
634 3130 985 3197 admiserint,
1015 3130 1150 3185 dum
1178 3130 1317 3185 falce
1337 3131 1659 3201 evangelica
1676 3148 1803 3185 nec-

199 3225 343 3279 dum
400 3220 618 3292 praacisi
667 3220 1000 3285 sacriﬁcant,
1054 3236 1168 3274 non
1217 3219 1577 3290 cogitandum
1613 3222 1709 3291 qui
1747 3225 1805 3274 et

198 3311 401 3384 quales
423 3309 555 3373 sint,
576 3308 675 3362 sed
708 3308 843 3379 quid
866 3308 1022 3369 dent,
1059 3308 1145 3361 vel
1173 3319 1197 3346 ο
1216 3308 1350 3379 quid
1379 3308 1617 3379 accipiat
1634 3308 1683 3362 is
1709 3308 1804 3379 qui

196 3416 334 3455 cum
362 3398 474 3452 ﬁde
494 3397 959 3464 communicatur,
976 3412 1157 3468 neque
1178 3396 1304 3467 quis
1320 3396 1527 3450 habeat
1543 3397 1805 3451 virtutem

198 3487 592 3552 consecrandi,
624 3485 721 3540 sed
745 3485 880 3556 quid
909 3518 935 3555 p
956 3485 1181 3541 habeat.
1212 3486 1359 3539 Nam
1398 3485 1543 3539 sicut
1577 3486 1803 3540 nomine

200 3576 439 3643 Christi,
456 3575 582 3646 ipso
609 3580 776 3642 teste,
792 3574 962 3628 etiam
977 3591 1009 3628 a
1020 3573 1289 3628 membris
1300 3573 1511 3628 diaboli
1530 3574 1805 3629 daemonia

220 3683 232 3692 '
278 3705 307 3735 ει
334 3683 423 3737 Ita
437 3686 560 3736 octo
588 3697 721 3734 mss.
756 3680 924 3734 Sirm.
960 3679 1096 3751 legit
1119 3695 1234 3734 non
1260 3680 1580 3751 attenderet.

278 3756 308 3795 ι)
350 3753 453 3807 Hic
479 3753 537 3807 in
561 3753 682 3806 cod.
707 3751 882 3806 Laub.
914 3751 1111 3822 incipit
1139 3767 1260 3822 cap.
1293 3750 1413 3804 LIV
1446 3768 1457 3802 :
1504 3752 1657 3818 Quod
1685 3753 1805 3806 licet

205 3832 454 3897 leprosus
487 3827 561 3877 sit
594 3826 693 3892 qui
728 3824 941 3897 munda
980 3825 1196 3891 prabet,
1247 3823 1461 3875 munda
1507 3827 1639 3897 sunt
1674 3840 1805 3891 saepe

205 3914 331 3967 quae
371 3898 743 3967 accipiuntur.
780 3896 913 3962 quia
944 3910 1055 3967 non
1098 3909 1226 3947 caro
1253 3897 1306 3946 et
1326 3896 1687 3967 rsanguisLest
1728 3898 1806 3949 ie-

200 3965 381 4039 prosi,
413 3969 503 4020 sed
531 3966 755 4030 Christi,
779 3981 897 4033 qua'
914 3965 1131 4019 nullius
1150 3967 1289 4017 valet
1310 3965 1677 4018 immunditia
1691 3981 1805 4018 sor-

209 4040 429 4095 didari.

282 4126 309 4153 e
336 4109 425 4163 Ita
475 4124 542 4161 ex
566 4123 700 4161 mss.
734 4105 906 4172 Editi,
938 4106 1321 4160 sordidantur.

284 4179 316 4221 ἀ
342 4180 498 4233 Unus
521 4179 641 4233 cod.
675 4178 863 4247 regius
896 4195 908 4229 :
940 4178 1081 4232 Licet
1108 4179 1357 4232 sacerdos
1378 4193 1506 4233 rcus
1533 4180 1623 4232 sit.

282 4263 310 4293 ο
347 4250 552 4315 Vatic.,
580 4251 853 4316 mysterii.

1883 3127 2027 3180 sacri
2062 3127 2288 3197 eloquii,
2311 3132 2501 3182 tamen
2530 3144 2642 3182 non
2672 3146 2775 3183 sua
2794 3131 2912 3184 haec
2932 3136 3082 3199 sunt,
3115 3148 3297 3203 neque
3319 3150 3476 3187 ama-

1883 3221 2071 3269 torum
2089 3232 2341 3282 suorum,
2379 3217 2476 3270 sed
2506 3217 2627 3284 Dei,
2660 3218 2790 3273 licet
2819 3219 3025 3274 habeat
3055 3220 3479 3276 fornicationem

1885 3320 2047 3358 suam
2074 3304 2304 3358 seducta
2330 3305 2415 3358 vel
2456 3306 2747 3361 seducens.
2782 3307 2939 3362 Unde
2972 3314 3029 3363 et
3066 3310 3341 3365 Dominus
3377 3328 3483 3365 sua

1886 3392 2003 3445 haec
2051 3409 2174 3446 esse
2201 3397 2564 3463 protestetur,
2617 3400 2675 3448 et
2704 3395 2830 3450 ideo
2869 3413 2980 3451 non
3027 3396 3296 3453 debemus
3344 3400 3482 3470 ipsis

1884 3480 2132 3534 tribuere
2163 3498 2284 3551 quae
2313 3481 2415 3535 Dei
2434 3491 2581 3548 sunt,
2612 3499 2794 3554 neque
2825 3485 2985 3555 quasi
3016 3496 3041 3520 ι’
3089 3487 3257 3540 noxia
3283 3495 3480 3559 repro-

1884 3568 2036 3635 bare,
2096 3569 2212 3623 imo
2266 3570 2520 3640 quamvis
2574 3572 2722 3642 apud
2768 3572 3126 3627 fornicariam
3186 3576 3476 3630 mulierem

1885 3675 2332 3751 r_epugnantibus
2351 3677 2590 3746 mss.qui
2611 3694 2805 3732 omnes
2825 3695 2950 3733 cum
2972 3681 3231 3750 negativa
3249 3682 3474 3751 legunt:

1886 3749 1955 3802 Et
1979 3750 2097 3820 ideo
2124 3751 2200 3801 eis
2222 3763 2423 3820 manus
2452 3751 2604 3801 inter
2633 3752 2798 3803 laicos
2828 3767 2940 3804 non
2968 3749 3311 3820 imponitur.

1956 3820 1972 3872 i
1997 3818 2144 3871 Flor.
2179 3823 2237 3871 et
2263 3818 2461 3883 Laub.,
2487 3826 2905 3879 consecrantur.

1956 3894 1985 3931 ιε
2014 3889 2273 3959 Quinque
2303 3906 2461 3955 mss.,
2494 3893 2594 3958 qui
2614 3906 2711 3958 per
2736 3894 3004 3957 gratiam.

1957 3970 1969 4007 ι
1998 3961 2064 4014 In
2090 3960 2490 4034 cod.Laub.hic
2517 3960 2712 4032 incipit
2726 3978 2847 4032 cap.
2870 3964 2989 4017 LVI
3013 3979 3027 4014 :
3059 3966 3209 4031 Quod
3224 3981 3478 4034 perverso

1886 4035 2063 4100 magis
2083 4037 2310 4103 noceant
2338 4033 2447 4103 haec
2464 4038 2810 4103 sacramenta
2839 4051 3009 4102 quam
3027 4033 3261 4103 prosint.

1959 4134 1997 4160 ω
2016 4102 2092 4177 In
2118 4102 2239 4156 cod.
2261 4101 2457 4177 _Laub._
2480 4102 2573 4177 hic
2591 4103 2788 4174 incipit
2814 4101 2935 4177 cap.
2960 4101 3141 4161 LVII:
3177 4107 3327 4174 Quod
3356 4109 3481 4161 licet

1888 4174 2135 4227 adulleri
2162 4177 2217 4247 et
2255 4174 2538 4227 homicida:
2567 4176 2683 4228 sint
2706 4174 3022 4241 sacerdotes,
3058 4183 3242 4231 tamen
3267 4180 3318 4231 si
3342 4179 3485 4247 lcga-

1888 4250 2021 4317 liter
2047 4260 2158 4298 non
2182 4246 2549 4313 deponantur,
2581 4261 2693 4300 non
2713 4249 3068 4316 cogitandum
3095 4250 3231 4317 quid
3257 4246 3488 4316 sint,sed

286 4317 571 4412 ’ἔξιθι-,κα
599 4322 786 4389 quovis
815 4320 1046 4412 indigno
1074 4320 1417 4404 exhibentur,
1452 4319 1670 4374 omissis
1715 4319 1870 4412 hisD
1890 4316 2204 4412 quidndaijt‘.

215 4391 443 4447 verbis:
497 4393 701 4446 Tamen
744 4392 1045 4458 apostolica:
1074 4393 1399 4458 propaginis
1457 4394 1806 4445 consecratio.

217 4464 418 4528 Mam.,
453 4478 487 4515 a
516 4466 707 4530 quovis
737 4463 970 4528 indigno
990 4475 1159 4528 quam
1193 4463 1489 4529 apostolica
1510 4464 1816 4530 propagine

218 4532 884 4589 consecrata.Vatic.vero
898 4531 975 4584 sic
994 4530 1131 4601 legit
1143 4531 1247 4585 hoc
1262 4531 1576 4586 membrum
1604 4549 1615 4583 :
1639 4532 1704 4588 Si
1730 4538 1816 4587 ta-

219 4622 354 4661 men
398 4606 703 4673 apostolica:
737 4604 1060 4673 propaginis
1100 4604 1447 4657 institutione
1492 4607 1822 4658 consecratio

222 4681 323 4733 exh
332 4677 566 4730 ibeatur.

292 4774 326 4816 ς
352 4746 518 4817 Apud
545 4746 779 4817 Mamet
802 4742 1307 4817 Ulim_._etin__codd.
1326 4744 1598 4810 Puteano,
1614 4744 1816 4817 Major.

217 4813 629 4881 M6n.,—Laub.,
657 4816 714 4870 S.
747 4814 1009 4884 Remigii,
1042 4813 1368 4868 Colbertino
1394 4831 1527 4881 uno,
1545 4821 1602 4869 et
1621 4813 1811 4870 Germ.

220 4906 337 4944 uno
372 4888 766 4942 desiderantur
812 4886 929 4939 haec
964 4884 1134 4940 verba
1163 4901 1176 4940 :
1209 4885 1634 4941 Sacramentum
1664 4892 1814 4942 enim

220 4961 587 5015 consecrandi
612 4961 687 5013 est
707 4959 852 5025 quod
878 4958 1037 5010 habet
1064 4959 1113 5010 is
1143 4959 1242 5025 qui
1261 4958 1580 5011 ordinatur.

292 5051 324 5088 ιι
351 5031 457 5085 Hic
484 5029 540 5083 in
573 5028 694 5083 cod.
729 5026 904 5082 Laub.
933 5027 1130 5098 incipit
1147 5027 1375 5098 cap.LV
1416 5045 1428 5081 :
1460 5029 1613 5095 Quod
1640 5030 1821 5082 virtus

220 5103 586 5158 consecrandi
605 5103 678 5154 sit
695 5101 758 5152 in
779 5116 836 5153 eo
861 5101 1005 5167 quod
1023 5100 1178 5152 habet
1204 5102 1295 5153 ille
1307 5101 1406 5166 qui
1418 5105 1491 5152 est
1505 5101 1816 5165 ordinatus,

221 5176 285 5227 id
305 5178 383 5227 est
409 5176 471 5227 in
498 5172 817 5226 sacerdotio.
843 5171 909 5224 Et
932 5171 1048 5223 ideo
1072 5185 1181 5223 non
1194 5170 1599 5223 reordinantur
1613 5170 1824 5223 haereti-

222 5248 299 5311 ci,
331 5246 502 5297 etiam
551 5243 850 5297 sacerdotes
895 5244 978 5294 vel
1018 5241 1314 5294 criminos-i
1338 5243 1542 5309 quique
1574 5241 1819 5308 depositi,

222 5318 362 5385 quia
412 5317 556 5368 sicut
606 5329 718 5367 non
751 5314 866 5365 nisi
894 5328 1074 5385 unum
1107 5313 1397 5385 baptisma,
1444 5314 1525 5365 ita
1558 5326 1682 5385 Anon
1707 5313 1824 5364 nisi

227 5383 411 5440 {lnam
440 5386 831 5447 sacerdotium,
859 5383 1006 5450 quod
1033 5398 1147 5436 non
1185 5383 1408 5450 quidem
1432 5383 1819 5450 perdiderunt,

222 5458 320 5512 scd
349 5472 462 5510 non
496 5455 870 5509 ministrandi
888 5454 1270 5518 interdictum,
1296 5458 1344 5507 et
1370 5454 1613 5521 officium
1645 5455 1826 5522 pani-

228 5530 384 5583 tendi
411 5529 788 5596 sumpserunt.

301 5598 511 5653 ISirm.
541 5614 556 5652 :
589 5598 655 5652 Et
676 5598 795 5651 ideo
815 5598 889 5651 eis
910 5612 1113 5651 manus
1134 5598 1282 5651 inter
1307 5597 1472 5652 laicos
1491 5597 1824 5665 imponitur,

1965 4396 2006 4461 η,
2022 4387 2084 4441 In
2127 4385 2345 4461 duobus
2383 4386 2592 4461 reginae
2622 4388 2780 4461 Suec.
2812 4395 2871 4445 et
2898 4390 3117 4445 duobus
3145 4390 3316 4461 regiis
3343 4406 3479 4444 mss.

1898 4457 2102 4531 omisso
2135 4459 2268 4512 tales
2299 4462 2419 4512 licet
2461 4460 2696 4526 oderint,
2726 4460 2935 4531 legitur
2961 4481 2973 4515 :
3014 4457 3366 4517 Tamen'licet
3396 4462 3488 4515 ho-

1903 4530 1992 4582 die
2014 4531 2129 4583 sint
2156 4532 2421 4583 adulteri.

1974 4609 1998 4636 ο
2024 4598 2199 4653 Laub.
2233 4618 2244 4652 :
2274 4602 2357 4655 Vel
2384 4603 2528 4673 quid
2555 4605 2830 4671 accipiant
2868 4605 2938 4656 ab
2979 4603 3064 4657 his
3092 4606 3191 4673 qui
3228 4620 3354 4657 eum
3386 4605 3491 4668 fide

1902 4673 2334 4744 communicant.
2368 4672 2504 4726 Cod.
2536 4674 2733 4743 Major.
2774 4674 2949 4740 Mon.,
2978 4676 3070 4729 sed
3093 4672 3230 4743 quid
3263 4678 3482 4744 accipit,

1901 4740 2108 4795 omisso
2132 4743 2268 4810 quid
2291 4743 2419 4795 dent
2447 4745 2547 4796 vel.

1975 4822 2000 4857 ν
2023 4813 2277 4876 Quatuor
2305 4829 2462 4878 mss.,
2484 4816 2576 4868 sed
2601 4829 2636 4867 a
2665 4830 2771 4882 quo
2799 4814 3010 4869 habeat.

1964 4891 1990 4929 ιι
2013 4883 2161 4937 Editi
2189 4883 2459 4938 omittunt
2482 4901 2585 4953 per
2611 4887 2849 4951 angelos.

1973 4965 1995 4992 ι’
2021 4954 2194 5009 Laub.
2224 4973 2235 5008 :
2277 4956 2406 5009 Ecce
2439 4961 2623 5009 tamen
2771 4957 2949 5029 ofﬁcio
2988 4974 3094 5027 quo
3140 4961 3486 5029 funguntur,

1903 5041 2112 5079 munus
2158 5042 2268 5080 sua:
2304 5028 2588 5092 largitatis
2624 5028 2821 5080 divina
2845 5028 3058 5083 exhibet
3084 5033 3488 5086 misericordia.

1903 5095 2081 5150 Vatic.
2126 5113 2252 5151 cum
2286 5096 2462 5151 altero
2509 5113 2616 5151 ms.
2653 5116 2665 5150 :
2699 5098 2821 5171 Non
2854 5100 2993 5153 deest
3025 5106 3226 5167 tamen,
3259 5105 3359 5171 qui
3398 5104 3493 5155 dat

1897 5184 2000 5237 per
2024 5170 2405 5240 ministerium
2432 5184 2620 5222 eorum
2652 5170 2901 5240 eumdem
2928 5174 3181 5240 spiritus.

1974 5252 1993 5278 ι
2019 5239 2132 5303 A1,,
2160 5241 2367 5293 diversi
2395 5243 2609 5293 coloris.
2627 5237 2803 5295 Laub.
2823 5237 3152 5298 cum-tribus
3183 5241 3309 5296 aliis
3331 5258 3490 5310 mss.,

1905 5310 2335 5364 diversicoloria.
2360 5310 2532 5377 Flor.,
2563 5314 2926 5367 versicoloris.

1978 5382 1994 5415 ε
2020 5379 2169 5435 Editi
2198 5380 2412 5436 addunt
2444 5387 2690 5437 tuorum.

1976 5462 2002 5489 υ
2035 5451 2130 5508 ΑΙ.
2169 5451 2329 5505 addit
2345 5454 2620 5511 obtulisti.

1980 5527 2007 5555 '
2037 5523 2126 5577 Ita
2152 5522 2328 5578 Laub.
2368 5540 2498 5579 cum
2543 5524 2726 5581 tribus
2768 5525 2892 5584 aliis
2939 5542 3073 5580 mss.
3112 5524 3262 5581 Editi
3305 5526 3501 5596 legunt

1910 5596 2076 5664 quasi
2112 5609 2225 5650 non
2270 5598 2507 5665 cognita.
2554 5597 2683 5653 Put.
2715 5614 2844 5653 vero
2868 5597 3048 5655 Vatic.
3077 5596 3333 5653 Laudun.
3363 5598 3498 5667 Maj.
