3992 6166
539 205 674 266 1319

1300 210 1358 264 S.
1402 200 1785 263 PASCHASII
1823 202 2183 261 RADBERTI
2220 200 2524 260 ABBATIS
2562 201 3049 260 CORBEIENSIS.

3625 211 3733 269 1320

523 331 585 385 in
614 332 896 404 principio
926 334 1214 405 pulverem
1242 332 1314 386 de
1336 336 1490 386 terra
1533 330 1767 401 accepit.
1800 334 1858 384 et
1894 329 2383 400 plasma-Accepit
2409 329 2853 400 omnipotentem
2882 328 3059 383 Deum
3088 328 3200 400 piis
3229 352 3254 384 c
3277 332 3483 401 pulsare
3506 335 3731 404 precibus,

520 416 603 470 vit
628 417 913 472 hominem
977 418 1051 473 ad
1092 417 1396 488 imaginem
1437 432 1618 480 suam,
1652 420 1711 468 et
1760 431 1925 468 nemo
1952 421 2139 485 potest

528 504 714 559 dicere
743 505 874 577 quia
893 523 1007 561 non
1028 511 1115 561 est
1151 507 1337 575 imago
1383 504 1485 558 Dei
1515 503 2095 574 incomprehensibilis
2119 517 2132 564 ;

519 597 604 652 ita
622 604 679 652 et
708 598 871 670 panis
895 616 1063 669 quem
1104 597 1237 651 dicit
1277 596 1410 667 quia
1440 612 1642 666 corpus
1662 611 1850 649 meum
1880 600 1982 661 est,
2016 612 2132 649 cre-

523 686 708 740 dimus
728 686 861 757 quia
889 686 1197 739 secundum
1227 683 1518 737 veritatem
1551 699 1751 754 corpus
1790 688 1875 737 est
1898 682 2123 737 Christi.

525 775 705 829 Senex
734 780 922 828 autem
977 774 1058 827 ait
1114 774 1195 827 eis
1223 792 1237 828 :
1272 772 1393 826 Nisi
1423 788 1542 825 rem
1571 772 1751 842 ipsam
1793 788 2123 841 cognovero,

522 880 635 917 non
670 862 808 916 mihi
839 862 1145 917 satisfaciet
1163 860 1358 932 petitio
1379 866 1584 914 vestra.
1610 860 1698 914 llli
1734 867 1921 914 autem
1971 859 2126 914 dixe-

518 956 654 1005 runt
679 951 751 1004 ad
780 967 908 1004 eum
942 968 953 1003 :
987 950 1367 1021 Deprecemur
1412 948 1717 1002 Dominum
1774 947 2128 1002 hebdomade.

522 1040 627 1093 hac
655 1040 725 1093 de
749 1041 1021 1112 mysterio
1068 1040 1194 1103 hoc,
1230 1044 1289 1092 et
1341 1037 1641 1103 credimus,
1673 1036 1808 1107 quia
1854 1026 2138 1091 Dominus.

520 1128 733 1183 revelat
750 1127 932 1182 nobis.
953 1129 1131 1183 Senex
1147 1143 1274 1180 vero
1307 1125 1556 1196 suscepit
1575 1142 1702 1179 cum
1726 1124 1932 1195 gaudio
1951 1124 2122 1178 istum

521 1234 862 1282 sermonem,
894 1223 951 1271 et
979 1214 1387 1287 deprecabatur
1407 1215 1582 1268 Deum
1616 1214 1834 1267 dicens:
1866 1213 2122 1277 Domine,

518 1312 583 1361 tu
611 1307 899 1378 cognoscis
923 1304 1055 1376 quia
1074 1321 1186 1359 non
1215 1321 1315 1374 per
1346 1302 1618 1356 malitiam
1650 1302 1972 1356 incredulus
2001 1318 2127 1356 sum

520 1396 581 1451 in
630 1413 691 1450 re
741 1397 864 1458 hac,
907 1394 1005 1448 sed
1034 1409 1104 1447 ne
1135 1410 1237 1464 per
1274 1391 1653 1462 ignorantiam
1684 1408 1902 1457 errem;
1943 1391 2130 1444 revela

525 1502 658 1555 ergo
676 1484 837 1550 mihi,
870 1482 1106 1537 Domine
1134 1482 1267 1535 Jesu
1310 1480 1551 1545 Christe,
1584 1480 1732 1550 quod
1774 1496 1968 1533 verum
2001 1485 2123 1547 est;

524 1574 623 1627 sed
653 1578 709 1627 et
730 1572 811 1625 illi
841 1588 1004 1625 senes
1033 1570 1303 1624 abeuntes
1328 1569 1387 1622 in
1408 1569 1575 1623 cellas
1596 1584 1746 1631 suas,
1772 1567 2047 1639 rogabant
2073 1574 2130 1622 et

2218 423 2283 472 ut
2305 417 2411 473 sibi
2442 422 2785 472 monstraret
2815 423 3075 472 naturam
3124 420 3370 489 corporis
3401 420 3582 476 Christi
3604 427 3737 495 atque

2218 499 2774 579 sanguinis.‘ltaque
2822 523 2937 561 non
2990 524 3053 561 ex
3096 507 3443 570 inﬁdelitate.
3471 517 3530 564 ut
3558 513 3736 577 assolet,

2211 596 2309 650 sed
2342 613 2407 650 ex
2437 595 2649 667 pietate
2687 594 2894 649 mentis
2939 596 3049 650 ista
3076 596 3307 668 petivit;
3346 598 3516 652 fuerat
3560 601 3681 655 enim
3716 619 3742 655 a

2211 702 2386 757 puero
2415 685 2616 740 divinis
2643 684 2861 756 legibus
2897 685 3170 749 imbutus,
3224 692 3282 741 et
3307 693 3519 759 propter
3543 706 3740 744 amorem

2210 776 2438 847 superni
2491 776 2658 845 Regis
2707 777 2840 829 olim
2899 776 3095 847 patriae
3146 777 3286 829 ﬁnes
3316 782 3371 830 et
3388 776 3555 830 dulcia
3577 777 3741 847 liqueat

2209 881 2360 930 arva,
2381 870 2464 929 ,ut
2520 864 2727 919 Christi
2784 865 3054 936 mysteria
3091 866 3252 918 exsul
3306 864 3487 920 sedule
3533 866 3737 921 disceret.

2209 954 2418 1009 Idcirco
2448 955 2571 1023 ejus
2601 970 2793 1008 amore
2819 954 3000 1024 magis
3054 970 3379 1021 succensus,
3411 956 3629 1025 quotidie
3652 973 3743 1026 pre-

2207 1042 2353 1096 tiosa
2380 1058 2616 1096 munera
2660 1042 2918 1107 offerens,
2962 1042 3235 1114 poscebat
3259 1043 3362 1097 sibi
3393 1045 3741 1114 prtemonstrari

2208 1148 2331 1201 quae
2358 1131 2500 1185 foret
2530 1131 2742 1202 species
2775 1132 3003 1186 latitans
3032 1131 3136 1187 sub
3176 1131 3359 1186 forma
3384 1133 3533 1202 panis
3556 1139 3607 1186 et
3628 1133 3739 1198 vini;

2210 1236 2323 1273 non
2360 1221 2491 1291 quia
2516 1220 2587 1274 de
2609 1219 2818 1274 Christi
2847 1237 3078 1292 corpore
3101 1220 3313 1275 dubius
3339 1226 3496 1287 esset,
3530 1221 3617 1275 sed
3645 1223 3744 1293 quia

2208 1310 2294 1361 vel
2323 1309 2403 1363 sic
2430 1309 2714 1364 Christum
2738 1326 2966 1363 cernere
3008 1311 3197 1375 vellet,
3247 1327 3413 1381 quem
3458 1327 3604 1364 nemo
3634 1327 3743 1364 mor-

2207 1398 2406 1451 talium
2446 1399 2566 1467 jam
2624 1415 2794 1469 super
2839 1404 2993 1453 astra
3038 1400 3310 1466 levatum,
3341 1399 3398 1453 in
3437 1397 3742 1470 terr-isdpas-

2209 1486 2314 1540 sim
2344 1487 2665 1557 conspicere
2721 1492 2923 1558 potest.
2983 1488 3238 1543 Venerat
3284 1505 3414 1559 ergo
3451 1489 3533 1542 die
3558 1494 3611 1542 ut
3634 1489 3743 1542 idem

2209 1574 2498 1629 celebrans
2527 1574 2617 1646 pie
2639 1576 2915 1630 solemnia
2941 1570 3263 1631 missarum'
3283 1594 3435 1632 more
3483 1578 3625 1631 solito
3647 1594 3746 1648 pro-

525 1661 631 1732 ipsi
674 1662 855 1715 Deum
906 1660 965 1714 in
1010 1659 1163 1713 cellis
1216 1659 1334 1712 suis
1389 1658 1675 1711 dicentes:
1718 1650 1952 1712 Domine
1990 1640 2400 1719 JeSuBcubuit
2426 1640 2708 1735 genibus:
2746 1667 2811 1719 Te
2864 1667 3141 1734 deprecor,
3199 1667 3404 1736 inquit,
3439 1640 3743 1734 Omnipotens,

524 1750 765 1815 Christe,
800 1749 986 1803 revela
1033 1747 1151 1802 seni
1201 1746 1533 1819 mysterium
1566 1747 1688 1807 hoc,
1719 1751 1785 1799 ut
1823 1746 2036 1813 credat,
2069 1751 2123 1800 et

520 1856 633 1893 non
663 1839 865 1909 perdat
892 1836 1139 1891 laborem
1163 1853 1349 1891 suum.
1386 1834 1676 1889 Exaudivit
1706 1834 1832 1889 illos
1854 1834 2127 1889 Dominus

522 1933 578 1983 et
606 1927 957 1982 hebdomade
1002 1926 1281 1997 completa
1332 1929 1605 1979 venerunt
1630 1924 1919 1978 Dominico
1948 1925 2037 1978 die
2068 1924 2129 1978 in

523 2016 834 2083 ecclesiam,
858 2023 915 2070 et
936 2016 1207 2070 sederunt
1234 2013 1341 2085 ipsi
1370 2018 1487 2067 tres
1516 2013 1621 2067 soli
1651 2029 1819 2084 super
1846 2013 2018 2067 sedile
2056 2014 2125 2067 de

520 2106 690 2178 sirpo,
725 2105 874 2177 quod
905 2105 965 2159 in
997 2104 1225 2159 modum
1255 2101 1419 2157 fascis
1440 2107 1562 2156 erat
1581 2102 1815 2172 ligatum
1842 2120 1854 2165 ;
1904 2102 2123 2157 medius

518 2194 721 2250 horum
742 2193 973 2249 sedebat
989 2210 1157 2248 senex
1177 2192 1288 2246 ille.
1316 2191 1511 2263 Aperti
1537 2197 1669 2245 sunt
1689 2197 1877 2245 autem
1899 2191 2122 2245 intelle-

520 2285 733 2338 ctuales
758 2283 902 2337 oculi
933 2299 1146 2348 eorum,
1171 2286 1230 2335 et
1256 2282 1480 2352 quando
1510 2280 1680 2351 positi
1709 2285 1841 2334 sunt
1867 2297 2038 2351 panes
2063 2281 2123 2335 in

520 2372 719 2439 altare,
752 2370 1048 2425 videbatur
1078 2370 1189 2424 illis
1234 2370 1626 2424 tantummodo
1645 2369 1826 2424 tribus
1852 2376 2120 2441 tanquam

519 2461 791 2531 puerulus
814 2462 1008 2530 jacens
1064 2475 1232 2531 snper
1284 2460 1482 2523 altare,
1515 2464 1573 2512 et
1618 2475 1744 2513 cum
1784 2459 2125 2513 extendisset

522 2549 816 2621 presbyter
865 2566 1119 2615 manum,
1153 2554 1216 2603 ut
1267 2548 1553 2619 frangeret
1579 2564 1802 2619 panem,
1836 2548 2122 2603 descendit

412 2670 417 2675 -
519 2639 754 2709 angelus
790 2638 1014 2694 Domini
1060 2638 1128 2692 de
1157 2638 1296 2691 cmlo
1340 2637 1552 2691 habens
1579 2638 1822 2692 cultrum
1844 2636 1901 2690 in
1920 2654 2116 2704 manu,

518 2734 576 2783 et
599 2729 931 2784 sacriﬁcavit
952 2728 1250 2799 puerulum
1275 2727 1454 2787 illum,
1483 2726 1815 2796 sanguinem
1844 2743 1973 2780 vero
1998 2728 2121 2796 ejus

520 2817 833 2890 excipiebat
860 2818 920 2871 in
940 2816 1129 2872 calice.
1146 2817 1284 2870 Cum
1307 2820 1496 2869 autem
1521 2814 1814 2886 presbyter
1838 2814 2123 2884 frangeret

518 2908 576 2961 in
605 2907 792 2979 parvis
819 2904 1073 2977 partibus
1100 2920 1324 2976 panem,
1358 2904 1529 2956 etiam
1557 2908 1614 2956 et
1648 2904 1882 2972 angelus
1909 2902 2123 2958 incide-

2200 1754 2383 1821 pande
2412 1753 2556 1805 mihi
2574 1755 2769 1820 exiguo
2794 1756 2858 1806 in
2881 1754 2977 1806 hoc
2988 1758 3257 1821 mysterio
3285 1760 3541 1808 naturam
3559 1757 3745 1822 corporis

2209 1840 2433 1905 Christi,
2456 1846 2515 1894 ut
2545 1841 2691 1893 mihi
2720 1843 2879 1894 liceat
2895 1857 3021 1894 eum
3034 1845 3349 1911 prospicere
3372 1847 3653 1910 praesentem
3663 1858 3746 1894 cor-

2206 1945 2363 1998 poreo
2391 1930 2531 1990 visu,
2563 1934 2610 1981 et
2634 1930 2876 1996 formam
2899 1932 3083 1998 pueri,
3119 1946 3283 1999 quem
3305 1933 3437 1984 olim
3459 1932 3599 1982 sinus
3620 1940 3640 1970 ε
3663 1944 3745 1981 ma-

2209 2019 2313 2070 tris
2342 2020 2471 2071 tulit
2502 2020 2827 2086 vagientem,
2856 2034 3008 2072 nune
3036 2021 3302 2072 manibus
3326 2024 3650 2081 contrectare;
3672 2016 3742 2086 qui

2205 2107 2338 2160 dum
2367 2105 2505 2159 talia
2534 2112 2878 2177 precaretur,
2900 2107 3136 2177 angelus
3168 2108 3240 2162 de
3260 2108 3397 2161 coelo
3423 2106 3625 2160 veniens
3646 2105 3743 2158 alia-

2204 2200 2299 2249 tur
2338 2213 2350 2247 :
2395 2196 2594 2265 Surge,
2637 2196 2839 2266 inquit,
2890 2212 3149 2267 propere,
3207 2197 3255 2250 si
3284 2196 3553 2251 Christum
3601 2194 3743 2248 videre

2205 2284 2422 2355 placet;
2465 2284 2626 2338 adest
2672 2301 2917 2355 praesens
2958 2302 3233 2356 corporeo
3301 2285 3522 2339 vestitus
3563 2283 3742 2347 amictu,

2207 2390 2373 2443 quem
2402 2390 2560 2427 sacra
2584 2389 2859 2445 puerpera
2882 2373 3075 2443 gessit.
3123 2375 3286 2429 Tunc
3321 2372 3623 2427 venerabilis
3653 2387 3744 2442 pre-

2205 2462 2396 2533 sbyter
2416 2462 2650 2533 pavidus
2673 2461 2744 2516 ab
2763 2462 2877 2516 imo
2907 2464 2926 2504 ΐ
2948 2462 3166 2517 vultum
3200 2463 3437 2534 erigens,
3486 2461 3607 2514 vidit
3631 2473 3651 2513 ε
3673 2476 3744 2512 su-

2202 2569 2303 2622 per
2331 2569 2486 2606 arum
2516 2552 2699 2607 Patris
2720 2552 2923 2606 Filium
2952 2560 3218 2623 puerum,
3281 2569 3442 2624 quem
3471 2551 3663 2606 Simeon
3684 2548 3744 2601 iu-

2202 2640 2410 2694 fantem
2441 2646 2666 2712 portare
2695 2641 2811 2695 suis
2838 2642 2985 2695 ulnis
3011 2648 3420 2712 promeruerat.
3445 2640 3540 2695 Cui
3562 2637 3743 2707 angelus

2201 2730 2414 2800 inquit:
2448 2730 2592 2794 Quia
2626 2730 2912 2784 Christum
2951 2730 3139 2785 videre
3186 2731 3412 2802 placuit,
3447 2746 3592 2800 quem
3625 2725 3743 2797 prius

2204 2818 2308 2872 sub
2345 2818 2529 2889 specie
2568 2818 2728 2889 panis
2764 2817 2949 2872 verbis
3003 2819 3262 2890 mysticis
3308 2834 3518 2873 sacrare
3553 2813 3744 2878 solebas,

2204 2923 2353 2962 nunc
2382 2907 2558 2961 oculis
2579 2907 2808 2980 inSpice,
2857 2914 3096 2962 attrecta
3121 2908 3405 2963 manibus.
3436 2909 3575 2962 Tunc
3597 2918 3743 2958 sacer-

516 2995 617 3049 bat
655 2994 816 3065 pueri
871 2992 1122 3047 membra
1151 3009 1252 3063 per
1297 2991 1548 3046 modicas
1577 2997 1785 3061 partes.
1818 2993 1960 3068 Guy
1989 3009 2121 3063 ergo
2139 2994 2182 3053 Ο
2201 2995 2302 3050 dos
2331 2996 2542 3050 caelesti
2591 3012 2825 3050 munere
2854 2995 3049 3061 fretus,
3081 2996 3236 3067 quod
3284 2996 3481 3049 mirum
3505 2994 3637 3047 dictu
3659 2996 3741 3058 est,

516 3084 844 3137 accessisset
864 3097 1052 3147 senex,
1087 3086 1153 3134 ut
1180 3080 1457 3150 acciperet
1496 3085 1745 3133 sanctam
1777 3082 2120 3135 communio-

515 3188 668 3236 nem,
704 3171 839 3224 data
863 3175 949 3223 est
1002 3169 1109 3240 ipsi
1162 3168 1265 3222 soli
1313 3185 1443 3223 caro
1488 3169 1762 3239 sanguine
1804 3175 2113 3224 cruentata.

515 3257 678 3322 Quod
710 3274 838 3311 cum
857 3256 1107 3319 vidisset,
1130 3255 1440 3327 pertimuit,
1464 3261 1521 3310 et
1544 3256 1870 3311 exclamavit
1887 3258 2076 3313 dicens
2100 3277 2112 3312 :

517 3345 716 3412 Credo,
748 3345 1004 3411 Domine,
1056 3345 1189 3416 quia
1234 3344 1395 3415 panis
1433 3344 1529 3415 qui
1570 3345 1629 3398 in
1671 3346 1837 3400 altari
1864 3347 2110 3417 ponitur,

515 3448 718 3505 corpus
743 3438 903 3488 tuum
926 3439 1029 3501 est,
1055 3439 1112 3488 et
1140 3432 1283 3487 calix
1313 3437 1445 3487 tuus
1468 3438 1555 3487 est
1582 3434 1827 3503 sanguis,
1848 3441 1906 3488 et
1922 3436 2115 3490 statim

512 3522 662 3577 facta
690 3528 776 3577 est
797 3538 928 3577 caro
967 3522 1065 3576 illa
1104 3522 1163 3576 in
1210 3538 1383 3576 manu
1430 3523 1550 3593 ejus
1600 3523 1762 3593 panis
1807 3525 2116 3579 secundum

514 3612 871 3684 mysterium,
922 3616 980 3666 et
1031 3611 1274 3683 sumpsit
1302 3610 1440 3664 illud
1476 3611 1533 3665 in
1563 3628 1659 3665 ore
1694 3613 1906 3682 gratias
1943 3630 2115 3684 agens

509 3700 645 3757 Deo.
680 3702 955 3756 Dixerunt
982 3705 1172 3755 autem
1203 3700 1254 3753 ei
1281 3716 1444 3754 senes
1477 3718 1489 3753 :
1521 3701 1671 3755 Deus
1717 3701 1822 3755 scit
1867 3702 2115 3757 humana

509 3776 715 3845 natura
753 3790 885 3861 quia
923 3806 1033 3844 non
1074 3795 1261 3861 potest
1296 3789 1441 3844 vesci
1484 3789 1745 3844 carnibus
1789 3791 1995 3857 crudis,
2057 3797 2115 3846 et

509 3884 808 3950 prepterea
837 3878 1260 3933 transformavit
1284 3894 1486 3949 corpus
1514 3895 1676 3932 suum
1712 3879 1771 3932 in
1800 3896 2022 3950 panem,
2055 3885 2113 3934 et

511 3968 845 4039 sanguinem
875 3985 1038 4022 suum
1074 3969 1133 4022 in
1160 3967 1353 4021 vinum
1400 3967 1488 4021 his
1508 3967 1604 4038 qui
1628 3967 1766 4021 illud
1790 3968 1900 4023 ﬁde
1942 3969 2105 4024 susci-

509 4056 691 4126 piunt,
724 4063 781 4109 et
800 4060 1036 4126 egerunt
1052 4055 1266 4126 gratias
1285 4056 1401 4109 Deo
1434 4056 1502 4109 de
1532 4072 1664 4110 sene
1688 4056 1802 4122 illo,
1837 4057 1969 4128 quia
1997 4075 2111 4113 non

508 4143 769 4215 permisit
795 4144 944 4197 Deus
972 4144 1157 4214 perire
1184 4142 1433 4197 laborem
1464 4145 1606 4213 ejus,
1660 4148 1716 4198 et
1745 4145 1951 4199 reversi
1980 4152 2113 4200 sunt

506 4248 702 4286 omnes
730 4248 857 4286 cum
877 4232 1084 4301 gaudio
1103 4232 1163 4286 in
1190 4233 1359 4286 cellas
1389 4249 1537 4287 suas.

2199 3085 2349 3138 ulnis
2365 3084 2737 3139 trementibus
2752 3101 2987 3155 puerum
3002 3086 3304 3156 accepit,et
3313 3090 3496 3156 pectus
3504 3080 3740 3154 proprium

2200 3173 2409 3227 Christi
2421 3174 2631 3244 pectori
2649 3174 2863 3244 junxit;
2895 3173 3097 3227 deinde
3110 3173 3439 3244 profususin
3457 3170 3738 3241 amplexum,

2201 3262 2299 3315 dat
2328 3263 2518 3316 oscula
2548 3262 2684 3329 Deo,
2718 3268 2774 3316 et
2800 3262 2917 3316 suis
2940 3261 3102 3316 labiis
3122 3263 3334 3332 pressit
3352 3262 3441 3333 pia
3456 3258 3589 3314 labia
3614 3254 3740 3311 Chri-

2197 3351 2288 3405 sti.
2331 3350 2544 3414 Quibus
2578 3351 2659 3405 ita
2700 3351 2925 3417 exactis,
2957 3351 3231 3421 praeclara
3255 3352 3358 3405 Dei
3387 3349 3505 3404 Filii
3538 3343 3739 3400 membra

2196 3440 2446 3494 restituit
2473 3440 2530 3493 in
2562 3439 2769 3494 vertice
2799 3439 3010 3506 altaris,
3060 3445 3116 3493 et
3172 3440 3406 3511 replevit
3449 3435 3634 3491 ccelesti
3663 3447 3738 3504 pn-

2196 3528 2328 3583 bulo
2359 3528 2568 3583 Christi
2593 3543 2866 3582 mensam.
2897 3528 3040 3583 Tum
3071 3546 3270 3584 rursus
3295 3529 3322 3571 ῑι
3347 3529 3507 3582 humo
3542 3527 3737 3596 prostra-

2197 3623 2288 3671 tus
2306 3617 2637 3688 deprecatus
2656 3623 2741 3671 est
2772 3617 2968 3684 Deum,
2992 3622 3058 3671 ut
3086 3617 3416 3687 dignaretur
3443 3616 3550 3687 ipse
3575 3613 3735 3666 iterum

2196 3705 2335 3759 verti
2366 3706 2423 3759 in
2472 3706 2771 3777 pristinam
2827 3706 3102 3777 speciem;
3146 3724 3262 3778 qua
3280 3706 3489 3777 expleta
3514 3700 3732 3759 oratione,

2195 3811 2431 3865 surgens
2463 3812 2493 3849 a
2516 3800 2687 3861 terra,
2720 3795 2935 3849 invenit
2963 3812 3166 3867 corpus
3195 3796 3402 3851 Christi
3450 3794 3503 3848 in
3539 3793 3729 3845 formam

2194 3900 2474 3938 remeasse
2499 3884 2763 3955 priorem,
2805 3883 2890 3938 uti
2929 3883 3266 3954 deprecatus
3310 3885 3514 3949 fuerat;
3549 3883 3598 3933 et
3619 3876 3729 3930 mira

2158 3972 2592 4045 .omnipotentis
2622 3972 2723 4027 Dei
2755 3972 3118 4043 dispensatio,
3147 3975 3247 4045 qui
3275 3974 3343 4028 ob
3388 3971 3540 4027 unius
3562 3963 3730 4022 deside-

2164 4061 2339 4139 ‘rium
2365 4061 2447 4115 ita
2475 4079 2535 4137 se
2561 4062 2809 4132 praebere
2834 4063 3098 4134 dignatus
3145 4069 3235 4118 est
3256 4062 3532 4123 visibilem,
3565 4061 3613 4110 et
3642 4067 3727 4108 ηοη

2191 4150 2251 4205 in
2270 4152 2505 4221 ﬁguram
2529 4151 2678 4221 agni,
2711 4156 2777 4205 ut
2802 4152 2928 4206 aliis
2951 4151 3266 4223 quibusque
3290 4151 3304 4193 i
3324 4150 3422 4206 sub
3455 4150 3549 4203 hoc
3561 4147 3727 4215 mystc-

2190 4239 2295 4307 rio,
2323 4240 2421 4294 sed
2449 4240 2508 4294 in
2536 4240 2773 4294 formam
2821 4241 3003 4311 pueri,
3036 4247 3314 4312 quatenus
3366 4246 3419 4295 et
3447 4238 3626 4293 veritas
3648 4248 3725 4303 pa-

579 4320 632 4375 5.
653 4332 680 4363 a
709 4321 1126 4391 Nonnunquam
1172 4336 1302 4374 vero
1329 4320 1401 4373 ad
1438 4326 1629 4375 votum
1658 4310 2169 4378 desiderantibusD
2189 4328 2514 4389 tesceretin
2536 4333 2779 4397 ostenso,
2804 4310 2862 4383 et
2886 4310 3192 4385 sacerdotis
3223 4329 3546 4386 desiderium
3568 4320 3725 4392 imple-

504 4410 795 4465 Christum
820 4410 941 4464 hmc
961 4414 1392 4481 pmmonstmta
1406 4409 1674 4480 leguntur
1692 4429 1705 4478 ;
1726 4411 1871 4466 sicut
1888 4412 2028 4467 illud
2047 4413 2107 4468 in

504 4500 676 4569 gestis
713 4499 1044 4571 Anglorum,
1088 4499 1238 4570 quod
1290 4498 1516 4570 quidam
1584 4498 1876 4572 presbyter
1936 4502 2109 4557 fuerit

507 4588 800 4658 religiosus
876 4589 1060 4655 valde,
1138 4589 1371 4657 Pteegils
1443 4589 1671 4643 nomine
1694 4630 1707 4655 ,
1783 4590 2109 4662 frequenter

508 4677 809 4733 missarum
845 4678 1120 4733 solemnia
1140 4677 1434 4733 celebrans
1462 4679 1533 4733 ad
1563 4695 1767 4751 corpus
1781 4680 1837 4735 S.
1867 4681 2048 4736 Niniae
2077 4697 2105 4740 b
2138 4698 2141 4701 '

506 4764 749 4836 episcOpi
808 4771 866 4820 et
929 4768 1283 4834 confessoris,
1327 4767 1425 4838 qui
1477 4784 1606 4821 cum
1644 4768 1814 4839 digno
1851 4769 2107 4823 modera-

505 4854 657 4908 mine
721 4859 997 4922 sanctam,
1039 4856 1260 4911 Christo
1319 4856 1579 4929 propitio,
1641 4857 1871 4912 duceret
1905 4859 2098 4926 vitam,

572 5007 598 5040 ι
625 4996 829 5073 Hicin.
855 4996 1374 5073 cod‘.ALaub.incipit
1393 5015 1514 5070 cap.
1538 5000 1686 5055 LXI:
1721 5002 1988 5055 Miraculi
2015 5005 2101 5057 in-

505 5071 726 5124 timatio
749 5084 914 5139 super
942 5070 1087 5121 idem
1116 5076 1527 5124 sacrosanctum
1552 5075 1900 5138 mysterium.

574 5141 603 5185 b
624 5139 792 5206 Editi,
826 5140 1002 5204 Nini;
1035 5156 1141 5195 ms.
1167 5141 1364 5209 Major.
1388 5143 1562 5209 Mon.,
1587 5144 1732 5199 Nili.

574 5226 599 5258 ο
627 5213 692 5267 In
720 5212 842 5266 cod.
875 5211 1170 5281 Maj.mon.
1199 5212 1358 5264 deest
1369 5215 1500 5280 piis.

573 5287 601 5333 d
629 5283 787 5336 Anic.
816 5287 874 5337 et
921 5282 1119 5352 Major.
1149 5283 1388 5338 Monast.
1419 5300 1546 5337 cum
1576 5284 1745 5341 Ulim.
1774 5304 1786 5339 :
1815 5288 1883 5341 In
1929 5289 2096 5342 terris

496 5355 932 5426 passum._Mam.
955 5370 1083 5426 cum
1107 5354 1381 5421 Puteano,
1410 5355 1628 5426 Remig.
1651 5373 1765 5412 uno
1797 5357 1853 5413 S.
1869 5358 2097 5413 Germa—

500 5423 560 5479 ni
587 5423 797 5496 omittit
808 5428 1017 5494 passim
1042 5424 1156 5480 sive
1181 5441 1425 5496 passum.

573 5509 598 5540 ο
618 5495 793 5550 Vatic.
834 5498 1074 5565 Virginis
1106 5495 1321 5553 matris.

2190 4423 2348 4472 retur
2401 4434 2467 4472 ex
2521 4417 2811 4482 miraculo,
2840 4424 3145 4491 nostraque
3187 4421 3327 4475 ﬁdes
3366 4419 3653 4473 ﬁrmaretur
3674 4422 3723 4461 ex

2189 4507 2824 4583 relatu.vVerumtamen
2852 4524 2966 4564 non
2991 4508 3147 4579 prius
3172 4509 3322 4565 idem
3346 4501 3723 4562 communicasse

2188 4597 2348 4668 pueri
2378 4612 2578 4667 corpus
2604 4600 2660 4651 et
2674 4596 3005 4668 sanguinem
3032 4598 3260 4669 legitur,
3286 4613 3445 4670 quam
3481 4590 3657 4647 rediret
3677 4584 3721 4637 in

2186 4685 2390 4756 prioris
2412 4686 2603 4740 formae
2618 4686 2882 4757 speciem,
2899 4703 2970 4741 ne
3003 4686 3311 4743 absurdum
3332 4685 3589 4740 videretur
3602 4671 3718 4747 quod

2186 4780 2639 4845 praesumpserat,
2673 4780 2732 4829 et
2758 4775 2899 4830 ﬁdes
2924 4775 3154 4832 uberius
3199 4777 3506 4849 requiratur
3527 4763 3718 4824 interius

2184 4863 2245 4917 in
2272 4862 2469 4917 eodem
2495 4864 2643 4935 quod
2673 4864 2917 4920 exterius
2945 4865 3066 4920 visu
3096 4868 3464 4938 conspexerat.
3504 4851 3717 4913 Haeciin-

2252 5004 2275 5048 Ι
2295 5006 2408 5067 ΑΙ..
2439 5007 2510 5060 ab
2536 5008 2722 5061 humo.

2254 5088 2280 5130 8
2305 5077 2441 5153 Co_d_.
2472 5077 2650 5133 Vatic.
2682 5079 2832 5134 hunc
2878 5079 3060 5135 locum
3095 5079 3170 5135 sit
3196 5080 3331 5153 legit
3362 5099 3372 5133 :
3402 5077 3560 5153 Super
3579 5076 3709 5153 areu}

2177 5151 2387 5202 summi
2404 5151 2590 5203 Patris
2618 5153 2975 5218 unigenitum
3007 5147 3364 5208 incarnatmn
3382 5152 3562 5209 Iesum,
3582 5147 3708 5209 9W"

2176 5222 2538 5288 senemjustus
2556 5221 2797 5288 Simeon,
2828 5227 2934 5276 etc.

2248 5288 2276 5361 ξι
2308 5290 2474 5361 Editi,
2501 5297 2817 5360 prostratus
2836 5294 3012 5349 homo.

2248 5360 2263 5395 ι
2291 5360 2463 5428 Editi,
2500 5365 2849 5431 quibusdam.

2246 5437 2264 5493 i
2290 5433 2354 5488 In
2386 5426 2575 5489 codice
2593 5432 2767 5490 Laub.
2782 5435 2874 5491 hic
2898 5435 3098 5509 incipit
3123 5454 3246 5510 cap.
3268 5435 3403 5493 LXI:
3434 5426 3697 5495 Exemplum

2177 5507 2242 5559 de
2268 5521 2503 5561 manna.
