3992 6166
232 340 367 399 1321

1118 335 1253 390 LIB.
1297 334 1391 390 DE
1429 332 1767 391 CORPORE
1804 332 1894 390 ET
1932 334 2302 393 SANGUINE
2338 335 2622 394 DOMINI.

3364 343 3503 403 1322

225 467 398 523 terim
426 464 635 521 dixisse
664 461 906 519 sufﬁciat
949 461 1019 516 de
1057 461 1375 516 ostensione
1403 460 1586 516 carnis
1620 460 2010 528 ChristiAris,
2042 479 2152 534 quo
2180 468 2382 519 cuncta
2411 468 2599 518 creata
2627 469 2761 520 sunt
2785 463 3027 523 visibilia
3054 470 3113 523 et
3149 467 3447 525 invisibilia
3487 488 3499 523 :

227 572 333 628 pro
364 555 675 610 assertione
702 550 953 606 veritatis
968 595 980 607 .

303 645 355 700 6.
390 646 687 708 Caeterum,
708 642 754 695 si
776 640 900 712 quis
930 656 995 693 ex
1017 654 1082 692 eo
1097 654 1208 693 non
1235 639 1415 694 credit
1434 639 1573 694 illud
1603 639 1753 709 quod
1770 639 1830 694 in

227 733 537 803 Evangelia
558 730 913 803 praedicatur,
944 727 1247 799 prioribus,
1262 728 1514 800 inquam,
1547 728 1659 781 illis
1680 728 1833 782 dete~

226 823 349 877 rior
373 822 611 887 videtur,
644 819 763 890 qui,
791 816 896 873 sub
933 816 1102 871 unius
1130 816 1335 888 speciei
1376 823 1564 888 gustu,
1608 833 1829 870 omnem

226 927 493 983 saporem
524 915 583 964 et
610 924 775 962 omne
804 907 1276 961 delectamentum
1305 906 1414 959 ﬁde
1443 910 1826 977 perceperant.

228 999 352 1054 Nec
378 1004 570 1053 tamen
601 997 739 1051 illud
759 1002 893 1050 tunc
917 994 1069 1049 aliud
1098 998 1494 1061 monstratum,
1518 995 1647 1048 licet
1666 994 1831 1065 quid-

229 1089 367 1160 quid
401 1087 618 1159 saporis
668 1091 726 1140 et
761 1084 1155 1139 delectamenti
1185 1090 1271 1138 est
1298 1084 1562 1149 interius,
1588 1082 1692 1138 sub
1720 1099 1832 1137 uno

228 1179 545 1248 eodemque
584 1176 768 1230 colore
808 1178 992 1228 totum
1036 1188 1245 1227 manna
1272 1172 1616 1244 praestiterit.
1641 1172 1836 1227 Potior

232 1267 444 1339 quippe
479 1266 657 1319 virtus
684 1278 876 1317 rerum
906 1266 1011 1328 est,
1045 1278 1212 1333 quam
1253 1262 1465 1333 species
1515 1267 1573 1315 et
1616 1261 1836 1316 fucatus

230 1368 258 1399 ι
283 1355 458 1421 color,
507 1351 714 1407 idcirco
758 1350 933 1405 virtus
980 1366 1186 1420 magna
1212 1350 1241 1394 b
1286 1348 1691 1404 consideranda
1728 1353 1832 1413 est,

233 1460 411 1517 quam
437 1442 591 1497 color
625 1457 728 1496 seu
753 1455 922 1511 sapor
947 1438 1226 1507 exterius;
1253 1438 1388 1509 quia
1430 1438 1527 1510 qui
1566 1436 1839 1493 universis

231 1543 260 1575 ο
288 1533 559 1587 virtutem
592 1536 808 1584 natura:
835 1528 1009 1593 dedit,
1043 1527 1135 1582 hic
1160 1526 1186 1568 ιι
1216 1526 1345 1582 huic
1374 1532 1726 1582 sacramento
1751 1526 1840 1580 di-

236 1622 449 1676 vinitus
496 1618 749 1681 indulsit,
794 1623 859 1672 ut
886 1618 962 1671 sit
1012 1633 1140 1670 caro
1191 1621 1249 1670 et
1293 1616 1523 1687 sanguis
1552 1615 1748 1687 ipsius,
1778 1618 1843 1669 ut

240 1710 395 1782 quod
424 1726 553 1763 caro
581 1714 638 1762 et
664 1706 893 1777 sanguis
923 1705 1135 1760 Christi
1174 1704 1428 1759 Ecclesiae
1455 1704 1711 1769 contulit,
1738 1703 1844 1757 hoc

1912 553 2073 623 cujus
2101 568 2235 623 ergo
2264 553 2516 624 potentia
2548 560 2738 609 creata
2765 561 2900 611 sunt
2936 557 3113 629 prius,
3155 558 3277 629 ejus
3310 559 3507 631 utique

1912 640 2079 696 verbo
2111 641 2181 695 ad
2211 642 2410 697 melius
2445 648 2797 709 recreantur,
2820 645 2952 716 quia
2978 663 3145 703 nemo
3163 653 3385 704 creator
3402 648 3507 703 ali-

1912 731 2071 800 cujus
2099 726 2117 780 i
2146 730 2245 797 rei,
2278 736 2378 785 aut
2404 737 2708 796 recreator,
2742 732 2852 788 nisi
2880 751 3027 790 unus
3056 736 3207 791 Deus
3236 736 3509 793 catholice

1913 818 2266 889 praedicatur.
2291 820 2596 891 Propterea
2620 822 2955 878 veniendum
2978 830 3065 879 est
3083 825 3153 880 ad
3172 825 3337 880 verba
3352 825 3512 881 Chri-

1914 907 2006 973 sti,
2031 913 2088 962 et
2110 908 2450 963 credendum
2474 911 2622 980 quod
2648 910 2707 965 in
2730 912 2980 981 ejusdem
3008 913 3188 968 verbis
3217 914 3327 969 ista
3342 916 3511 969 confi-
3549 927 3561 977 ζ

1913 996 2156 1051 ciuntur.
2191 997 2426 1067 Reliqua
2456 1015 2581 1053 vero
2602 1000 2793 1053 omnia
2811 1017 2934 1071 quae
2953 1003 3211 1057 sacerdos
3234 1002 3387 1071 dicit,
3411 1009 3512 1058 aut

1914 1086 2096 1139 clerus
2123 1085 2275 1140 canit
2288 1080 2333 1152 ⁸,
2366 1087 2509 1140 nihil
2534 1087 2686 1142 aliud
2711 1105 2881 1160 quam
2902 1090 3095 1146 laudes
3116 1097 3173 1146 et
3196 1092 3507 1163 gratiarum

1915 1174 2163 1229 actiones
2187 1179 2338 1241 sunt,
2371 1180 2471 1229 aut
2484 1180 2635 1230 certe
2662 1176 3073 1234 obsecrationes
3101 1179 3372 1249 ﬁdelium,
3405 1198 3508 1254 po-

1918 1262 2267 1329 stulationes,
2318 1263 2633 1335 petitiones.
2680 1266 2865 1320 Verba
2893 1273 3081 1322 autem
3124 1268 3331 1325 Christi
3367 1270 3515 1326 sicut
3576 1280 3589 1297 λ

1919 1351 2108 1406 divina
2138 1358 2289 1419 sunt,
2320 1352 2402 1407 ita
2434 1353 2698 1422 efﬁcacia,
2724 1350 2737 1391 ¹
2763 1360 2827 1409 ut
2853 1355 2994 1410 nihil
3034 1357 3187 1413 aliud
3222 1360 3517 1430 proveniat

1920 1456 2090 1510 quam
2109 1440 2257 1511 quod
2270 1440 2492 1511 jubent,
2517 1441 2649 1512 quia
2668 1446 2880 1498 aeterna
2899 1449 3051 1499 sunt.
3067 1445 3291 1515 Oculum,
3308 1448 3513 1520 inquit,

1923 1534 1971 1583 et
1987 1534 2138 1582 terra
2162 1531 2510 1596 transientm,
2523 1532 2686 1586 verba
2706 1536 2893 1586 autem
2914 1549 3035 1587 mea
3062 1549 3176 1588 non
3194 1538 3517 1592 transibunt
3578 1582 3585 1587 .

1920 1619 2117 1681 (Math.
2150 1631 2297 1682 xnv,
2345 1615 2457 1686 35),
2492 1619 2589 1673 sed
2622 1618 2830 1674 facient
2867 1622 3058 1676 omnia
3097 1622 3168 1676 ad
3217 1640 3339 1694 quae
3372 1642 3518 1696 pra:-

1924 1707 2096 1761 missa
2111 1717 2137 1748 ιι
2158 1711 2307 1772 sunt,
2343 1706 2476 1777 quia
2494 1707 2679 1762 Patris
2711 1709 2936 1764 nonnisi
2963 1726 3140 1765 unum
3177 1716 3235 1766 et
3258 1713 3521 1769 substan-

239 1805 427 1855 totum
449 1802 863 1852 sacramentum
889 1795 1057 1865 hujus
1088 1793 1338 1865 mysterii
1361 1794 1654 1864 compleat,
1685 1799 1743 1846 et
1770 1791 1836 1845 ad
1862 1784 1908 1842 Β
1927 1796 2102 1851 tivum
2133 1802 2191 1850 et
2219 1795 2693 1851 consubstantiale
2722 1814 2786 1852 ac
2830 1798 3236 1869 sempiternum
3272 1807 3358 1856 est
3389 1803 3525 1858 Ver-

238 1887 731 1943 immortalitatem
748 1901 878 1939 suos
899 1883 1289 1937 immaculatos
1313 1883 1619 1936 clementer
1633 1880 1840 1953 perdu-

240 1983 370 2044 cat;
392 1976 647 2030 carnales
676 1990 896 2045 quoque
924 1979 982 2027 et
1010 1972 1402 2043 corruptibiles
1449 1972 1520 2025 ad
1564 1970 1844 2042 spiritalia

243 2075 304 2121 et
334 2063 779 2136 incorruptibilia
810 2072 833 2099 °
861 2062 1130 2133 proﬁcere
1158 2060 1348 2114 faciat.
1380 2062 1685 2131 Propterea
1708 2074 1842 2128 ergo

245 2154 447 2209 debuit
476 2152 807 2224 spiritaliter
836 2149 1125 2215 celebrari,
1170 2156 1448 2221 quatenus
1479 2165 1580 2221 per
1606 2152 1624 2193 ῐ
1644 2148 1749 2202 hoc
1775 2148 1843 2201 de

244 2242 561 2298 visibilibus
591 2240 662 2295 ad
683 2238 983 2293 invisibilia
1012 2239 1277 2303 feramur,
1304 2244 1361 2292 et
1382 2238 1529 2309 quod
1556 2238 1738 2291 adhuc
1761 2237 1848 2290 la-

244 2338 352 2399 tet,
386 2331 498 2385 ﬁde
542 2328 845 2383 instantius
875 2327 1249 2399 requiramus.
1291 2328 1557 2398 Nihilque
1585 2326 1847 2381 dubitan-

246 2422 387 2477 dum
427 2420 497 2474 de
538 2418 742 2490 specie,
783 2417 918 2471 dum
950 2416 1124 2470 virtus
1160 2416 1366 2471 Christi
1391 2416 1629 2470 interius
1666 2421 1849 2470 totum

250 2513 487 2583 praestat
523 2525 588 2562 ex
636 2506 926 2579 mysterio,
961 2505 1234 2576 quidquid
1264 2505 1626 2575 Evangelium
1656 2520 1850 2575 repro-

251 2597 437 2653 mittit
463 2612 528 2650 ex
555 2593 875 2650 Divinitatis
903 2593 1147 2648 oraculo.

850 2718 1085 2774 CAPUT
1113 2717 1209 2771 xv
1228 2734 1277 2777 s.
1509 2781 1516 2790 _

432 2829 638 2896 Quibus
683 2825 859 2880 verbis
889 2825 986 2879 hoc
1016 2827 1345 2892 mysterium
1373 2826 1681 2892 conﬁcitur.

334 2936 385 2993 ι.
418 2935 572 2990 Nulli
598 2932 831 2987 dubium
858 2931 1006 3003 quod
1026 2932 1173 2987 sicut
1184 2932 1419 3002 quando
1439 2931 1498 2985 in
1514 2929 1738 2985 nomine
1758 2930 1859 2984 Pa-

258 3026 384 3091 tris,
429 3030 489 3079 et
524 3023 671 3089 Filii,
704 3028 761 3076 et
792 3021 1035 3092 Spiritus
1064 3021 1244 3075 sancti
1274 3021 1441 3075 tertio
1466 3019 1773 3091 mergimur
1801 3018 1861 3072 in

1923 1885 2075 1939 bum.
2109 1885 2270 1940 Unde
2290 1885 2548 1939 sacerdos
2579 1886 2734 1956 prius
2764 1886 2912 1941 inter
2930 1895 3131 1943 caetera
3156 1890 3329 1944 etiam
3355 1891 3523 1946 verba

1925 1974 2394 2044 evangelistarum
2421 1991 2730 2041 assumens,
2753 1976 2865 2029 ait:
2900 1977 3007 2043 Qui
3028 1980 3213 2045 pridie
3233 1995 3401 2047 quam
3423 1996 3524 2049 pa-

1928 2068 2136 2117 teretur
2148 2066 2348 2131 accepit
2365 2080 2564 2132 panem
2579 2067 2642 2118 in
2661 2069 2877 2118 sanctas
2893 2081 2958 2119 ac
2971 2068 3302 2122 venerabiles
3320 2085 3524 2124 manus

1926 2168 2054 2206 suas
2073 2160 2119 2215 ο,
2146 2154 2363 2205 elevatis
2386 2155 2558 2207 oculis
2587 2156 2650 2206 in
2688 2157 2883 2208 calum
2919 2156 2993 2208 ad
3022 2160 3070 2208 te
3097 2158 3318 2210 Patrem
3355 2174 3524 2213 suum

1928 2244 2371 2309 omnipotentem,
2392 2244 2605 2307 gratias
2637 2244 2739 2296 tibi
2756 2238 2923 2311 agens
2953 2244 3251 2311 benedixit,
3281 2247 3449 2315 fregit
3477 2252 3529 2302 et

1930 2330 2078 2384 dedit
2117 2330 2406 2398 discipulis
2451 2332 2585 2383 suis.
2622 2331 2760 2385 Ecce
2808 2347 2986 2403 usque
3027 2333 3099 2387 ad
3136 2333 3308 2388 istum
3340 2335 3530 2391 locum

1932 2417 2101 2473 verba
2130 2423 2264 2473 sunt
2292 2419 2789 2489 evangelistarum;
2844 2437 3010 2492 porro
3049 2421 3311 2495 deinceps
3360 2424 3533 2480 verba
3602 2436 3617 2453 ‘

1931 2512 2065 2562 sunt
2082 2508 2202 2575 Dei,
2219 2512 2496 2578 potestate
2516 2512 2573 2562 et
2592 2508 2743 2563 omni
2759 2508 3060 2566 efﬁcientia
3076 2511 3272 2583 plena:
3291 2513 3532 2584 Accipite

1927 2602 1985 2651 et
2003 2598 2333 2651 manducate
2352 2613 2415 2651 ea:
2431 2597 2528 2652 hoc
2546 2599 2852 2665 omnes,hoc
2863 2604 2938 2653 est
2952 2603 3103 2654 enim
3121 2618 3315 2670 corpus
3328 2619 3534 2658 meum.

1940 2685 2049 2740 Sed
2077 2701 2147 2740 ne
2174 2685 2319 2739 forte
2348 2691 2576 2757 putares
2607 2686 2755 2757 quod
2786 2685 2854 2741 de
2874 2686 2969 2741 illo
2998 2704 3111 2743 uno
3137 2694 3358 2744 tantum
3389 2707 3535 2762 pane

1939 2781 1995 2829 et
2037 2774 2097 2828 in
2138 2774 2236 2828 illa
2264 2790 2379 2829 una
2404 2775 2546 2829 hora
2573 2776 2678 2829 hoc
2714 2791 2844 2830 eum
2891 2793 3014 2831 esse
3046 2778 3280 2847 jusserit
3307 2785 3534 2837 secutus

1939 2875 1967 2919 P
1994 2863 2305 2934 adjungens
2328 2864 2409 2918 ait
2442 2877 2453 2910 ε
2485 2866 2592 2918 Hoc
2619 2865 2783 2932 facite
2821 2869 2883 2919 in
2929 2883 3109 2921 meam
3148 2884 3537 2925 commemora-

1943 2954 2146 3006 tionem
2178 2953 2327 3019 (Luc.
2368 2966 2500 3018 xxu,
2546 2951 2616 3007 20
2654 2959 2705 3007 et
2746 2957 2931 3023 seqq.).
2965 2986 2992 3028 ς
3019 2955 3177 3011 Unde
3219 2956 3532 3028 fatendum,

1944 3040 2092 3110 quod
2125 3039 2397 3117 quidquid
2425 3043 2560 3095 tunc
2586 3040 2727 3095 illud
2762 3041 2872 3096 fuit
2916 3044 3065 3113 quod
3093 3045 3346 3115 Apostoli
3373 3047 3443 3101 ab
3474 3064 3541 3104 eo

258 3113 435 3178 fonte,
468 3116 603 3165 tunc
625 3109 819 3204 utique
850 3108 1217 3204 baptieamur,
1242 3125 1355 3204 non
1379 3108 1439 3161 in
1479 3107 1858 3204 νίξξιιξθξηίαες
1878 3099 1922 3159 C
1946 3099 2336 3200 perceperunt,
2369 3129 2475 3184 hoc
2496 3134 2679 3183 totum
2705 3135 2807 3198 est,
2840 3099 2974 3203 quia
3002 3099 3245 3204 idipsiim
3272 3099 3546 3203 esti—etsi

262 3209 321 3257 et
334 3206 612 3273 potestate
642 3198 738 3270 qui
768 3199 885 3253 haec
914 3198 1068 3265 dicit,
1086 3198 1185 3252 sed
1201 3200 1258 3251 in
1278 3198 1483 3252 virtute
1514 3195 1741 3260 Christi,
1766 3195 1863 3267 qui

262 3293 372 3345 hoc
400 3287 682 3361 praecepit,
714 3288 904 3341 dicens
934 3305 946 3340 :
980 3290 1075 3353 Ite,
1118 3290 1290 3342 docete
1319 3303 1503 3341 omnes
1538 3292 1737 3355 gentes,
1775 3286 1864 3337 ba-

264 3383 540 3450 ptizantes
570 3393 651 3431 eos
671 3380 735 3430 in
764 3379 989 3431 nomine
1018 3379 1221 3443 Patris,
1261 3381 1309 3430 et
1348 3377 1500 3441 Filii,
1544 3380 1591 3428 et
1618 3373 1863 3443 Spiritus

266 3471 452 3523 sancti
473 3468 666 3534 (Marc.
697 3476 833 3533 va).
866 3465 956 3519 Sic
995 3465 1191 3535 utique
1220 3470 1277 3519 et
1302 3465 1408 3519 hoc
1449 3467 1865 3519 sacramentum

267 3574 385 3613 non
413 3555 650 3622 meritis,
681 3570 794 3609 non
820 3554 1004 3608 verbis
1034 3554 1317 3620 humanis,
1346 3554 1443 3608 sed
1469 3553 1663 3625 procul
1697 3550 1865 3605 dubio

178 3666 217 3696 χ
268 3646 477 3701 divinis
519 3644 759 3699 efﬁcitur
787 3649 844 3697 et
875 3649 1234 3697 consecratur
1276 3643 1573 3697 mandatis.
1631 3642 1869 3696 Creatur

270 3734 426 3791 enim
453 3732 662 3787 ibidem
691 3749 758 3789 ex
780 3732 989 3803 aliquo,
1018 3748 1128 3787 non
1155 3733 1578 3803 qualiscunque,
1602 3730 1700 3784 sed
1728 3745 1871 3783 nova

272 3823 476 3879 salutis
504 3827 781 3887 creatura,
814 3837 943 3875 caro
989 3827 1047 3876 et
1092 3821 1323 3892 sanguis
1353 3820 1580 3886 Christi,
1616 3818 1782 3873 veluti
1812 3819 1873 3872 in

274 3912 557 3985 baptismo
606 3910 862 3965 homines
891 3912 919 3953 h
954 3926 1098 3964 nova
1143 3910 1462 3965 efﬁciuntur
1504 3914 1783 3974 creatura,
1817 3913 1874 3961 et

274 4018 481 4073 corpus
510 4000 740 4055 Christi.
762 3998 997 4072 (Ambr.)
1013 4000 1223 4054 Idcirco
1240 4016 1350 4054 non
1371 3997 1763 4053 aestimandum
1789 4001 1875 4049 est

276 4091 431 4163 quod
460 4089 694 4143 alterius
722 4088 921 4153 verbis,
959 4086 1106 4158 quod
1139 4087 1309 4141 ullius
1335 4088 1349 4130 i
1378 4087 1611 4141 alterius
1642 4085 1875 4160 meritis,

202 4222 209 4227 η
277 4181 433 4253 quod
452 4185 729 4251 potestate
759 4178 993 4249 alicujus
1023 4178 1103 4232 ita
1132 4181 1290 4245 fiant,
1324 4177 1421 4232 sed
1452 4177 1616 4232 verbo
1645 4175 1879 4233 Creato-

348 4334 377 4366 ι
405 4324 633 4389 Septem
663 4338 833 4387 mss.,
865 4321 1111 4389 fuscatus
1144 4324 1311 4375 color.

353 4398 385 4441 b
414 4393 583 4459 Editi,
618 4395 798 4447 virtus
819 4395 996 4460 magis
1017 4393 1434 4448 consideranda.

352 4484 378 4515 ο
405 4464 610 4529 Vatic.,
629 4466 905 4518 universis
925 4465 1104 4518 rebus.
1128 4462 1302 4532 Flor.,
1326 4465 1596 4517 universe
1614 4462 1878 4515 virtutem

285 4560 510 4613 natura
531 4553 701 4607 dedit.

354 4628 385 4669 α
410 4626 515 4680 Ms.
551 4625 679 4695 Maj.
710 4638 884 4688 mon.,
907 4624 1005 4678 hoc
1036 4625 1185 4679 huic.

355 4714 384 4744 ο
410 4693 833 4764 Editi,perﬁcit;
856 4694 1003 4748 Flor.
1037 4700 1094 4748 et
1112 4711 1217 4749 ms.
1242 4695 1298 4749 S.
1325 4693 1884 4763 Audoeni,pcrﬁciat;

287 4785 424 4825 mss.
459 4772 604 4832 octo,
626 4768 884 4835 perﬁcere
910 4767 1100 4832 faciat.

360 4842 385 4885 ι
405 4840 473 4894 In
497 4837 780 4909 cod.Maj.
808 4852 960 4909 mou.
985 4842 1324 4909 expunctum
1360 4841 1445 4891 est
1470 4836 1708 4909 per_hoc.

364 4853 382 4885 I
406 4853 473 4894 ω
497 4853 622 4892 coa.
647 4853 780 4962 mat.
808 4853 960 4891 mon.
985 4853 1324 4909 expuncmm
1360 4853 1445 4891 est
1470 4853 1567 4905 per
1594 4853 1708 4890 noc.

364 4911 472 4966 ¢In
484 4908 603 4963 cod.
616 4908 731 4963 Lau
779 4948 789 4961 .
809 4907 901 4961 hic
918 4908 1115 4979 incipit
1133 4909 1409 4980 cap.LXlI
1426 4924 1553 4980 cum
1567 4907 1673 4961 hoc
1686 4906 1877 4960 titulo:

288 4984 416 5039 Non
432 4982 807 5034 dubitandum
835 4980 898 5033 de
918 4982 1085 5047 specie
1120 4979 1255 5033 dum
1282 4982 1462 5033 virtus
1483 4979 1689 5035 Christi
1710 4983 1883 5031 totum

289 5055 535 5108 interius
578 5054 820 5121 praestat.
865 5050 1029 5121 Apud
1074 5051 1244 5105 Mam.
1275 5050 1444 5105 Ulim.
1491 5053 1550 5103 et
1587 5048 1648 5102 in
1676 5047 1887 5103 recenti

290 5124 418 5180 cod.
446 5124 507 5179 S.
526 5122 717 5177 Germ.
740 5139 751 5173 :
780 5122 931 5189 Quod
951 5122 1047 5175 hoc
1073 5124 1403 5190 mysterium
1425 5123 1641 5175 nullius
1672 5121 1887 5174 meritis

292 5199 671 5260 consecratur,
685 5195 797 5247 nisi
817 5195 975 5247 illius
1004 5196 1162 5261 cujus
1188 5198 1331 5246 nutu
1355 5196 1632 5261 reguntur
1656 5196 1705 5245 et
1732 5195 1882 5244 sunt.

1946 3216 2080 3271 velis
2099 3217 2296 3272 audire
2325 3217 2459 3289 quid
2488 3222 2591 3283 est,
2618 3219 2727 3273 Hoc
2745 3222 2839 3282 est,
2872 3218 3076 3290 inquit,
3108 3237 3303 3291 corpus
3334 3240 3541 3292 meum,
3612 3248 3635 3265 ι

1946 3309 2090 3375 quod
2112 3322 2215 3375 pro
2239 3309 2386 3360 vobis
2415 3306 2671 3359 tradetur
2689 3316 2728 3361 ι’.
2754 3306 2950 3372 Crede,
2984 3324 3016 3361 ο
3041 3308 3140 3376 ﬁli,
3165 3309 3300 3380 quia
3325 3310 3408 3365 ita
3435 3315 3541 3378 est,

1948 3395 2212 3466 quoniam
2242 3394 2362 3465 ipse
2390 3393 2553 3458 dixit,
2589 3399 2646 3447 et
2671 3394 2881 3449 factum
2912 3394 3170 3451 dubitare
3196 3414 3309 3453 non
3338 3404 3495 3470 potes
3526 3418 3541 3467 ;

1947 3485 2066 3556 ipse
2123 3482 2411 3537 mandavit
2461 3486 2519 3536 et
2544 3487 2817 3537 'creatum
2869 3489 2971 3537 est.
3015 3483 3362 3557 Praeceptum
3410 3504 3544 3558 ergo

1949 3573 2137 3645 posuit
2163 3589 2202 3638 ι,
2227 3573 2293 3625 In
2324 3587 2503 3625 meum
2529 3574 3102 3627 commemorationem
3130 3575 3228 3629 hoc
3249 3577 3416 3643 facite
3441 3596 3453 3637 ;
3487 3579 3546 3631 et

1950 3662 2077 3716 ideo
2106 3658 2546 3731 quotiescunque
2589 3660 2652 3713 ﬁt
2679 3660 2969 3728 catholice,
3002 3677 3130 3717 vere
3160 3664 3263 3718 hoc
3294 3664 3358 3718 ﬁt
3393 3663 3546 3734 quod

1952 3750 2164 3805 dictum
2191 3754 2276 3803 est
2301 3766 2313 3802 :
2345 3749 2454 3804 Hoc
2471 3753 2547 3801 est
2574 3764 2767 3816 corpus
2787 3766 2991 3804 meum.

2026 3839 2079 3896 ‘2.
2122 3838 2318 3892 Simili
2345 3839 2501 3891 modo
2526 3842 2882 3907 posteaquam
2918 3845 3190 3895 cenatum
3231 3848 3349 3897 est:
3379 3841 3550 3897 refert

1955 3928 2215 3983 sacerdos
2238 3925 2407 3981 verba
2426 3926 2780 3996 evangelistae
2804 3947 2815 3981 :
2844 3926 3130 3997 Accipiens
3148 3930 3297 3985 hunc
3316 3935 3551 4001 praecla-

1956 4035 2086 4072 rum
2118 4020 2360 4072 calicem.
2393 4014 2465 4069 Et
2489 4015 2799 4070 notandum
2827 4017 2977 4088 quod
3004 4018 3154 4073 hunc
3182 4036 3349 4091 quem
3372 4021 3554 4077 offeri-

1961 4123 2106 4173 mus,
2135 4112 2192 4161 et
2217 4121 2329 4160 non
2360 4104 2552 4171 alium,
2584 4108 2645 4159 in
2668 4111 2885 4160 sanctas
2904 4123 2969 4161 ac
2994 4110 3327 4164 venerabiles
3350 4126 3554 4165 manus
3617 4130 3620 4132 ‘

1960 4200 2119 4252 suast
2162 4194 2255 4267 [ab
2307 4211 2373 4249 eo
2428 4193 2578 4266 quod
2632 4195 2884 4251 continet
2923 4195 2982 4252 id
3037 4197 3186 4269 quod
3234 4198 3554 4255 continetur

1960 4343 2198 4395 actiones
2228 4339 2477 4405 ﬁdelium
2509 4338 2920 4393 obsecrationes.

1892 4415 1943 4474 D
2031 4410 2203 4465 lCod.
2233 4410 2365 4479 Maj.
2390 4424 2565 4474 mon.,
2598 4412 2679 4463 ita
2709 4410 3025 4478 efﬁcientia.

2029 4482 2181 4536 mlta
2209 4496 2344 4534 mss.
2377 4496 2598 4538 omnes.
2630 4479 2797 4547 Editi,
2832 4482 3170 4536 transibunt.

2032 4558 2059 4586 ιι
2088 4551 2255 4617 Editi,
2286 4568 2415 4606 cum
2441 4551 2613 4616 Flor.,
2644 4553 2718 4605 ad
2741 4567 2859 4620 qua
2878 4554 3045 4605 missa
3073 4557 3223 4607 sunt.

2032 4622 2060 4654 °
2088 4623 2255 4688 Editi,
2290 4639 2419 4676 cum
2456 4621 2672 4693 aliquot
2699 4637 2856 4689 mss.,
2901 4628 2949 4676 et
2988 4622 3206 4677 elevatis
3230 4641 3248 4689 ;
3281 4628 3341 4679 at
3365 4623 3555 4697 plures

1962 4710 2097 4750 mss.
2128 4698 2461 4764 expungunt
2480 4698 2547 4747 et.

2036 4778 2062 4820 ρ
2089 4764 2255 4829 Editi,
2287 4769 2519 4823 secutus.
2540 4764 2806 4831 adjunscit
2834 4767 2881 4816 et
2900 4766 3002 4820 ait.

2036 4844 2063 4886 «ι
2093 4836 2274 4890 Hicin
2300 4835 2421 4889 cod.
2452 4834 2628 4889 Laub.
2660 4833 2858 4905 incipit
2877 4850 3000 4905 cap.
3032 4834 3226 4891 LXIII.
3248 4839 3556 4895 Fatendum

1964 4909 2107 4977 quod
2128 4908 2274 4961 illud
2297 4906 2439 4975 quod
2456 4906 2685 4974 apostoli
2701 4912 3047 4975 acceperunt,
3059 4910 3279 4975 quando
3300 4912 3557 4965 Christus

1969 4982 2043 5033 eis
2065 4980 2208 5062 discit
2231 4997 2246 5032 :
2270 4977 2388 5062 Hoc
2404 4981 2493 5062 est
2513 4992 2714 5060 corpus
2733 4992 2941 5060 meum,
2962 4979 3106 5031 idem
3126 4994 3241 5045 nos,
3268 4996 3379 5035 non
3399 4982 3561 5036 aliud

1967 5049 2548 5175 αθῗὛέιωέιῖἰιῗέίῖεῗέἶῗ
2572 5063 2896 5172 “sum.
2928 5119 2984 5173 s.
3033 5118 3222 5174 Germ.
3278 5119 3563 5176 adduntur

1973 5191 2166 5245 isthmc
2189 5208 2200 5243 :
2236 5193 2300 5245 In
2324 5192 2421 5244 hoc
2439 5205 2566 5256 ergo
2594 5191 2751 5243 verba
2775 5194 2998 5243 creatur
3026 5192 3173 5245 illud
3200 5207 3409 5258 corpus,
3425 5193 3561 5259 quia

363 5268 395 5311 II
429 5266 543 5321 Sex
593 5281 753 5330 mss.,
793 5264 1037 5317 homines
1088 5265 1414 5332 efﬁciuntur
1444 5264 1574 5318 novi
1614 5266 1661 5315 et
1700 5277 1893 5330 corpus
1977 5264 2235 5316 divinum
2262 5263 2485 5315 Verbum
2502 5266 2593 5325 est,
2615 5265 2663 5313 et
2684 5263 3339 5330 omnipotentiaplenum,
3363 5262 3565 5331 ubique

294 5338 526 5395 Christi.

372 5408 390 5450 ί
416 5409 503 5463 Ita
527 5405 648 5461 cod.
676 5405 852 5461 Laud.
881 5425 894 5462 :
915 5405 1118 5477 reliqui
1141 5406 1517 5461 communiter
1535 5422 1668 5460 mss.
1693 5419 1902 5476 expun-

292 5485 453 5553 gunt
472 5481 730 5553 alterius.

366 5557 386 5611 .i
419 5550 626 5620 Quinq.
663 5565 819 5614 mss.,
851 5553 1065 5603 creator
1087 5552 1252 5603 tanta
1278 5553 1381 5605 rei.

1974 5349 2229 5403 praesens,
2254 5333 2454 5400 ubique
2482 5334 2673 5403 omnia
2689 5335 2975 5403 complens.
2999 5332 3062 5385 Et
3080 5332 3231 5403 guod
3246 5332 3385 5403 dicit
3413 5351 3427 5386 :
3452 5333 3571 5388 Hoc

1981 5400 2069 5459 est
2082 5420 2284 5474 corpus
2304 5418 2509 5468 meum,
2526 5402 2673 5474 quod
2691 5418 2790 5472 pro
2807 5400 2958 5457 vobis
2973 5400 3242 5465 tradetur,
3261 5417 3309 5455 οι
3323 5401 3445 5469 ede,
3459 5410 3566 5460 etc.

2052 5498 2073 5528 α
2104 5475 2248 5529 Editi
2267 5474 2482 5528 addunt
2511 5476 2712 5528 dicens.

2052 5551 2070 5589 ι
2097 5543 2320 5599 Inclusa
2345 5544 2666 5616 parenthesi
2694 5544 2898 5599 desunt
2936 5543 2995 5598 in
3040 5540 3215 5597 Editis
3245 5541 3392 5601 Flor.
3426 5551 3483 5601 et
3511 5548 3571 5602 iu

370 5616 623 5689 kLaubI,
656 5620 806 5675 nihil
833 5621 994 5676 aliud
1016 5626 1148 5675 sunt
1177 5636 1344 5690 quam
1370 5622 1557 5676 laudes
1583 5621 1904 5689 gratiarum
1986 5634 2090 5673 ms.
2123 5616 2180 5672 S.
2212 5616 2402 5671 Germ.

555 5722 826 5784 ΡΑτιιοι..
874 5720 1064 5782 ΟΧΧ.

3256 5716 3337 5777 42
