3992 6166
298 324 321 373 9
337 318 442 378 3'25

1188 322 1327 379 LIB.
1365 323 1460 379 DE
1494 321 1832 380 CORPORE
1868 321 1959 379 ET
1997 321 2365 379 SANGUINE
2401 322 2685 381 DOMINI.

3432 328 3569 387 1326

294 445 525 519 pressit,
556 445 693 518 quia
718 445 845 518 plus
874 461 1002 501 eum
1041 450 1230 503 mente
1264 447 1533 519 concepit,
1579 464 1709 503 cum
1737 454 1755 479 '
1784 446 1896 504 ﬁde
1913 448 2277 519 Asumptive,
2311 448 2593 520 accepturi
2619 451 2822 514 essent,
2872 446 3048 504 voluit
3087 447 3326 507 formam
3353 452 3569 509 cunctis

297 536 554 591 credidit.
581 536 795 591 Idcirco
826 537 1187 608 cogitandum
1209 542 1295 592 est
1323 553 1358 591 a
1378 537 1557 604 nobis,
1588 554 1700 593 non
1721 555 1895 609 quan-

296 630 421 683 tum
438 625 605 680 dente
623 625 919 697 premitur,
946 625 1043 681 sed
1066 631 1339 697 quantum
1362 627 1470 681 ﬁde
1490 627 1850 682 etdilectione
1866 627 1893 667 δ

298 715 540 787 capitur.
573 716 700 770 Non
732 716 882 770 enim
904 721 1056 770 recte
1082 732 1211 771 caro
1242 715 1450 771 Christi
1471 716 1590 771 sine
1602 716 1895 771 divinitate

298 803 564 870 sumitur,
586 820 690 859 nec
710 803 971 859 divinitas
990 804 1111 859 sine
1126 820 1294 859 carne
1322 809 1639 876 praestatur.
1658 805 1820 860 Unde
1838 807 1897 861 in

298 892 603 963 Evangelia
627 911 639 946 :
665 897 914 961 Regnum
929 897 1182 948 caelorum
1207 896 1391 948 simile
1417 895 1528 948 dici
1532 898 1630 948 tur
1643 895 1897 949 thesauro

297 983 615 1036 abscondito
643 983 706 1036 in
723 997 878 1050 agro,
896 998 1059 1051 quem
1081 985 1182 1051 qui
1196 985 1410 1037 invenit
1439 984 1617 1050 homo,
1632 996 1654 1024 ε
1677 985 1829 1039 vadit
1849 989 1898 1038 et

299 1071 490 1125 vendit
517 1073 729 1137 omnia,
761 1075 811 1125 et
825 1073 959 1125 emit
978 1087 1181 1140 agrum
1198 1075 1365 1127 illum
1398 1073 1612 1139 (Matth.
1646 1086 1757 1140 xm,
1786 1071 1895 1144 44).

300 1159 449 1224 Quia
474 1175 577 1213 nec
605 1175 760 1230 ager,
810 1176 1013 1231 corpus
1066 1160 1327 1216 videlicet
1367 1160 1595 1228 Christi,
1623 1161 1744 1217 sine
1774 1162 1900 1217 the-

301 1264 491 1314 sauro,
516 1252 540 1287 ά
569 1263 672 1302 nec
689 1249 989 1303 thesaurus
1020 1249 1329 1306 divinitatis
1374 1250 1493 1305 sine
1524 1262 1697 1322 agro.
1718 1251 1902 1307 carnis

293 1339 426 1408 jure
440 1342 819 1409 comparatur.
832 1336 923 1404 Et,
940 1355 973 1393 o
991 1355 1162 1410 quam
1174 1338 1318 1394 bene
1335 1340 1355 1382 ί
1371 1340 1431 1395 in
1449 1357 1585 1412 agro
1602 1341 1903 1396 thesaurus

301 1426 610 1481 absconsus
640 1427 880 1482 dicitur!
925 1429 1057 1499 quia
1097 1428 1157 1483 in
1184 1445 1353 1485 carne
1399 1430 1606 1485 Christi
1638 1430 1901 1486 divinitas

1975 537 2111 592 dare
2129 537 2691 605 communicantibus,
2727 536 2859 609 quid
2879 537 3030 605 boni,
3055 539 3254 611 quidve
3284 541 3419 596 mali
3439 558 3569 613 per-

1976 626 2188 699 cipiant
2214 645 2225 681 :
2258 632 2315 681 et
2336 634 2363 671 P
2390 627 2515 682 ideo
2553 628 2725 683 Judas
2757 627 2815 682 in
2841 629 3082 698 ﬁguram
3115 629 3368 685 omnium
3393 630 3574 685 malo-

1977 732 2105 769 rum
2134 716 2205 770 ad
2234 715 2653 787 percipiendum
2682 723 2709 762 ‘1
2735 715 3069 770 admittitur.
3094 716 3236 771 Nam
3268 717 3316 772 si
3344 724 3472 790 post
3489 734 3575 774 re-

1980 805 2385 859 surrectionem
2407 805 2587 869 ﬁeret,
2601 805 2719 875 jam
2741 805 2770 859 J
2774 804 2915 858 udas
2925 821 3054 859 cum
3075 806 3283 861 sanctis
3304 807 3573 878 apostolis

1980 893 2394 949 communicare
2424 910 2536 948 non
2566 897 2770 965 posset,
2802 893 2936 964 quia
2975 894 3188 965 judicio
3216 899 3424 950 aeterno
3456 896 3576 966 jam

1980 981 2279 1038 damnatus
2308 988 2447 1037 erat.
2480 984 2627 1038 Nam
2655 999 2757 1054 per
2785 982 2890 1037 hoc
2917 983 3248 1055 mysterium
3269 984 3456 1055 passio
3469 984 3576 1039 Do-

1982 1071 2123 1126 mini
2156 1076 2214 1126 et
2239 1088 2391 1126 mors
2419 1071 2771 1143 praedicanda
2791 1075 2940 1126 erat:
2972 1072 3098 1127 ideo
3118 1072 3299 1144 magis
3318 1073 3578 1145 congruit

1984 1159 2042 1214 in
2078 1160 2198 1233 ipso
2244 1160 2519 1232 passionis
2549 1161 2784 1215 articulo
2812 1161 2918 1216 hoc
2955 1162 3200 1229 tradere,
3254 1179 3424 1234 quam
3450 1167 3581 1235 post

1985 1250 2453 1304 resurrectionem
2477 1268 2489 1305 :
2515 1250 2645 1321 quia
2659 1251 2729 1305 ad
2747 1250 2853 1305 hoc
2868 1250 3190 1306 immolatus
3213 1257 3301 1306 est
3315 1253 3510 1322 Agnus
3531 1277 3573 1320 r,

1986 1344 2051 1394 ut
2092 1355 2194 1394 nos
2243 1340 2361 1409 ejus
2405 1355 2633 1393 carnem
2685 1339 3073 1407 comedamus;
3117 1341 3267 1396 unde
3320 1341 3575 1397 Paulus:

1985 1429 2191 1483 Pascha
2211 1434 2463 1483 nostrum
2498 1431 2821 1483 immolatus
2840 1433 2913 1482 est
2934 1429 3200 1483 Christus.
3233 1430 3424 1499 Itaque
3454 1446 3582 1500 epu-

302 1516 674 1587 corporaliter
716 1516 1039 1571 inhabitans
1078 1517 1247 1572 etiam
1296 1516 1355 1573 in
1401 1518 1508 1572 hoc
1538 1517 1807 1590 mysterio
1836 1517 1906 1572 ab
1989 1520 2171 1571 temur
2202 1519 2256 1585 (Ι
2281 1518 2401 1572 Cor.
2434 1531 2486 1582 v,
2524 1517 2594 1585 7).
2629 1516 2924 1584 Caeterum,
2960 1517 3093 1588 quia
3114 1517 3233 1588 ipse
3264 1518 3583 1574 transibat'

303 1611 536 1678 aspectu
554 1606 844 1661 oculorum
864 1622 936 1661 ne
955 1617 985 1661 ε
1000 1606 1258 1662 videatur
1276 1607 1643 1679 subtrahitur,
1666 1613 1731 1663 ut
1745 1606 1855 1662 ﬁde
1878 1606 1906 1647 ιι
1982 1605 2103 1675 jam
2132 1605 2200 1660 de
2231 1606 2336 1660 hoc
2363 1605 2564 1660 saeculo
2591 1605 2662 1659 ad
2685 1606 2931 1673 Patrem,
2960 1605 3013 1659 id
3038 1610 3123 1660 est
3142 1606 3211 1660 de
3239 1606 3343 1660 hac
3370 1610 3582 1663 morta-

303 1694 523 1749 avidius
562 1701 869 1765 quaeratur,
905 1696 1141 1766 quaesita
1185 1696 1370 1752 verius
1401 1698 1782 1765 iinveniatur,
1815 1697 1905 1752 in-
1987 1694 2147 1749 litate
2179 1694 2249 1748 ad
2282 1694 2925 1761 immortalitatem,fecit
2951 1694 3134 1749 adhuc
3159 1696 3415 1751 mortalis
3437 1697 3588 1769 quod

302 1791 471 1838 venta
488 1801 621 1839 vero
640 1785 864 1839 charius
883 1784 1176 1851 habeatur,
1193 1791 1250 1840 et
1262 1785 1451 1841 habita
1478 1786 1901 1842 desiderabilius
1921 1776 1968 1836 B
1985 1800 2086 1837 nos
2106 1788 2232 1855 post
2251 1800 2380 1838 eum
2413 1790 2470 1838 et
2496 1783 2554 1837 in
2577 1783 2672 1838 illo
2703 1784 2904 1839 facturi
2936 1800 3161 1838 eramus
3202 1783 3375 1839 simili
3417 1786 3585 1841 modo

303 1872 589 1942 fruamur;
616 1871 632 1918 J
659 1874 794 1945 quia
828 1874 885 1928 in
920 1874 1143 1929 Chi-isto
1171 1875 1354 1930 omnis
1382 1876 1673 1947 plenitudo
1714 1893 1907 1948 cci-po-
1986 1872 2272 1938 mortales,
2306 1877 2584 1943 quatenus
2614 1871 2713 1925 tali
2760 1888 2862 1926 nos
2910 1871 3103 1926 refecti
3132 1873 3357 1943 pabulo,
3400 1878 3457 1928 et
3495 1874 3584 1928 in-

304 1963 504 2017 raliter
553 1963 849 2028 inhabitat,
903 1964 1025 2018 sine
1071 1964 1261 2031 dubio,
1313 1965 1640 2020 divinitatis.
1691 1966 1904 2021 Idcirco
1987 1959 2186 2014 ebriati
2210 1961 2431 2031 poculo,
2452 1959 2837 2031 faciamuspro
2861 1960 2957 2014 illo
2978 1960 3162 2015 securi
3192 1960 3261 2014 de
3288 1960 3584 2017 immorta-

304 2066 535 2106 necesse
563 2056 667 2116 est,
697 2053 793 2123 qui
823 2068 1026 2124 corpus
1055 2054 1176 2123 ejus
1207 2054 1532 2121 comederit,
1565 2056 1635 2109 de
1660 2056 1905 2126 plenitu-

305 2140 440 2194 dine
467 2140 774 2195 divinitatis
802 2141 942 2196 illud
989 2141 1051 2215 [f.
1080 2142 1249 2213 illius]
1290 2143 1399 2197 ﬁde
1426 2144 1716 2216 percipiat.
1747 2144 1906 2199 Unde

307 2234 536 2283 sanctus
573 2230 917 2300 evangelista
945 2244 957 2279 :
990 2232 1056 2286 Et
1086 2248 1290 2300 omnes,
1323 2232 1524 2303 inquit,
1557 2235 1620 2287 de
1663 2238 1909 2303 plenitu-

309 2320 443 2372 dine
470 2323 587 2389 ejus
629 2323 935 2389 accepimus
963 2321 1147 2387 (Joan.
1181 2339 1216 2383 ι,
1246 2319 1360 2391 16).
1395 2322 1658 2393 Alioquin
1700 2324 1810 2377 nisi
1838 2324 1907 2378 de

306 2407 701 2478 plenitudinek
724 2409 880 2479 prius
905 2409 1165 2481 accipias,
1196 2426 1300 2465 nec
1319 2410 1390 2464 ad
1410 2411 1693 2466 modicum
1725 2411 1907 2467 carnis

308 2496 605 2568 pervenire
631 2498 861 2568 poteris,
896 2499 1029 2570 quia
1055 2515 1168 2553 non
1202 2500 1502 2556 thesaurus
1545 2501 1754 2556 emitur
1776 2519 1909 2573 pro-

308 2590 440 2657 pter
465 2603 685 2657 agrum,
719 2590 816 2643 sed
842 2605 978 2659 ager
997 2596 1228 2662 propter
1241 2591 1592 2646 thesaurum.
1612 2593 1757 2647 Nam
1781 2593 1908 2647 the-

309 2692 515 2731 saurus
554 2677 624 2731 de
667 2677 1018 2750 plenitudine
1066 2679 1374 2735 divinitatis
1417 2697 1545 2736 cum
1574 2698 1639 2736 eo
1669 2687 1727 2736 et
1754 2682 1813 2736 in
1843 2697 1908 2737 eo

1989 2048 2149 2103 litate
2178 2049 2328 2120 quod
2364 2049 2461 2102 ille
2485 2064 2585 2119 pro
2613 2047 2774 2102 nobis
2802 2049 2957 2119 prior
2979 2048 3111 2102 fecit
3139 2046 3390 2103 mortalis
3418 2065 3435 2099 ι
3454 2069 3473 2122 ;
3512 2048 3587 2105 ad

1989 2138 2094 2193 hoc
2125 2139 2328 2210 quippe
2357 2138 2802 2192 immortalitatis
2834 2138 3095 2209 praestitit
3141 2137 3491 2207 alimoniam,
3523 2144 3590 2195 ut

1989 2231 2229 2281 mortem
2260 2243 2373 2281 non
2403 2226 2723 2281 timeamus.
2750 2228 2824 2280 At
2857 2242 2984 2280 vero
3015 2226 3163 2298 quod
3189 2227 3455 2282 ultimum
3480 2233 3586 2298 est,

1990 2315 2037 2371 si
2066 2321 2193 2387 post
2223 2314 2690 2370 resurrectionem
2718 2315 2824 2369 hoc
2851 2314 3115 2380 dedisset,
3149 2315 3353 2370 dicturi
3402 2322 3591 2373 essent

1990 2404 2256 2473 haeretici,
2290 2404 2439 2476 quod
2467 2419 2493 2448 ιι
2542 2403 2956 2476 incorruptibili
2992 2405 3114 2475 jam
3163 2405 3384 2460 Christo
3433 2412 3489 2461 et
3529 2407 3591 2462 in

1990 2494 2127 2548 coelo
2166 2494 2369 2566 posito,
2403 2509 2515 2548 non
2544 2497 2735 2565 posset
2763 2493 2821 2547 in
2847 2493 3013 2548 terris
3042 2494 3166 2564 ejus
3193 2511 3323 2549 caro
3353 2511 3387 2549 a
3416 2495 3593 2551 ﬁdeli-

1990 2582 2095 2637 bus
2122 2582 2506 2637 vorari.Nunc
2536 2598 2667 2637 vero
2686 2582 2833 2653 quod
2854 2583 3075 2653 integer
3094 2587 3151 2637 et
3178 2591 3203 2619 '
3231 2583 3590 2656 incorruptus

1990 2678 2200 2738 manet,
2235 2672 2472 2726 dicimus
2502 2676 2699 2725 contra
2723 2687 2836 2738 eos,
2862 2670 3011 2742 quod
3037 2672 3097 2725 in
3127 2676 3310 2726 morte
3338 2674 3460 2743 ejus
3480 2672 3592 2728 ista

312 2765 670 2821 credentibus
701 2763 713 2802 ¹
740 2767 1095 2822 venundatur
1121 2787 1133 2835 ;
1163 2775 1220 2824 et
1250 2768 1396 2837 ideo,
1432 2770 1532 2838 ﬁli,
1566 2771 1668 2826 hoc
1696 2775 1910 2843 myste-

2004 2759 2330 2831 percipimus
2360 2765 2424 2815 ut
2451 2777 2630 2831 usque
2656 2760 2727 2814 ad
2776 2760 2944 2814 ﬁnem
2987 2760 3173 2815 saeculi
3210 2777 3405 2815 omnes
3457 2761 3590 2816 inde

310 2855 463 2909 rium
492 2855 627 2910 dum
657 2856 1058 2924 communicas,
1091 2857 1269 2912 dilata
1314 2859 1501 2913 sinum
1546 2860 1751 2915 mentis
1774 2866 1906 2927 tuae,
1991 2864 2309 2920 P33031111".
2333 2853 2599 2904 etiame“
2615 2849 2763 2920 (ἰυοά
2777 2848 3117 2903 seminam”!
3139 2855 3223 2904 θεῖ
3251 2866 3591 2922 resurgens!

313 2944 559 3005 emunda
578 2945 995 3012 conscientiam,
1023 2952 1080 3000 et
1097 2947 1321 3018 percipe
1332 2964 1444 3003 non
1462 2953 1736 3019 quantum
1765 2950 1912 3005 mica
1994 2937 2380 3008 incorruptum
2403 2942 2751 3008 Permaneat-
2782 2937 2866 2991 Αά
2907 2937 3012 2991 hoc
3036 2953 3168 3008 ergo
3197 2954 3438 3009 granum
3468 2939 3590 2996 τηι-

315 3032 557 3100 exhibet,
599 3034 698 3088 sed
725 3040 999 3105 quantum
1028 3035 1167 3089 ﬁdes
1198 3036 1348 3107 capit
1372 3056 1384 3105 ς
1429 3038 1563 3108 quia
1590 3038 1648 3091 in
1688 3039 1911 3094 Christo
1937 3094 1972 3108 Α
1996 3026 2172 3080 menti
2200 3025 2259 3080 in
2287 3032 2499 3081 terram
2541 3026 2760 3093 cecidit,
2792 3030 2859 3080 ut
2888 3025 3128 3081 multum
3156 3027 3400 3083 fructum
3428 3028 3593 3084 eﬁ‘er-

314 3094 610 3193 ριθιιίωέιο
628 3094 936 3177 άίνίξιίωιίε
963 3114 1171 3189 manet,
1199 3094 1335 3179 in‘te
1361 3094 1549 3181 ᾼυίεω
1581 3127 1649 3181 de
1669 3094 1975 3198 plenitu-c
1998 3120 2122 3170 ret:
2155 3114 2203 3169 si
2249 3114 2401 3170 enim
2437 3115 2544 3169 hoc
2581 3115 2675 3169 ille
2714 3114 2989 3169 concessit
3033 3115 3359 3185 seminibus,
3415 3118 3593 3173 multo

314 3211 467 3278 dine,
500 3227 612 3265 non
641 3218 853 3284 quanta
881 3217 983 3279 est,
1016 3214 1114 3269 sed
1145 3221 1422 3286 quantum
1452 3215 1689 3271 idoneus
1716 3218 1909 3288 fueris,

2004 3205 2181 3275 magis
2223 3204 2280 3258 id
2312 3203 2417 3258 sibi
2449 3204 2728 3275 praestitit,
2763 3209 2829 3259 ut
2863 3204 3109 3276 idipsum
3157 3212 3385 3262 maneat
3417 3207 3598 3263 incor-

315 3305 640 3371 przestatur.
1997 3299 2248 3365 ruptum,
2281 3298 2339 3347 et
2361 3292 2623 3365 deinceps
2651 3294 2889 3348 multam
2914 3294 3239 3350 alimoniam
3258 3296 3597 3352 immortali-

852 3391 1095 3448 CAPUT
1122 3393 1377 3450 ΧἮῙῙω,
1580 3399 1583 3402 ‘
1997 3383 2133 3438 tatis
2170 3381 2420 3453 praebeat
2461 3397 2527 3435 ex
2577 3398 2680 3436 sua
2705 3391 2727 3431 ῑ
2756 3382 3185 3439 fructiﬁcatione
3214 3385 3592 3442 credentibus.

423 3480 538 3535 aur
565 3479 662 3534 hoc
681 3484 1010 3548 mysterium
1035 3470 1163 3536 αηιε
1184 3487 1498 3551 passionem
1522 3485 1809 3554 dim-puli,
1998 3470 2158 3526 Unde
2178 3469 2358 3540 qualis
2378 3469 2473 3524 ille
2493 3469 2814 3537 resurrexit,
2833 3469 2970 3525 talia
2992 3477 3125 3526 sunt
3148 3478 3204 3526 et
3231 3473 3348 3528 haec
3378 3475 3597 3529 semina

984 3554 1253 3608 traditur.
1997 3557 2460 3625 immortalitatis,
2493 3574 2615 3628 quae
2643 3558 2991 3612 immortales
3033 3559 3241 3615 faciant
3268 3561 3435 3632 digne
3462 3579 3595 3634 per-

354 3640 535 3693 .Ante
560 3638 880 3710 passionem
911 3646 1099 3696 autem
1130 3642 1353 3697 Domini
1372 3644 1478 3698 hoc
1497 3650 1913 3715 sacramentum
1997 3644 2307 3715 cipientes:
2344 3649 2401 3697 et
2446 3642 2570 3697 ideo
2618 3642 2836 3714 quoties
2888 3643 2998 3698 ista
3036 3645 3402 3710 comedimus,
3447 3663 3595 3702 mor-

312 3728 444 3783 ideo
475 3728 817 3783 celebratum
846 3735 951 3796 est,
982 3736 1050 3785 ut
1078 3731 1147 3785 de
1176 3732 1346 3803 legali
1386 3734 1594 3805 pascha
1620 3714 1907 3803 continuo,
1993 3714 2111 3788 tem
2140 3731 2365 3787 Domini
2389 3731 2811 3798 annuntiamus,
2846 3732 2979 3803 quia
3007 3732 3076 3787 de
3115 3739 3298 3788 morte
3337 3734 3446 3789 ista
3483 3736 3594 3790 im-

315 3818 453 3888 quia
477 3817 681 3872 umbra
725 3820 1062 3874 removenda
1090 3825 1230 3887 erat,
1262 3827 1326 3876 ut
1359 3823 1613 3878 veritatis
1633 3830 1661 3857 ιι
1688 3824 1783 3879 lux
1805 3824 1916 3879 cla-
1994 3822 2254 3876 mortalia
2277 3821 2606 3887 meruimus,
2638 3838 2660 3866 ι
2688 3820 2864 3875 donec
2894 3821 3082 3875 veniat
3108 3822 3228 3894 ipse
3242 3823 3396 3878 vivus
3413 3829 3471 3879 et
3488 3824 3593 3879 im-

313 3912 578 3962 resceret.
631 3908 935 3979 Nunquam
959 3926 986 3957 ο
1009 3909 1213 3966 umbra
1252 3917 1440 3983 potest
1482 3912 1771 3982 desistere,
1802 3913 1912 3968 nisi
1994 3911 2271 3979 mortalis,
2294 3916 2359 3965 ut
2385 3926 2514 3964 cum
2541 3926 2609 3964 ea
2636 3909 2806 3964 etiam
2845 3914 2903 3964 et
2927 3926 3030 3964 nos
3059 3911 3160 3965 tali
3188 3911 3352 3982 longe
3380 3913 3590 3985 diuque

313 3995 576 4051 radiante
594 3997 737 4051 luce.
759 3997 927 4053 Aliud
955 4014 1082 4053 vero
1105 4000 1359 4055 Christus
1381 4008 1632 4069 noverat,
1679 4004 1828 4074 quod
1858 4009 1915 4058 et
1996 4000 2189 4056 refecti
2208 4012 2257 4042 αι
2288 3998 2593 4055 immortali
2622 3998 2744 4054 cibo
2775 3998 2883 4070 ipsi
2920 4016 3022 4071 per
3062 4015 3193 4055 eum
3237 4001 3587 4073 immortales

312 4084 452 4140 boni
468 4085 657 4156 digne,
671 4091 730 4141 et
740 4087 872 4141 mali
893 4088 1124 4159 indigne
1146 4088 1249 4144 hoc
1264 4092 1615 4162 mysterium,
1635 4093 1763 4149 licet
1776 4110 1914 4165 prie-

388 4201 414 4233 ι
443 4192 742 4271 Ιῐξιηιοοιιιη
762 4194 934 4249 istum
948 4196 1299 4271 restituimus
1319 4214 1422 4269 ope
1452 4216 1557 4253 ms.
1585 4200 1709 4271 Maj.
1735 4218 1907 4269 mon.,

312 4264 561 4340 namalii
581 4281 713 4320 mss.
731 4273 1005 4340 expuncto
1024 4264 1395 4340 cumlegunt:
1427 4271 1495 4325 Et
1524 4273 1628 4339 ﬁde
1656 4264 1910 4327 credidit.

387 4335 415 4375 δ
431 4336 678 4459 _tMamer.
703 4335 831 4392 cum
850 4338 1032 4394 tribus
1044 4356 1202 4408 mss.,
1217 4335 1504 4397 dilectione
1517 4335 1565 4396 et
1583 4344 1913 4399 ditatatione

387 4423 435 4459 m
466 4424 585 4459 um.

312 4423 585 4478 capitum.

1996 4107 2316 4162 regnemus.

2064 4229 2092 4257 ιι
2118 4198 2284 4263 Editi,
2326 4203 2385 4252 ut
2415 4200 2615 4252 veritas
2648 4200 3001 4264 claresceret;
3045 4216 3201 4267 mss.,
3245 4205 3308 4254 ut
3338 4202 3588 4257 veritatis

1996 4276 2098 4328 tua:
2126 4273 2460 4325 claresceret.

2065 4353 2089 4381 ο
2114 4340 2280 4404 Editi,
2309 4355 2604 4408 nunquam
2635 4342 2817 4406 igitur
2829 4360 2846 4405 ;
2881 4340 3052 4404 Flor.,
3088 4358 3382 4410 nunquam
3411 4346 3583 4397 enim.

1926 4422 1977 4483 ι)
2064 4424 2089 4462 ρ
2117 4411 2219 4467 Hic
2246 4412 2305 4466 in
2334 4410 2510 4467 Laub.
2540 4410 2738 4482 incipit
2760 4427 2881 4483 cap.
2908 4412 3164 4467 LXVIII:
3188 4414 3263 4467 De
3288 4415 3435 4468 Juda
3457 4430 3586 4483 pro-

385 4484 404 4507 ⁸
614 4494 760 4534 unus
780 4481 968 4552 regius
989 4481 1181 4538 addit:
1209 4484 1521 4551 Abscondit,
1553 4490 1602 4539 et
1621 4502 1739 4556 prae
1764 4477 1970 4555 θωμ-
1992 4488 2188 4540 ditare.

311 4550 408 4604 dio
436 4551 612 4604 illius.

350 4618 417 4745 δτι
445 4620 594 4745 ltilditi
605 4620 821 4677 addunt
843 4642 854 4677 :
873 4624 1200 4681 Divinitatis
1210 4645 1228 4692 ;
1254 4628 1399 4699 quod
1413 4625 1484 4682 ab
1501 4626 1763 4684 omnibus
1774 4645 1908 4685 mss.

390 4708 450 4745 es
482 4732 494 4745 .

312 4707 494 4746 εωθδι.

389 4774 414 4839 ς
443 4763 616 4839 Elea,
648 4766 940 4839 sineragro,
968 4765 1027 4839 id
1050 4772 1136 4822 est
1156 4784 1376 4839 corpore
1406 4771 1641 4830 Christi.

386 4819 409 4861 ί
445 4819 637 4889 Editi,:
662 4836 781 4909 Qui
804 4819 974 4905 quam
1004 4819 1133 4892 bene
1153 4819 1905 4909 bene;

312 4905 428 4960 duo
449 4922 584 4960 mss.
611 4923 623 4960 :
643 4907 785 4974 Quia
805 4923 973 4977 quam
988 4910 1144 4975 bene;
1169 4910 1317 4966 Flor.
1347 4930 1358 4965 :
1381 4915 1519 4969 Bene
1537 4905 1744 4969 autem.
1765 4905 1910 4978 Qua-

310 4980 448 5032 tuor
480 4993 615 5032 mss.
656 4996 669 5031 :
698 4978 767 5032 Et
796 4995 825 5033 o
854 4995 1024 5047 quam
1054 4981 1199 5039 bene.

385 5058 416 5102 α
446 5047 615 5114 Editi,
646 5065 774 5104 cum
803 5049 975 5117 Flor.,
1009 5067 1076 5105 ne
1103 5068 1232 5107 caro
1259 5055 1532 5111 videatur.

387 5117 416 5190 ξι
441 5118 584 5174 Tres
615 5137 786 5188 mss.,
815 5137 880 5175 ne
907 5123 1037 5190 ﬁdes
1060 5126 1300 5179 avidius.

386 5189 406 5262 ί-
438 5190 676 5246 Putean.
711 5192 858 5259 cod.,
891 5196 1117 5262 quaesita
1150 5200 1371 5253 veritas.

391 5260 408 5306 1
440 5262 591 5318 Editi
620 5266 679 5319 et
703 5263 875 5330 Flor.,
898 5260 1158 5332 fruatur.

354 5339 414 5418 ,ι
443 5333 612 5401 Editi,
654 5335 717 5389 de
739 5337 1092 5405 plenitudine
1120 5341 1255 5408 ejus,
1288 5339 1384 5395 sed
1412 5356 1545 5396 mss.
1580 5344 1909 5413 expungunt

311 5420 455 5460 επις.

335 5423 342 5453 ε
369 5421 455 5460 us.

335 5421 364 5475 1
386 5476 879 5553 'AMamernUlim.
898 5494 1025 5533 cum
1055 5480 1302 5553 quinque
1322 5498 1477 5549 mss.,
1508 5500 1544 5538 a
1569 5485 1909 5538 credentibus

309 5547 696 5623 emit_ur;_duo
726 5547 1285 5623 mss._,__e_metidatu'r;
1321 5547 1517 5623 Laub.,
1547 5558 1905 5610 amandatur.

388 5624 416 5648 '
436 5616 609 5675 Laub.
645 5635 767 5690 cap.
801 5619 1020 5676 LXVII.

2061 4582 2089 4623 q
2116 4556 2181 4610 In
2210 4571 2342 4610 mss.
2367 4554 2499 4624 Maj.
2532 4569 2644 4607 non
2674 4552 2834 4607 deest
2854 4553 2927 4605 ad
2948 4556 3384 4622 percipiendum.

2062 4647 2086 4678 ι·
2109 4628 2246 4681 Tres
2274 4642 2433 4691 mss.,
2472 4624 2665 4692 Agnus
2693 4625 2959 4679 Christus.

2062 4718 2084 4749 ι
2112 4697 2305 4763 Ulim.,
2330 4696 2545 4769 Sirm.,_
2562 4697 2926 4769 transiturus
2941 4712 2957 4757 ;
2983 4693 3177 4762 Mam.,
3196 4712 3326 4751 cum
3346 4704 3589 4769 quatuor

1993 4787 2151 4836 mss.,
2183 4769 2477 4822 transiens.
2511 4764 2732 4837 Reliqui
2750 4763 2865 4819 fere
2894 4780 3090 4820 omnes
3111 4783 3268 4837 mss.,
3288 4763 3584 4825 transibat.

2063 4850 2082 4881 ι
2111 4839 2223 4907 AL,
2259 4838 2602 4892 mortalibus.

2060 4927 2085 4956 ιι
2116 4905 2361 4967 Ιιείιιεε.
2394 4925 2537 4981 pene
2566 4923 2761 4962 omnes
2790 4905 2938 4961 Editi
2962 4928 2973 4981 ς
3010 4909 3163 4975 Quod
3189 4913 3587 4981 incorruptibi-

1992 4986 2061 5040 lis
2082 4987 2207 5053 jam
2241 4982 2491 5036 Christus
2517 4985 2566 5033 et
2592 4982 2655 5053 in
2672 4981 2826 5053 catis
2853 4980 3082 5046 positus.

2059 5051 2094 5101 γ’
2114 5053 2282 5119 Editi,
2306 5051 2752 5120 incorruptibitis
2773 5055 2991 5117 manet;
3010 5056 3070 5105 at
3102 5068 3236 5112 mss.
3251 5096 3265 5123 ,
3289 5058 3581 5123 incorrup-

1887 5176 1896 5187 .
1992 5132 2078 5181 tus
2105 5129 2313 5179 manet.

2058 5197 2240 5251 xTres
2269 5211 2427 5261 mss.,
2473 5198 2717 5262 resurget
2765 5194 3180 5263 incorruptum,
3228 5191 3433 5250 omisso
3462 5211 3582 5265 per-

1988 5273 2229 5325 maneat.

2059 5367 2086 5408 γ
2114 5339 2265 5403 Vat.,
2303 5341 2351 5391 et
2379 5352 2482 5391 sua
2513 5338 2954 5404 mortiﬁcatione.

2059 5426 2081 5455 ι
2108 5409 2455 5475 Editi,Donec
2466 5410 2650 5463 veniat
2669 5410 2823 5463 vivus
2843 5413 2890 5462 et
2913 5409 3183 5472 mortalis,
3198 5411 3394 5463 contra
3410 5408 3575 5464 tidem

1991 5481 2244 5536 omnium
2275 5496 2408 5533 mss.
2447 5479 2543 5550 qui
2574 5479 2769 5549 legunt
2800 5481 2965 5533 donec
2998 5480 3181 5532 veniat
3211 5482 3365 5533 vivus
3394 5486 3443 5535 et
3475 5485 3577 5535 im-

1990 5556 2265 5608 mortalis.

2061 5631 2098 5653 "
2122 5623 2272 5679 Editi
2294 5629 2351 5679 et
2375 5624 2547 5691 Flor.,
2578 5621 3023 5677 immortalitatis
3043 5622 3177 5674 cibo.
