3992 6166
492 289 644 348 l3??-

1048 395 1280 455 CAPUT
1314 391 1441 447 XIX
1461 398 1503 440 ³.

557 504 619 558 Ut
658 498 794 570 quid
822 498 885 550 in
912 491 1185 570 sanguine
1205 481 1437 570 ;Chr‘isti
1450 480 1723 570 hfragmen
1755 466 1997 535 corporis

1058 557 1429 614 admisceatur
1450 546 1495 600 ".

556 662 607 715 l.
634 661 800 715 Patet
846 668 1043 708 sensus
1089 644 1235 719 quod
1273 642 1392 713 jam
1431 651 1560 690 caro
1606 627 1907 700 frangitur,
1939 620 2074 693 quia

482 749 710 821 sanguis
736 752 822 801 est
846 745 903 797 in
933 738 1100 795 calice
1131 732 1227 806 qui
1252 712 1321 784 de
1348 729 1523 782 latere
1553 717 1823 780 manavit,
1862 719 1920 768 et
1946 712 2072 765 ideo

482 854 651 912 quam
685 839 834 889 recte
866 844 995 884 caro
1038 818 1300 893 sanguini
1342 815 1608 872 sociatur,
1643 807 1774 879 quia
1811 818 1915 857 nec
1942 815 2070 853 caro

489 891 590 912 γυ
1152 891 1165 893 -

482 927 604 981 sine
632 907 906 992 sanguine
938 915 1152 985 utique,
1204 925 1310 962 nec
1346 902 1575 974 sanguis
1603 899 1723 953 sine
1752 908 1920 949 carne
1944 891 2071 960 jure

480 1009 944 1069 communicatur.
975 1004 1150 1058 Totus
1189 997 1340 1053 enim
1381 994 1568 1056 homo,
1621 986 1717 1058 qui
1758 1000 1823 1038 ex
1853 977 2070 1035 duabus

478 1105 698 1157 constat
725 1092 1073 1156 substantiis,
1102 1084 1418 1148 redimitur,
1452 1084 1506 1134 et
1548 1077 1674 1131 ideo
1706 1086 1874 1127 carne
1899 1066 2070 1122 simul

477 1280 704 1352 quidam
733 1276 944 1338 volunt,
976 1269 1168 1323 anima
1194 1263 1315 1318 sola
1342 1262 1446 1314 hoc
1490 1252 1760 1327 mysterio
1788 1247 2067 1321 pascitur;

477 1368 610 1444 quia
638 1383 751 1421 non
780 1364 900 1418 sola
926 1356 1225 1414 redimitur
1254 1355 1436 1406 morte
1458 1342 1686 1411 Christi,
1711 1346 1769 1395 et
1793 1337 2066 1400 salvatur;

1444 1436 1458 1444 ³
1623 1431 1639 1444 ¹
1676 1431 1686 1441 ⁵
1830 1423 2034 1444 νκ-ΔΑΙῘΔ-

477 1423 670 1513 δεῖ-ιω)
681 1455 854 1509 etiam
873 1457 929 1505 et
945 1462 1074 1502 caro
1093 1447 1297 1499 nostra
1314 1454 1415 1511 per
1444 1436 1550 1490 hoc
1573 1431 1643 1486 ad
1673 1423 2071 1484 immortalita-

466 1553 593 1603 tem
641 1549 698 1598 et
741 1536 1219 1612 incorruptionem
1265 1530 1586 1600 reparatur.
1626 1517 1794 1575 Carni
1845 1513 2069 1587 quidem

477 1639 682 1690 nostrae
703 1645 833 1685 caro
849 1609 1059 1682 Christi
1088 1619 1418 1693 spiritaliter
1437 1623 1457 1648 °
1488 1610 1867 1667 conviscerata
1890 1609 2072 1657 trans-

478 1724 776 1787 formatur;
827 1715 855 1757 ἀ
892 1716 1057 1787 [teste
1089 1692 1328 1774 Hilario,
1360 1710 1426 1759 ut
1454 1717 1630 1757 unum
1677 1698 1855 1751 simus
1903 1692 1962 1745 in
2006 1706 2071 1743 eo

478 1829 579 1886 per
604 1812 711 1865 hoc
736 1778 1070 1878 mysterium
1111 1794 1465 1859 naturaliter,
1498 1795 1564 1844 ut
1600 1793 1658 1842 et
1699 1781 1906 1840 Christi
1936 1778 2070 1834 sub-

476 1899 687 1957 stantia
712 1897 771 1951 in
796 1898 992 1949 nostra
1018 1902 1186 1943 carne
1225 1877 1594 1947 inveniatur,]
1627 1875 1772 1930 sicut
1800 1876 1858 1925 et
1885 1870 2069 1940 ipsum

473 1994 724 2046 nostram
747 1985 807 2039 in
826 1997 987 2037 suam
998 1980 1219 2032 constat
1232 1968 1604 2040 assumpsisse
1623 1955 2071 2024 deitatem,unde

478 2082 702 2135 orantes
715 2074 785 2128 ad
800 2073 979 2127 Deum
990 2082 1118 2122 cum
1132 2062 1414 2134 Pr0pheta
1432 2056 1670 2111 dicimus
1694 2071 1707 2107 :
1728 2052 2030 2105 Memorare
2050 2056 2072 2080 ο

477 2185 596 2238 quae
616 2181 737 2220 mea
763 2159 1073 2216 substantia
1096 2172 1109 2206 :
1132 2150 1391 2220 nunquid
1415 2148 1565 2201 enim
1582 2158 1717 2196 vane
1737 2135 2075 2193 constituisti

477 2223 662 2313 omnes
693 2254 833 2320 filios
877 2247 1205 2302 hominum?
1255 2240 1421 2309 (Psal.
1470 2242 1730 2295 Lxxxvm,
1781 2225 1895 2292 48.)
1939 2223 2073 2287 Quae

474 2344 650 2415 igitur
678 2340 860 2409 major
887 2331 1157 2389 securitas
1169 2325 1436 2390 hominis,
1463 2336 1631 2393 quam
1660 2317 1731 2372 ad
1760 2330 1923 2370 suam
1945 2310 2072 2365 sub-

477 2429 747 2487 stantiam
785 2439 966 2487 orare,
1011 2425 1068 2475 et
1099 2434 1223 2473 eam
1253 2415 1274 2457 ί
1302 2415 1360 2469 in
1388 2414 1566 2467 Deum
1595 2404 1870 2469 venerari,
1903 2408 2072 2471 atque

476 2536 578 2593 per
603 2516 881 2572 unitatem
916 2524 1168 2583 personae
1211 2504 1452 2559 fidenter
1479 2516 1505 2556 ε
1534 2498 1719 2552 dicere
1774 2513 1786 2548 :
1827 2493 1867 2547 0
1911 2493 2069 2555 Deus,

476 2624 598 2663 mea
624 2603 954 2666 substantia,
984 2599 1092 2671 qui
1112 2612 1196 2648 mc
1226 2591 1565 2647 constituisti
1593 2591 1641 2639 et
1672 2583 1889 2645 creasti,
1920 2594 2074 2631 nun-

476 2698 614 2768 quid
628 2710 766 2749 vane
782 2707 866 2745 me
885 2688 1085 2743 creasti
1101 2691 1249 2737 ?non
1281 2680 1497 2750 utique,
1530 2675 1661 2728 licet
1683 2668 1920 2726 vanitati
1949 2665 2079 2721 sub-

472 2788 660 2859 jaceat
677 2784 844 2836 homo
863 2777 1117 2844 hvivens,
1139 2772 1274 2843 quia
1297 2771 1445 2848 Deus
1476 2769 1715 2827 creator,
1740 2766 1798 2814 et
1824 2755 2073 2812 Verbum

479 2840 665 2930 Datris
695 2871 871 2925 factus
903 2865 918 2906 ί
957 2840 1336 2919 homo—Unde
1374 2858 1595 2910 constat
1633 2865 1733 2922 per
1776 2848 1882 2900 hoc
1928 2840 2077 2914 quod

480 2968 539 3018 et
566 2976 669 3016 nos
695 2958 754 3012 in
782 2956 897 3021 illo,
931 2958 988 3007 et
1026 2951 1120 3005 ille
1148 2948 1343 3017 utique
1388 2943 1448 2996 in
1500 2938 1678 3003 nobis,
1711 2931 1879 2989 dumi
1909 2944 2077 2985 carne

483 3049 813 3125 spiritaliter
857 3061 917 3099 se
961 3038 1230 3105 refundit,
1262 3042 1329 3090 ut
1355 3049 1457 3087 nos
1476 3047 1578 3102 per
1602 3029 1707 3082 hoc
1733 3026 1793 3079 in
1820 3024 2076 3077 incorru-

482 3136 732 3214 ptionem
758 3131 1247 3190 transformamur.

554 3229 609 3283 2.
640 3228 816 3282 Porro
845 3218 1077 3290 sanguis
1107 3216 1247 3285 ejus,
1274 3217 1341 3267 ut
1364 3210 1502 3279 dixi,
1529 3209 1778 3279 potatur,
1801 3204 2079 3273 quatenus

485 3318 697 3385 anima,
717 3328 840 3385 quae
868 3311 928 3364 in
954 3304 1226 3377 sanguine
1252 3298 1463 3373 peccati
1484 3302 1588 3364 est,
1608 3287 2082 3359 renovetur;quia

487 3410 546 3461 et
573 3402 783 3459 Christi
814 3398 1005 3455 anima
1046 3410 1161 3450 non
1199 3393 1259 3447 in
1304 3388 1576 3459 sanguine
1624 3382 1855 3456 peccati,
1900 3379 1997 3433 scd
2022 3378 2082 3431 in

489 3493 763 3564 sanguine
792 3488 996 3552 carnis,
1022 3484 1195 3539 etiam
1223 3480 1308 3535 uti
1335 3484 1541 3532 natura
1558 3480 1646 3529 est
1662 3470 1925 3534 hominis,
1958 3482 2081 3520 car-

486 3599 616 3636 nem
646 3581 974 3641 humanam,
998 3587 1166 3644 quam
1197 3567 1455 3623 Christus
1484 3565 1824 3632 susceperat,
1850 3555 2083 3609 viviﬁca-

485 3672 584 3726 vit.
603 3668 815 3725 Idcirco
847 3680 961 3719 non
981 3667 1133 3717 recte
1163 3674 1294 3713 caro
1316 3656 1438 3710 sine
1471 3650 1744 3722 sanguine
1774 3643 2084 3701 communi-

488 3764 683 3814 catur:
717 3755 816 3810 sed
845 3758 910 3807 ut
937 3765 1067 3805 caro
1104 3747 1311 3801 habeat
1340 3741 1669 3796 relationem
1688 3728 1773 3791 ad
1810 3733 2078 3794 animam,

489 3864 613 3919 quae
643 3846 699 3900 in
729 3840 1004 3913 sanguine
1045 3835 1252 3891 Christi
1277 3839 1382 3898 est,
1415 3836 1473 3884 et
1500 3828 1690 3883 anima
1710 3820 2035 3879 viviﬁcatrix
2059 3837 2087 3878 ιι

489 3936 675 3992 carnis
703 3950 805 4007 per
830 3928 1162 4001 sanguinem
1192 3921 1522 3978 relationem
1546 3916 1751 3971 habeat
1781 3914 1851 3967 ad
1881 3913 2081 3973 Deum,

489 4033 659 4097 atque
673 3999 755 4078 ita
766 4027 919 4076 totus
944 3999 1107 4072 homo
1124 4019 1374 4068 sanetur.
1393 4010 1534 4063 llinc
1563 4020 1783 4079 quoque
1814 3999 2087 4056 Dominus

490 4124 618 4168 cum
642 4113 875 4167 dixisset
905 4123 917 4157 :
942 4109 1048 4174 Qui
1068 4104 1371 4157 manducet
1402 4113 1584 4153 meam
1614 4108 1838 4150 carnem
1863 4095 1913 4143 et
1954 4090 2087 4142 bibit

491 4218 676 4256 meum
704 4198 1056 4265 sanguinem,
1089 4193 1244 4245 habet
1282 4190 1456 4242 vitam
1487 4191 1772 4245 aeternam,
1823 4178 2088 4234 continuo

492 4288 731 4360 subjecit
761 4304 772 4339 :
806 4286 872 4339 Et
907 4298 999 4351 ego
1030 4278 1358 4334 resuscitabo
1397 4292 1525 4330 eum
1564 4277 1627 4327 in
1663 4272 1964 4327 novissimo
2004 4267 2091 4318 die

497 4357 677 4447 (Joan.
709 4389 788 4442 vi,
814 4373 922 4443 55).
956 4370 1123 4424 Habet
1153 4380 1399 4434 namque
1441 4363 1566 4416 ideo
1606 4359 1765 4424 dixit,
1798 4357 1930 4428 quia
1957 4370 2089 4409 mox

496 4465 686 4520 anima
714 4478 881 4518 carne
910 4458 1095 4514 soluta
1119 4454 1301 4510 intrat
1328 4452 1386 4505 in
1410 4451 1536 4504 vitae
1562 4446 1969 4519 promptuaria,
1995 4442 2091 4497 ubi

499 4561 821 4609 sanctorum
863 4548 1065 4604 animae
1112 4542 1489 4616 requiescunt.
1538 4537 1770 4602 Deinde,
1822 4533 1972 4605 quod
2020 4531 2092 4585 ad

571 4700 589 4724 '
616 4694 786 4748 Laub.
817 4709 937 4764 cap.

571 4764 597 4803 δ
617 4746 759 4821 an.
782 4746 956 4817 Laiib.
984 4761 1142 4815 addit
1172 4778 1183 4813 :
1202 4760 1269 4814 Et
1291 4755 1433 4827 quod
1446 4769 1557 4827 non
1572 4752 1988 4827 solum_anjin.a,
2003 4746 2094 4827 sed

501 4850 693 4905 corpus
709 4838 806 4887 hoc
820 4837 1081 4902 mysterio
1088 4834 1243 4905 pasci
1247 4816 1370 4905 tu}.
1387 4826 1572 4881 Codex
1592 4839 1721 4905 vero
1738 4823 1794 4876 S.
1825 4816 2093 4901 Germani

500 4891 723 4962 recente
764 4891 937 4958 manu
965 4891 1310 4973 conscriptus
1356 4900 1505 4952 hunc
1551 4895 1777 4968 praefert
1815 4891 2085 4973 titulumi

502 4979 755 5048 Corporis
784 4983 832 5029 et
860 4977 1159 5048 sanguinis
1182 4960 1313 5026 Dom
1324 4973 1409 5024 ini
1428 4960 1829 5037 perceptionem
1849 4963 2000 5016 nobis
2018 4960 2093 5014 ad

501 5046 736 5106 salutem
764 5062 870 5101 csse
892 5046 1272 5098 necessariam.
1788 5056 1791 5063 ·

569 5129 587 5151 °
614 5117 788 5175 Laub.
815 5117 1123 5185 specialiter
1151 5115 1555 5174 conviscerata;
1591 5126 1696 5163 ms.
1729 5106 1860 5176 Maj.
1912 5118 2089 5170 mon.,

501 5192 876 5263 spiritualiter
899 5188 1229 5263 consecrata.

571 5284 597 5321 d
626 5262 846 5317 Inclusa
873 5255 1084 5311 ansulis
1111 5254 1316 5308 desunt
1338 5251 1397 5305 in
1426 5249 1620 5305 Editis.

570 5356 595 5386 ο
615 5333 761 5388 Editi
786 5346 918 5386 eum
944 5343 1057 5383 uno
1084 5342 1213 5391 ms.,
1230 5338 1537 5378 memorare
1565 5336 1693 5374 mete
1711 5320 2049 5374 substantia.

570 5400 592 5437 ¹
616 5403 786 5470 Editi,
824 5416 947 5456 eam
976 5402 1092 5454 Deo.

569 5503 599 5547 α
625 5458 806 5542 Anio;
833 5475 1083 5547 ﬁdentes;
1106 5483 1250 5547 mss.
1284 5465 1480 5534 Major.
1514 5479 1664 5517 mon.
1701 5462 1758 5516 S.
1803 5458 2083 5525 Audoeni,

499 5553 557 5603 et
572 5543 723 5602 unus
750 5544 962 5615 regius,
994 5543 1242 5613 ﬁdeliter.

1240 273 1298 326 S.
1339 256 1718 323 PASCHASII
1760 244 2115 307 RADBERTI
2158 238 2462 295 ABBATIS
2501 236 2995 293 CORBEIENSIS.

3573 233 3691 291 13'28

2088 372 2132 430 Α
2155 381 2357 436 corpus
2387 363 2647 436 pertinet,
2678 360 2894 416 addidit
2922 375 2934 409 :
2968 361 3031 414 Et
3062 375 3155 427 ego
3186 359 3495 413 rcsuscitabo
3515 377 3621 413 eum
3644 363 3694 413 in

2154 457 2444 509 novissimo
2472 456 2579 520 die,
2602 458 2668 507 ut
2690 453 2835 507 sicut
2862 452 3078 521 integre
3097 452 3322 503 creatus
3349 453 3430 501 est
3450 448 3611 514 homo,
3631 449 3697 504 ita

2154 559 2375 614 quoque
2414 542 2739 613 redemptus
2785 541 3005 609 integre
3043 536 3404 609 praedicetur;
3439 552 3497 589 ac
3531 536 3698 592 deinde

2152 631 2211 685 in
2236 630 2537 685 novissimo
2565 630 2636 684 ad
2661 630 2945 699 integrum
2974 626 3323 698 reparandas
3342 624 3593 678 credatur.

2224 720 2284 776 3.
2320 720 2537 773 1Porro
2568 719 2627 773 in
2674 718 2864 785 calice,
2918 722 3195 788 quantum
3244 714 3408 768 datur
3445 713 3699 784 intelligis

2154 808 2360 862 sanctis
2391 807 2672 872 Patribus,
2707 807 2832 861 ideo
2860 806 3030 860 simul
3056 820 3263 875 corpus
3293 807 3349 856 et
3388 802 3593 872 sanguis
3616 818 3697 872 per

2153 898 2298 951 hanc
2320 903 2536 968 partem
2565 897 2907 967 junguntur,
2927 894 3058 965 quia
3080 891 3226 947 calix
3250 889 3512 962 passionis
3527 889 3698 944 Christi

2151 989 2477 1059 prteﬁgurat
2515 986 2868 1057 mysterium,
2919 984 3065 1038 sicut
3092 982 3321 1036 canitur
3357 981 3417 1034 in
3459 978 3696 1050 psalmis:

2153 1078 2388 1131 Calicem
2414 1078 2683 1130 salutaris
2709 1076 2997 1143 accipiam,
3030 1077 3078 1126 et
3107 1086 3308 1124 nomen
3336 1070 3549 1123 Domini
3572 1069 3700 1120 invo-

2151 1168 2277 1220 cabo
2304 1166 2471 1236 (Psat.
2507 1179 2629 1229 cxv,
2672 1162 2779 1232 13).
2831 1163 2938 1217 Per
2978 1159 3210 1215 calicem
3263 1173 3499 1227 namque
3538 1154 3702 1208 salutis

2152 1253 2338 1325 passio
2365 1253 2713 1323 designatur.
2745 1252 2811 1305 In
2837 1266 2949 1321 qua
2975 1248 3254 1303 nimirum
3285 1245 3531 1317 passione
3566 1242 3703 1297 simul

2152 1358 2281 1396 caro
2322 1340 2530 1396 Christi
2564 1356 2692 1393 cum
2735 1355 2837 1394 suo
2884 1335 3158 1407 sanguine
3202 1333 3343 1399 fuit;
3389 1331 3577 1386 idcirco
3606 1330 3703 1399 jam

2153 1430 2443 1485 immolato
2472 1428 2693 1484 Christo
2726 1444 2826 1499 per
2867 1429 3286 1480 sacramentum
3332 1419 3521 1474 divinae
3559 1417 3704 1471 tradi-

2155 1519 2342 1584 tionis,
2375 1534 2577 1589 corpus
2606 1516 2886 1587 frangitur
2911 1514 2981 1569 ad
3004 1528 3192 1568 escam
3219 1510 3455 1584 populis,
3486 1514 3539 1563 et
3563 1506 3703 1578 parti-

2153 1615 2249 1663 tur
2264 1606 2523 1663 ﬁdelibus
2546 1625 2559 1674 ;
2593 1604 2825 1675 sanguis
2842 1620 2970 1658 vero
2988 1603 3047 1657 in
3060 1601 3236 1657 calice
3256 1616 3323 1654 ac
3349 1599 3469 1653 siin
3489 1597 3704 1668 passione

2089 1686 2137 1747 B
2156 1698 2338 1765 fusus,
2361 1693 2693 1767 spiritaliter
2720 1696 3082 1748 consecratus
3111 1705 3215 1760 pro
3253 1685 3409 1741 nobis
3436 1682 3704 1739 ostenditur

2153 1786 2223 1841 ad
2248 1785 2576 1858 potandum,
2592 1784 2707 1838 Deo
2729 1780 2885 1836 Patri
2912 1797 2948 1834 a
2978 1794 3205 1833 summo
3227 1774 3485 1847 pontiﬁce
3505 1771 3703 1835 oblatus,

2154 1880 2429 1947 quatenus
2468 1889 2535 1927 eo
2562 1871 2744 1944 pretio
2788 1885 2898 1941 quo
2929 1865 3211 1938 redempti
3251 1879 3444 1918 sumus
3471 1861 3535 1914 de
3561 1862 3705 1913 morte

2155 1963 2222 2018 ad
2250 1964 2440 2027 vitam,
2477 1968 2535 2015 et
2557 1961 2617 2014 in
2644 1975 2876 2030 corpore
2905 1955 3113 2013 Christi
3143 1951 3453 2025 aggregati,
3486 1961 3710 2003 exuamur

2155 2069 2191 2106 a
2217 2051 2397 2122 culpis
2424 2047 2766 2121 quotidianis
2790 2044 3115 2114 levibusque
3145 2040 3413 2114 peccatis.
3446 2035 3632 2092 Deinde
3654 2048 3704 2086 eo

2155 2141 2276 2214 ipso
2301 2140 2423 2194 cibo
2452 2144 2700 2210 potuque
2728 2150 3027 2208 pascamur
3067 2138 3124 2186 et
3174 2136 3437 2203 potemur
3458 2126 3522 2180 ad
3549 2124 3703 2187 vitam,

2156 2236 2221 2284 ut
2264 2246 2333 2284 ex
2382 2228 2503 2299 ipso
2541 2244 2643 2299 per
2669 2226 2862 2297 ipsum
2899 2220 3091 2276 refecti
3140 2218 3575 2273 convisceremur
3609 2208 3704 2262 min

2153 2318 2393 2381 Christo,
2416 2322 2692 2387 quatenus
2722 2319 2780 2368 et
2807 2312 2918 2383 ipsi
2939 2327 3068 2365 cum
3090 2326 3157 2364 eo
3180 2324 3359 2363 unum
3377 2302 3704 2364 inveniamur,

2155 2409 2406 2482 alioquin
2426 2409 2598 2464 vitam
2621 2409 2680 2462 in
2697 2406 2858 2462 nobis
2884 2403 3090 2459 habere
3109 2419 3227 2457 non
3250 2413 3559 2472 possumus;
3588 2390 3707 2447 unde

2154 2502 2275 2573 ipse
2305 2500 2560 2555 Salvator
2590 2516 2600 2550 :
2633 2498 2757 2552 Nisi
2782 2494 3280 2555 manducaveritis,
3310 2486 3502 2558 inquit,
3522 2495 3705 2538 carnem

2160 2593 2270 2658 [itii
2282 2590 2527 2643 hominis
2537 2592 2585 2641 et
2604 2588 2848 2639 biberitis
2869 2588 2985 2653 ejus
3007 2583 3476 2649 sanguinem,non
3493 2569 3710 2627 habebitis

2159 2681 2333 2732 vitam
2364 2680 2426 2730 in
2455 2677 2601 2730 vobis
2625 2676 2800 2743 (Joan.
2830 2689 2896 2725 v1.
2931 2671 3041 2739 54).

2231 2767 2289 2823 4.
2329 2765 2682 2835 Quapropter
2725 2761 2899 2815 etiam
2947 2758 3209 2813 nonnulli
3256 2757 3522 2827 quaerunt,
3557 2749 3598 2804 si
3629 2743 3704 2817 qui

2160 2855 2537 2926 baptizantur,
2589 2858 2647 2905 et
2697 2849 2967 2921 praeventi
3017 2853 3201 2901 morte
3242 2844 3448 2899 fuerint
3482 2836 3701 2897 velocius,

2159 2961 2261 2998 nec
2282 2943 2548 2997 sinuntur
2566 2955 2793 2994 carnem
2806 2937 3031 2992 Domini
3053 2936 3417 2997 manducare,
3430 2941 3592 2998 neque
3608 2924 3705 2992 ejus

2159 3031 2488 3103 sanguinem
2517 3028 2726 3093 bibere,
2758 3033 2948 3081 utrum
2987 3026 3071 3078 vel
3102 3029 3379 3095 quantum
3402 3020 3607 3080 noceat;
3631 3013 3707 3064 aut

2161 3122 2207 3178 si
2239 3120 2380 3175 nihil
2410 3125 2629 3185 noceat,
2652 3116 2965 3188 praesertim
2994 3130 3121 3169 cum
3151 3129 3281 3167 mox
3311 3106 3485 3164 renati
3511 3106 3562 3159 in
3579 3098 3706 3156 Chri-

2163 3218 2266 3273 sto,
2300 3225 2476 3263 unum
2506 3224 2633 3263 cum
2665 3222 2730 3260 eo
2759 3221 2961 3277 corpus
2990 3202 3193 3268 eﬂ'ecti,
3228 3202 3286 3255 in
3311 3195 3633 3268 adeptionem
3658 3187 3705 3240 fi-

2163 3298 2366 3353 liorum
2399 3297 2500 3352 Dei
2542 3296 2759 3350 venisse
2795 3310 2925 3348 vere
2969 3292 3299 3347 creduntur.
3343 3285 3494 3342 Unde
3529 3280 3709 3335 constat

2093 3020 2136 3079 C

2165 3386 2298 3457 quia
2344 3385 2526 3440 renati
2565 3385 2635 3440 ad
2684 3384 2876 3451 vitam,
2910 3398 3036 3436 mox
3067 3378 3332 3435 translati
3378 3391 3473 3447 per
3509 3372 3705 3424 mortem

2163 3456 2347 3530 carnis
2377 3474 2448 3528 ad
2475 3474 2656 3545 ipsam
2688 3471 3058 3541 eamdemque
3104 3468 3302 3533 vitam,
3338 3479 3457 3537 qua:
3495 3456 3705 3514 Christus

2164 3569 2268 3629 est,
2303 3564 2426 3616 sine
2455 3536 2625 3615 ullius
2648 3559 2774 3614 labe
2803 3536 3036 3631 peccati,
3070 3557 3126 3610 in
3156 3556 3283 3626 ipso
3314 3565 3339 3594 η
3368 3536 3704 3617 concorporati

2165 3651 2528 3706 inveniuntur
2552 3667 2566 3716 ;
2594 3654 2652 3703 et
2679 3648 2803 3702 ideo
2844 3663 2956 3701 non
2987 3644 3183 3700 obesse
3221 3641 3491 3699 credimus
3515 3649 3599 3689 eos
3620 3628 3708 3682 via-

2166 3741 2339 3795 ticum
2380 3755 2495 3793 non
2519 3736 2795 3808 accepisse
2827 3735 2997 3806 hujus
3025 3730 3364 3789 sacramenti
3390 3727 3455 3784 ad
3482 3724 3626 3778 vitam
3660 3716 3705 3770 in

2169 3828 2294 3895 via;
2330 3826 2462 3897 quia
2489 3826 2549 3879 in
2574 3824 2729 3878 nullo
2760 3828 2887 3894 post
2910 3827 3229 3893 perceptam
3252 3820 3414 3874 vitam
3443 3810 3706 3868 declinave-

2168 3921 2302 3970 runt
2328 3934 2348 3956 ο
2376 3932 2412 3968 a
2440 3914 2542 3979 via,
2576 3914 2674 3968 sed
2706 3917 3036 3966 manserunt
3068 3910 3128 3965 in
3166 3909 3302 3975 vita,
3354 3921 3469 3977 quae
3494 3897 3703 3955 Christus

2169 4010 2272 4071 est,
2308 4010 2365 4059 et
2382 4003 2505 4057 ideo
2526 4020 2637 4057 non
2658 4002 2985 4056 defecerunt
3012 4000 3072 4053 in
3099 3998 3209 4066 via,
3239 3998 3410 4052 donec
3425 3990 3705 4064 perventum

2171 4101 2257 4149 est
2269 4093 2340 4148 ad
2355 4092 2669 4157 veritatem,
2693 4091 2751 4144 in
2781 4106 2892 4161 qua
2918 4088 3267 4160 sempiterna
3286 4090 3343 4141 et
3366 4098 3488 4136 vera
3502 4081 3578 4133 est
3599 4072 3704 4125 Vita-

2172 4185 2449 4238 Caeterum
2489 4179 2818 4252 quantisper
2861 4178 2952 4233 hic
2999 4174 3415 4232 remanentibus
3453 4166 3590 4222 valde
3614 4174 3709 4233 per-

2172 4270 2519 4326 necessarius
2540 4275 2627 4324 est
2642 4269 2713 4322 ad
2735 4267 2906 4321 vitam
2937 4267 3031 4321 ille
3052 4265 3208 4320 cibus
3227 4261 3459 4332 cmlestis
3484 4260 3535 4312 et
3553 4256 3705 4325 Ροῐαε,

2105 4344 2154 4403 Ῑ)
2173 4365 2448 4432 quatenus
2474 4372 2500 4413 ρ
2529 4358 2676 4413 sicut
2696 4358 2926 4411 aluntur
2951 4355 3088 4409 cibis
3106 4354 3345 4409 terrenis
3363 4350 3428 4406 ad
3451 4353 3640 4415 tempus
3658 4339 3707 4391 ut

2171 4451 2379 4514 vivant,
2426 4448 2507 4501 sic
2552 4447 2777 4501 alantur
2818 4444 3152 4518 spiritaliter
3188 4441 3368 4498 renati
3408 4453 3499 4510 per
3530 4422 3706 4487 haud

2172 4542 2502 4611 perpetuam
2528 4536 2721 4602 vitam,
2763 4551 2835 4589 ne
2873 4533 3140 4589 deﬁciant
3166 4532 3225 4587 in
3255 4533 3359 4599 via,
3384 4528 3539 4582 donec
3561 4526 3705 4574 trans-

2247 4739 2255 4747 .
2295 4679 2466 4743 Editi,
2487 4680 2668 4732 omnis
2687 4678 2844 4731 homo
2872 4680 3076 4731 vivens.

2245 4752 2258 4820 ξ
2288 4751 2457 4816 Editi,
2484 4752 2662 4818 factus
2687 4753 2760 4803 est
2788 4751 2968 4803 homo.

2241 4825 2257 4866 ³
2289 4822 2454 4889 Editi,
2484 4823 2620 4875 dum
2650 4824 2713 4874 in
2733 4836 2920 4873 carne.

2244 4890 2272 4990 ξι
2288 4893 2402 4990 μ,
2438 4895 2715 4990 υίυίβοαεα
2744 4891 2951 4945 Christi
2971 4907 3073 4990 μὲν
3098 4892 3439 4957 sanguinem.

2338 4981 2419 4990 η...
2447 4978 2657 4990 ..ΛΑ-...ιη
2691 4978 2760 4990 ηις
2780 4977 2958 4990 παι-ην.
2982 4978 3010 4990 η
3073 4963 3299 4990 ἐ-ιιηειέω
3330 4964 3439 4990 dum.

2279 4950 2421 5046 Quae
2446 4950 2760 5046 sequuntur
2780 4950 3054 5046 usquead
3072 4950 3301 5016 interim
3327 4964 3492 5012 tamen
3500 4950 3699 5021 justum:

2174 5032 2570 5089 desiderantur
2597 5034 2656 5087 in
2684 5032 2943 5087 undecim
2975 5049 3109 5089 mss.

2247 5106 2475 5188 ξπ
2492 5119 2953 5188 conpesceremur.

2244 5183 2263 5207 ’³
2290 5177 2456 5256 Editi,
2490 5191 2601 5256 non
2628 5177 2991 5256 incorporati,
3026 5190 3140 5229 non
3168 5173 3250 5229 ita
3276 5171 3427 5225 bene.
3619 5228 3634 5256 θ
3665 5222 3674 5232 ,

2218 5260 2268 5331 ,ο
2297 5228 2682 5317 Οοά.ἰ“θείαε,
2702 5228 3165 5314 declinaverunt,
3215 5228 3305 5300 sed
3346 5228 3634 5293 manserunt
3655 5228 3702 5273 in

2170 5335 2280 5375 ma.

2245 5367 2280 5442 ii
2301 5389 2437 5443 Cod.
2470 5388 2678 5459 regius,
2708 5391 2977 5458 quatenus
2996 5391 3075 5443 sic
3114 5391 3347 5444 alantur
3380 5367 3700 5452 spiritualita'

2170 5466 2356 5515 renati
2374 5477 2476 5531 per
2501 5463 2610 5516 haec
2620 5462 2694 5514 ad
2711 5466 3032 5530 perpetuam
3052 5462 3249 5515 vitam.
