3992 6166
305 287 462 347 1329

296 418 435 469 cant
469 429 574 485 per
610 419 853 470 mortem
892 415 1076 470 carnis
1115 418 1188 472 ad
1221 427 1573 493 perpetuam,
1605 425 1700 481 ubi
1718 427 1973 487 nullusA

264 564 275 569 ,
299 501 555 557 defectus
593 509 699 568 est,
729 509 788 558 et
812 504 1213 576 sempiternam
1241 508 1431 566 vitam.

378 592 427 645 5.
463 592 621 660 (Aug.
656 596 718 646 in
745 595 929 660 Joan.,
950 611 995 648 c.
1015 590 1088 657 6.)
1119 596 1353 653 Interim
1380 606 1571 656 tamen
1595 603 1814 673 justum
1842 610 1900 661 et
1926 680 1929 681 ν

296 680 788 751 pernecessarium
818 687 882 736 ut
897 683 1222 756 redemptus
1237 688 1422 742 alatur
1437 690 1507 744 ad
1529 691 1896 764 incorruptio-

295 783 432 823 nem
462 775 521 823 et
542 774 768 841 potetur
797 770 868 825 ad
898 772 1088 826 vitam.
1127 773 1432 847 Propterea
1470 795 1599 834 mox
1641 782 1897 836 Salvator

295 858 496 914 intulit
538 878 549 912 :
589 861 732 916 0am
760 864 910 916 enim
940 879 1060 917 mea
1104 881 1226 919 vere
1258 874 1335 921 est
1380 871 1549 934 cibus,
1587 876 1635 924 et
1665 876 1897 941 sanguis

298 964 454 1002 meus
468 964 589 1002 vere
605 954 680 1002 est
697 954 860 1018 potus
880 952 1059 1018 (Joan.
1081 967 1151 1016 γι,
1172 952 1261 1022 56)
1291 973 1302 1008 :
1336 973 1400 1011 ac
1430 958 1478 1012 si
1509 959 1737 1026 diceret,
1762 962 1897 1033 quia

293 1037 640 1107 generaliter
674 1038 931 1093 homines
959 1039 1145 1095 cibum
1177 1046 1235 1096 et
1260 1050 1455 1115 potum
1484 1047 1555 1101 ob
1584 1047 1640 1102 id
1671 1067 1895 1120 perma-

294 1126 446 1181 xime
475 1133 769 1198 appetunt,
795 1135 857 1183 ut
884 1145 997 1184 non
1022 1132 1277 1187 esuriant
1304 1151 1485 1207 neque
1507 1137 1721 1205 sitiant,
1746 1144 1805 1194 et
1824 1156 1895 1194 ne

297 1215 637 1280 moriantur,
669 1217 783 1271 hoc
803 1218 1001 1290 utique
1030 1223 1345 1277 communis
1373 1224 1479 1280 iste
1523 1243 1637 1280 non
1668 1234 1898 1298 praestat

294 1302 455 1359 cibus
483 1310 541 1359 et
562 1310 749 1376 potus,
771 1306 870 1361 sed
900 1323 1030 1363 caro
1056 1325 1182 1363 mea
1209 1316 1266 1365 et
1296 1314 1544 1384 sanguis,
1578 1316 1711 1386 quia
1737 1335 1762 1364 ι
1785 1317 1894 1371 im-

294 1393 566 1448 mortales
590 1398 648 1449 et
664 1394 1118 1467 incorruptibiles
1148 1398 1297 1460 facit.
1332 1406 1388 1455 et
1416 1401 1542 1457 ideo
1581 1421 1711 1459 vere
1738 1405 1895 1460 cibus

297 1486 356 1535 et
390 1486 559 1553 potus
589 1483 915 1539 nominatur
937 1485 981 1539 δ.
1017 1486 1250 1542 Constat
1286 1489 1462 1560 igitur
1490 1496 1548 1545 et
1564 1493 1743 1564 liquet
1772 1512 1893 1549 om-

294 1568 480 1635 nibus,
520 1572 668 1642 quod
694 1572 754 1626 in
803 1573 907 1627 hac
934 1576 1158 1630 mortali
1192 1577 1305 1631 vita
1341 1580 1463 1634 sine
1512 1581 1634 1636 cibo
1660 1588 1718 1637 et
1755 1589 1891 1655 potu

294 1674 410 1713 non
438 1659 643 1714 vivitur
676 1679 688 1714 :
723 1662 802 1716 sic
824 1662 1013 1735 itaque
1035 1663 1106 1718 ad
1136 1665 1292 1721 illam
1319 1673 1589 1724 aeternam
1616 1687 1728 1725 non
1759 1689 1891 1743 per-

1215 294 1352 350 LIB.
1395 296 1489 354 DE
1526 299 1865 358 CORPORE
1902 300 1993 356 ET
2032 296 2401 355 SANGUINE
2437 294 2719 351 DOMINI.

3444 290 3579 349 1330

2556 418 2789 474 CAPUT
2816 418 2917 473 XX
2939 437 2973 481 ί.

1983 507 2208 580 ()uarei
2243 526 2395 565 nunc
2436 525 2469 563 a
2506 511 2724 577 jejunis
2752 510 3085 576 mysterium
3131 518 3297 563 sacrae
3334 521 3575 560 commu-

2051 603 2236 654 nionis
2267 601 2592 662 celebratur,
2626 613 2753 651 cum
2782 598 3051 651 Dominus
3073 602 3195 666 post
3215 611 3423 651 canam
3450 608 3576 663 apo-

2050 691 2202 743 stolis
2221 690 2317 743 hoc
2347 688 2661 741 tradiderit.

2052 777 2102 831 1.
2152 778 2579 851 Sacramentum
2624 791 2757 845 ergo
2788 775 2913 840 fuit,
2960 774 3108 845 quod
3148 773 3422 828 Dominus
3452 778 3580 843 post

1978 881 2193 919 caenam
2223 864 2490 937 apostolis
2516 865 2621 918 hoc
2646 862 2900 917 tradidit.
2924 863 3014 918 Sic
3033 863 3180 917 enim
3197 862 3335 917 illud
3351 862 3575 933 impleri

1979 953 2275 1025 oportebat
2300 955 2450 1007 circa
2478 954 2647 1007 ﬁnem
2678 952 2789 1007 diei
2817 952 2889 1006 ad
2930 968 3240 1024 vesperam,
3282 957 3347 1006 ut
3373 951 3515 1005 hora
3544 976 3573 1013 ιι

1976 1042 2100 1114 ipsa
2119 1042 2375 1097 sacriﬁcii
2394 1042 2715 1097 ostenderet
2721 1043 2838 1111 jam
2860 1042 3031 1095 ﬁnem
3056 1040 3241 1096 saeculi
3258 1039 3568 1105 advenisse,

1976 1132 2126 1186 unde
2154 1133 2399 1186 Joannes
2442 1150 2453 1184 :
2513 1132 2703 1184 Filioli
2743 1132 2871 1184 mei.
2917 1128 2930 1169 Ι
2975 1132 3275 1183 novissima
3318 1130 3455 1182 hora
3497 1133 3573 1182 est

1972 1221 2029 1291 (Ι
2044 1223 2205 1275 Joan.
2238 1235 2297 1283 II,
2331 1217 2410 1290 8).
2459 1219 2634 1273 Porro
2664 1219 2903 1289 apostoli
2948 1217 3073 1272 ideo
3098 1218 3279 1288 jejuni
3302 1218 3422 1288 jam
3451 1233 3566 1271 non

1975 1308 2299 1379 erant,quia
2315 1323 2541 1362 necesse
2550 1306 2659 1361 fuit
2675 1312 2741 1360 ut
2758 1306 2965 1377 pascha
2982 1305 3118 1359 illud
3144 1311 3200 1377 ty
3208 1306 3392 1376 picum
3413 1306 3570 1377 prius

1974 1398 2371 1467 compleretur,
2393 1395 2597 1449 deinde
2615 1395 2687 1449 ad
2708 1410 2900 1449 verum
2920 1395 3137 1465 paschae
3156 1401 3568 1449 sacramentum

1975 1486 2301 1540 transirent.
2334 1485 2453 1539 Hoc
2482 1484 2631 1538 enim
2663 1483 2722 1537 in
2753 1483 3021 1554 mysterio
3047 1488 3183 1536 tunc
3224 1483 3434 1538 factum
3463 1490 3566 1550 est,

1975 1578 2040 1628 ut
2065 1579 2122 1628 et
2166 1572 2368 1628 umbra
2407 1573 2577 1627 ﬁnem
2626 1572 2923 1643 acciperet,
2967 1570 3202 1625 veritate
3237 1576 3481 1639 ostensa,
3513 1578 3572 1627 et

1973 1662 2081 1733 ipsi
2104 1662 2306 1717 deinde
2335 1662 2405 1716 ad
2435 1677 2624 1716 veram
2654 1677 2783 1715 mox
2811 1660 3123 1714 transirent
3142 1660 3466 1717 novitatem.
3492 1662 3571 1716 Ex

293 1748 537 1816 venitur,
567 1749 677 1804 ni'si
718 1750 937 1806 duobus
960 1751 1082 1807 istis
1110 1754 1180 1808 ad
1210 1755 1693 1814 immortalitatem
1722 1762 1888 1833 spiri-
1908 1748 1951 1807 Β
1969 1767 2079 1822 quo
2103 1751 2310 1805 factum
2333 1750 2477 1822 quod
2502 1750 2684 1821 jejuni
2704 1765 2905 1820 corpus
2935 1753 2992 1802 et
3018 1749 3352 1819 sanguinem
3380 1749 3573 1821 primi.

290 1836 485 1892 taliter
508 1838 794 1893 nutriatur
818 1858 831 1907 ;
860 1846 917 1895 et
934 1841 1062 1896 ideo
1086 1842 1224 1898 bene
1240 1844 1409 1899 simul
1436 1847 1493 1901 in
1517 1849 1689 1903 calice
1715 1861 1739 1891 ο
1768 1851 1891 1905 red—

291 1925 524 1992 duntur,
557 1927 690 1999 quia
725 1928 795 1982 de
848 1946 961 1985 uno
994 1931 1166 1987 calice
1215 1934 1489 2005 passionis
1535 1938 1742 1993 Christi
1771 1939 1888 1994 haec

290 2014 404 2069 duo
433 2014 595 2069 nobis
635 2017 707 2070 ad
745 2017 916 2072 vitam
952 2028 1274 2076 manarunt.
1309 2024 1416 2078 Sed
1441 2023 1631 2079 infelix
1659 2032 1746 2082 est
1772 2028 1888 2082 ani-

291 2120 437 2170 mus,
471 2105 568 2176 qui
597 2105 700 2160 hoc
726 2123 839 2161 non
868 2108 1005 2162 satis
1021 2110 1219 2172 credit,
1237 2116 1294 2166 et
1309 2116 1499 2167 tamen
1528 2130 1641 2168 non
1669 2115 1892 2171 dubitat

290 2193 440 2264 quod
478 2192 599 2248 cibo
642 2200 701 2249 et
743 2205 879 2266 potu
925 2198 1039 2252 vita
1079 2200 1325 2254 humana
1364 2207 1731 2259 sustentetur.
1764 2213 1787 2254 ά
1828 2206 1888 2261 Si

287 2282 441 2336 enim
469 2282 529 2337 in
558 2283 665 2337 hoc
689 2285 916 2339 mortali
944 2286 1068 2341 cibo
1105 2294 1264 2343 tanta
1293 2290 1372 2344 vis
1399 2290 1563 2358 inest,
1606 2298 1673 2347 ut
1701 2295 1887 2365 quoti-

284 2370 376 2425 die
406 2370 577 2427 vitam
602 2372 887 2428 labentem
908 2382 1136 2446 reparet
1170 2384 1227 2432 et
1266 2378 1408 2433 vires
1435 2381 1718 2450 restituat,
1751 2383 1886 2454 quid

286 2460 645 2516 sentiendum
672 2462 741 2517 de
780 2463 883 2518 hoc
924 2464 1231 2521 immortali
1259 2467 1382 2522 cibo
1412 2473 1468 2524 et
1495 2476 1651 2542 potu,
1682 2472 1740 2525 in
1773 2489 1883 2543 quo

287 2548 401 2603 vita
420 2554 635 2605 aeterna
658 2556 960 2622 praestatur
979 2560 1037 2608 et
1056 2554 1453 2613 immortalitas
1472 2570 1496 2601 ο
1515 2560 1756 2629 regnat?
1778 2561 1883 2615 Ve-

282 2637 425 2692 ritas
466 2639 619 2694 enim
656 2645 741 2695 est
766 2641 937 2709 Deus,
990 2648 1046 2697 et
1074 2643 1331 2700 Christus
1378 2647 1581 2702 veritas
1609 2655 1714 2716 est,
1749 2650 1882 2721 quia

281 2726 479 2799 utique
529 2728 679 2783 Deus
715 2747 727 2783 ε
759 2737 1075 2803 propterea,
1128 2750 1161 2787 ο
1207 2734 1395 2800 homo,
1438 2736 1486 2790 si
1528 2738 1730 2792 veritas
1773 2745 1877 2806 est,

280 2816 465 2881 crede,
486 2833 616 2871 caro
645 2818 854 2873 Christi
883 2825 941 2874 et
957 2822 1187 2892 sanguis
1216 2824 1348 2895 quia
1373 2825 1489 2880 vita
1517 2830 1636 2895 est;
1668 2832 1726 2881 et
1750 2826 1877 2883 ideo

279 2904 501 2960 Veritas
520 2912 895 2977 protestatur:
925 2910 1034 2978 Qui
1052 2914 1353 2967 inanducat
1384 2930 1561 2969 meam
1581 2932 1809 2971 carnem
1828 2922 1877 2971 et

279 2994 414 3049 bibit
454 3012 637 3050 meum
658 3001 1010 3066 sanguinem,
1043 3000 1199 3054 habet
1228 3005 1401 3057 vitam
1430 3009 1694 3059 .eternam
1725 3007 1787 3059 in
1822 3022 1877 3060 se

1970 1845 2062 1894 tus
2087 1840 2319 1894 minime
2340 1855 2656 1911 percepere.
2692 1838 2965 1893 Caeterum
3000 1837 3397 1893 universaliter
3423 1851 3464 1876 ιιι
3506 1839 3565 1893 in

1971 1929 2215 1983 Ecclesia
2235 1944 2429 1983 omnes
2445 1943 2571 1982 cum
2592 1942 2817 1981 summa
2835 1925 3104 1995 religione
3117 1926 3299 1996 jejuni
3322 1942 3569 1982 commu-

1968 2016 2159 2071 nicare
2188 2021 2617 2071 consueverunt.
2643 2015 2734 2069 Sic
2763 2014 2915 2069 enim
2944 2013 3154 2085 placuit
3182 2014 3415 2085 Spiritui
3434 2032 3566 2071 san-

1971 2110 2060 2160 cto
2089 2122 2190 2177 per
2205 2106 2487 2177 apostolos
2507 2118 2535 2149 ιι
2557 2104 2692 2159 utin
2719 2104 2991 2158 honorem
3008 2103 3153 2157 tanti
3183 2104 3437 2175 mysterii
3456 2105 3567 2176 pri-

1970 2195 2141 2249 mitus
2161 2211 2364 2267 corpus
2396 2194 2607 2249 Christi
2635 2199 2693 2248 et
2721 2193 2951 2264 sanguis
2978 2192 3163 2247 sobrie
3191 2193 3557 2264 acciperetur,

1970 2300 2139 2355 quam
2188 2282 2376 2337 caeteri
2421 2283 2552 2348 cibi,
2584 2289 2643 2337 et
2691 2282 2816 2337 ideo
2868 2298 2969 2354 per
2995 2298 3221 2336 omnem
3258 2283 3561 2338 Ecclesiam

1969 2372 2178 2427 Christi
2207 2389 2329 2427 nios
2360 2372 2468 2427 iste
2498 2373 2635 2427 satis
2661 2372 2925 2427 decenter
2955 2388 3021 2425 ac
3052 2371 3283 2442 provide
3312 2372 3560 2427 inolevit.

1965 2472 1991 2500 ο
2016 2463 2213 2532 Neque
2238 2460 2666 2525 observandum,
2698 2461 2844 2515 sicut
2887 2461 3334 2533 apocryphorum
3376 2461 3566 2517 muni-

1964 2555 2157 2604 menta
2185 2549 2516 2612 decernunt.
2547 2551 2725 2606 donec
2763 2566 2829 2604 ea
2856 2549 3186 2621 digerantur
3219 2550 3278 2604 in
3306 2567 3559 2621 corpore,
3636 2618 3645 2623 ἠ

1963 2655 2035 2693 ne
2060 2640 2377 2694 communis
2406 2638 2563 2694 cibus
2590 2638 2913 2711 accipiatur,
2944 2638 3043 2692 sed
3085 2639 3222 2693 satis
3262 2638 3561 2711 invigilan-

1963 2728 2117 2796 dum,
2142 2733 2207 2783 ut
2252 2735 2421 2784 antea
2467 2745 2527 2783 se
2555 2728 2790 2800 quisque
2819 2733 3120 2800 preparet,
3148 2733 3207 2782 et
3246 2735 3374 2799 post
3401 2744 3559 2783 acce-

1961 2822 2117 2888 ptam
2145 2817 2388 2888 gratiam
2407 2818 2597 2872 nullus
2618 2817 2912 2887 indignum
2941 2833 3002 2871 se
3029 2817 3248 2871 reddat.
3282 2816 3561 2889 Spiritali-

1958 2911 2047 2960 ter
2072 2906 2224 2960 enim
2247 2907 2364 2962 hac
2390 2906 2715 2978 accipienda
2742 2911 2877 2961 sunt
2894 2911 2952 2961 et
2973 2922 3086 2960 non
3109 2906 3430 2963 carnaliter.

2027 2994 2082 3051 2.
2111 2995 2267 3050 Licet
2290 2995 2469 3066 igitur
2494 3007 2519 3049 P
2548 3012 2677 3050 caro
2698 2996 2756 3049 in
2786 3000 3106 3063 carnem,et
3123 2995 3316 3051 vinum
3332 3012 3562 3052 conver-

278 3091 596 3139 manentem
621 3086 797 3155 (Joan.
816 3101 891 3153 v1,
931 3086 1039 3157 55);
1068 3094 1390 3145 manentem
1423 3091 1617 3163 utique
1646 3099 1703 3148 et
1730 3094 1933 3165 non‘c
1955 3088 2113 3138 tatur
2136 3085 2196 3139 in
2221 3085 2575 3156 sanguinem,
2610 3084 2780 3139 veluti
2834 3101 2868 3138 a
2890 3087 3139 3140 natura‘1
3156 3084 3447 3156 probatur,
3477 3090 3560 3141 ta-

276 3169 580 3238 labentem,
613 3174 747 3245 quia
771 3175 831 3230 in
852 3176 957 3230 hac
979 3177 1093 3232 vita
1121 3196 1287 3234 nemo
1329 3180 1479 3247 vivit,
1502 3182 1610 3237 nisi
1642 3183 1873 3239 vivendo

274 3258 501 3315 labatur
518 3261 578 3316 in
604 3268 862 3319 mortem.
898 3266 964 3320 In
990 3265 1087 3320 illa
1129 3285 1260 3323 vero
1304 3286 1527 3342 semper
1566 3273 1625 3325 in
1674 3274 1872 3328 eodem

275 3354 429 3403 statu
474 3352 754 3407 manendo
792 3353 913 3408 sine
955 3354 1176 3411 defectu
1206 3358 1427 3413 vivitur.
1462 3361 1642 3431 Igitur
1671 3361 1718 3415 si
1749 3362 1872 3433 quis

273 3437 530 3509 sequitur
554 3450 584 3492 κ
608 3440 773 3505 viam,
806 3447 963 3498 tenet
1005 3443 1334 3513 veritatem;
1368 3452 1425 3500 et
1475 3447 1571 3519 qui
1625 3451 1874 3506 tenuerit

270 3526 586 3593 veritatem,
607 3530 728 3599 jam
758 3530 928 3585 vitam
956 3531 1126 3587 habet
1152 3533 1211 3587 in
1257 3551 1317 3589 se
1365 3542 1703 3602 manentem,
1740 3529 1873 3611 quia

271 3616 531 3671 Christus
549 3623 637 3672 est
666 3618 773 3685 via,
792 3618 925 3687 vita,
951 3626 1009 3675 et
1028 3622 1266 3690 veritas;
1289 3624 1439 3678 unde
1461 3631 1520 3681 et
1540 3626 1643 3681 hoc
1665 3634 1872 3700 myste-

270 3703 417 3759 rium
444 3721 851 3778 nonnunquam
880 3708 1143 3765 viaticum
1165 3712 1499 3783 appellatur,
1526 3715 1658 3785 quia
1672 3716 1721 3770 si
1742 3717 1868 3787 quis

269 3792 365 3848 illo
393 3794 604 3850 fruitur
633 3796 691 3850 in
712 3797 817 3863 via,
853 3799 1108 3868 pervenit
1135 3800 1205 3853 ad
1236 3800 1427 3866 vitam,
1466 3819 1634 3873 quam
1660 3805 1779 3874 jam
1806 3806 1867 3861 in

269 3898 329 3936 se
357 3882 546 3949 habet,
583 3891 641 3938 et
665 3885 909 3940 falsitate
925 3887 1080 3941 nulla
1103 3888 1333 3955 fallitur,
1343 3890 1476 3961 quia
1500 3892 1732 3947 veritate
1763 3894 1867 3949 Do-

268 3970 459 4026 minici
491 3974 741 4045 corporis
769 3981 827 4030 et
850 3976 1143 4046 sanguinis
1173 3978 1244 4031 ad
1294 3978 1463 4034 vitam
1492 3980 1807 4038 illustratus
1835 3983 1863 4025 ιι

265 4065 579 4130 vegetatur.

333 4360 356 4385 ι·
390 4345 557 4414 Editi,
580 4349 680 4417 qui
702 4350 1043 4403 immortales
1069 4352 1225 4418 facit.

335 4418 362 4457 δ
393 4418 505 4483 AL,
531 4421 924 4474 nominantur.

331 4494 355 4559 ’ί
379 4488 634 4553 Quatuor
652 4506 813 4559 mss.,
840 4492 1164 4546 creduntur.

332 4558 360 4599 ἀ
382 4560 485 4636 Hic
514 4560 711 4636 incipit
731 4560 788 4616 in
818 4561 1006 4636 codice
1034 4562 1863 4636 Laub.éap.LXX.Eaeemplum

261 4632 327 4685 de
354 4633 472 4685 cibo
505 4635 733 4686 mortali
759 4635 835 4688 ad
872 4638 1181 4689 mortalem.
1286 4632 1304 4636 ’
1697 4632 1715 4651 ἶ

331 4714 356 4742 ο
386 4703 474 4780 Ita
524 4718 719 4758 omnes
764 4720 900 4758 mss.
949 4705 1183 4760 Mamer.
1229 4711 1287 4760 et
1328 4706 1497 4762 Sirm.
1531 4714 1861 4780 expungunt

262 4778 479 4841 regnat.

331 4842 667 4927 τ’ἒιῑεξψξον
694 4848 998 4927 abantem.

331 4926 361 4987 ᾳ
384 4914 551 4987 Editi,
575 4920 625 4970 si
653 4920 775 4986 quis
801 4921 1053 4987 sequitur
1078 4920 1274 4979 vitam.

1955 3190 2086 3228 men
2120 3173 2291 3228 altius
2335 3174 2451 3229 haec
2487 3173 2895 3229 consideranda
2926 3178 3079 3241 sunt,
3107 3172 3204 3227 ubi
3245 3190 3357 3228 non
3389 3175 3555 3230 modo

1955 3279 2083 3317 caro
2112 3267 2213 3317 aut
2235 3263 2466 3333 sanguis
2497 3261 2707 3317 Christi
2740 3262 2799 3317 in
2829 3267 3083 3316 nostram
3109 3285 3129 3315 r
3152 3268 3557 3339 convertuntur

1954 3368 2179 3406 carnem
2198 3357 2299 3406 aut
2310 3352 2663 3421 sanguinem,
2695 3368 2889 3405 verum
2919 3368 3021 3405 nos
3051 3368 3085 3405 a
3104 3352 3421 3408 carnalibus
3449 3354 3557 3409 ele-

1953 3446 2088 3495 vant
2110 3445 2169 3494 et
2213 3440 2495 3511 spiritales
2518 3440 2772 3494 efﬁciunt
2799 3450 2839 3492 ι.
2873 3440 2991 3494 Hoc
3032 3456 3168 3494 sane
3202 3441 3463 3496 nutriunt
3490 3442 3551 3497 in

1953 3529 2113 3583 nobis
2140 3529 2289 3600 quod
2314 3546 2380 3584 ex
2407 3530 2520 3583 Deo
2549 3533 2746 3583 natum
2768 3533 2871 3594 est,
2905 3533 2961 3582 et
2982 3544 3093 3582 non
3116 3531 3265 3600 quod
3288 3546 3353 3585 ex
3382 3547 3550 3585 carne

1953 3624 2011 3673 et
2038 3618 2332 3690 sanguine.
2365 3617 2530 3673 Dedit
2550 3618 2741 3689 itaque
2765 3616 2927 3671 nobis
2938 3617 3196 3671 Christus
3209 3623 3549 3688 potestatem

1950 3707 2095 3762 ﬁlios
2124 3706 2226 3761 Dei
2251 3706 2392 3774 ﬁeri,
2428 3711 2812 3761 verumtamen
2840 3721 2954 3760 non
2984 3721 3049 3760 ex
3081 3706 3398 3760 voluntate!
3429 3724 3547 3762 car-

1949 3794 2055 3862 nis,
2089 3811 2272 3867 neque
2308 3812 2375 3849 ex
2402 3794 2688 3849 voluntate
2719 3793 2844 3860 viri,
2872 3793 2970 3847 sed
3013 3809 3079 3847 ex
3110 3794 3225 3848 Deo
3263 3794 3549 3850 nascimur

1951 3883 2108 3951 (Joan
2152 3888 2212 3953 ι).
2263 3884 2367 3939 Illa
2409 3897 2435 3925 ιι
2483 3898 2616 3953 ergo
2648 3882 2915 3937 nativitas
2945 3887 3155 3948 nostra,
3185 3898 3308 3952 quae
3335 3898 3402 3935 ex
3430 3882 3546 3937 Deo

1947 3980 2052 4040 est,
2081 3973 2278 4045 utique
2306 3971 2574 4045 spiritalis
2596 3987 2623 4017 ν
2655 3976 2760 4038 est,
2785 3970 2916 4043 quia
2943 3972 3093 4026 Deus
3108 3971 3338 4042 spiritus
3359 3976 3464 4036 est,
3487 3977 3546 4027 et

1948 4061 2075 4116 ideo
2097 4063 2216 4117 haec
2244 4062 2513 4134 mysteria
2550 4077 2663 4115 non
2690 4060 2956 4128 carnalia,
2998 4060 3130 4115 licet
3164 4075 3295 4115 caro
3334 4064 3389 4115 et
3412 4076 3544 4116 san-

1944 4151 2075 4221 guis
2106 4151 2236 4225 sint,
2284 4151 2383 4206 sed
2432 4149 2709 4223 spiritalia
2729 4152 2860 4221 jure
2881 4163 2908 4193 X
2935 4149 3349 4221 intelliguntur.
3383 4150 3542 4205 Unde

1945 4239 2116 4310 longe
2142 4239 2377 4295 inferius
2402 4239 2520 4295 vita
2547 4243 2739 4294 nostra
2779 4230 2889 4294 ista
2915 4237 3242 4311 temporalis
3276 4254 3542 4310 corporeo

2012 4345 2027 4387 ¹
2055 4350 2226 4418 Editi,
2240 4354 2367 4421 jam
2396 4353 2695 4406 novissima
2713 4352 2852 4405 hora
2878 4357 2972 4407 est.

1879 4424 1928 4482 D
2016 4437 2058 4467 ιιι
2078 4422 2251 4489 Flor.,
2285 4426 2549 4478 universa
2574 4425 2639 4477 in
2666 4423 2923 4479 Ecclesia.

2020 4504 2047 4534 ιι
2070 4494 2221 4548 Editi
2242 4494 2459 4548 addunt
2477 4495 2759 4560 ordinare,
2784 4493 2933 4565 quod
2953 4492 3171 4548 exsulat
3192 4490 3262 4546 ab
3278 4491 3539 4549 omnibus

1944 4578 2078 4619 mss.

2013 4636 2174 4707 ollic
2194 4635 2253 4689 in
2280 4636 2468 4692 codice
2496 4635 2673 4691 Laub.
2703 4635 2901 4707 incipit
2927 4633 3421 4706 cap.LXXII,cum
3435 4636 3541 4692 hoc

1940 4705 2106 4761 titulo
2129 4725 2141 4759 :
2160 4708 2282 4762 Non
2302 4708 2701 4762 observandum
2722 4710 2784 4761 in
2802 4705 2900 4761 liae
2910 4705 3057 4779 quod
3072 4708 3303 4776 quidam
3316 4708 3535 4775 dicunt,

1941 4782 2366 4832 commisceatur
2402 4782 2498 4833 ille
2537 4780 2688 4833 cibus
2716 4779 2942 4832 divinus
2970 4794 3099 4833 cum
3141 4781 3243 4832 isto
3287 4782 3537 4846 mortali,

1939 4850 2106 4903 donec
2132 4851 2440 4917 digeratur.

2008 4936 2036 4978 ι’
2064 4920 2235 4977 Ulim.
2285 4936 2413 4976 cum
2453 4919 2614 4976 Anic.
2652 4918 2909 4975 Laudun.
2954 4925 3012 4975 et
3056 4936 3169 4975 uno
3199 4920 3256 4975 S.
3288 4920 3479 4975 Germ.
3517 4942 3532 4976 :

332 4984 585 5061 h_Vatic.,
614 4984 942 5043 illustratur
962 4995 1251 5057 vegetatus.
1282 4991 1450 5045 Mam.
1466 4996 1523 5046 et
1552 4992 1855 5049 U1im.cum
1936 4990 2081 5046 Licet
2108 4995 2258 5046 enim
2274 4995 2441 5061 panis
2470 4996 2534 5047 in
2562 5008 2807 5046 carnem.

256 5055 478 5130 duobus
502 5075 661 5130 mss.,
692 5055 1087 5114 illustratufet
1118 5068 1416 5130 vegetatur.

328 5128 581 5203 §I_n__cod.
618 5129 819 5203 Laub.,
851 5146 955 5203 cap
999 5128 1191 5187 LXXI;

324 5199 343 5248 i
376 5199 541 5266 Editi,
590 5217 719 5255 cum
756 5199 974 5255 duobus
1003 5219 1137 5257 mss.
1172 5203 1353 5258 adunt
1390 5207 1743 5272 generaliter.
1790 5208 1854 5261 In

257 5286 393 5325 mss.
425 5287 551 5326 vero
581 5272 689 5342 mai
746 5289 899 5342 mon.
931 5272 1010 5327 sic
1042 5275 1272 5329 ell'ertur
1299 5275 1389 5329 hic
1424 5275 1619 5331 titulus
1648 5295 1660 5329 :
1694 5277 1855 5333 Gene-

257 5343 459 5396 raliter
487 5358 639 5397 nunc
654 5341 852 5411 jejuno
886 5341 1048 5416 [forte
1076 5360 1112 5398 a
1142 5347 1362 5416 jejuno]
1405 5351 1734 5415 mysterium
1762 5366 1853 5403 sa-

254 5429 361 5499 cra
390 5416 799 5499 communionis
829 5417 1179 5499 celebratur;
1198 5416 1433 5472 Omissis
1459 5434 1582 5499 quia
1607 5435 1853 5499 sequunt

254 5488 368 5560 tur,
405 5500 529 5555 quae
553 5484 723 5539 etiam
751 5484 813 5539 in
838 5485 1025 5540 codice
1054 5484 1495 5560 Rothomagensi
1518 5490 1573 5545 S.
1594 5484 1851 5545 Λυδοθηὶ

254 5554 617 5610 omittuntur.

327 5627 355 5663 κ
377 5625 580 5695 Vatia,
603 5632 666 5683 ut
684 5628 820 5682 hora
850 5630 1024 5698 ipsius
1042 5630 1324 5698 sacriﬁcii.

1940 5087 2032 5187 ba:
2062 5063 2297 5117 Mamer.
2341 5080 2470 5118 cum
2512 5079 2626 5118 uno
2664 5079 2821 5130 mss.,
2854 5067 3001 5119 velut
3022 5066 3074 5118 si
3099 5080 3135 5118 a
3167 5069 3375 5118 natura
3405 5075 3533 5129 pro-
3592 5078 3599 5085 ·

2031 5150 2122 5187 ur.
2682 5162 2689 5171 ι

2031 5150 2122 5187 ur.
2682 5162 2689 5171 ‘

2012 5216 2035 5245 ι’
2060 5205 2235 5268 Flor.,
2263 5221 2373 5260 non
2394 5211 2711 5262 vertuntur.

2008 5298 2029 5327 ι
2060 5276 2123 5330 In
2148 5276 2320 5350 Laub.
2353 5276 2443 5330 hic
2469 5276 2665 5349 incipit
2692 5294 2815 5350 cap.
2834 5277 3060 5334 LXXIII
3084 5295 3095 5330 :
3119 5276 3270 5350 Quod
3289 5289 3399 5328 non
3422 5289 3525 5328 nu-

1937 5351 2074 5402 triat
2107 5349 2257 5401 cibus
2287 5349 2513 5403 divinus
2539 5348 2653 5403 nisi
2688 5348 2832 5419 quod
2869 5366 2933 5404 ea:
2964 5351 3067 5403 Deo
3095 5353 3187 5414 est,
3212 5348 3525 5414 digeratur.

2004 5419 2176 5491 1T_res
2201 5435 2333 5491 mss.
2367 5435 2478 5473 non
2516 5437 2580 5473 ea;
2603 5425 2896 5491 voluptate.

2006 5499 2030 5527 υ
2059 5489 2195 5542 Cod.
2226 5490 2423 5560 Major.
2457 5506 2629 5558 mon.,
2655 5489 2846 5547 inille
2873 5507 3016 5559 ergo.

2004 5566 2027 5594 '
2056 5560 2121 5635 In
2148 5560 2270 5616 cod.
2304 5561 2499 5632 Major.
2533 5578 2664 5617 mon
2709 5562 2981 5635 repetitur
2998 5562 3334 5631 spiritualis.

2004 5641 2029 5672 ι
2057 5631 2167 5699 Al.,
2190 5635 2323 5702 jure
2350 5631 2675 5689 creduntur.
