3992 6166
309 271 449 332 1333

1198 271 1334 326 LIB.
1377 270 1470 326 DE
1508 268 1844 327 CORPORE
1884 269 1977 325 ET
2010 272 2379 330 SANGUINE
2414 272 2700 330 DOMINI.

3445 282 3579 342 1334

294 400 414 454 Nos
442 402 638 453 autem
663 395 935 452 catholice
963 410 1192 450 sensum
1221 395 1398 466 ipsius
1444 395 1667 450 Domini
1708 392 1899 467 requi-
1918 395 1969 456 A
1986 396 2360 465 Christianus,
2388 403 2445 453 et
2473 398 2724 454 medium
2763 401 2885 471 ejus
2910 400 2930 444 ί
2954 404 3166 474 passim
3211 422 3312 477 per
3337 413 3584 465 crateras

292 491 505 553 rentes,
522 503 636 542 non
661 485 1055 541 haereticorum
1084 483 1295 539 naenias
1315 501 1638 556 sequamur,
1656 485 1754 539 sed
1775 485 1899 555 ejus

293 576 393 647 qui
421 575 537 630 ait:
571 574 815 644 Accipite
849 578 901 628 et
930 575 1186 628 comedite
1224 590 1292 627 ea:
1330 575 1427 627 hoc
1454 590 1656 627 omnes.
1688 575 1799 628 Hoc
1821 578 1897 626 est

290 668 443 720 enim
467 679 662 733 corpus
691 679 877 718 meum
910 682 925 717 :
954 667 1012 717 et
1039 661 1267 716 calicem
1296 662 1454 716 illum
1486 678 1606 717 esse
1620 662 1891 729 dicamus,

289 754 364 808 de
381 770 493 825 quo
522 752 673 808 idem
705 772 718 807 :
751 754 854 807 Hic
888 757 964 805 est
1003 754 1151 806 calin:
1189 768 1340 805 meus
1368 753 1509 805 Novi
1543 753 1890 817 Testamenti,

290 846 394 912 qui
402 858 507 912 pro
526 845 724 897 multis
734 843 1124 910 e/I’undelurin
1135 844 1511 895 remissionem
1522 845 1890 910 peccatorum.

286 930 371 986 De
401 945 513 1001 quo
533 930 802 985 nimirum
824 929 995 984 calice
1023 929 1296 1001 prOpheta
1320 929 1401 983 ait
1432 947 1443 982 :
1480 930 1715 984 Calicem
1745 932 1893 983 salu-

290 1022 433 1074 taris
450 1022 742 1089 accipiam,
757 1024 807 1073 et
837 1034 1036 1073 nomen
1055 1020 1283 1073 Domini
1299 1019 1556 1073 invocabo
1572 1020 1735 1082 (Psal.
1760 1030 1886 1084 cxv,

291 1106 403 1175 13).
424 1109 535 1163 Per
562 1123 729 1180 quem
760 1108 958 1179 utique
1002 1108 1231 1162 calicem
1274 1107 1459 1178 passio
1496 1106 1721 1161 Domini
1750 1106 1894 1161 desi-

284 1202 518 1268 gnatur.
549 1205 577 1237 ι
605 1197 767 1252 Unde
810 1197 959 1251 idem
1017 1197 1087 1250 ad
1143 1196 1408 1251 Patrem:
1463 1198 1643 1262 Pater,
1684 1195 1888 1267 inquit,

287 1289 537 1355 transfer
555 1303 590 1341 a
609 1303 695 1341 me
715 1289 945 1341 calicem
992 1288 1163 1340 istum
1191 1286 1343 1357 (Luc.
1379 1299 1511 1350 xxu,
1546 1283 1655 1349 41),
1682 1284 1894 1338 scilicet

282 1375 486 1430 mortis
513 1375 850 1447 passionem,
874 1392 944 1429 ne
965 1391 1067 1446 per
1093 1390 1292 1429 manus
1321 1374 1639 1429 Judaeorum
1671 1374 1800 1441 ﬁat;
1825 1389 1891 1429 ac

283 1463 513 1534 deinde,
544 1466 724 1530 Pater,
753 1466 804 1518 si
834 1479 944 1518 non
972 1468 1139 1533 potest
1167 1464 1256 1517 hic
1295 1465 1443 1516 calix
1481 1465 1742 1527 transire,
1776 1463 1891 1515 nisi

282 1553 467 1607 bibam
514 1556 700 1618 illum,
728 1555 829 1621 ﬁat
884 1556 1140 1607 voluntas
1188 1557 1284 1605 tua
1316 1552 1526 1619 (Matth.
1579 1565 1720 1616 xxvl,
1761 1549 1876 1618 42).

1981 486 2320 555 refunditur,
2354 488 2488 560 quia
2517 489 2815 560 mysticum
2873 496 2959 547 est
3006 499 3064 547 et
3095 496 3306 550 morale
3336 513 3400 552 ex
3431 499 3578 555 Scri-

1977 577 2158 646 pturis
2190 577 2338 648 quod
2367 576 2426 631 in
2456 594 2521 631 eo
2543 578 2903 649 percipimus.
2944 581 3158 637 Deinde
3188 585 3434 640 medium
3458 589 3580 658 ejus

1977 682 2145 736 super
2186 666 2362 720 altare
2406 682 2507 736 pro
2537 668 2845 721 multorum
2875 670 3270 728 exhauriendis
3300 676 3575 745 peccatis;

1975 754 2124 808 unde
2156 771 2303 808 nunc
2331 754 2528 809 salutis
2556 761 2750 826 potum
2773 759 3068 826 sumimus,
3098 762 3366 831 quoniam
3409 768 3465 819 et
3492 781 3585 819 sa-

1974 842 2245 914 pientiam
2265 843 2532 898 doctrinae.
2555 861 2621 897 ex
2636 845 2733 898 illo
2763 844 3052 913 habemus,
3089 854 3146 904 et
3173 850 3579 923 redemptionis

1973 932 2216 1003 pretium
2246 932 2376 985 inde
2394 949 2494 1003 pro
2523 933 2682 988 nobis
2707 934 3018 993 offerimus.

2043 1019 2095 1075 2.
2131 1022 2274 1091 Ergo
2298 1021 2446 1092 quod
2473 1027 2607 1076 tunc
2631 1023 2725 1076 ille
2762 1040 2862 1095 pro
2888 1024 3047 1079 nobis
3076 1028 3252 1081 semel
3281 1027 3474 1085 fecisse
3504 1030 3580 1085 le-

1974 1109 2146 1180 gitur,
2169 1109 2274 1163 hoc
2299 1126 2418 1170 nos,
2452 1110 2573 1181 ipso
2597 1110 2849 1181 jubente,
2877 1114 3125 1184 quotidie
3154 1115 3408 1172 facimus.
3438 1120 3581 1175 Nec-

1976 1215 2088 1254 non
2118 1204 2176 1253 et
2194 1198 2492 1253 Salomone
2536 1200 2796 1270 legimus,
2827 1203 2974 1273 quod
3023 1204 3300 1275 sapientia
3337 1207 3573 1263 miscue~

1974 1287 2051 1342 rit
2075 1297 2100 1339 Β
2129 1287 2188 1341 in
2213 1293 2459 1342 crateras
2493 1287 2680 1342 vinum
2698 1305 2862 1344 suum
2889 1309 2900 1357 ;
2931 1291 3077 1362 quod
3107 1309 3242 1347 sane
3270 1294 3459 1349 vinum
3481 1295 3580 1351 illa

1974 1377 2202 1431 moralis
2221 1376 2595 1447 intelligentia
2627 1382 2730 1443 est,
2760 1378 2828 1432 de
2858 1395 2968 1450 qua
2995 1380 3348 1437 inebriantur
3375 1384 3579 1440 animm

1970 1466 2193 1533 fideles;
2227 1471 2285 1520 et
2311 1465 2449 1519 illud
2481 1466 2631 1536 quod
2663 1466 2982 1521 refunditur
3005 1469 3075 1521 ad
3114 1469 3310 1537 altare,
3353 1473 3577 1543 quando

1968 1556 2177 1610 dicitur
2208 1574 2219 1609 :
2253 1556 2387 1610 Jube
2416 1556 2524 1608 haec
2551 1557 2800 1624 perferri
2830 1572 2930 1625 per
2960 1573 3163 1611 manus
3191 1563 3378 1627 angeli
3399 1564 3485 1614 tui
3514 1564 3576 1615 in
3634 1572 3653 1591 δ’

281 1642 523 1713 Propter
549 1642 697 1713 quod
727 1647 786 1697 et
804 1657 923 1696 mos
953 1641 1096 1695 bene
1125 1640 1371 1706 inolevit,
1395 1644 1459 1694 ut
1477 1639 1706 1710 sanguis
1727 1639 1945 1717 Chri-_
1967 1647 2200 1699 sublime
2229 1647 2409 1699 altare
2452 1648 2633 1709 tuum,
2666 1646 2731 1697 in
2772 1650 3111 1713 conspectum
3155 1647 3358 1702 divina
3384 1652 3577 1717 majes-

281 1732 355 1785 sti
381 1707 673 1803 nunquam
702 1731 760 1785 in
791 1731 995 1794 catino,
1023 1745 1311 1800 nunquam
1347 1729 1404 1783 in
1435 1707 1669 1795 cratere,
1701 1707 1949 1800 nequeB
1971 1737 2099 1789 talis
2120 1738 2225 1787 tua
2240 1752 2255 1798 ;
2298 1733 2425 1787 ideo
2454 1733 2536 1798 fit,
2571 1707 2634 1787 ut
2663 1707 2911 1803 sanguis-
2939 1733 3146 1788 Christi
3173 1734 3304 1790 inde
3350 1753 3451 1808 pro
3469 1707 3577 1792 ho-

280 1819 341 1874 in
360 1821 472 1875 alio
491 1836 640 1886 vase,
666 1836 837 1892 quam
861 1820 919 1874 in
952 1821 1123 1874 calice
1153 1823 1541 1885 consecretur;
1583 1818 1680 1872 sed
1702 1834 1884 1889 neque

279 1908 394 1963 alio
422 1909 672 1976 nomine,
706 1914 772 1964 ut
801 1909 921 1964 ﬁeri
951 1909 1094 1963 solet
1119 1908 1176 1962 in
1206 1908 1331 1962 aliis
1368 1907 1683 1979 quibusque
1713 1907 1881 1977 vasis,

278 1997 391 2053 nisi
405 2014 632 2070 semper
644 2000 804 2069 juxta
821 1999 1222 2070 proprietatem
1253 1998 1574 2068 linguarum
1617 1996 1759 2051 calix
1784 2012 1882 2051 vo-

278 2092 458 2149 catur,
488 2093 554 2143 ut
576 2088 774 2143 exinde
798 2088 1059 2143 omnibus
1087 2088 1228 2142 calix
1269 2086 1545 2159 passionis
1577 2086 1784 2141 Christi
1813 2086 1884 2140 ad

277 2177 617 2231 memoriam
660 2178 982 2232 reducatur.
1015 2177 1092 2232 Ex
1137 2191 1247 2248 quo
1303 2176 1569 2230 nimirum
1595 2175 1783 2241 calice,
1827 2175 1885 2230 id

278 2270 384 2329 est,
404 2282 469 2319 ex
498 2265 695 2320 eadem
724 2271 905 2320 morte
928 2265 1180 2336 sanguis,
1200 2270 1257 2319 et
1278 2282 1379 2337 per
1411 2264 1743 2335 sanguinem
1770 2263 1885 2318 vita

277 2354 545 2409 hauritur
581 2360 809 2420 aeterna,
853 2371 1019 2426 quem
1070 2371 1193 2409 cum
1251 2353 1514 2419 bibimus,
1556 2352 1690 2424 quid
1729 2352 1883 2407 aliud

275 2459 447 2515 quam
465 2449 704 2499 mortem
718 2444 943 2499 Domini
962 2444 1365 2498 annuntiamus
1378 2442 1407 2496 ?
1426 2443 1637 2498 Idcirco
1657 2458 1883 2497 necesse

274 2538 381 2600 est,
433 2538 497 2587 ut
550 2533 936 2606 unusquisque
975 2533 1131 2605 prius
1176 2533 1451 2587 moriatur
1492 2532 1624 2587 huic
1660 2532 1879 2598 saeculo,

276 2622 411 2694 quia
461 2622 608 2678 sicut
652 2638 818 2677 nemo
847 2623 954 2677 nisi
1009 2623 1370 2695 consepultus
1392 2621 1420 2664 δ
1450 2626 1691 2676 mortem
1730 2624 1881 2675 recte

275 2711 596 2778 annuntiat,
626 2710 705 2766 ita
724 2728 890 2766 nemo
911 2711 1110 2767 exinde
1138 2711 1309 2766 vitam
1331 2711 1521 2776 sumit,
1544 2709 1655 2765 nisi
1697 2726 1882 2765 resur-

273 2817 413 2872 gens
442 2801 502 2856 in
534 2801 782 2857 novitate
804 2801 930 2857 vitae
978 2800 1244 2865 ambulet,
1295 2806 1352 2855 et
1401 2801 1519 2871 jam
1557 2800 1615 2853 in
1657 2799 1879 2854 Christo

272 2894 522 2944 maneat.
562 2889 715 2945 Unde
740 2889 787 2943 si
814 2889 1069 2944 volumus
1105 2904 1231 2942 eam
1270 2905 1395 2943 cum
1428 2887 1650 2942 Christo
1687 2887 1869 2958 perci-

272 2993 427 3048 pere,
456 2994 682 3032 sursum
710 2978 770 3032 in
799 2978 1145 3032 cmnaculum
1178 2978 1299 3032 vitae
1343 2976 1731 3043 ascendamus,
1756 2976 1870 3031 uti-

1967 1823 2099 1878 stris
2129 1820 2521 1876 exhauriendis
2556 1821 2806 1892 quotidie
2861 1821 3077 1877 delictis
3106 1839 3302 1878 rursus
3357 1825 3415 1879 in
3454 1842 3578 1897 pre-

1966 1912 2111 1967 tium
2153 1916 2416 1967 sumatur
2461 1909 2887 1981 redemptionis,
2921 1915 2978 1965 et
3015 1911 3251 1966 interior
3290 1914 3458 1968 homo
3479 1931 3577 1969 no-

1966 2008 2083 2057 ster
2104 2017 2204 2073 per
2231 2001 2336 2055 hoc
2364 1999 2585 2072 plenius
2606 2001 2922 2064 innovetur,
2956 2004 3013 2053 et
3040 1999 3068 2041 h
3098 2000 3397 2057 couniatur
3416 2003 3577 2058 Chri-

1967 2096 2053 2146 sto
2083 2106 2195 2144 non
2221 2088 2388 2143 modo
2420 2086 2672 2143 moribus
2728 2092 2785 2142 et
2829 2086 2961 2154 vita,
2998 2104 3186 2143 verum
3233 2090 3402 2144 etiam
3433 2096 3489 2145 et
3513 2090 3573 2147 in

1966 2180 2187 2235 unitate
2235 2183 2455 2233 natura;
2486 2194 2587 2248 per
2624 2193 2826 2248 corpus
2873 2177 3005 2231 hinc
3049 2178 3198 2245 inde,
3233 2184 3298 2233 ut
3326 2178 3385 2233 in
3414 2179 3568 2239 illius

1964 2270 2147 2325 forma
2172 2268 2543 2323 inveniamur.
2577 2264 2813 2337 iNeque
2843 2265 2993 2320 enim
3032 2266 3122 2321 hic
3168 2267 3399 2339 sanguis
3433 2268 3574 2324 inte-

1962 2376 2063 2431 gre
2092 2358 2419 2430 percipitur,
2451 2355 2559 2416 nisi
2583 2350 2600 2404 ί
2630 2360 2687 2410 et
2716 2355 3006 2410 moraliter
3029 2360 3276 2411 mentem
3306 2357 3567 2426 inebriet,

1966 2454 2023 2504 et
2051 2446 2383 2519 spiritaliter
2409 2446 2478 2499 de
2521 2444 2688 2499 altari
2720 2444 2968 2516 corporis
3015 2444 3225 2500 Christi
3254 2444 3323 2500 ob
3347 2463 3576 2501 renova-

1964 2539 2177 2593 tionem
2206 2553 2308 2591 nos
2336 2534 2600 2589 refundat
2634 2552 2645 2587 :
2680 2533 2778 2588 ubi
2806 2534 3057 2604 profecto
3102 2534 3362 2589 Christus
3391 2536 3575 2591 convi-

1962 2628 2115 2682 vium
2154 2630 2209 2681 et
2262 2622 2488 2680 conviva
2516 2627 2709 2677 noster
2752 2622 2919 2677 simul
2949 2639 3071 2677 esse
3096 2623 3289 2677 voluit.
3322 2624 3431 2679 Per
3467 2625 3573 2680 hoc

1962 2734 2096 2788 ergo
2136 2714 2283 2787 quod
2312 2730 2414 2769 nos
2440 2712 2469 2755 ιι
2498 2728 2699 2783 corpus
2729 2712 2850 2782 ejus
2901 2728 3095 2766 sumus
3123 2711 3193 2766 de
3223 2728 3391 2767 carne
3417 2718 3474 2768 et
3500 2714 3571 2768 de

1962 2806 2179 2863 ossibus
2208 2805 2348 2875 ejus,
2410 2802 2505 2855 ille
2553 2800 2844 2855 nobiscum
2900 2800 3039 2854 illud
3086 2800 3229 2855 bibit
3256 2818 3461 2856 novum
3508 2801 3569 2858 in

1954 2913 2127 2969 regno
2143 2893 2347 2959 Patris,
2367 2891 2501 2963 quia
2520 2890 2747 2961 sanguis
2766 2893 2853 2943 est
2876 2889 3017 2944 Novi
3044 2888 3414 2944 Testamenti.
3447 2891 3564 2945 Nos

1956 3004 2088 3042 vero
2116 2983 2247 3057 quia
2271 2997 2474 3052 corpus
2498 2979 2621 3050 ejus
2649 2994 2866 3045 sumus,
2890 2983 2947 3032 et
2973 2976 3069 3032 ille
3116 2978 3174 3032 in
3203 2977 3364 3033 nobis
3387 2983 3453 3034 ut
3480 2996 3569 3035 ca-

274 3083 383 3137 que
414 3067 474 3121 in
505 3068 850 3123 coenaculum
881 3084 1149 3139 magnum
1196 3072 1253 3122 et
1306 3070 1568 3132 stratum,
1601 3065 1735 3137 quia
1761 3065 1931 3121 nisi”
1953 3081 2058 3149 put
2086 3077 2307 3145 regnat,
2334 3085 2571 3141 regnum
2591 3068 2775 3122 Patris
2790 3068 2920 3138 jure
2944 3083 3232 3134 vocamur,
3257 3066 3316 3123 in
3350 3084 3461 3140 quo
3483 3068 3568 3124 ni-

274 3172 542 3227 magnum
571 3156 663 3222 sit,
686 3173 799 3211 non
815 3172 1009 3211 omnes
1028 3157 1195 3228 capit.
1220 3169 1263 3209 ο.
1288 3155 1669 3211 Ascendamus
1683 3160 1872 3210 autem

271 3260 521 3311 sursum,
555 3245 689 3315 quia
712 3245 808 3316 qui
838 3245 1099 3299 deorsum
1144 3246 1353 3315 jacent,
1396 3259 1506 3298 non
1542 3239 1570 3283 ά
1600 3243 1708 3298 ista
1745 3260 1871 3297 cum

275 3334 521 3400 Christo,
555 3335 648 3389 sed
673 3335 744 3389 fel
773 3335 1078 3389 draconum
1134 3333 1429 3388 infeliciter
1450 3350 1576 3389 cum
1606 3334 1768 3399 Juda,
1811 3339 1877 3388 ut

271 3422 386 3477 sint
413 3423 473 3477 in
498 3423 626 3477 felle
655 3423 1067 3491 amaritudinis,
1098 3423 1313 3477 bibunt.
1330 3423 1475 3477 Hinc
1494 3439 1715 3493 quoque
1736 3423 1878 3477 Pau-

269 3512 359 3566 lus
383 3512 508 3566 ait:
547 3514 674 3580 Quae
700 3530 929 3567 sursum
982 3519 1115 3565 sunt
1161 3515 1349 3580 sapite.
1410 3528 1522 3566 non
1569 3528 1687 3581 qua
1713 3527 1877 3579 super

271 3606 483 3654 terram
515 3601 727 3669 (Coloss.
752 3600 924 3668 111,2).
945 3603 1070 3655 Non
1105 3601 1253 3655 enim
1284 3600 1417 3654 alibi
1440 3600 1528 3654 hic
1568 3600 1707 3654 calix
1736 3598 1877 3654 Novi

266 3690 617 3745 Testamenti
668 3706 837 3762 quam
886 3707 1108 3745 sursum
1157 3689 1458 3760 accipitur;
1493 3694 1549 3743 et
1581 3689 1713 3760 quia
1735 3686 1875 3743 Novi

267 3778 615 3833 Testamenti
645 3785 748 3845 est,
780 3778 1003 3834 nonnisi
1043 3779 1113 3833 ab
1159 3779 1438 3833 innovatis
1470 3778 1565 3849 qui
1592 3783 1724 3831 sunt
1752 3777 1871 3831 sine

266 3872 550 3923 vetustate
572 3868 781 3939 peccati
801 3868 1268 3922 communicatur.
1295 3868 1435 3922 Novi
1472 3872 1661 3921 autem
1685 3868 1874 3922 Testa-

265 3958 445 4011 menti
465 3957 536 4012 ob
551 3958 967 4013 distinctionem
987 3957 1205 4011 Veteris
1223 3956 1380 4011 dicit:
1419 3958 1496 4012 De
1524 3973 1633 4028 quo
1654 3956 1874 4026 Moyses

267 4062 396 4102 cum
409 4052 735 4118 aspergeret
746 4047 1014 4119 populum
1026 4047 1095 4101 de
1113 4046 1385 4117 sanguine
1399 4045 1867 4109 holocaustorum,

266 4134 518 4190 medium
545 4137 668 4207 ejus
698 4136 757 4190 in
786 4142 1054 4201 crateras,
1085 4141 1142 4189 et
1197 4134 1443 4189 medium
1477 4133 1677 4189 effudit
1704 4149 1874 4203 super

265 4226 547 4290 altare,.et
565 4224 645 4279 ait
674 4245 701 4279 ει
715 4227 817 4279 Hic
835 4230 909 4279 est
929 4227 1158 4293 sanguis
1191 4225 1499 4278 testamenti
1533 4223 1677 4291 quod
1712 4236 1873 4275 man-

1955 3165 2163 3220 mirum
2188 3162 2446 3217 Christus
2461 3159 2582 3229 jam
2610 3156 2749 3210 illud
2773 3155 2917 3209 bibit
2942 3172 3169 3220 novum,
3195 3157 3413 3230 quoties
3430 3158 3568 3213 tide-

1956 3254 2037 3308 les
2064 3253 2212 3307 infra
2244 3248 2546 3304 Ecclesiam
2576 3245 2728 3300 istud
2778 3244 2946 3316 digne
2997 3245 3332 3317 percipiunt.
3362 3248 3563 3318 (Πίον.)

1962 3343 2120 3397 Sicut
2152 3339 2301 3395 enim
2323 3337 2536 3409 patitur
2553 3334 2613 3389 in
2633 3334 2769 3401 suis,
2790 3339 2847 3388 et
2866 3334 3061 3400 esurit,
3088 3339 3144 3388 et
3163 3334 3299 3400 sitit,
3326 3340 3383 3390 et
3409 3335 3573 3391 vesti-

1958 3435 2070 3498 tur,
2097 3447 2161 3484 ac
2179 3426 2505 3497 suscipitur;
2540 3424 2618 3478 sic
2649 3438 2871 3494 quoque
2918 3421 3059 3476 bibit
3089 3423 3227 3477 illud
3274 3440 3481 3479 novum
3511 3423 3571 3480 in

1958 3534 2130 3589 regno
2149 3515 2351 3579 Patris,
2374 3514 2432 3567 id
2476 3517 2580 3578 est,
2606 3512 2665 3565 in
2700 3509 2966 3580 Ecclesia,
2989 3511 3207 3581 quoties
3222 3528 3367 3585 .eum
3398 3513 3568 3584 digne

1959 3607 2043 3662 sui
2066 3611 2165 3661 aut
2183 3603 2527 3659 comedimus
2549 3605 2648 3655 aut
2671 3605 2949 3671 potamus.
2976 3600 3120 3653 Nam
3159 3600 3229 3654 de
3259 3601 3421 3654 vinea
3448 3601 3566 3667 illa,

1959 3713 2082 3768 quae
2113 3694 2244 3749 fecit
2264 3691 2568 3756 labruscas,
2593 3689 2667 3743 fel
2695 3688 2710 3730 1
2739 3687 3132 3743 amaritudinis
3157 3694 3401 3759 potatur.
3417 3688 3567 3759 quod

1959 3791 2047 3840 est
2075 3784 2218 3839 calix
2249 3780 2545 3855 passionis.
2589 3779 2866 3839 Caeterum
2913 3778 2972 3831 in
3028 3793 3203 3848 regno
3248 3777 3566 3848 adoptionis

1955 3875 2024 3929 de
2044 3872 2331 3946 genimine
2360 3870 2489 3925 vitis
2520 3886 2675 3924 novae
2723 3866 2883 3931 bibit,
2919 3871 2977 3921 et
3020 3867 3088 3921 de.
3115 3866 3275 3920 vinea
3331 3866 3560 3934 Sorech,

1958 3981 2081 4035 quae
2111 3963 2517 4034 interpretatur
2567 3959 2767 4022 electa;
2812 3955 3074 4011 rubentia
3101 3954 3250 4009 enim
3279 3959 3468 4009 musta
3504 3954 3564 4009 in

1956 4069 2023 4108 eo
2052 4052 2222 4125 praelo
2244 4049 2422 4105 crucis
2452 4048 2793 4119 eliquantur,
2828 4050 2888 4100 et
2915 4044 3049 4099 dum
3073 4041 3321 4115 quotidie
3352 4042 3561 4099 Christi

1955 4140 2289 4212 sanguinem
2314 4139 2383 4193 de
2408 4136 2573 4191 altari
2611 4134 2887 4189 sumimus
2912 4152 2922 4187 :
2962 4132 3167 4188 idcirco
3192 4132 3409 4204 quoties
3447 4149 3552 4188 no-

1954 4247 2084 4284 vum
2106 4230 2285 4283 exhoc
2303 4229 2496 4281 vinum
2518 4223 2783 4290 bibimus,
2806 4222 2866 4278 in
2914 4239 3087 4293 regno
3110 4238 3151 4270 In
3174 4221 3359 4277 Patris
3387 4221 3555 4277 Chri-

265 4316 422 4368 davil
451 4315 719 4369 Dominus
760 4314 930 4383 (Exod
999 4328 1150 4379 xxxv,
1181 4310 1254 4382 8).
1315 4311 1554 4382 Sanguis
1576 4324 1601 4355 θ
1649 4316 2075 4400 tantumDstus
2103 4318 2243 4372 illud
2271 4333 2331 4372 se
2385 4314 2577 4369 bibere
2626 4313 2856 4374 fatetur,
2902 4312 3063 4382 cujus
3096 4318 3124 4350 ιι
3166 4327 3275 4365 nos
3306 4310 3562 4366 membra

265 4403 612 4466 testamenti,
639 4402 771 4473 quia
799 4404 981 4473 figura
1009 4406 1132 4456 erat
1160 4407 1218 4455 et
1246 4400 1448 4456 umbra
1466 4401 1635 4470 hujus
1663 4406 1871 4472 myste-
1954 4424 2169 4474 sumus,
2208 4406 2376 4462 etiam
2413 4404 2509 4476 qui
2563 4401 2826 4476 bibimus.
2859 4401 3003 4456 Hinc
3056 4417 3190 4472 ergo
3242 4400 3565 4473 convivium,

267 4491 359 4558 rii,
400 4507 504 4563 per
542 4491 690 4562 quod
729 4496 969 4546 testatus
1026 4496 1111 4545 est
1163 4491 1438 4545 Dominus
1486 4490 1752 4545 daturum
1809 4508 1869 4545 se

264 4579 449 4647 nobis,
468 4581 627 4650 cujus
642 4580 909 4634 nimirum
925 4580 1199 4650 sanguine
1219 4580 1458 4650 populus
1495 4595 1755 4651 aspersus
1786 4585 1871 4635 est

339 4721 366 4752 ει
384 4694 449 4749 In
458 4693 587 4767 cod.
610 4694 783 4767 Laub,
800 4694 999 4767 incipit
1036 4694 1127 4749 hic
1145 4711 1268 4767 cap.
1285 4694 1542 4749 LXXIX:
1577 4697 1722 4763 Quid
1748 4698 1821 4749 sit
1846 4716 1861 4751 :

263 4764 533 4820 Transfer
553 4766 781 4820 calicem
806 4764 976 4820 istum
998 4783 1034 4820 a
1061 4782 1170 4820 me.

338 4841 368 4885 b
397 4836 537 4891 Octo
566 4853 723 4903 mss.,
746 4840 1006 4905 sepultus.
1034 4837 1273 4900 Quidam
1304 4836 1574 4892 omittunt
1596 4843 1753 4892 recte.

338 4927 364 4958 c
396 4908 501 4963 Hic
541 4908 603 4962 in
651 4908 772 4962 cod.
803 4907 978 4963 Laub.
1025 4907 1222 4979 incipit
1260 4924 1379 4979 cap.
1414 4909 1610 4963 LXXX
1639 4927 1651 4962 ε
1687 4909 1864 4976 Quam

262 4992 433 5047 grave
457 4983 530 5034 sit
549 4982 1051 5033 communicantcm
1080 4982 1144 5032 in
1164 4982 1294 5032 imis
1302 4984 1512 5048 jacere.

337 5046 366 5089 ἀ
387 5048 555 5107 Editi.
590 5066 702 5104 non
729 5055 913 5105 musta
932 5066 1058 5104 cum
1087 5051 1321 5107 Christo.

518 5067 555 5116 ι,
590 5066 702 5104 non
729 5066 913 5105 musta
932 5066 1058 5104 cum
1087 5066 1321 5107 uaristo.

338 5124 363 5207 ς
382 5120 539 5207 μίιί
551 5126 1151 5207 ριριιρςιξηῌρηίωῃ.

382 5190 447 5246 In
466 5192 592 5247 cod.
617 5190 771 5246 Anici
792 5192 1185 5247 desiderantur
1207 5191 1325 5247 haec
1365 5190 1558 5246 verba:
1597 5194 1728 5261 Ejus
1741 5210 1866 5264 pas-

263 5262 375 5315 sim
388 5278 490 5332 per
527 5269 775 5318 crateras
805 5265 1147 5331 refunditur,
1177 5267 1310 5332 quia
1339 5266 1658 5331 mysticum.

337 5346 362 5389 α
386 5333 570 5401 Anic.,
595 5337 879 5389 miscuerit
903 5338 964 5388 in
996 5338 1148 5388 terra
1169 5337 1366 5389 vinum
1393 5350 1580 5388 suum.

337 5414 367 5473 ξι
398 5404 565 5470 Editi,
600 5410 651 5459 et
678 5408 1072 5473 conjungatur.

343 5468 444 5531 iIn
465 5468 588 5531 cod.
615 5468 788 5530 Laub
809 5468 904 5530 hic
939 5476 1136 5547 incipit
1168 5492 1291 5547 cap.
1309 5477 1530 5532 LXXXI
1554 5490 1566 5525 :
1588 5477 1734 5544 Quid
1760 5481 1865 5531 sil:

267 5547 407 5603 Cum
430 5548 582 5601 illud
602 5549 784 5601 bibam
814 5563 1018 5602 norum
1034 5552 1099 5602 in
1116 5563 1283 5616 regno
1309 5550 1426 5603 Dei.

340 5619 691 5675 iPut.etduo
718 5618 874 5674 Colb.
886 5662 899 5687 ,
917 5620 1032 5675 nisi
1045 5626 1093 5674 et
1110 5621 1507 5676 immortaliter
1520 5626 1755 5675 mentem
1774 5623 1865 5675 in-

1951 4502 2206 4551 nostrum
2232 4495 2458 4560 dicitur,
2489 4492 2621 4565 quia
2660 4471 2875 4547 Pascha
2923 4494 3183 4545 nostrum
3229 4489 3553 4544 immolatus

1952 4591 2038 4640 est
2058 4583 2346 4652 Christus;
2380 4581 2608 4638 conviva
2624 4591 2650 4623 ο
2678 4596 2807 4635 vero
2832 4590 2859 4633 P
2881 4596 2946 4633 eo
2969 4578 3115 4649 quod
3137 4595 3267 4633 cum
3288 4578 3385 4633 illo
3413 4595 3554 4650 epu-

3192 4654 3227 4677 /

1946 4700 2353 4756 ebriet:Recens
2366 4698 2620 4754 S.Germ.
2636 4695 2757 4750 cod.
2773 4695 2923 4749 hunc
2937 4694 3118 4748 locum
3135 4692 3213 4748 sic
3226 4693 3366 4764 legit
3388 4711 3399 4746 :
3419 4695 3547 4748 Nisi

1946 4777 1993 4827 et
2008 4773 2407 4824 immortaliter
2420 4770 2483 4822 de
2502 4770 2678 4822 altari
2696 4766 3149 4834 corporisChristi
3164 4766 3227 4819 ob
3244 4767 3550 4819 renovatio-

1947 4860 2069 4898 nem
2090 4847 2337 4895 nostram
2353 4840 2707 4908 refundalur.
2717 4838 2865 4891 Mam
2877 4879 2885 4889 .
2897 4839 3033 4903 ,nisi
3043 4841 3090 4890 et
3104 4838 3551 4903 mortaliter,etc.

2016 4914 2043 4982 ξι
2073 4912 2182 4966 Ms.
2206 4913 2385 4982 Major
2407 4913 2671 4982 monast.,
2693 4923 2903 4982 semper
2948 4923 3145 4982 corpus
3182 4910 3308 4982 ejus,
3338 4923 3548 4982 sumus.

2019 4966 2034 5008 ¹
2051 4984 2138 5038 Ita
2155 4966 2277 5037 cod.
2294 4966 2613 5036 'S.Audoeni
2636 4966 2761 5033 :alii
2774 4966 2970 5046 legunt
2983 4966 3107 5046 felle
3118 4966 3545 5033 ani-aritudinis.

2020 5064 2059 5096 ιη
2091 5054 2255 5118 Editi,
2290 5056 2353 5107 in
2382 5068 2548 5121 regno
2573 5053 2689 5106 Dei.
2723 5050 2922 5117 Laub.,
2972 5054 3036 5103 in
3074 5066 3242 5119 regno
3278 5052 3550 5119 expuncto

1948 5125 2046 5180 Dei
2069 5141 2167 5180 seu
2188 5127 2387 5179 Patris.

2021 5208 2049 5238 ιι
2075 5197 2139 5252 In
2175 5212 2288 5250 uno
2317 5212 2423 5249 ms.
2455 5193 2660 5265 desunt
2686 5192 2805 5248 haec
2831 5191 3031 5265 verba:
3065 5192 3232 5265 Qujus
3258 5204 3354 5242 nos
3382 5203 3550 5265 mem-

1950 5268 2050 5321 bra
2078 5284 2289 5331 sumus,
2324 5260 2497 5321 etiam
2541 5266 2641 5335 qui
2669 5265 2926 5319 bibimus.
2976 5264 3042 5319 1n
3066 5260 3335 5315 Vaticano
3352 5263 3548 5335 autem

1947 5343 2075 5409 post
2102 5339 2221 5392 haec
2248 5328 2440 5404 verba,
2489 5328 2648 5405 cujus
2678 5352 2774 5391 nos
2804 5337 3047 5409 membra
3093 5347 3303 5396 sumus,
3336 5328 3551 5409 deside-

1950 5404 2151 5464 rantur
2179 5426 2246 5463 ea
2275 5426 2398 5480 quae
2419 5404 2734 5480 sequuntur
2760 5423 2936 5480 usque
2968 5404 3038 5459 ad
3064 5419 3126 5456 ea:
3149 5418 3257 5480 qua
3280 5417 3351 5465 se,
3368 5405 3473 5480 etc.

2022 5495 2047 5525 ο
2079 5480 2247 5545 Editi,
2273 5472 2525 5546 convivi,
2544 5472 2985 5550 repugnantibus
3015 5490 3149 5528 mss.
3166 5472 3262 5544 qui
3284 5475 3549 5527 constan-

1948 5557 2037 5605 ter
2052 5550 2249 5606 legunt
2276 5553 2521 5605 concita.

2021 5632 2048 5675 ρ
2074 5616 2176 5678 Ms.
2212 5624 2268 5678 S.
2296 5621 2571 5687 Audoeni,
2603 5621 2703 5689 qui
2725 5635 2852 5673 cum
2883 5619 2981 5673 illo
3005 5616 3319 5686 epulamur.
