3992 6166
511 268 645 332 1339

1278 276 1336 332 S.
1376 269 1756 330 PASCHASII
1797 266 2159 325 RADBERTI
2196 266 2501 324 ABPATIS
2536 266 3026 325 CORBEIENSIS.

3594 264 3704 323 1340

504 413 727 465 manus,
760 400 892 473 quia
924 402 1083 458 nulla
1110 399 1392 456 excusatio
1432 394 1681 467 prodest,
1708 392 1806 448 ubi
1827 391 1990 447 testis
2010 392 2160 451 estA
2177 391 2333 446 habet
2355 392 2577 461 aliquid
2602 393 2897 447 adversum
2920 397 2984 458 te,
3008 391 3260 461 relinque
3279 390 3355 444 ibi
3371 404 3551 443 manus
3574 394 3705 445 tuum

505 490 861 545 conscientia:
889 504 913 534 α
937 492 1126 562 judex,
1163 495 1219 544 et
1247 489 1293 543 si
1323 484 1349 526 δ
1384 482 1705 557 probaveris
1734 487 1792 536 te
1829 481 2097 553 primum,

503 580 630 631 tum
668 579 737 632 de
775 595 919 649 pane
967 579 1064 633 illo
1096 578 1218 640 ede,
1258 581 1315 630 et
1349 573 1521 629 calice
1562 586 1792 626 securus
1820 568 1966 623 bibe.
2000 568 2097 623 Sin

504 671 716 733 autem,
746 668 817 721 da
841 681 865 711 ο
902 667 1175 721 honorem
1216 665 1350 730 Deo,
1403 667 1462 717 et
1499 660 1714 730 corrige
1765 656 2098 729 quantocius

501 755 852 825 paenitudine
878 755 905 799 ἀ
933 755 1116 809 cordis
1145 753 1420 807 maculam
1450 750 1675 815 erroris,
1716 748 1764 803 si
1793 763 1903 819 quo
1930 746 2099 800 modo

502 844 690 898 valeas
717 844 944 897 demum
977 842 1184 898 Christi
1213 841 1417 897 altaria
1454 838 1801 894 circumdare
1845 836 1953 907 piis
1976 852 2097 890 am-

501 932 770 1004 plexibus,
804 937 862 987 et
888 933 960 987 ad
985 938 1178 988 sancta
1204 936 1528 987 sanctorum
1548 932 1734 983 mente
1761 942 1904 999 pura
1930 926 2098 980 devo-

502 1019 613 1074 tior
630 1032 655 1061 θ
682 1020 950 1087 introire;
982 1020 1229 1093 alioquin
1249 1019 1476 1092 gravius
1510 1024 1595 1073 est
1621 1017 1681 1072 in
1709 1014 1966 1071 sordibus
1995 1014 2097 1068 ad-

500 1107 612 1163 huc
640 1109 977 1178 sordescere,
1015 1115 1073 1165 et
1099 1110 1170 1165 ad
1193 1109 1388 1164 illicita
1413 1108 1515 1163 Dei
1543 1105 1828 1179 mysteria,
1854 1108 2099 1160 eontem-

502 1200 598 1268 pto
628 1197 763 1262 Deo,
796 1198 1154 1270 impudenter
1172 1198 1451 1253 accedere.

569 1283 627 1339 8.
656 1286 678 1327 ἲ
701 1286 831 1340 Haec
852 1286 1028 1357 igitur
1051 1286 1121 1341 ob
1146 1286 1424 1341 cautelam
1448 1284 1533 1340 tui
1552 1282 1806 1349 dixerim,
1840 1281 2089 1337 dilectis-

500 1374 643 1429 sime
679 1374 777 1439 fili,
823 1375 957 1445 quia
993 1375 1124 1429 novi
1153 1376 1451 1446 plerosque
1473 1373 1645 1428 veluti
1674 1388 1803 1427 sues
1842 1372 2091 1426 immun-

501 1462 602 1517 das
630 1474 676 1528 ε,
708 1462 804 1533 qui
841 1462 946 1518 sub
972 1463 1205 1518 obtentu
1234 1463 1575 1534 poenitentiae
1613 1462 1853 1516 redeunt
1890 1461 1960 1515 ad
1997 1477 2094 1515 vo-

503 1551 727 1605 lutabra
771 1556 931 1606 tanto
979 1552 1277 1623 proclivius
1318 1551 1602 1617 vitiorum,
1636 1555 1847 1624 quanto
1875 1549 2094 1605 facilius

2178 485 2308 534 ante
2331 484 2530 547 altare,
2554 486 2603 535 et
2640 484 2771 536 vade
2795 484 2959 551 prius
2979 481 3334 535 nconciliari
3358 480 3515 546 fratri
3537 482 3614 532 tuo
3630 495 3649 546 ;
3668 484 3707 532 et

2182 573 2315 624 tunc
2358 573 2582 625 veniens
2615 573 2808 638 offeras
2858 586 3060 624 munus
3113 575 3273 624 tuum
3315 568 3504 634 (Matth,
3532 581 3580 631 v,
3615 565 3704 629 23).

2181 658 2304 722 Qua
2333 658 2393 714 in
2430 675 2491 713 re
2524 660 2874 730 pensandum
2909 663 3009 723 est,
3046 674 3176 713 cum
3205 656 3382 711 omnis
3410 655 3557 726 culpa
3573 654 3709 725 hujus

2180 747 2375 803 hostiae
2394 764 2629 804 munere
2641 749 2911 814 solvatur,
2922 764 3090 819 quam
3103 746 3292 818 gravis
3304 750 3385 800 est
3393 744 3539 815 culpa
3547 743 3710 797 discor-

2179 836 2305 902 diae,
2336 853 2440 909 per
2461 853 2630 909 quam
2665 854 2767 892 nec
2800 853 3008 892 munus
3031 835 3323 906 accipitur.
3353 832 3601 889 Debemus
3624 831 3707 887 ita-

2180 943 2309 997 que,
2342 932 2646 998 antequam
2668 927 2773 980 hoc
2788 927 3107 992 offeramus,
3133 925 3204 978 ad
3218 923 3534 996 proximum,
3549 937 3709 992 quam-

2178 1014 2261 1070 vis
2288 1016 2453 1087 longe
2490 1016 2758 1087 positum,
2786 1016 3062 1086 longeque
3085 1013 3425 1078 distinctum,
3447 1015 3608 1065 mente
3630 1009 3707 1076 ire,

2179 1104 2346 1176 eique
2375 1104 2628 1159 animum
2657 1103 2917 1169 subdere,
2962 1102 3283 1158 humilitate
3330 1100 3477 1155 illum
3500 1116 3557 1153 ac
3576 1098 3711 1152 bene-

2176 1195 2423 1250 volentia
2438 1194 2659 1267 placare
2683 1213 2695 1261 ;
2723 1199 2781 1248 et
2807 1193 2889 1248 ita
2915 1192 3126 1247 scilicet
3149 1190 3402 1246 conditor
3417 1186 3711 1252 noster,dum

2172 1284 2285 1339 tale
2312 1284 2578 1356 placitum
2600 1287 2805 1339 nostra;
2825 1282 3030 1337 mentis
3049 1280 3348 1353 aspexerit,
3372 1296 3403 1333 a
3422 1281 3619 1349 peccato
3634 1291 3712 1329 nos

2178 1372 2360 1428 solvit.
2418 1371 2680 1428 Veritatis
2736 1377 2925 1427 autem
2982 1388 3123 1443 voce
3158 1373 3455 1424 attestante
3495 1364 3711 1420 discimus

2179 1462 2400 1531 (Matth.
2446 1475 2599 1529 xvm,
2648 1461 2758 1531 25),
2813 1461 2946 1532 quia
2984 1476 3182 1515 servus
3223 1458 3318 1530 qui
3365 1458 3541 1512 decem
3572 1453 3711 1507 millia

2177 1551 2393 1605 talenta
2413 1550 2672 1618 debebat,
2698 1567 2825 1606 cum
2857 1549 3250 1622 paenitentiam
3282 1552 3484 1618 ageret,
3529 1542 3708 1598 absolu-

500 1639 571 1693 ad
619 1639 734 1694 haec
774 1640 894 1695 sine
940 1640 1261 1711 praejudicio
1299 1646 1489 1695 reatus
1521 1638 1608 1695 sui
1655 1638 1943 1705 accedunt,
1984 1639 2133 1711 istai
2174 1638 2385 1694 tionem
2414 1639 2586 1695 debiti
2613 1657 2646 1694 a
2674 1640 2912 1695 Domino
2940 1639 3177 1710 accepit.
3212 1637 3322 1693 Sed
3350 1634 3477 1708 quia
3499 1646 3712 1688 conservo

500 1725 735 1797 pedibus
776 1710 1028 1789 calcare:
1056 1710 1205 1799 quin
1239 1736 1297 1783 et
1336 1729 1469 1800 quia
1516 1729 1687 1782 semel
1736 1744 1830 1782 eos
1861 1727 1959 1782 Dei
1988 1710 2153 1798 ρει-Β
2174 1744 2276 1783 suo
2301 1733 2528 1783 centum
2560 1728 2822 1784 denarios
2866 1728 2971 1782 sibi
3002 1726 3235 1783 debenti
3280 1724 3518 1780 debitum
3542 1735 3635 1774 non
3652 1717 3714 1771 di-

498 1814 698 1871 tientia
717 1816 1002 1883 sustinuit,
1036 1817 1171 1872 dum
1196 1817 1411 1888 indigni
1436 1813 1465 1855 ιι
1488 1816 1615 1872 vitae
1651 1817 1921 1888 mysteria
1942 1833 2087 1892 pra;-

498 1909 792 1961 sumerent
826 1906 857 1971 i,
902 1905 1139 1961 ulterius
1182 1922 1248 1960 ea
1287 1923 1413 1977 qua:
1457 1906 1693 1961 dicimus
1733 1902 1913 1959 verat
1958 1922 2087 1961 ma-

494 1991 613 2046 lum
650 1992 894 2047 credere.
937 1993 1216 2048 Verentur
1252 1993 1401 2049 enim
1452 2010 1640 2048 coram
1690 1993 1951 2048 humanis
1988 1993 2081 2047 ob-

495 2079 711 2136 tutibus
748 2098 911 2136 suam
949 2082 1342 2137 verecundiam
1389 2088 1633 2153 portare,
1677 2098 1847 2153 quam
1897 2098 2088 2138 coram

494 2171 793 2240 majestate
821 2169 1008 2225 divina
1045 2177 1103 2225 et
1143 2171 1395 2226 omnium
1426 2187 1797 2242 supernorum
1825 2170 1853 2212 ιι
1883 2170 2089 2225 civium

495 2259 796 2328 praesentia
824 2259 1163 2314 temeritatis
1203 2259 1490 2315 incurrere
1535 2261 1824 2315 offensam.
1873 2260 2087 2324 Quibus

495 2347 744 2417 profecto
783 2348 964 2403 cordis
997 2348 1300 2414 induratio,
1349 2366 1475 2404 cum
1512 2365 1615 2405 nec
1661 2366 1722 2404 se
1777 2348 2084 2419 corrigunt,

456 2460 469 2475 ν
495 2450 599 2489 nec
629 2436 729 2489 Dei
759 2436 1060 2492 visitantur
1090 2437 1315 2510 pietatis
1344 2438 1592 2501 verbere,
1616 2439 1736 2508 jam
1765 2454 1931 2510 poena
1954 2455 2085 2510 pec-

494 2523 604 2579 cati
631 2529 717 2579 est
737 2530 795 2580 et
818 2530 1172 2598 contemptus
1197 2526 1504 2598 superbiae;
1529 2527 1625 2582 sed
1657 2528 1932 2583 Dominus
1954 2528 2089 2599 quia

494 2628 590 2669 eos
625 2615 889 2671 continuo
933 2632 1042 2671 non
1092 2617 1271 2687 punit,
1315 2621 1382 2671 ut
1420 2616 1787 2687 praetulimus,
1832 2616 2087 2688 nunquid

494 2717 607 2757 non
636 2708 814 2769 curat,
846 2708 947 2759 aut
979 2721 1112 2760 suas
1154 2705 1387 2775 injurias
1424 2705 1672 2761 itatenus
1699 2705 1908 2761 inultas
1945 2705 2087 2760 obli-

491 2788 757 2846 viscitur?
776 2793 1146 2864 Nequaquam
1175 2794 1281 2848 hoc
1316 2794 1574 2859 dixerim,
1619 2795 1928 2865 praesertim
1957 2811 2086 2849 cum

494 2879 646 2936 idem
674 2881 877 2948 videat,
912 2887 971 2936 et
990 2883 1062 2936 ad
1089 2882 1439 2938 iracundiam
1468 2883 1666 2938 exinde
1683 2883 1925 2954 amplius
1953 2900 2086 2937 con-

494 2968 718 3035 citetur,
753 2986 819 3023 eo
845 2970 993 3042 quod
1032 2975 1335 3041 provocent
1361 2986 1490 3026 eum
1532 2971 1631 3025 ﬁlii
1666 2971 1754 3024 sui
1779 2987 1843 3025 ac
1876 2971 2002 3026 filiae
2025 2972 2085 3026 in

2171 1816 2343 1884 misit,
2371 1823 2428 1872 et
2456 1817 2561 1872 hoc
2583 1823 2669 1872 est
2691 1818 2885 1888 jussus
2911 1816 3056 1888 exigi
3084 1815 3239 1888 quod
3268 1813 3321 1870 ei
3341 1813 3516 1869 fuerat
3532 1810 3631 1879 jam
3652 1805 3712 1860 di-

2171 1906 2428 1971 missum,
2465 1910 2523 1960 et
2548 1906 2607 1960 in
2631 1922 2910 1969 carcerem
2936 1911 3131 1960 trusus
3157 1908 3263 1959 est.
3293 1903 3369 1957 Ex
3398 1898 3579 1972 quibus
3598 1895 3711 1949 vide-

2169 1995 2299 2049 licet
2332 1995 2495 2050 dictis
2525 2000 2763 2061 constat,
2797 1995 2931 2066 quia
2956 1994 3004 2049 si
3041 1994 3149 2048 hoc
3178 1992 3329 2064 quod
3355 1991 3412 2045 in
3438 2004 3530 2043 nos
3560 1984 3709 2040 delin-

2170 2084 2365 2155 quitur
2388 2101 2454 2138 ex
2482 2084 2648 2139 corde
2676 2100 2789 2138 non
2815 2082 3176 2148 dimittimus,
3209 2087 3269 2136 et
3286 2079 3420 2135 illud
3439 2091 3610 2131 rursus
3627 2071 3712 2127 exi-

2169 2172 2376 2243 gimur,
2412 2173 2560 2244 quod
2588 2171 2748 2227 nobis
2772 2174 2891 2243 jam
2920 2188 3022 2243 per
3049 2168 3439 2243 ptenitentiam
3466 2164 3709 2221 dimissum

2170 2261 2342 2317 fuisse
2359 2261 2872 2332 gaudebamus.llle
2891 2261 3066 2332 igitur
3076 2260 3171 2316 sui
3186 2258 3375 2315 delicti
3394 2256 3524 2312 bene
3534 2251 3708 2307 veniam

2169 2349 2434 2418 postulat,
2466 2350 2565 2404 sed
2590 2350 2746 2421 prius
2771 2351 2877 2407 hoc
2904 2349 3052 2420 quod
3074 2349 3138 2404 in
3161 2349 3285 2420 ipso
3313 2343 3627 2416 delinquitur
3646 2355 3711 2394 re-

2170 2436 2347 2504 laxat;
2396 2438 2544 2509 quod
2580 2439 2900 2510 quicunque
2936 2439 3122 2494 facere
3164 2436 3400 2509 spernit,
3431 2434 3475 2489 si
3512 2430 3708 2488 divinam

2166 2527 2407 2582 hostiam
2434 2532 2679 2584 tractare
2703 2533 2919 2583 temere
2938 2525 3380 2600 praesumpserit,
3408 2518 3709 2579 Dominicum

2169 2632 2372 2687 corpus
2405 2618 2730 2672 conculcare
2756 2617 2985 2682 dicitur,
3029 2633 3148 2672 non
3178 2616 3329 2687 quod
3358 2613 3426 2668 ab
3453 2611 3557 2667 ullo
3589 2622 3711 2662 mor-

2171 2704 2374 2760 talium
2411 2706 2725 2761 conculcari
2767 2706 2972 2778 possit;
3022 2705 3122 2761 sed
3161 2705 3297 2777 quia
3331 2702 3472 2757 male
3495 2691 3713 2755 tractanti

2169 2794 2356 2865 potius
2386 2794 2445 2849 in
2473 2794 2951 2850 conculcationem
2993 2794 3363 2858 convertitur,
3403 2787 3711 2860 sanguinem-

2169 2898 2277 2953 que
2308 2883 2657 2948 testamenti,
2706 2883 2834 2938 novi
2864 2882 3126 2938 videlicet
3169 2887 3229 2937 et
3267 2879 3474 2945 aeterni,
3504 2874 3713 2947 polluere

2168 2987 2282 3026 non
2308 2971 2765 3027 inconvenienter
2792 2972 3018 3038 dicitur,
3060 2971 3389 3043 quicunque
3427 2966 3611 3022 sociam
3632 2975 3712 3015 an-

491 3055 658 3121 iram,
715 3074 855 3128 quos
902 3059 1228 3129 angelorum
1268 3058 1446 3129 gratis
1500 3059 1808 3114 sociaverat
1856 3076 2080 3116 mensae.
2102 3063 2146 3124 Ο
2166 3061 2421 3132 gelorum
2448 3061 2766 3117 castitatem
2785 3053 3605 3133 spernensimmundmluxuria!
3620 3064 3712 3105 80F-

491 3143 635 3198 Hinc
662 3160 884 3215 quoque
915 3151 1003 3200 est
1030 3147 1179 3216 quod
1198 3147 1455 3218 sequitur
1482 3166 1493 3201 :
1516 3147 1857 3204 Abseondam
1881 3151 2082 3217 faciem

490 3247 671 3286 meam
697 3234 767 3287 ab
794 3236 890 3301 eis,
913 3239 962 3289 et
987 3237 1335 3291 considerabo
1365 3238 1663 3291 novissima
1685 3253 1874 3291 eorum
1907 3239 2080 3307 (Deut.

492 3337 641 3388 XXXI,
682 3323 796 3388 17).

563 3408 617 3468 9.
674 3410 687 3453 Ι
735 3412 818 3469 De
869 3431 1105 3485 quorum
1162 3415 1461 3471 manifesta
1503 3416 1864 3472 damnatione
1914 3416 2084 3471 etiam

487 3500 789 3573 Apostolus
844 3503 1153 3559 terribilem
1216 3504 1385 3560 infert
1429 3506 1786 3572 sententiam,
1836 3507 2027 3561 dicens
2070 3526 2080 3561 :

490 3591 734 3646 Irritam
757 3596 882 3660 quis
911 3595 1122 3661 faciens
1145 3596 1315 3661 legem
1343 3596 1540 3662 Moysi,
1566 3598 1617 3649 si
1639 3598 1758 3649 sine
1785 3597 1905 3649 ulla
1929 3598 2086 3649 mise-

489 3682 707 3735 ratione
723 3682 824 3735 sub
842 3683 1051 3737 duobus
1069 3685 1149 3737 vel
1173 3684 1351 3738 tribus
1367 3686 1587 3738 testibus
1608 3686 2084 3752 moritur,quanto

491 3770 669 3836 magis
683 3772 896 3837 putatis
914 3771 1189 3824 deteriora
1209 3774 1417 3825 mereri
1438 3774 1729 3841 supplicia,
1753 3774 1853 3841 qui
1885 3773 2088 3826 Filium

488 3856 588 3911 Dei
605 3861 962 3925 conculcauit,
1015 3864 1064 3913 et
1103 3863 1437 3928 sanguinem
1477 3864 1788 3916 testa-menti
1806 3864 2086 3930 pollutum

489 3947 731 4013 cluserit,
766 3953 815 4002 et
844 3950 909 4003 in
936 3964 1042 4016 quo
1067 3952 1442 4015 sanetiﬁcatus
1472 3956 1567 4016 est,
1604 3948 1851 4019 Spiritui
1889 3954 2085 4019 gratia:

489 4039 886 4091 contumeliam
931 4038 1125 4104 fecerit
1156 4038 1337 4109 (Hebr.
1373 4053 1440 4105 ~x,
1473 4037 1593 4109 28).
1641 4038 1844 4094 Filium
1891 4039 2082 4110 itaque

489 4121 594 4176 Dei
631 4123 957 4179 conculcare
999 4141 1113 4179 non
1143 4125 1425 4181 immerito
1455 4127 1677 4193 dicitur,
1712 4128 1806 4198 qui
1835 4129 2081 4183 radicem

2165 3149 2328 3204 dibus
2356 3150 2724 3221 inquinatur;
2776 3156 2834 3205 et
2879 3150 2960 3204 sic
3006 3153 3318 3221 antequam
3362 3162 3461 3219 per
3484 3140 3710 3199 humilem

2165 3238 2592 3306 confessionem,
2637 3255 2702 3293 ac
2729 3239 2916 3310 dignis
2965 3237 3248 3294 fructibus
3276 3232 3611 3309 poenitentia,
3633 3240 3713 3281 seu

2165 3328 2341 3397 largis
2379 3328 2759 3399 lacrymarum
2805 3327 3130 3384 fluminibus
3180 3326 3457 3391 abluatur,
3483 3321 3549 3377 ad
3578 3317 3713 3386 huius

2166 3433 2374 3472 mensae
2393 3417 2880 3489 participationem
2894 3418 3161 3491 indignus
3178 3413 3463 3490 praesumit
3474 3407 3711 3467 accedere.

2166 3506 2387 3578 spiritui
2419 3506 2591 3560 etiam
2621 3513 2815 3562 sancto
2840 3508 3039 3579 gratim
3081 3524 3259 3579 quam
3300 3503 3583 3561 maximam
3596 3493 3714 3549 vide-

2165 3601 2261 3651 tur
2275 3596 2674 3651 contumeliam
2699 3596 2900 3663 facere,
2930 3596 3258 3667 quicunque
3285 3601 3555 3650 terrenam
3581 3581 3711 3657 panis

2166 3701 2231 3740 ac
2259 3685 2374 3739 vini
2401 3684 2797 3752 substantiam,
2829 3686 2963 3740 dum
3004 3684 3265 3756 ejusdem
3291 3680 3521 3755 Spiritus
3543 3675 3711 3730 virtute
3748 3690 3757 3711 ί

2172 3779 2229 3827 et
2246 3772 2665 3829 consecratione
2684 3774 3087 3842 sanctiﬁcatur,
3100 3773 3157 3827 in
3180 3766 3610 3845 ipsameamdem
3619 3774 3713 3815 εει·-

2168 3878 2299 3917 nem
2350 3869 2408 3918 et
2459 3862 2812 3933 sanguinem,
2844 3879 3015 3935 quam
3069 3863 3243 3917 beata
3296 3860 3458 3931 Virgo
3501 3850 3711 3925 ejusdem

2169 3952 2412 4024 Spiritus
2456 3952 2664 4007 virtute
2703 3958 2762 4007 et
2802 3952 3127 4024 operatione
3153 3948 3412 4022 concepit
3431 3952 3487 4002 et
3511 3937 3708 4016 peperit.

2164 4040 2386 4096 dubitat
2411 4057 2574 4111 posse
2599 4041 2865 4096 converti.
2897 4041 3058 4097 Unde
3083 4044 3282 4095 autem
3318 4036 3525 4093 veniam
3549 4040 3708 4123 peccat

2163 4130 2382 4184 minum
2429 4135 2831 4185 consecuturus
2873 4136 2979 4197 est,
3024 4129 3119 4201 qui
3159 4128 3405 4200 Spiritus
3432 4119 3608 4180 sancti.
3634 4119 3710 4186 qui

489 4210 739 4269 omnium
762 4211 1032 4268 virtutum
1052 4213 1404 4278 charitatem,
1438 4233 1539 4286 per
1565 4232 1731 4286 quam
1761 4217 1931 4272 etiam
1961 4217 2082 4289 ipse
2163 4218 2420 4273 remissio
2450 4218 2701 4273 omnium
2733 4224 3087 4289 peccatorum
3125 4222 3237 4283 est,
3283 4216 3425 4271 iram
3460 4214 3633 4267 contra
3663 4215 3710 4255 88

487 4298 812 4397 unigenitus
842 4301 942 4355 Dei
967 4302 1136 4397 homo
1165 4302 1287 4357 ﬁeri
1308 4303 1572 4374 dignatus
1594 4309 1698 4370 est,
1732 4306 2082 4377 negligenter
2096 4337 2145 4397 D
2163 4308 2434 4373 accendit,
2456 4308 2592 4362 dum
2613 4308 2836 4363 dubitat
2849 4323 2979 4362 eum
3000 4306 3214 4378 aliquid
3244 4320 3358 4360 non
3382 4308 3711 4397 {osse-Oper?

487 4389 850 4461 pessumdat;
884 4406 948 4445 ac
967 4389 1047 4444 sic
1067 4390 1315 4446 fraterno
1336 4392 1581 4464 repletus
1599 4392 1746 4460 odio,
1777 4401 2077 4467 antequam
2098 4384 2143 4397 ”
2162 4398 2244 4453 ri?
2269 4397 2449 4462 Quam
2478 4396 2635 4467 gravi
2665 4396 2859 4468 itaque
2889 4411 3056 4467 poena
3087 4394 3180 4450 isti
3218 4395 3362 4450 tales
3400 4384 3708 4446 Dominicum

487 4477 570 4532 illi
595 4477 653 4532 in
680 4496 815 4551 pace
841 4479 1252 4547 reconcilietur,
1279 4480 1399 4535 haec
1427 4488 1784 4537 sacrosancta
1809 4483 2081 4539 sacriﬁcia
2160 4502 2365 4557 corpus
2382 4486 2780 4557 etsanguinem
2809 4486 2957 4540 male
2983 4489 3293 4539 tractantes
3307 4474 3706 4555 plectendisunt:

486 4567 685 4622 offerre
713 4569 1021 4639 praesumit.
1058 4570 1164 4626 Sed
1210 4570 1332 4641 ejus
1356 4586 1563 4625 munus
1607 4570 1677 4624 ab
1707 4573 2078 4644 omnipotenti
2158 4556 2283 4629 luce
2309 4574 2515 4630 clarius
2545 4556 2718 4646 patet,
2734 4574 2870 4629 dum
2896 4573 2966 4628 ab
2985 4573 3253 4645 Apostolo
3270 4570 3521 4643 graviora
3546 4556 3709 4617 ωοηίε

482 4654 598 4708 Deo
640 4671 754 4711 non
795 4658 1084 4730 accipitur,
1128 4658 1236 4713 nisi
1278 4665 1408 4714 ante
1438 4660 1678 4731 proximi
1705 4661 1984 4716 discordia
2007 4662 2076 4717 ab
2158 4664 2434 4735 supplicia
2459 4663 2769 4735 promereri
2790 4663 3135 4734 judicantur.

483 4742 671 4798 animo
700 4745 962 4816 pellatur,
1011 4748 1230 4802 dicente
1253 4748 1505 4804 Veritate
1536 4767 1548 4803 :
1580 4749 1646 4805 Si
1681 4753 1840 4817 o/I‘ers
1867 4767 2075 4805 munus
2226 4753 2464 4824 Propter
2511 4752 2658 4823 quod
2692 4758 2750 4806 et
2781 4768 2930 4823 saepe
2971 4752 3031 4806 hi
3062 4750 3202 4806 tales
3231 4750 3506 4807 interdum
3533 4755 3706 4817 Ρτουο·

484 4837 647 4887 tuum
660 4834 734 4888 ad
751 4838 935 4888 altare
963 4840 1009 4890 et
1035 4838 1353 4893 recordatus
1367 4841 1562 4907 fueris,
1587 4841 1723 4908 quia
1738 4841 1920 4906 frater
1944 4844 2073 4896 tuus
2158 4846 2302 4896 nunt
2320 4857 2381 4895 se
2408 4841 2480 4895 ad
2508 4841 2707 4896 horam
2753 4840 2815 4895 in
2856 4840 3057 4896 melius
3096 4840 3344 4896 converti
3374 4852 3496 4894 cum
3518 4840 3706 4889 summa

551 4985 573 5050 ξ·
602 4972 775 5050 Illam.
805 4991 933 5032 cum
964 4993 1059 5032 sex
1089 4994 1229 5036 mss.
1244 5020 1263 5049 ,
1288 4982 1620 5036 conscientia
1637 4981 1830 5050 judea.

548 5045 576 5087 ι)
606 5045 774 5113 Editi,
820 5053 871 5103 et
915 5066 1041 5121 eum
1072 5045 1389 5119 probaveris
1439 5057 1486 5105 te
1512 5045 1764 5121 purum;
1808 5051 1907 5117 sed
1933 5068 2067 5111 mss.

477 5133 672 5173 omnes
700 5123 951 5175 nostram
978 5120 1275 5177 lectionem
1303 5120 1564 5178 retinent.

547 5204 570 5232 ο
598 5190 734 5265 Cod.
766 5191 975 5263 reginae
1027 5193 1236 5249 Sueciae
1261 5198 1318 5248 et
1363 5193 1474 5249 duo
1514 5192 1672 5265 regii,
1706 5196 1779 5250 da
1807 5196 2069 5253 honorem

477 5263 647 5330 tantis
676 5266 974 5330 mysteriis.

549 5327 577 5370 ἀ
601 5327 788 5407 Editi,
801 5335 1150 5407 plenitudine
1169 5353 1186 5400 ;
1220 5350 1352 5390 mss.
1392 5351 1606 5404 omnes,
1631 5340 1996 5407 pwnitudine.

546 5402 941 5480 fAl.,_ditior.
992 5476 1017 5480 _
1112 5475 1126 5480 _
1210 5475 1221 5480 _
1303 5474 1372 5480 __
2150 5402 2523 5480 supernorum
2550 5402 2871 5465 sanctorum
2886 5402 3217 5480 'przsentia.
3374 5476 3384 5480 Α
3516 5471 3545 5480 __
3623 5460 3651 5480 ί,

491 5468 788 5562 ,,,.¹,,Ψ9ξη
822 5475 1167 5562 (ξοάο.ἷδ⁸ιιδο
1206 5474 1553 5561 inciam!)-
1585 5479 1681 5533 XC
1712 5481 2065 5562 εθθριρηαείο
2213 5468 2494 5562 turalia
2564 5481 2782 5562 ἓηοιιίιεα
2827 5468 3230 5562 saeviretur
3272 5468 3692 5562 ξθείηρεὲηιὲθοίτθ

478 5543 767 5601 immunda
794 5548 1100 5602 viventium
1130 5538 1539 5605 communicare
1584 5538 2062 5619 praeminentium.
2147 5552 2318 5609 codex
2340 5551 2498 5620 1554,
2525 5556 2584 5607 et
2610 5552 2783 5608 codex
2812 5538 2961 5623 regis
2988 5538 3438 5621 Christianissimi
3469 5538 3608 5599 4070.

2225 4996 2251 5038 ε
2282 4984 2414 5038 Mss.
2448 4983 2567 5038 fere
2594 4999 2807 5049 omnes,
2841 4986 3012 5039 veluti
3038 4999 3158 5039 sues
3177 4981 3490 5039 immunda.

2223 5051 2252 5134 ξι
2290 5055 2421 5137 Mss.
2457 5054 2723 5180 quinque,
2753 5055 3003 5123 indigne.

2223 5139 2235 5167 ι
2259 5126 2435 5180 Vatic.
2470 5131 2527 5180 et
2560 5126 2603 5180 F
2626 5142 2733 5180 or..
2761 5130 3003 5180 temerar.

2220 5125 2435 5181 iVatic.
2470 5125 2527 5181 et
2560 5125 2733 5181 Flor..
2761 5130 3112 5181 temerarent.

2220 5196 2417 5266 {Vat.,
2458 5214 2587 5251 uera
2614 5198 2819 5253 nolunt
2837 5198 3072 5252 credere.
3438 5264 3443 5266 Α
3533 5254 3607 5266 -...

2224 5262 2254 5306 λ
2281 5255 2449 5323 Mam.
2481 5273 2540 5323 et
2568 5268 2762 5344 Sirm.,
2789 5284 3163 5344 supernorum
3195 5264 3496 5344 prasentia:

2155 5355 2529 5407 supernorum
2557 5335 2871 5409 spirituum
2886 5335 3357 5409 prasentia'Mss.
3393 5335 3515 5402 Maj.
3545 5338 3693 5383 mea,
