3992 6166
293 223 429 307 1341

1171 225 1307 312 LII}.
1474 224 1817 299 CORPORE
1851 224 1943 281 ET
1981 223 2349 311 SANGUINE
2385 225 2669 313 DOMINI.

3418 227 3557 301 1342

286 347 694 403 deliberatione
722 348 946 415 mentis,
964 347 1063 403 sed
1090 348 1296 404 iterum
1324 349 1877 423 tentationisimpetu
1896 352 1943 410 A
1965 348 2271 420 Scripturis
2297 348 2519 416 divinis,
2553 351 2796 408 latenter
2819 352 3082 421 ostendit,
3106 352 3256 425 quod
3286 333 3457 409 aliud.
3468 356 3556 408 est

279 439 446 509 pejus
478 442 670 492 ruunt.
706 437 938 505 Idcirco,
967 442 1030 492 tu
1070 437 1118 491 si
1146 438 1229 492 vis
1266 437 1469 493 salvari
1499 443 1555 494 et
1583 439 1671 494 his
1700 441 1771 495 ad
1795 440 1878 494 vi-

278 532 401 580 tam
437 526 568 592 frui,
601 525 767 580 velim
813 526 893 580 sic
939 530 995 581 te
1042 543 1196 597 agas,
1228 532 1293 582 ut
1328 527 1507 583 Deum
1546 534 1878 600 praesentem

276 631 507 686 semper
540 613 748 686 ubique
785 614 1088 687 intelligas,
1130 623 1188 670 et
1222 616 1301 671 sic
1346 633 1535 671 coram
1576 617 1698 689 ipso
1751 635 1877 672 ver-

276 704 438 770 seris,
470 708 535 760 ut
574 703 633 759 in
679 706 833 759 nullo
876 705 1189 775 majestatis
1231 708 1351 777 ejus
1389 707 1577 762 oculos
1604 708 1873 776 offendas,

279 793 411 864 quia
460 792 507 847 si
542 793 667 864 quis
717 811 777 848 se
829 798 992 865 putat
1036 793 1106 849 ab
1152 811 1218 849 eo
1265 796 1485 866 uspiam
1530 796 1872 859 delitescere,

275 882 501 937 noverit
525 899 653 937 eum
686 882 915 937 omnino
956 885 1106 956 quod
1148 885 1425 939 offensum
1468 901 1582 940 non
1626 886 1872 956 effugiet,

275 971 376 1043 qui
406 970 617 1041 ubique
641 970 849 1027 virtute
876 972 1070 1044 pollet,
1098 973 1195 1027 sed
1223 974 1374 1045 apud
1404 991 1533 1029 eum
1564 975 1753 1029 omnia
1791 992 1877 1030 re-

273 1060 503 1115 condita
532 1077 654 1132 quae
682 1061 887 1132 gessit;
921 1067 978 1116 et
1004 1062 1228 1133 signata
1252 1062 1312 1117 in
1337 1063 1617 1119 thesauris
1646 1065 1766 1135 ejus
1784 1064 1873 1119 in-

272 1149 482 1204 veniet.

837 1239 1071 1295 CAPUT
1101 1241 1254 1296 XXII
1271 1254 1314 1295 ³.

273 1327 340 1383 Si
368 1331 487 1383 ulla
519 1328 833 1395 cli/ferentia
866 1333 940 1383 sit
961 1332 1024 1383 in
1058 1330 1155 1384 hoc
1181 1334 1442 1398 mysterio
1456 1334 1610 1401 justo
1630 1337 1677 1388 et
1693 1338 1872 1403 pani-

808 1403 946 1455 tenti
962 1403 1332 1456 reconciliata.

343 1490 397 1545 1.
434 1490 601 1544 Patet
627 1489 804 1561 igitur
832 1507 897 1545 ex
925 1490 1048 1562 lege
1078 1491 1285 1559 divina,
1319 1491 1448 1547 licet
1468 1494 1726 1548 Christus
1762 1495 1870 1549 im-

271 1578 520 1634 moletur
548 1595 728 1650 agnus
756 1579 815 1633 in
866 1579 1136 1647 Ecclesia,
1170 1582 1319 1653 quod
1355 1599 1456 1653 pro
1497 1583 1524 1623 b
1553 1582 1871 1638 differentia

1961 439 2108 509 quod
2136 439 2445 507 perfectum
2463 439 2489 481 ιι
2519 440 2941 511 perfectioribus
2970 441 3217 507 mandat,
3248 440 3397 495 aliud
3425 456 3553 496 vero

1961 526 2107 597 quod
2124 527 2297 598 lapsis
2310 518 2367 581 et
2379 528 2731 599 torpentibus
2748 530 2819 585 ad
2837 529 3248 601 indulgentiam
3275 528 3550 600 providet.

1959 615 2172 670 Idcirco
2201 616 2270 670 de
2301 617 2419 671 solo
2447 633 2592 688 agno
2613 617 2749 688 quid
2771 619 3053 689 agendum
3069 623 3263 691 aperte
3284 615 3550 681 instituit,

1958 704 2027 758 de
2054 704 2212 759 haedo
2256 722 2386 760 vero
2433 706 2593 777 quasi
2621 707 2817 761 nolens
2861 708 3080 762 edicere
3129 705 3376 778 pressius
3424 704 3557 759 reti-

1958 793 2109 849 cuiti
2141 813 2154 856 ;
2189 794 2455 866 quoniam
2499 795 2651 850 aliud
2697 802 2783 851 est
2826 796 2977 868 quod
3016 796 3135 868 ipse
3183 794 3392 866 ubique
3437 793 3557 847 vult
3662 832 3671 841 .

1956 882 2257 953 perfectius
2283 881 2319 950 Ξ,
2345 884 2497 938 aliud
2526 890 2715 939 autem
2744 886 2878 940 dum
2908 886 3190 940 interdum
3222 884 3358 955 quid
3372 881 3556 937 indul-

1955 976 2069 1041 get.
2102 972 2261 1027 Unde
2290 977 2348 1026 et
2375 972 2485 1026 alio
2505 973 2624 1028 loco
2645 974 2715 1027 de
2744 974 2961 1029 Pascha
2986 973 3066 1028 sic
3090 971 3411 1045 praecipitur
3444 983 3455 1017 :
3490 971 3554 1023 ut

1956 1060 2053 1130 qui
2064 1060 2246 1131 primo
2268 1077 2460 1116 mense
2478 1062 2692 1117 Pascha
2701 1062 2884 1118 facere
2896 1080 3009 1117 non
3024 1061 3289 1134 potuerit,
3305 1057 3549 1115 secundo

1954 1147 2141 1215 faciat,
2165 1148 2222 1203 id
2244 1154 2347 1212 est,
2367 1151 2414 1204 si
2435 1166 2564 1204 cum
2584 1151 2845 1222 perfectis
2866 1152 2924 1206 in
2944 1151 3128 1223 primo
3154 1166 3366 1212 mense,
3388 1144 3550 1219 quasi

1954 1236 2012 1291 in
2041 1238 2227 1309 prima
2252 1239 2455 1308 gratia,
2472 1239 2592 1293 sine
2621 1240 2819 1295 mortis
2833 1245 2996 1295 reatu
3026 1256 3233 1311 agnum
3255 1238 3420 1292 edere
3437 1251 3550 1290 non

1954 1329 2221 1401 potuerit,
2254 1331 2452 1385 saltem
2484 1332 2727 1386 secundo
2752 1349 2965 1399 mense,
2994 1332 3049 1385 id
3075 1331 3238 1385 estin
3272 1328 3549 1402 poeniten-

1955 1418 2035 1473 tia
2064 1424 2255 1473 reatus
2276 1419 2385 1485 sui,
2410 1419 2633 1475 hzedum
2648 1420 3126 1492 indulgentiarum
3149 1418 3441 1491 percipiat.
3457 1415 3553 1471 Ait

1953 1507 2102 1561 enim
2130 1507 2235 1562 ita:
2260 1509 2430 1563 Homo
2447 1512 2547 1579 qui
2572 1511 2747 1577 fuerit
2765 1510 3091 1563 immundus
3114 1522 3278 1577 super
3295 1508 3549 1561 animam

1953 1598 2063 1650 sive
2076 1599 2140 1650 in
2160 1600 2251 1651 via
2269 1602 2465 1665 procul
2484 1600 2545 1651 in
2566 1604 2721 1667 gente
2741 1604 2941 1664 vestra,
2963 1599 3135 1667 faciat
3144 1598 3310 1666 phase
3320 1596 3553 1649 Domino

272 1667 626 1735 meritorum.
654 1669 772 1724 haec
803 1674 861 1723 et
879 1680 903 1709 ε
935 1670 1162 1741 praemia
1192 1670 1546 1736 tribuantur;
1579 1673 1730 1727 unde
1759 1673 1872 1727 Do-
1898 1666 2134 1740 Bmense
2162 1687 2396 1741 secundo
2420 1666 2610 1755 (Nam.
2646 1702 2720 1753 lx,
2759 1687 2843 1756 10)
2879 1686 2925 1740 κ.
2956 1666 3136 1741 Aliter
3166 1690 3356 1740 autem
3379 1682 3425 1737 si
3454 1686 3554 1737 aut

269 1757 460 1812 minus
488 1758 550 1812 in
576 1758 763 1813 Exodo
784 1775 913 1813 cum
934 1759 1002 1814 de
1029 1760 1243 1815 Pascha
1262 1761 1587 1832 loqueretur
1610 1781 1621 1815 :
1647 1763 1868 1817 Decima

270 1850 361 1902 die
409 1851 612 1902 mensis
654 1849 837 1918 hujus,
883 1851 1042 1904 tollat
1085 1853 1465 1919 unusquisque
1502 1867 1715 1919 agnum
1770 1867 1869 1920 per

270 1938 525 2006 familias
552 1941 601 1991 et
630 1937 817 1992 domos
845 1954 992 1993 suas.
1027 1940 1154 1993 Erit
1193 1945 1399 2004 autem,
1448 1939 1653 2011 inquit,
1685 1956 1865 2009 agnus

271 2028 473 2095 absque
513 2030 758 2093 macula,
808 2030 1108 2093 masculus,
1150 2029 1476 2095 anniculus,
1511 2031 1681 2096 juxta
1710 2045 1871 2098 quem

275 2118 453 2170 ritum
486 2117 684 2170 tolletis
703 2121 750 2169 et
773 2116 990 2170 haedum
1013 2117 1201 2181 (Exod.
1248 2130 1346 2181 xu,
1380 2114 1456 2187 3).
1497 2116 1603 2172 Ubi
1631 2118 1869 2189 Septua-

275 2204 439 2275 ginta
484 2222 498 2257 :
549 2205 675 2258 Erit
718 2206 866 2258 vobis
912 2220 1093 2272 agnus
1122 2208 1546 2262 immaculatus.
1583 2207 1657 2260 De
1683 2210 1864 2274 agnis,

267 2292 557 2365 inquiunt,
590 2297 641 2348 et
677 2294 843 2348 hxdis
886 2296 1114 2348 sumctis
1159 2310 1311 2350 eum.
1350 2294 1431 2349 Ex
1461 2311 1571 2366 quo
1594 2296 1869 2367 .profecto

268 2382 471 2453 liquet,
505 2381 638 2453 quia
661 2381 731 2436 ob"
762 2381 1138 2436 differentiam
1168 2382 1497 2438 meritorum
1536 2384 1645 2438 ista
1670 2384 1867 2456 praeci-

271 2470 542 2542 piuntur;
575 2470 622 2524 si
646 2470 792 2525 forte
823 2470 949 2541 quis
979 2486 1189 2541 agnum
1213 2487 1325 2526 non
1355 2471 1601 2543 potuerit
1628 2490 1869 2545 pauper-

267 2565 389 2615 tate
437 2571 466 2613 ά
502 2559 628 2615 vita
666 2559 909 2631 assequi,
961 2560 1019 2615 id
1072 2565 1158 2615 est
1215 2560 1387 2615 vitam
1446 2561 1867 2617 immaculatam

270 2649 495 2714 offerre,
538 2649 736 2704 saltem
774 2649 996 2704 haedum
1035 2648 1256 2717 habeat,
1292 2651 1388 2722 qui
1424 2668 1646 2723 semper
1682 2651 1742 2706 in
1781 2656 1867 2707 sa-

268 2737 495 2794 crificiis
527 2754 627 2809 pro
651 2738 1054 2810 paenitentibus
1083 2744 1381 2795 mactatur.
1418 2741 1500 2795 De
1525 2758 1635 2812 quo
1663 2741 1865 2796 divina;

269 2826 414 2896 legis
424 2826 700 2898 interpres
712 2826 909 2882 beatus
919 2828 1295 2900 Hieronymus
1325 2829 1425 2895 ait,
1439 2830 1589 2900 quod
1609 2831 1866 2886 Christus

1950 1774 2277 1829 immundus
2322 1775 2381 1829 in
2423 1777 2616 1831 anima
2655 1792 2768 1830 non
2817 1775 3009 1840 fuerit,
3052 1780 3151 1829 aut
3191 1772 3385 1846 procul
3436 1776 3552 1826 tor-

1948 1879 2084 1934 pore
2111 1860 2124 1901 ¹
2151 1862 2390 1932 ignavia:
2417 1879 2449 1917 a
2478 1864 2690 1935 templo
2719 1863 2899 1918 sancti
2929 1863 3171 1934 Spiritus
3219 1878 3330 1915 non
3360 1877 3547 1915 reces-

1950 1951 2106 2016 serit,
2141 1956 2198 2005 et
2220 1952 2393 2022 phase
2422 1951 2663 2006 Domino
2693 1968 2806 2006 non
2836 1951 3048 2019 fecerit,
3082 1951 3549 2005 exterminabitur

1951 2043 2149 2093 anima
2178 2043 2281 2094 illa
2308 2041 2372 2094 de
2388 2043 2609 2109 populis
2635 2044 2752 2095 suis
2782 2043 3011 2093 omnino
3043 2039 3228 2109 (Ibid,
3261 2035 3382 2104 l3);
3415 2034 3548 2105 quia

1950 2127 2061 2182 nisi
2081 2129 2504 2183 manducaverit
2521 2145 2748 2183 carnem
2766 2127 2866 2183 ﬁlii
2876 2127 3140 2193 hominis,
3158 2126 3332 2181 vitam
3352 2121 3546 2195 nequi-

1953 2216 2035 2271 bit
2061 2223 2328 2272 aeternam
2358 2217 2587 2281 habere.
2637 2217 2903 2289 quoniam
2934 2214 3267 2271 sacriﬁcium
3305 2212 3545 2269 Domino

1950 2323 2064 2360 non
2091 2307 2297 2361 obtulit
2324 2312 2578 2379 tempore
2608 2324 2734 2362 suo.
2754 2307 2823 2361 Et
2851 2323 2922 2361 ne
2942 2311 3172 2378 putares
3199 2302 3347 2375 quod
3369 2302 3438 2356 de
3457 2299 3547 2354 his

1948 2395 2092 2449 forte
2132 2395 2345 2451 diceret
2389 2396 2485 2467 qui
2519 2401 2653 2451 sunt
2691 2401 2848 2450 extra
2881 2395 3193 2457 Christum,
3237 2389 3454 2446 addidit
3482 2391 3546 2443 in

1947 2488 2101 2552 gente
2119 2490 2318 2550 vestra,
2362 2485 2496 2557 quia
2522 2502 2716 2540 omnes
2744 2484 3046 2540 Christiani
3078 2481 3237 2554 quasi
3285 2479 3389 2535 sub
3431 2494 3548 2533 una

1945 2573 2309 2643 generatione
2329 2579 2683 2646 reputantur.
2706 2573 2990 2629 Humilius
3017 2577 3102 2627 est
3120 2587 3255 2627 sane
3279 2585 3406 2625 cum
3428 2583 3547 2639 poe-

1946 2661 2256 2717 nitentibus
2285 2663 2527 2730 haedum,
2553 2680 2723 2735 quam
2751 2680 2876 2720 cum
2899 2660 3325 2734 perfectioribus
3345 2661 3403 2712 et
3421 2672 3547 2711 san-

1948 2754 2051 2809 ctis
2081 2755 2367 2810 Christum
2398 2770 2607 2825 agnum
2638 2754 2951 2809 comedere.
2986 2752 3147 2817 Quod
3174 2750 3317 2805 bene
3343 2746 3547 2803 intelli-

1946 2860 2085 2914 gens
2114 2843 2300 2898 senior
2334 2843 2428 2897 ille
2455 2843 2623 2910 ﬁlius,
2656 2843 2726 2898 de
2763 2859 2899 2913 agro
2942 2856 3217 2904 reversus,
3259 2837 3356 2892 sed
3398 2835 3546 2890 male

269 2916 330 2969 in
361 2915 531 2969 domo
570 2915 832 2970 Ecclesiae
878 2916 1177 2988 dupliciter
1222 2917 1551 2973 immolatur
1582 2936 1593 2971 :
1630 2919 1689 2974 Si
1723 2920 1865 2990 justi

1948 2936 2144 2986 contra
2162 2931 2548 2987 dulcissimum
2569 2937 2789 3003 patrem
2812 2930 3023 2985 invidia
3042 2931 3348 3001 permotus,
3358 2926 3446 2997 obj
3455 2941 3546 2980 ur-

271 3005 470 3069 simus,
490 3003 695 3074 inquit,
722 3005 791 3058 de
810 3006 942 3076 agni
973 3006 1233 3061 carnibus
1251 3007 1528 3063 vescimur
1555 3026 1568 3076 ;
1601 3007 1648 3062 si
1670 3024 1864 3079 pecca-
1881 2987 1925 3047 θ

1945 3025 2046 3091 gat
2064 3021 2270 3076 dicens:
2286 3023 2375 3075 Tot
2387 3024 2557 3076 annis
2573 3023 2747 3075 servio
2769 3022 3192 3087 tibi,nunquam
3212 3017 3547 3070 mandatum

265 3098 422 3148 ῐοτεε
453 3098 509 3147 et
535 3094 926 3165 Ρωηίιθηῐίδω
957 3095 1199 3165 agimus:
1237 3094 1399 3151 DObiS
1439 3098 1632 3152 huius
1661 3098 1866 3153 ουοίάἱ-
1950 3115 2111 3163 tuum
2124 3113 2467 3179 praeteriens,
2493 3115 2542 3164 et
2566 3126 2679 3165 non
2696 3110 2897 3163 dedisti
2917 3108 3059 3161 mihi
3085 3106 3303 3159 haedum
3327 3107 3542 3171 saltem,

265 3186 366 3237 tur
396 3200 408 3235 ε
444 3199 557 3237 non
602 3184 750 3254 quod
798 3184 1052 3239 Christus
1094 3184 1287 3240 haedus
1327 3186 1420 3247 sit.
1474 3203 1642 3275 quem
1674 3197 1698 3228 °
1727 3203 1761 3241 a
1788 3188 1866 3242 si-
1947 3202 2012 3252 ut
2039 3214 2167 3252 cum
2189 3200 2386 3253 amicis
2402 3201 2537 3252 meis
2562 3198 2819 3270 epularer
2849 3197 2990 3267 (Luc.
3026 3208 3116 3263 xv,
3148 3192 3263 3261 29).
3289 3192 3359 3257 Et
3379 3208 3550 3264 quam

260 3272 460 3327 nistris
489 3276 640 3327 stare
668 3273 875 3338 docuit,
903 3274 1002 3327 sed
1034 3290 1136 3344 pro
1167 3274 1491 3331 diversitate
1534 3272 1865 3331 meritorum
1946 3286 2137 3356 juste!
2188 3287 2322 3357 quia
2368 3303 2468 3359 pro
2496 3291 2726 3358 peccato
2758 3296 2798 3326 In
2827 3289 3083 3350 caecatus,
3134 3286 3323 3338 mente
3366 3280 3551 3336 noluit

264 3361 573 3433 “nimique
628 3366 728 3416 aut
785 3378 965 3433 δεηιιε
1017 3368 1116 3417 aut
1156 3364 1352 3419 hadus
1388 3359 1406 3396 ¹
1459 3364 1568 3433 Sit;
1619 3366 1869 3437 alioquin
1949 3374 2163 3429 intrare
2192 3374 2363 3439 intus,
2395 3392 2497 3430 nec
2525 3386 2553 3416 η
2580 3375 2745 3430 corde
2774 3373 3129 3445 repoenitere.
3158 3372 3287 3426 Ideo
3316 3386 3549 3443 prorsus

265 3467 334 3506 ex
362 3452 487 3521 lege
515 3467 615 3506 cur
643 3451 867 3506 haedum
902 3451 1072 3507 simul
1116 3468 1245 3507 cum
1279 3469 1427 3522 agno
1468 3453 1693 3524 juberet
1719 3455 1865 3520 toll-i,

1958 3480 2015 3517 ex
2040 3463 2301 3518 omnibus
2327 3463 2489 3518 bonis
2516 3462 2790 3536 paternis,
2806 3479 2910 3517 nec
2928 3461 3152 3516 hadum
3173 3458 3551 3531 indulgentia-

265 3539 340 3594 Ob
377 3539 712 3595 meritorum
741 3540 1158 3596 distinctionem
1192 3560 1203 3596 ε
1239 3541 1336 3596 Ubi
1375 3559 1502 3597 mox
1531 3560 1542 3596 ε
1575 3544 1645 3597 Et
1677 3560 1863 3598 εενυα-
1948 3568 2077 3607 rum
2106 3553 2317 3608 meruit
2343 3553 2653 3625 acquirere,
2679 3553 2813 3607 dum
2841 3551 3031 3606 vitulis
3054 3549 3413 3622 repaanitenti
3432 3548 3547 3602 ﬁlio

267 3631 401 3683 bim
419 3644 566 3695 eum,
601 3628 803 3699 inquit,
831 3646 1000 3698 τιειιυθ
1035 3632 1110 3684 ad
1138 3636 1400 3700 quartam
1430 3632 1701 3686 ἀθσὺηατη
1719 3635 1866 3687 diem
1943 3642 2157 3713 juniori
2177 3642 2519 3696 tenerrimus
2535 3641 2896 3707 immolatur;
2924 3645 3000 3707 et,
3025 3639 3172 3710 quod
3192 3637 3418 3709 gravius
3438 3640 3541 3702 est,

266 3720 472 3772 mensis
492 3719 678 3787 hujus,
704 3720 1117 3788 immolabitque
1137 3736 1264 3773 eum
1283 3723 1545 3775 universa
1568 3725 1867 3777 multitudo
1948 3729 2265 3784 contumaci
2284 3731 2473 3785 animo
2495 3732 2553 3785 in
2573 3735 2793 3802 patrem
2814 3729 2986 3783 refert
3004 3727 3261 3799 injurias,
3286 3742 3425 3797 quas
3450 3723 3546 3778 ille

265 3810 521 3875 ﬁliorum
568 3809 737 3862 Ισναϐἔ
762 3809 838 3862 ad
866 3823 1162 3877 υθεΡενατη-
1192 3810 1308 3865 Nec
1344 3814 1536 3865 tamen
1563 3816 1755 3882 aperte
1785 3812 1868 3867 in-
1948 3834 2013 3874 ex
2057 3836 2161 3874 sua
2190 3820 2521 3875 carnalitate
2550 3837 2615 3875 ex
2637 3832 2664 3861 0
2691 3816 3066 3891 impaenitenti
3090 3816 3197 3872 sibi
3223 3814 3389 3870 corde
3417 3810 3546 3869 con-

266 3896 477 3961 sinuat,
509 3896 557 3951 si
586 3896 656 3951 de
684 3897 803 3952 solo
831 3913 978 3969 agno
1004 3898 1390 3970 accipiendum
1413 3906 1516 3966 est,
1541 3901 1690 3972 quod
1713 3903 1865 3957 simi—
1947 3912 2216 3965 traxerat.

263 3984 397 4039 liter
415 3997 444 4040 ε
471 3984 540 4039 de
568 3985 727 4039 haedo
749 3984 974 4055 jubeat;
1003 3986 1101 4040 sed
1132 4004 1197 4041 ex
1225 3988 1347 4055 hoc,
1381 3989 1466 4043 uti
1487 3989 1659 4044 moris
1690 3997 1775 4045 est
1803 3990 1862 4045 in

338 4099 356 4164 ξ
380 4091 555 4148 Laub.
588 4108 710 4164 cap.
733 4092 872 4147 CXI.
901 4091 970 4148 In
1000 4093 1188 4149 codice
1210 4111 1337 4149 vero
1350 4095 1530 4150 Vatic.
1554 4096 1645 4152 hic
1663 4097 1862 4154 titulus

266 4162 510 4238 habetur
539 4181 551 4217 :
586 4162 738 4231 Quod
762 4166 1072 4238 im_molatio
1101 4168 1240 4234 agni
1270 4168 1544 4222 Paschalis
1569 4171 1645 4222 ad
1668 4185 1861 4238 corpus

268 4237 481 4310 Christi
511 4237 805 4310 pertineat.
829 4236 1064 4310 Textum
1090 4241 1281 4291 autem
1309 4238 1480 4308 hujus
1501 4240 1699 4310 capitis
1719 4236 1860 4295 inci-

2014 3997 2069 4055 2.
2102 4010 2129 4051 P
2157 3998 2511 4070 Quapropter
2529 4011 2556 4053 (ι
2583 4002 2710 4071 post
2737 3995 3115 4067 naufragium,
3136 3993 3270 4066 quia
3292 3991 3541 4048 secunda

1943 4107 2343 4160 exterminium
2374 4111 2619 4161 meretur
2632 4150 2644 4163 .

2017 4176 2028 4216 ¹
2062 4176 2248 4242 Mam.,
2296 4179 2529 4247 Torpore
2561 4180 2677 4232 viz.
2708 4176 2877 4232 Ulim.
2920 4175 3087 4231 Sirm.
3136 4172 3454 4247 cum__Flor.
3488 4175 3547 4226 et

1944 4262 2049 4302 ms.
2082 4248 2312 4332 Majoris
2341 4244 2516 4332 mon.,
2551 4255 2764 4318 torpore
2791 4250 2933 4305 vita.
2957 4246 3167 4302 Omnes
3204 4244 3336 4300 alibi
3371 4258 3542 4309 mss.,

266 4307 353 4401 pit
383 4323 394 4358 :
431 4308 583 4401 Patet
602 4308 782 4374 igitur
809 4323 873 4360 ex
888 4309 1004 4391 lege
1022 4310 1375 4401 diuinaﬁicqt
1391 4307 1645 4394 Christ—us
1665 4315 1861 4367 immo-
1882 4341 1931 4401 D
1948 4307 2437 4401 torpore-ignaviae.

268 4382 437 4438 letur.
462 4382 647 4431 tamen
670 4392 848 4444 agnus
876 4380 1204 4433 immolatur
1227 4381 1483 4435 Ecclesia.

337 4448 365 4524 ἓ
392 4448 549 4524 Ms_s.,
579 4450 930 4524 providentia
953 4452 1303 4505 meritorum.
1327 4452 1482 4506 Tres.
1543 4468 1702 4523 mss.,
1730 4469 1869 4524 pra-

266 4521 515 4573 uidentia
536 4521 887 4573 meritorum.

341 4601 366 4632 θ
392 4590 496 4644 Ms.
526 4591 655 4659 Maj.
689 4606 864 4656 mon.,
897 4591 1006 4645 haec
1023 4597 1074 4645 et
1100 4594 1323 4647 merita.

340 4659 367 4700 ἀ
389 4661 547 4745 Editi
576 4678 701 4745 cum
732 4662 1073 4745 ms.‘M'aj‘or.
1099 4679 1413 4745 mon.,"pro
1435 4674 1778 4737 paupertate.

337 4732 478 4809 alta
495 4731 618 4787 cod.
654 4732 711 4787 S.
737 4732 882 4786 Aud.
916 4731 1062 4789 Editi
1089 4750 1216 4789 cum
1237 4731 1362 4789 aliis
1391 4731 1708 4809 mss.,'quos
1735 4756 1770 4795 a
1799 4745 1871 4796 si-

265 4805 484 4858 nistris.

336 4873 359 4914 ί
386 4875 491 4928 Ms.
523 4874 719 4944 Major.
754 4890 929 4942 mon.,
971 4882 1073 4931 aut
1100 4877 1283 4932 hxdus
1312 4881 1392 4946 ﬁt.

336 4955 366 5015 ς
387 4946 499 5011 AL,
523 4947 667 5014 quod
693 4946 1073 5015 hxdojubeat.

340 5014 368 5056 h
396 5016 545 5071 Editi
575 5033 701 5071 cum
741 5018 932 5089 paucis
961 5035 1121 5088 mss.,
1146 5022 1383 5090 profecto
1416 5022 1860 5090 perfectioribus.

265 5088 497 5144 Mamer.
526 5104 678 5156 vero,
723 5088 868 5157 quod
902 5088 1320 5159 perfectionibus
1346 5088 1746 5162 in_Scripturis
1774 5099 1862 5151 di-

264 5162 417 5238 uinis
464 5163 701 5238 latenter
747 5163 1064 5238 ostenderet,
1105 5165 1248 5233 quod
1279 5167 1443 5219 aliud
1468 5170 1544 5219 est
1571 5169 1715 5235 quod
1733 5184 1861 5238 per-

266 5231 588 5298 fectioribus
622 5233 926 5286 mandavit.

334 5300 349 5341 ί
379 5301 492 5366 Al.,
518 5305 760 5370 pressius
791 5306 987 5371 tetigit.

336 5373 354 5427 ἱ
383 5372 554 5436 Editi,
575 5375 868 5441 perfectus.

336 5441 365 5524 ιξ
395 5444 499 5524 Hic
526 5444 587 5524 in
615 5445 736 5500 cod.
768 5445 944 5501 Laub.
963 5446 1157 5524 incipit
1185 5464 1305 5520 cap.
1338 5449 1506 5505 XCII.
1543 5451 1694 5519 Quod
1712 5469 1871 5524 quem

267 5516 600 5571 criminatia
644 5532 759 5571 non
802 5516 1146 5586 gravantfsi
1179 5516 1591 5578 communicare
1620 5516 1868 5595 negligit,

2016 4384 2057 4431 ιῖι
2096 4391 2184 4445 Ita
2206 4384 2310 4445 cod
2361 4389 2591 4462 Majoris
2619 4406 2769 4446 mon.
2806 4390 2998 4457 Mam.,
3025 4406 3124 4460 pro
3159 4389 3410 4460 peccatis.
3433 4384 3545 4440 Alii

1950 4471 2108 4524 m88.,
2136 4464 2394 4530 profecto.

2021 4542 2048 4573 η
2078 4533 2233 4587 Colb.
2266 4534 2377 4588 duo
2398 4550 2465 4588 ne
2489 4535 2646 4588 corde
2672 4535 3058 4603 repaniteret..

2020 4604 2225 4671 <3Mss.,
2258 4619 2374 4665 sex.
2410 4600 2754 4671 impaenitens
2779 4619 2872 4659 cor
2884 4606 3254 4657 contraxerat.
3285 4600 3456 4655 Mam.
3489 4602 3548 4654 et

1952 4667 2147 4740 Ulim.,
2179 4667 2307 4729 cum
2338 4667 2506 4729 duob.
2541 4691 2673 4729 mss.
2682 4716 2701 4743 ,
2738 4677 3092 4743 impaenitens
3128 4676 3236 4727 sibi
3278 4688 3371 4727 cor
3415 4687 3546 4725 con-

1957 4749 2229 4800 traxerat.
2277 4747 2400 4801 Duo
2440 4762 2569 4799 vero
2617 4762 2750 4800 mss.
2805 4745 2884 4800 sic
2911 4745 3109 4814 legunt
3134 4744 3285 4799 hunc
3315 4743 3541 4798 locum:

1951 4816 2037 4870 Ea:
2060 4832 2163 4870 sua
2205 4818 2538 4871 carnalitate
2566 4820 2646 4871 vel
2685 4819 3020 4881 calamitate,
3054 4816 3547 4885 impdnitcns._uel

1948 4889 2319 4959 impwnitenti
2346 4889 2500 4946 corde
2513 4889 2622 4942 sibi
2640 4892 2999 4942 contraxerat
3024 4906 3039 4942 :
3064 4883 3187 4959 quae
3216 4886 3382 4942 lectio
3402 4883 3549 4939 vide-

1944 4962 2041 5013 tur
2063 4958 2420 5032 interpolata.

1973 5068 1977 5072 .
2018 5040 2045 5083 ρ
2075 5030 2178 5085 Hic
2208 5025 2466 5085 collocari
2493 5028 2659 5086 debet
2685 5047 2751 5086 ex
2778 5029 2966 5085 codice
2991 5027 3168 5085 Laub.
3209 5047 3331 5101 cap.
3362 5025 3507 5082 XCV
3529 5042 3541 5079 :

1947 5101 2100 5168 Quod
2127 5105 2326 5156 melius
2348 5104 2419 5156 sit
2443 5103 2682 5170 ferventi
2713 5105 2906 5157 animo
2940 5105 3324 5171 penitentiam
3363 5113 3543 5165 agere,

1946 5176 1997 5224 et
2023 5176 2102 5225 sic
2125 5174 2432 5227 uelhadum
2450 5177 2673 5243 mystice
2693 5176 2756 5228 in
2782 5175 3027 5228 convivio
3056 5175 3281 5229 Domini
3308 5184 3542 5232 sumere,

1947 5258 2120 5327 quam
2134 5245 2212 5325 _ab
2236 5247 2337 5327 illo
2352 5246 2573 5327 diutius
2611 5247 2908 5327 abstinere,
2954 5244 3101 5327 quod
3147 5244 3205 5324 in
3241 5243 3425 5327 locum
3465 5256 3549 5295 se-

1955 5314 2180 5396 quentis
2194 5314 2396 5396 capitis
2412 5315 2761 5396 transposuit
2787 5313 3066 5383 librarius,
3099 5313 3192 5386 qui
3224 5318 3281 5389 et
3307 5327 3548 5385 sequen-

1951 5386 2035 5440 tia
2062 5386 2247 5456 capita
2266 5386 2588 5443 transtulitI
3228 5386 3237 5389 ⁷
3393 5455 3407 5456 ί
3634 5402 3641 5407 ’

1958 5529 1986 5582 b
2024 5471 2053 5574 q
2083 5455 2232 5513 Editi
2258 5476 2268 5512 :
2296 5459 2637 5529 Quapropter
2667 5460 3033 5529 naufragium
3062 5472 3179 5528 qua
3205 5455 3444 5511 secunda
3471 5459 3550 5511 ta-

1990 5543 2025 5581 u
2051 5544 2106 5582 a.

1990 5543 2106 5583 αια.
