3992 6166
531 262 667 323 1343
1294 272 1352 329 8.
1393 274 1769 332 PASCHASII
1809 276 2110 334 RADBER'.

2206 282 2511 340 ABBATIS
2554 280 3044 338 CORBEIENSIS.
3618 281 3733 340 1344

523 386 719 446 tabula
742 395 845 459 est,
877 391 1111 449 ferventi
1139 397 1328 451 animo
1358 398 1744 469 paenitentiam
1761 417 2012 472 agamus,
2032 404 2113 458 ni-
2137 406 2178 465 A
2200 405 2370 462 dubio
2401 425 2504 464 nec
2529 407 2701 462 vitam
2732 404 2900 460 habet
2928 406 2984 460 in
3011 422 3070 461 se
3096 411 3442 473 manentem;
3461 412 3515 461 et
3536 408 3734 477 quicun-

524 476 734 534 mirum
771 481 903 551 quia
935 483 1135 537 melius
1164 491 1266 550 est,
1293 487 1491 540 saltem
1519 488 1739 543 haedum
1768 490 2000 561 mystice
2028 491 2117 546 in-
2201 513 2308 568 que
2337 498 2565 569 indigne
2582 496 2905 559 comederit,
2935 512 3047 549 non
3074 496 3344 551 virtutem
3371 496 3557 562 carnis,
3573 497 3655 551 sed
3665 498 3738 568 ju-

525 565 612 620 fra
639 568 949 625 convivium
980 571 1205 637 Christi,
1241 573 1335 627 ubi
1383 592 1561 645 agnus
1600 576 1926 633 immolatur
1955 580 2120 634 Chri-
2199 565 2404 641 dicium
2436 565 2596 641 {Dei
2618 584 2811 639 sumit.
2838 584 2863 623 δ
2894 584 3065 637 Porro
3094 584 3144 638 si
3176 583 3303 654 quis
3321 590 3559 654 peccator
3583 589 3670 650 est,
3691 591 3738 638 et

526 659 668 726 stus,
699 673 823 710 cum
856 658 1118 715 fratribus
1153 664 1369 733 epulari
1400 665 1710 731 duntaxat;
1765 668 1898 739 quia
1924 686 2119 725 sumus
2194 674 2313 743 jam
2362 691 2591 746 peccare
2634 673 2820 737 desiit,
2870 672 3036 727 liceti
3082 672 3298 733 haedus,
3344 672 3394 727 ei
3433 678 3602 727 tamen
3634 690 3736 728 caro

526 744 609 798 rei
638 750 695 799 et
721 746 888 813 noxii,
918 764 1083 818 quam
1115 766 1239 804 cum
1269 752 1457 824 jurgio
1482 761 1676 810 contra
1707 756 1861 827 pium
1891 758 2116 812 Patrem
2200 744 2410 817 Christi
2439 767 2855 817 sacramentum
2878 761 3137 825 efficitur,
3173 766 3239 815 ut
3266 778 3367 832 per
3380 762 3479 814 hoc
3492 766 3544 815 et
3568 762 3668 831 ipse
3682 763 3738 817 ad

524 832 879 901 insolescere,
911 842 967 889 et
991 837 1059 891 ob
1088 838 1355 895 invidiam
1385 842 1696 914 dedignari,
1729 862 1799 899 ne
1826 847 1897 901 ad
1927 847 2119 901 ineﬁ‘a-
2199 867 2387 906 veram
2416 851 2795 905 innocentiam
2827 850 3038 911 redeat,
3071 856 3128 904 et
3148 850 3301 904 inter
3333 866 3498 921 agnos
3516 866 3548 904 a
3568 850 3739 905 dextris

524 918 634 973 bile
661 920 845 976 Patris
871 925 1140 993 gaudium
1183 929 1384 984 saltem
1427 933 1608 1002 rogati
1654 933 1961 989 veniamus.
1998 936 2113 990 Nec

524 1008 757 1065 dubium
785 1014 918 1083 quin
959 1015 1225 1073 divinitus
1270 1022 1615 1077 reconciliati
1654 1025 1986 1093 quantocius
2014 1042 2114 1097 per

524 1096 669 1152 hanc
697 1100 1031 1158 humilitatis
1056 1106 1201 1161 viam
1227 1124 1403 1180 usque
1428 1111 1500 1165 ad
1546 1112 1666 1182 pios
1692 1119 1957 1184 paternos
1990 1096 2112 1168 am-

528 1186 723 1256 plexus
750 1194 1198 1262 reascendentes,
1231 1197 1290 1252 in
1333 1198 1437 1253 hoc
1473 1200 1684 1255 ctelesti
1713 1202 1983 1268 convivio,
2015 1222 2116 1276 pro

526 1274 688 1331 nobis
704 1295 815 1333 non
836 1281 1017 1336 solum
1040 1283 1231 1339 haedus
1250 1286 1728 1358 indulgentiarum
1751 1274 2118 1347 Christusim-

527 1365 850 1433 molabitur,
874 1386 1064 1425 verum
1081 1390 1184 1427 sua
1203 1373 1548 1445 benignitate
1566 1394 1746 1448 agnus
1766 1397 1864 1435 seu
1884 1381 2112 1448 vitulus,

526 1451 697 1507 Verbi
716 1456 1005 1514 divinitate
1025 1461 1335 1531 saginatus,
1358 1481 1458 1536 pro
1476 1467 1683 1536 gaudio
1698 1474 1903 1523 nostra:
1918 1471 2117 1525 salutis

527 1542 764 1610 mystice
784 1546 1145 1615 mactabitur;
1176 1550 1425 1622 alioquin
1447 1556 1725 1624 quomodo
1742 1548 1889 1610 inter
1917 1574 2112 1628 agnos,

526 1644 667 1698 quos
695 1646 728 1683 a
753 1632 961 1689 dextris
992 1637 1211 1705 locabit,
1235 1648 1510 1710 peccator,
1545 1643 1709 1698 venia
1732 1652 1975 1717 recepta,
2000 1647 2115 1701 ovis

2198 944 2651 994 connumeretur.
2693 939 2785 993 Illi
2827 955 2956 992 vero
3004 938 3099 1009 qui
3128 955 3356 1010 semper
3383 938 3620 1008 deinceps
3642 944 3742 1008 post

2194 1028 2495 1094 lavacrum,
2528 1034 2857 1100 protegente
2890 1029 3022 1095 Deo,
3058 1028 3116 1082 in
3141 1027 3417 1099 corporei
3443 1034 3737 1083 manserunt.

2195 1117 2364 1171 nullis
2391 1116 2635 1172 obvoluti
2667 1117 2694 1153 κ
2728 1116 3074 1180 criminibus,
3121 1117 3296 1187 digne
3342 1116 3603 1187 accipiunt
3639 1116 3740 1186 agni

2198 1222 2395 1261 carnes
2442 1212 2499 1260 et
2542 1211 2810 1277 potantur
2836 1206 3139 1275 sanguine.
3180 1206 3570 1260 Verumtamen
3610 1204 3651 1258 si
3677 1204 3738 1258 ita

2199 1295 2501 1366 loquimur,
2526 1311 2636 1349 non
2666 1294 3057 1349 aestimandum
3085 1294 3239 1366 quod
3282 1294 3373 1348 hic
3396 1301 3491 1348 aut
3513 1294 3596 1347 ille
3619 1293 3739 1347 aliud

2198 1383 2458 1454 accipiat,
2489 1401 2659 1454 quam
2690 1383 2897 1438 Christi
2925 1400 3151 1437 carnem
3182 1388 3243 1437 et
3270 1382 3609 1452 sanguinem;
3638 1381 3739 1451 quin

2198 1473 2344 1527 sicut
2363 1488 2466 1526 nec
2497 1472 2689 1527 haedus
2717 1472 2925 1527 dicitur
2946 1471 3054 1526 nisi
3083 1471 3475 1541 dispensative,
3499 1471 3563 1524 ob
3580 1469 3737 1539 mysti-

2197 1579 2318 1617 cam
2343 1561 2832 1632 signiﬁcationem,
2851 1561 2933 1615 ita
2953 1578 3055 1615 nec
3082 1577 3268 1631 agnus
3296 1559 3405 1614 nisi
3431 1565 3493 1614 ut
3518 1558 3600 1612 ille
3614 1557 3740 1611 intel-

2196 1651 2405 1721 ligatur
2433 1668 2598 1706 verus
2617 1650 2909 1704 advenisse
2939 1666 3140 1720 agnus,
3157 1649 3257 1721 qui
3287 1665 3353 1702 ex
3373 1649 3488 1718 lege
3506 1644 3735 1700 multoties

525 1720 835 1774 centesima
881 1724 1229 1794 restituetur,
1272 1730 1383 1785 nisi
1408 1744 1433 1773 ι
1464 1734 1650 1803 gratia
1687 1734 1877 1789 unitus
1903 1736 2111 1792 Christi
2131 1724 2177 1783 Β
2199 1720 2680 1810 praeﬁgurabatur,
2713 1744 2771 1792 et
2798 1754 2929 1791 vera
2961 1738 3167 1792 mentis
3197 1736 3515 1792 innocentia
3538 1750 3624 1805 per
3637 1748 3737 1786 eum

519 1807 638 1877 jam
671 1808 730 1863 in
754 1826 819 1864 eo
848 1828 1025 1867 unum
1043 1831 1245 1887 corpus
1274 1819 1629 1876 inveniatur?
1660 1823 1686 1862 δ
1716 1828 2114 1881 Verumtamen

526 1910 630 1950 nec
656 1897 863 1953 mirum
895 1901 942 1955 si
970 1902 1029 1957 in
1053 1903 1159 1959 hoc
1179 1909 1448 1978 mysterio
1475 1911 1731 1966 Christus
1750 1931 1849 1984 pro
1868 1922 2117 1985 peccato-

523 1983 681 2040 ribus
708 1989 867 2057 quasi
899 1990 1090 2047 haedus
1116 1996 1407 2067 accipitur,
1427 1999 1523 2069 qui
1550 2000 1609 2054 in
1639 1983 1765 2072 lege
1781 1983 1947 2073 quam
1970 2022 2115 2076 saepe

524 2072 628 2128 sub
656 2076 840 2147 ﬁgura
868 2078 1055 2134 hircus
1083 2094 1105 2122 ε
1127 2082 1451 2141 immolatur
1475 2106 1487 2151 ;
1539 2089 1706 2155 unde,
1741 2091 1871 2162 quia
1897 2092 2115 2148 duabus

524 2168 743 2218 constat
774 2165 1121 2236 substantiis,
1148 2172 1259 2226 duo
1288 2190 1353 2228 ex
1383 2176 1504 2246 lege
1535 2177 1675 2232 hirci
1703 2179 1902 2234 simuld
1926 2198 2037 2236 uno
2055 2182 2114 2237 in

521 2249 644 2305 loco
662 2253 1149 2325 olferrijubentur.
1168 2261 1418 2324 Quorum
1434 2281 1580 2320 unus
1600 2285 1700 2339 pro
1715 2270 1955 2339 peccatis
1964 2278 2115 2326 sorte

523 2338 763 2395 Domino
817 2351 1127 2415 mactatur,
1184 2350 1329 2405 alter
1378 2370 1509 2408 vero
1559 2338 1745 2411 vivens
1786 2360 2111 2426 assumitur,

527 2443 693 2499 quem
742 2431 1094 2489 emissarium
1122 2437 1209 2492 lex
1254 2447 1428 2507 vocat,
1472 2448 1529 2497 et
1574 2462 1743 2516 super
1780 2448 1899 2516 ejus
1946 2455 2115 2520 caput

521 2531 716 2572 omnes
737 2518 1061 2592 iniquitates
1072 2525 1315 2582 ﬁliorum
1336 2532 1509 2586 Israel
1520 2536 1834 2589 conﬁtendo
1857 2536 2115 2592 universa

522 2604 726 2661 delicta
754 2615 924 2681 atque
952 2621 1179 2684 peccata
1210 2634 1402 2673 eorum
1443 2620 1915 2692 imprecabantur,
1950 2631 2008 2679 et
2034 2627 2113 2681 sic

522 2694 593 2749 ad
640 2712 895 2753 eremum
945 2703 1290 2773 mittebatur,
1324 2720 1349 2749 ο
1389 2719 1619 2780 portans
1657 2714 1847 2767 omnia
1885 2723 2113 2785 peccata

522 2784 769 2841 ﬁliorum
791 2789 967 2845 Israel
989 2792 1046 2846 in
1070 2799 1279 2849 terram
1301 2797 1637 2853 solitudinis.
1658 2802 1732 2854 Ex
1746 2820 1855 2872 quo
1869 2784 2112 2873 profecto

521 2872 699 2945 liquet
724 2878 871 2947 quod
911 2880 1166 2936 Christus
1196 2884 1252 2939 in
1282 2885 1651 2942 similitudine
1680 2872 1881 2944 carnis,
1897 2894 2112 2962 peccati

518 2963 776 3020 occubuit
802 2983 904 3037 pro
922 2969 1100 3037 nobis,
1125 2978 1182 3026 et
1210 2974 1402 3028 omnia
1431 2976 1725 3031 maledicta
1754 2979 1889 3049 legis
1907 2988 1962 3034 et
1984 2999 2112 3052 pec-

2197 1829 2412 1883 cunctis
2441 1834 2774 1900 patesceret.
2793 1828 3071 1882 Caeterum
3094 1826 3354 1898 quamvis
3376 1824 3551 1879 haedus
3564 1822 3737 1876 dicatur

2198 1916 2337 1970 mihi
2365 1933 2466 1987 pro
2496 1916 2766 1986 qualitate
2813 1916 3001 1971 meriti
3032 1921 3089 1970 et
3127 1913 3510 1969 obfuscatione
3534 1910 3547 1951 ι
3569 1909 3732 1975 delicti,

2197 2005 2343 2060 tanti
2373 2012 2461 2060 est
2487 2004 2717 2059 omnino
2746 2005 2912 2075 pretii
2954 2022 3054 2075 pro
3096 2004 3299 2058 mundi
3328 2003 3458 2067 vita,
3483 1999 3652 2073 quanti
3672 2002 3737 2052 est

2198 2098 2254 2148 et
2281 2110 2411 2148 caro
2440 2093 2647 2148 Christi
2673 2112 2685 2159 ;
2720 2093 2984 2147 nimirum
3016 2092 3152 2163 quia
3178 2092 3326 2182 nihil
3352 2090 3498 2182 aliud
3524 2093 3599 2182 est

2197 2200 2363 2254 quam
2386 2199 2516 2237 caro
2538 2182 2765 2236 Christi.
2792 2182 2901 2237 Sed
2939 2182 3065 2236 ideo
3087 2198 3291 2237 rursus
3312 2180 3499 2234 bardus
3531 2178 3588 2231 ﬁt
3605 2178 3737 2247 poeni-

2196 2272 2339 2325 tenti
2359 2289 2460 2343 pro
2477 2272 2764 2343 mysterio,
2778 2276 2843 2326 ut
2853 2271 3150 2326 maledicta
3167 2271 3480 2363 facinorum
3495 2270 3739 2363 et

2197 2361 2399 2431 expiet,
2416 2360 2561 2415 sicut
2571 2367 2630 2415 et
2643 2377 2822 2431 agnus
2839 2360 3051 2415 leviora
3070 2376 3328 2431 quaeque.
3346 2358 3531 2413 HincIn
3549 2360 3598 2409 et
3616 2358 3737 2425 prius

2196 2450 2421 2504 canitur
2446 2452 2634 2518 Agnus
2665 2452 2762 2505 Dei
2796 2467 2967 2521 quam
3006 2450 3359 2515 comedatur,
3390 2451 3638 2518 quatenus
3662 2457 3737 2512 per

2174 2539 2302 2593 -hoc
2331 2539 2468 2593 fides
2486 2538 2806 2605 incalescat,
2826 2538 3151 2610 quiaipsius
3177 2543 3268 2593 est
3295 2552 3423 2591 caro
3442 2547 3468 2576 ιι
3492 2530 3733 2588 immolata

2195 2644 2296 2698 pro
2321 2628 2503 2694 nobis,
2533 2633 2599 2682 ut
2622 2628 2785 2682 tollat
2831 2644 3028 2682 rursus
3066 2633 3302 2699 peccata
3328 2623 3532 2681 mundi.
3575 2619 3736 2691 Implet

2194 2722 2384 2770 autem
2413 2716 2518 2770 hoc
2542 2720 2956 2770 sacramentum
2983 2716 3053 2769 ad
3078 2715 3455 2787 expiationem
3476 2727 3565 2784 pro
3583 2722 3735 2781 pecca-

2196 2805 2266 2857 tis
2290 2804 2517 2865 nostris,
2549 2821 2671 2875 quae
2702 2812 2725 2838 °
2746 2804 2972 2859 demum
3001 2805 3406 2861 contraximus.
3429 2801 3475 2856 si
3492 2811 3735 2855 noscesse-

2194 2909 2319 2947 mus
2356 2892 2426 2946 ab
2456 2894 2563 2959 his,
2596 2898 2651 2947 et
2689 2893 2769 2947 ita
2793 2893 3140 2948 comedimus
3176 2899 3245 2949 ut
3270 2892 3544 2963 jubemur,
3573 2888 3625 2942 in
3647 2898 3736 2938 una

2194 2982 2600 3049 scilicetdomo,
2626 2999 2748 3053 quae
2769 2988 2856 3036 est
2875 2987 3071 3037 sancta
3091 2983 3197 3037 Dei
3216 2982 3323 3036 vivi
3354 2976 3596 3038 Ecclesia.
3610 2978 3735 3028 extra

519 3056 645 3105 cata
673 3064 867 3108 nostra
886 3073 1055 3128 super
1082 3076 1141 3112 se
1169 3061 1316 3127 tulit,
1346 3069 1402 3115 et
1428 3064 1498 3117 ad
1525 3080 1773 3119 eremum
1804 3067 1899 3121 ubi
1940 3086 2111 3124 nona-
2134 3075 2172 3131 C
2194 3086 2362 3141 quam
2392 3069 2531 3123 nulli
2562 3070 2645 3123 fas
2672 3075 2759 3123 est
2795 3070 2961 3124 edere
2989 3070 3119 3140 agni
3169 3086 3397 3129 carnes;
3439 3080 3603 3137 neque
3640 3075 3734 3115 οτα-

517 3139 679 3209 ginta
700 3147 757 3195 et
773 3159 972 3198 novem
999 3162 1127 3200 oves
1156 3148 1215 3202 in
1244 3149 1463 3205 deserto
1515 3154 1837 3225 reliquerat,
1872 3158 2110 3214 festinus

518 3229 803 3284 revolavit.
838 3233 962 3287 Non
983 3236 1131 3305 quod
1151 3236 1305 3291 illinc
1326 3240 1511 3295 hircus
1539 3249 1639 3296 aut
1667 3244 1757 3298 hic
1781 3245 1971 3302 haedus
1980 3250 2109 3319 jure

518 3317 797 3387 credatur,
824 3322 923 3376 sed
952 3324 1084 3395 quia
1113 3342 1214 3396 pro
1236 3327 1396 3382 nobis
1428 3331 1663 3401 ﬁguram
1694 3336 1878 3389 carnis
1899 3317 2109 3407 peccati

516 3410 840 3479 assumpsit,
873 3416 930 3466 et
956 3412 1025 3467 de
1054 3421 1282 3485 peccato
1313 3416 1603 3474 damnavit
1641 3422 1700 3476 in
1728 3441 1894 3479 carne
1921 3443 2109 3498 pecca-

515 3499 661 3571 tum)
692 3504 757 3553 ut
784 3500 878 3570 qui
904 3509 1065 3557 erant
1092 3505 1235 3559 haedi
1265 3522 1300 3559 a
1326 3508 1569 3564 sinistris
1584 3512 1713 3580 jure
1742 3513 2110 3580 locandi,sint

515 3600 644 3639 oves
670 3586 729 3640 in
757 3588 967 3644 dextris
994 3592 1299 3649 clementer
1343 3598 1591 3652 restituti
1624 3617 1634 3651 :
1673 3599 1751 3655 sic
1800 3620 2022 3675 quoque
2051 3613 2109 3661 et

514 3680 644 3745 post
664 3676 946 3734 lavacrum
968 3680 1117 3736 idem
1137 3689 1156 3730 ι
1179 3684 1275 3753 qui
1299 3701 1479 3755 agnus
1500 3693 1585 3741 est
1594 3689 1781 3757 justis,
1815 3691 1879 3745 ﬁt
1904 3697 1957 3746 et
1983 3711 2107 3765 pec-

515 3767 799 3823 catoribus
822 3770 1035 3836 haedus,
1060 3778 1336 3843 quatenus
1364 3793 1466 3847 per
1484 3777 1587 3831 hoc
1610 3785 1666 3832 et
1685 3779 1790 3850 ipsi
1814 3782 1951 3851 justi
1980 3800 2108 3837 con-

513 3855 842 3926 stituantur,
872 3866 936 3915 ut
963 3877 1127 3916 nemo
1154 3878 1187 3916 a
1218 3879 1384 3917 carne
1406 3865 1614 3920 Christi
1634 3874 1691 3921 et
1714 3871 1989 3940 sanguine
2017 3889 2104 3927 ex-

510 3949 743 4001 traneus
763 3947 1087 4019 deputetur,
1117 3950 1225 4005 nisi
1255 3952 1351 4022 qui
1372 3953 1617 4025 seipsum
1639 3957 1815 4028 culpis
1838 3960 2105 4030 exigenti-

510 4031 616 4088 bus
640 4034 958 4091 absciderit.

584 4122 636 4177 3.
668 4125 808 4179 Ecce
838 4126 1019 4197 qualis
1048 4134 1134 4183 est
1164 4131 1301 4184 ordo
1338 4149 1350 4183 :
1382 4148 1512 4185 nam
1542 4134 1638 4204 qui
1662 4151 1775 4190 non
1804 4138 2108 4194 manducat

512 4226 741 4267 carnem
772 4213 1000 4281 Christi,
1034 4232 1219 4287 neque
1236 4218 1377 4273 bibit
1394 4220 1517 4289 ejus
1540 4224 1892 4293 sanguinem,
1916 4229 2112 4298 procul

582 4368 610 4428 ξ
640 4353 807 4428 ῌΙὶω,
841 4361 899 4412 et
924 4357 1116 4425 Sirm.,
1152 4362 1267 4413 nisi
1283 4364 1478 4428 gratia
1502 4362 1710 4417 Christi
1736 4370 1949 4423 unitas.

580 4415 608 4456 δ
629 4425 774 4509 .Quae
795 4415 1120 4509 sequuntur
1137 4415 1342 4485 desunt
1365 4431 1423 4485 in
1445 4415 1625 4487 vatio.
1639 4415 2103 4509 iusque-adiguslis

507 4499 568 4563 ﬁt
592 4502 641 4552 et
654 4499 1047 4568 peccatoribus.

577 4577 606 4636 °_
623 4569 736 4636 AL,
770 4575 1188 4628 immolabatur.

516 4704 527 4716 ι
583 4634 611 4675 ά
639 4634 803 4730 Editi,
831 4646 1004 4730 simul
1038 4648 1100 4700 in
1117 4650 1253 4730 loca
1272 4665 1288 4700 :
1334 4664 1456 4730 quae
1501 4647 1671 4703 verba
1714 4650 2106 4709 desiderantur

511 4712 571 4760 in
599 4723 731 4790 mss.
766 4712 823 4765 S.
854 4715 996 4768 Aud.
1030 4722 1088 4790 et
1116 4718 1173 4790 S.
1207 4712 1472 4790 Remigii.

583 4806 608 4835 ο
637 4779 722 4832 Ita
749 4797 883 4836 mss.
924 4787 1195 4842 tredecim
1242 4779 1412 4844 Ulim'.
1467 4796 1525 4845 et
1571 4792 1737 4847 Sirm.
1774 4811 1785 4845 :
1818 4795 2105 4850 Mittebant

504 4853 822 4927 portantem
851 4860 1040 4911 omnia
1063 4865 1301 4927 peccata.
1335 4862 1470 4916 Cod.
1522 4863 1657 4917 Colb
1715 4881 1861 4919 unus
1894 4882 1905 4916 :
1935 4866 2001 4919 Et
2028 4870 2107 4920 sic

508 4920 583 4973 ad
610 4935 856 5004 eremum
878 4942 975 4993 per
995 4920 1271 4985 hominem
1288 4936 1625 5000 mittebatur,
1656 4942 1887 5004 portans
1916 4940 2106 4992 omnia

545 4996 743 5046 cacata.

503 5006 962 5145 fﬁg._omnes
1018 5085 1151 5145 mss.
1204 5073 1372 5145 Editi,
1402 5078 1548 5131 idem
1575 5079 1765 5144 Agnus
1815 5080 2098 5145 estjustis.

507 5132 708 5211 Laubi,
741 5140 886 5192 idem
910 5142 1078 5211 iustis
1105 5144 1164 5207 ﬁt
1194 5132 1405 5211 Agnus.

576 5224 606 5267 ε
634 5206 804 5267 Mam.
837 5214 896 5264 et
922 5206 1115 5278 Ulim.,
1144 5206 1430 5270 Judicium
1456 5220 1563 5271 sibi
1589 5221 1780 5273 sumit.
1810 5219 1978 5274 Sirm.
2006 5222 2104 5275 Ju-

502 5277 714 5336 dicium
743 5284 853 5337 sibi
879 5277 1198 5338 mandabat.

578 5348 738 5426 l{Hic
765 5354 1024 5426 collocari
1054 5353 1220 5409 debet
1244 5356 1393 5426 quod
1421 5374 1611 5413 errore
1635 5360 1849 5415 librarii
1879 5361 2098 5416 inverso

2192 3158 2326 3211 dum
2357 3157 2490 3228 quid
2516 3174 2582 3211 ex
2619 3157 2707 3211 his
2733 3162 2834 3212 aut
2853 3163 3071 3211 coctum
3104 3174 3276 3229 aqua,
3310 3155 3405 3248 sed
3429 3170 3570 3209 assas

2192 3253 2313 3302 tum
2344 3247 2458 3318 igni
2488 3246 2764 3317 passionis
2797 3246 3005 3301 Christi
3038 3263 3167 3301 cum
3209 3245 3438 3301 lactucis

2192 3337 2402 3408 absque
2432 3336 2727 3402 fermento,
2760 3336 2818 3390 id
2857 3341 2961 3403 est,
2994 3341 3058 3391 ut
3100 3336 3159 3390 in
3201 3335 3413 3407 azymis
3447 3331 3732 3387 sinceritatis

2191 3432 2249 3480 et
2270 3425 2523 3480 veritatis
2553 3441 2649 3478 eas
2676 3424 3036 3479 comedamus
3065 3424 3279 3502 absque
3307 3423 3566 3479 fermento
3584 3430 3732 3512 corru-

2190 3514 2416 3586 ptionis.
2448 3513 2660 3568 Deinde
2681 3513 2879 3585 probet
2905 3530 2965 3568 se
2996 3513 3402 3604 unusquisque,
3436 3515 3489 3565 et
3513 3514 3731 3604 ut

2189 3604 2360 3674 pitur,
2390 3603 2472 3657 sic
2498 3620 2558 3657 se
2587 3608 2738 3672 agat.
2771 3605 2935 3657 Renes
2970 3608 3195 3667 vestros,
3241 3600 3439 3672 inquit,
3460 3598 3729 3693 accinctus

2193 3694 2380 3762 (Exod.
2412 3707 2507 3757 xu,
2539 3690 2648 3757 11),
2681 3691 2812 3762 quia
2861 3692 2978 3746 haec
3012 3696 3148 3746 sunt
3183 3692 3314 3745 vita:
3340 3681 3728 3783 semina-quibus

2191 3780 2433 3850 virgines
2457 3785 2822 3851 generantur.
2843 3789 2870 3827 εἰ
2892 3780 3051 3834 Unde
3067 3785 3290 3834 constat
3316 3778 3457 3850 quod
3476 3775 3600 3866 nulli
3619 3775 3729 3866 peti-

2188 3869 2434 3924 culosius
2466 3886 2533 3923 ea
2561 3869 2899 3939 contingunt
2927 3885 3098 3941 quam
3144 3867 3416 3922 luxuriosi
3460 3871 3513 3919 et
3543 3862 3724 3955 incesti-

2187 3958 2492 4029 Propterea
2519 3957 2764 4029 primum
2785 3957 2890 4012 hoc
2918 3958 3036 4012 loco
3057 3963 3115 4011 et
3141 3958 3236 4012 lex
3253 3955 3516 4012 castitatis
3540 3951 3591 4006 in
3614 3951 3727 4045 1:3th

2187 4046 2310 4112 bus,
2343 4062 2583 4117 quorum
2608 4051 2888 4101 scrutator
2909 4052 2996 4100 est
3014 4047 3181 4112 Deus,
3206 4063 3309 4117 per
3326 4045 3557 4116 seipsum
3586 4038 3726 4107 afﬁgi-

2187 4141 2301 4191 tur.
2333 4137 2479 4191 Nam
2508 4135 2556 4189 si
2586 4135 2684 4206 qui
2713 4135 2978 4190 uxoribus
3001 4134 3256 4190 debitum
3283 4134 3515 4189 reddunt
3533 4131 3586 4184 in
3608 4128 3720 4224 lege,

2193 4242 2308 4280 non
2327 4229 2563 4297 possunt
2587 4225 2660 4279 ad
2686 4225 2887 4290 Deum,
2919 4240 3102 4295 neque
3131 4224 3201 4278 ad
3242 4239 3412 4297 panes
3442 4216 3723 4293 propositio-

2115 4353 2165 4411 D
2185 4369 2617 4422 misericorditer
2645 4382 2711 4421 ne
2748 4384 2830 4422 eos
2878 4383 2914 4420 a
2958 4382 3061 4421 sua
3107 4369 3485 4422 communione
3522 4358 3720 4428 respuat,

2183 4441 2377 4493 saltem
2408 4444 2470 4491 ut
2499 4439 2704 4493 haedus.

2255 4508 2270 4549 ί
2294 4508 2462 4574 Editi,
2495 4512 2619 4564 licet
2646 4511 2828 4563 hastas
2852 4512 2902 4564 ei
2928 4512 3019 4563 sit.

2251 4570 2459 4636 lEditi'
2491 4585 2548 4635 et
2586 4580 2759 4645 Flor.,
2813 4583 2877 4634 in
2917 4596 3141 4649 corpore
3184 4581 3396 4636 Christi
3424 4570 3718 4631 manserunt.

2184 4653 2313 4723 Mss.
2348 4650 2613 4723 quinque,
2646 4654 2962 4719 incorrupti
2990 4657 3336 4706 manserunt.

2256 4722 2284 4788 ξι
2312 4722 2450 4779 Mss.
2485 4728 2619 4788 tres,
2652 4726 2847 4776 mortis
2876 4724 3230 4777 criminibus.

2260 4776 2272 4817 ¹
2304 4776 2449 4848 Mss.
2469 4776 2619 4860 tres;
2633 4795 2696 4847 ob
2714 4795 3079 4861 fuscationem
3094 4839 3106 4850 .

2257 4875 2298 4905 ιιι
2328 4865 2432 4918 Hic
2472 4863 2533 4918 in
2574 4856 2912 4936 cod.'Laub.
2954 4864 3153 4936 incipit
3180 4879 3300 4934 cap.
3332 4859 3527 4936 XCIV'
3573 4856 3717 4921 0W"

2187 4939 2347 5003 prius
2374 4937 2569 5006 Agnus
2598 4935 2699 4990 Dei
2727 4939 2971 5003 canitur,
2997 4935 3165 5006 quam
3196 4935 3512 4989 comedatur.

2259 5019 2285 5048 ιι
2305 5007 2437 5061 Mss.
2476 5007 2609 5061 Mai.
2644 5023 2820 5061 mon..
2851 5014 2978 5061 caro
3000 5008 3295 5061 immolati.

2259 5019 2285 5048 ιι
2307 5019 2437 5081 Mss.
2476 5019 2609 5081 μοι.
2644 5023 2820 5081 mon.,
2851 5023 2978 5061 caro
3000 5019 3295 5081 immolati.
3428 5079 3434 5081 Α
3548 5071 3557 5081 _

2255 5086 2282 5116 ο
2310 5078 2443 5132 Mss.
2479 5077 2535 5133 8.
2565 5077 2824 5148 Remigii,
2858 5096 2975 5146 qua
3003 5080 3066 5131 de
3097 5079 3303 5132 mundo
3322 5077 3674 5144 contraximtfi-

2257 5158 2285 5201 Ρ
2315 5148 2497 5215 Anic.,
2533 5152 2626 5203 sed
2671 5154 2939 5204 assatum.
2972 5150 3258 5204 Puteanus
3284 5154 3340 5203 et
3381 5160 3515 5200 unus
3537 5148 3708 5215 regius,

2183 5219 2274 5271 sed
2299 5209 2508 5276 assum.
2542 5221 2672 5275 Mss.
2707 5221 2763 5275 S.
2787 5220 3007 5292 Remig.
3039 5227 3097 5274 et
3148 5221 3341 5292 Major.
3367 5231 3523 5279 mon.,
3550 5209 3626 5265 sed
3640 5220 3707 5256 ω·

2181 5305 2268 5344 sas
2293 5295 2518 5372 tantum
2528 5294 2691 5372 igni.
2702 5295 2970 5372 passionis
3301 5361 3330 5372 η
3494 5371 3522 5372 η
3554 5352 3566 5372 ε

2252 5372 2278 5414 q
2307 5362 2411 5416 Hic
2438 5362 2697 5417 collocari
2726 5361 2891 5417 debet
2929 5362 3077 5417 auod
3127 5361 3335 5417 librarii
3361 5371 3531 5414 errore
3553 5360 3702 5417 iuver?

509 5421 706 5517 grdipe
759 5424 1003 5509 positum
1041 5430 1128 5510 est
1159 5426 1218 5480 in
1259 5416 1661 5517 codiceuLaub.
1703 5448 1825 5502 cap.
1858 5434 2043 5517 ,ξονι
2079 5451 2093 5517 :_
2178 5447 2303 5516 sum
2344 5439 2430 5517 est
2463 5433 2531 5517 in
2577 5416 2781 5488 codice
2814 5416 2990 5517 Iiaub‘.
3020 5416 3147 5504 cap.
3180 5433 3369 5517 XCVII
3389 5447 3405 5513 ς
3582 5416 3704 5472 nulli

510 5494 663 5561 Quod
704 5494 804 5563 qui
834 5512 934 5564 per
975 5513 1028 5550 se
1059 5499 1322 5552 innocens
1343 5501 1513 5567 iustis
1556 5503 1618 5555 in
1661 5494 1994 5571 perceptione
2020 5510 2096 5558 est
2171 5506 2538 5571 periculosius
2569 5508 2981 5560 communicant
3006 5494 3175 5572 quam
3210 5501 3484 5559 luxuriosi.

506 5567 696 5632 Agnus
718 5568 1111 5636 paenitentibus
1138 5584 1249 5624 non
1282 5572 1480 5640 absque
1510 5567 1703 5640 ﬁgura:
1732 5567 1993 5641 mysterio
2023 5577 2095 5628 sit
