3992 6166
237 218 403 273 1345
1153 219 1288 274 LIB.
1332 219 1424 275 DE
1462 218 1797 276 CORPORE
1838 222 1925 277 ET
1962 225 2328 285 SANGUINE
2367 232 2646 289 DOMINI.

3392 248 3529 308 1346

236 360 412 409 num,
444 361 628 416 neque
658 343 728 398 ad
753 342 868 397 ulla
896 341 1035 412 legis
1056 349 1397 409 consecrata,
1428 345 1535 399 nisi
1558 346 1713 419 prius
1744 349 1849 401 sal-
1867 351 1916 408 A
2007 352 2055 406 5.
2088 368 2116 409 p
2145 353 2261 420 Dic,
2295 372 2450 428 rogo,
2479 358 2584 413 hoc
2609 361 2872 431 mysterio
2893 364 3165 422 Dominici
3195 374 3442 444 corporis
3467 382 3525 430 et

234 436 366 485 tem
396 432 587 486 triduo
613 432 700 485 vel
722 447 786 529 eo
817 430 1059 531 amplius
1082 430 1521 497 sanctiﬁcentur,
1550 436 1845 503 accedere;
1932 442 2222 510 sanguinis
2260 444 2391 515 quid
2422 430 2716 503 amabilius
2745 468 2872 505 cum
2905 454 3128 523 legitur,
3160 430 3524 531 quid‘jucun-

235 518 672 621 quanto‘magis
694 517 745 621 si
772 518 1027 621 vpl'urnus
1048 519 1453 621 panemillum.
1479 521 1678 621 qui‘de
1709 524 1848 576 cmlo
1930 529 2055 621 dius
2084 548 2206 585 cum
2234 532 2585 605 intelligitur,
2611 538 2745 608 quid
2771 517 2988 597 dulcius
3005 517 3129 599 cum
3159 517 3338 618 digne“
3351 557 3526 621 perci-

235 606 559 673 descendit,
588 612 645 661 εἴ
680 606 826 677 Aeni
859 606 960 660 Dei
993 622 1188 659 Games
1217 606 1385 676 digne
1413 608 1724 675 comedere,
1754 628 1848 665 ne-
1933 618 2103 688 pitur,
2134 621 2267 691 quid
2295 624 2598 693 pulchrius,
2628 606 2759 682 cum
2791 628 2848 682 in
2879 630 3077 686 decore
3108 606 3403 693 suovsicu‘ti
3442 606 3528 696 est

233 713 405 796 casse
433 708 516 753 est
545 697 616 752 ab
645 696 909 796 omnibus
927 698 1136 796 peccati
1167 697 1427 796 ope-ribus
1448 714 1660 796 vacare,
1692 700 1846 771 puri-
1933 708 2267 781 quandoque
2315 711 2635 768 videbitur?
2673 717 2801 771 Haec
2846 718 2968 784 tibi,
3019 723 3098 776 ﬁli
3139 725 3523 796 dilectissime,

234 786 682 857 ﬁcationemque
711 785 917 840 mentis
946 784 1017 839 ad
1037 787 1216 841 Deum
1247 787 1506 858 dirigere.
1542 791 1610 843 Et
1639 794 1848 845 calcea-

236 880 457 941 menta,
489 876 968 947 inquit,habebitis
999 877 1061 928 in
1099 879 1341 944 pedibus;
1375 894 1445 931 ne
1488 878 1620 932 dum
1651 896 1847 934 sumus

231 964 301 1017 in
329 964 420 1017 via
438 964 599 1019 istius
620 963 827 1028 seeculi,
862 980 895 1017 a
923 970 1182 1035 serpente
1204 965 1591 1033 mordeamur;
1617 973 1665 1021 et
1689 970 1848 1022 bacu-

233 1057 366 1107 lum
398 1056 463 1106 in
488 1055 776 1115 manibus;
809 1052 1033 1127 de.quo
1058 1052 1261 1123 legitur
1289 1053 1345 1107 in
1372 1054 1594 1109 Psalmo
1627 1073 1639 1108 :
1684 1057 1846 1125 Virga

234 1147 343 1198 tua
371 1148 421 1196 et
442 1146 667 1197 baculus
689 1148 817 1197 tuus
838 1146 955 1212 ipsa
979 1160 1061 1197 me
1078 1147 1355 1199 consolata
1375 1151 1507 1199 sunt
1526 1149 1692 1215 (Psal.
1713 1165 1840 1218 xxu,

232 1231 322 1299 4).
355 1232 571 1295 Quibus
603 1232 684 1286 ita
711 1232 1033 1303 praemissis,
1067 1232 1146 1286 sic
1167 1232 1283 1286 ait:
1320 1234 1616 1289 Comedetis
1647 1240 1842 1292 illum‘

228 1320 594 1387 festinanter.
606 1322 695 1375 Est
711 1324 863 1374 enim
876 1322 1059 1390 phase,
1086 1324 1146 1375 id
1165 1327 1238 1375 est
1261 1326 1535 1377 transitus
1552 1326 1797 1381 Domini.
1814 1327 1840 1367 δ

230 1408 509 1479 Alioquin
538 1409 791 1463 desidiae
811 1415 1116 1481 torpentes,
1140 1415 1198 1464 et
1211 1411 1301 1465 hic
1330 1411 1389 1465 in
1417 1413 1604 1468 saeculi
1624 1413 1839 1470 actibus

230 1503 591 1552 remorantes
629 1513 740 1552 non
784 1498 951 1569 digne
982 1500 1283 1554 comedunt
1315 1501 1547 1567 Pascha,
1584 1503 1841 1559 videlicet

229 1602 437 1640 carnes
456 1586 601 1657 Agni
624 1605 635 1651 ;
656 1592 714 1641 et
732 1586 856 1641 ideo
881 1586 1016 1641 satis
1034 1588 1349 1643 timendum
1376 1590 1601 1659 talibus,
1621 1608 1691 1646 ne
1710 1610 1835 1647 cum

1930 812 2030 871 pro
2061 798 2407 854 ostendenda
2442 800 2714 871 dignitate
2768 807 2912 860 tanti
2962 812 3212 880 mysterii
3242 832 3424 884 pauca
3464 817 3524 872 in

1932 886 2189 954 praesenti
2239 889 2505 959 opusculo
2566 892 2833 947 hactenus
2875 896 3023 950 dicta
3061 901 3362 957 sufficiant.
3405 906 3522 961 Hoc

1926 979 2147 1028 tantum
2172 981 2227 1029 te
2248 992 2346 1047 pro
2374 984 2526 1032 certo
2545 981 2773 1035 credere
2796 990 3035 1054 oportet,
3060 990 3193 1059 quia
3220 1008 3330 1046 non
3353 993 3522 1065 digne

1927 1079 2030 1152 nec
2054 1069 2216 1118 tanta
2248 1072 2308 1120 ut
2327 1073 2477 1132 sunt,
2511 1085 2545 1122 a
2564 1070 2722 1128 nobis
2752 1074 3038 1144 explanari
3066 1086 3387 1148 potuerunt.
3404 1083 3521 1138 Nec

1926 1152 2151 1220 mirum,
2171 1171 2297 1208 cum
2318 1156 2450 1227 ipsae
2479 1159 2648 1215 etiam
2668 1164 2929 1234 angelicae
2949 1165 3186 1221 virtutes
3209 1168 3267 1223 in
3282 1187 3396 1225 sua:
3415 1187 3520 1226 na-

1925 1245 2066 1294 turae
2094 1242 2423 1311 subtilitate,
2467 1247 2583 1302 haec
2611 1253 3055 1323 contemplantes
3084 1256 3437 1314 admirentur
3461 1265 3520 1315 et

1924 1332 2372 1398 contremiscant,
2390 1351 2456 1388 ac
2470 1336 2557 1389 vix
2574 1337 2692 1393 haec
2707 1346 3001 1411 penetrare
3016 1346 3521 1413 praevaleantCum

1923 1435 2055 1490 ergo
2084 1420 2372 1476 beatorum
2399 1425 2701 1495 spirituum
2733 1433 3155 1495 natura,carnis
3167 1436 3413 1504 pondere
3434 1454 3523 1492 ca-

1921 1525 2050 1562 rens
2081 1510 2149 1563 ad
2188 1511 2305 1566 haec
2335 1512 2654 1583 indaganda
2694 1518 2783 1571 vix
2813 1520 3076 1589 sufﬁciat,
3109 1523 3334 1592 quando
3367 1525 3519 1580 sufﬁ-

1920 1598 2133 1653 cienter
2159 1606 2260 1654 aut
2287 1601 2455 1672 digne
2486 1604 2637 1675 loqui
2668 1608 2875 1676 poterit
2902 1608 3070 1663 homo
3101 1610 3234 1677 Deo,
3267 1613 3518 1669 mortalis

229 1675 532 1764 [Egyptiis
566 1681 728 1730 nocte
771 1676 1129 1747 perimuntur
1156 1677 1200 1741 ἀ,
1236 1695 1434 1749 sopore
1472 1681 1683 1750 peccati
1713 1699 1835 1752 pre-
1849 1698 1896 1757 Β
1918 1688 1987 1742 de
2010 1689 2334 1757 immortali,
2356 1691 2589 1747 visibilis
2609 1675 2680 1748 de
2699 1695 2982 1764 invisibili,
3010 1675 3294 1755 mutabilis
3314 1702 3383 1756 de
3409 1703 3518 1758 im-

227 1770 483 1818 mantur.
512 1763 820 1819 Vastantur
840 1764 991 1819 enim
1013 1765 1082 1819 ab
1103 1767 1322 1836 angelo,
1341 1784 1580 1838 quorum
1613 1775 1831 1825 mentes

226 1852 382 1923 Agni
413 1852 685 1923 sanguine
729 1869 842 1907 non
874 1858 1008 1907 sunt
1036 1870 1304 1925 respersae
1343 1859 1458 1909 tam
1489 1857 1732 1911 exterius
1770 1858 1829 1912 in

224 1957 421 2007 carne,
457 1958 625 2013 quam
671 1941 823 1996 intus
876 1942 935 1996 in
966 1942 1324 1997 conscientia.
1362 1944 1662 2000 Salvantur
1699 1964 1829 2002 vero

224 2030 439 2085 lumbis
465 2030 753 2094 succincti,
786 2036 844 2085 et
871 2031 1103 2085 calceati
1145 2031 1396 2102 pedibus,
1440 2032 1637 2088 baculo
1667 2036 1830 2090 Chri-

225 2120 303 2173 sti
332 2119 654 2180 sustentati,
688 2119 759 2172 ad
800 2119 1044 2191 patriam
1072 2120 1202 2174 hinc
1242 2123 1572 2191 quantocius
1607 2141 1830 2179 summo

226 2208 438 2263 mentis
470 2208 671 2262 ardore
698 2208 784 2261 vel
820 2208 1098 2263 desiderio
1135 2208 1482 2266 festinantes.
1538 2214 1630 2266 Est
1679 2217 1830 2267 enim

219 2299 410 2367 phase,
442 2299 503 2352 id
529 2302 606 2352 est
636 2300 910 2351 transitus
941 2299 1185 2352 Domini.

301 2385 353 2443 4.
388 2386 563 2440 Putas
594 2402 747 2457 ergo,
777 2386 1123 2450 charissime,
1163 2388 1310 2457 quod
1336 2388 1512 2443 lateat
1540 2389 1717 2444 Deum
1748 2391 1830 2445 ul-

222 2474 335 2530 lius
366 2475 726 2540 conscientia,
743 2491 852 2529 non
873 2474 997 2529 dico
1016 2475 1063 2529 si
1084 2475 1409 2530 criminibus
1437 2482 1524 2531 est
1545 2477 1824 2547 obvoluta,

222 2581 418 2618 verum
452 2564 675 2635 ignavia
701 2563 749 2618 si
777 2569 1002 2635 torpeat
1029 2579 1071 2617 θ.
1107 2565 1269 2618 Patet
1294 2565 1482 2636 igitur,
1504 2568 1649 2638 quod
1676 2569 1699 2612 τ
1719 2568 1827 2623 nisi

222 2654 504 2709 desiderio
523 2654 762 2708 celestis
793 2653 988 2725 patriae
1012 2654 1081 2708 ad
1112 2670 1356 2725 superna
1384 2673 1413 2715 ς
1443 2655 1538 2710 ubi
1569 2656 1826 2711 Christus

224 2749 330 2809 est,
353 2744 411 2797 in
439 2744 725 2797 dexteram
744 2743 943 2807 Patris,
972 2743 1080 2796 fide
1106 2743 1434 2814 plenissima
1449 2751 1506 2798 et
1525 2762 1622 2815 spe
1650 2750 1822 2809 certa,

225 2849 445 2888 necnon
493 2832 766 2887 charitate
813 2848 925 2886 non
964 2833 1113 2899 ﬁcta,
1163 2832 1399 2887 festinus
1445 2839 1713 2898 transeat,
1756 2834 1825 2889 de

226 2921 374 2992 Agni
403 2920 665 2975 carnibus
686 2922 814 2991 jure
834 2938 946 2975 non
967 2921 1228 2987 comedit,
1265 2921 1395 2993 quia
1416 2923 1598 2993 legem
1629 2923 1688 2977 in
1718 2923 1825 2977 hoc

221 3010 481 3081 jubentis
501 3010 688 3064 violat.
733 3011 1042 3082 Propterea
1072 3011 1289 3081 quoties
1317 3009 1343 3049 δ
1368 3027 1435 3065 ea
1464 3011 1820 3082 percipimus,
1840 3013 1883 3072 C

226 3097 552 3153 attollamus
584 3104 800 3153 mentes
844 3099 902 3153 in
945 3098 1307 3166 desiderium,
1341 3104 1397 3152 et
1426 3117 1526 3170 per
1562 3101 1821 3156 ardorem

226 3186 358 3241 ﬁdei
408 3187 738 3242 festinemus
778 3187 850 3241 ad
896 3188 1156 3241 tantami
1202 3187 1520 3242 satietatem
1568 3189 1818 3256 visionis,

228 3275 359 3348 quia
407 3276 674 3331 nimirum
709 3275 799 3329 hic
828 3281 1029 3346 gustus
1071 3280 1172 3341 est,
1206 3276 1318 3330 illic
1347 3283 1539 3331 autem
1568 3278 1818 3333 satietas.

229 3370 630 3437 Satiabimuri,
664 3371 848 3442 inquit
872 3372 1169 3442 Propheta,
1204 3374 1338 3426 dum
1370 3375 1826 3440 nmni/‘estabitur

228 3465 411 3531 gloria
441 3467 541 3514 tua
569 3461 739 3527 (Psat.
771 3478 876 3527 xw,
913 3460 1026 3530 15).
1060 3461 1287 3515 Transit
1315 3477 1447 3530 ergo
1479 3461 1736 3517 Christus
1765 3462 1823 3516 in

228 3550 391 3605 nobis
420 3550 489 3604 de
512 3550 614 3604 hoc
637 3550 837 3603 saeculo
866 3550 935 3603 ad
970 3550 1218 3616 Patrem,
1253 3556 1604 3604 transeamus
1636 3557 1693 3605 et
1721 3568 1823 3605 nos

231 3640 288 3694 in
316 3639 431 3703 illo,
461 3638 593 3709 quia
611 3655 736 3693 cum
766 3638 862 3692 illo
883 3638 1051 3693 simul
1079 3655 1292 3706 omnes,
1316 3640 1363 3692 si
1385 3643 1409 3683 Ιι
1431 3640 1551 3709 ejus
1574 3639 1825 3694 membra

231 3743 719 3793 connumeramur,
745 3744 857 3782 una
872 3744 1110 3799 persona
1126 3733 1181 3782 et
1197 3745 1371 3782 unum
1386 3745 1589 3799 COI‘PUS
1606 3745 1821 3783 sumus.

233 3818 337 3882 Qui
356 3823 548 3871 autem
575 3816 757 3870 adhuc
786 3815 1031 3870 resident
1058 3833 1158 3888 per
1186 3817 1457 3871 desidiam
1490 3833 1659 3889 super
1685 3818 1825 3872 ollas

232 3906 483 3961 carnium
505 3910 579 3958 etl
603 3905 1026 3975 negligentiam,
1053 3922 1165 3959 non
1188 3923 1315 3960 cum
1334 3907 1430 3960 illo
1452 3906 1825 3961 hincmtrans-

232 4000 365 4050 eunt
406 4010 588 4064 neque
629 3993 895 4048 festinant
932 3995 1001 4048 ad
1059 3995 1319 4066 patriam.
1355 3995 1569 4049 Idcirco
1610 3996 1826 4051 Pascha

230 4099 518 4155 nunquam
542 4082 647 4138 rite
675 4082 977 4148 celebrant,
996 4083 1129 4155 quia
1157 4085 1368 4139 Pascha
1398 4102 1432 4139 a
1458 4083 1703 4139 transitu
1732 4102 1828 4141 no-

232 4171 497 4228 minatur.
524 4171 683 4226 Unde
712 4181 757 4239 η,
793 4177 1046 4226 votorum
1079 4172 1176 4238 ﬁli,
1212 4178 1568 4227 transeamus
1596 4172 1726 4227 hinc
1752 4173 1828 4228 fe-

231 4261 501 4315 stinantes
530 4260 824 4315 succinctis
854 4261 1136 4315 mentibus
1154 4267 1211 4316 et
1229 4261 1489 4316 calceatis
1517 4262 1577 4315 in
1605 4278 1824 4333 praepa-

1914 1778 2188 1843 mutabili,
2224 1796 2363 1850 opus
2387 1781 2455 1835 de
2483 1782 2699 1853 opiﬁce,
2727 1792 2989 1839 creatura
3015 1787 3083 1840 de
3125 1795 3395 1858 creatore,
3440 1792 3519 1848 fa-

1912 1872 2074 1923 ctura
2105 1868 2172 1922 de
2201 1868 2430 1935 factore,
2448 1887 2652 1940 parvus
2682 1873 2751 1926 de
2771 1872 3066 1939 immenso,
3100 1879 3426 1948 temporalis
3446 1881 3537 1936 de'

1913 1963 2141 2023 aeterno,
2179 1957 2406 2012 humilis
2429 1959 2496 2013 de
2523 1960 2819 2027 altissimo,
2854 1962 3169 2033 plasmatus
3191 1966 3260 2020 de
3288 1967 3423 2022 limo
3442 1969 3513 2023 de

1914 2046 2008 2100 illo
2040 2047 2134 2116 qui
2156 2047 2343 2101 omnia
2373 2049 2584 2102 creavit
2613 2066 2677 2103 ex
2707 2050 2902 2117 nihilo,
2926 2053 3085 2121 cujus
3116 2060 3201 2108 est
3228 2044 3515 2111 inenarra-

1913 2134 2040 2189 bilis
2061 2136 2485 2206 omnipotentia,
2520 2154 2631 2208 qua
2653 2155 2754 2193 nos
2776 2139 3323 2212 omnipotentissima
3341 2145 3513 2202 mise-

1913 2225 2131 2278 ratione
2152 2225 2400 2292 salvavit,
2419 2226 2513 2296 qui
2530 2232 2587 2280 et
2609 2243 2749 2299 opus
2781 2229 3067 2284 creatricis
3088 2233 3508 2304 omnipotentiae

1908 2313 2086 2382 gratis
2106 2312 2252 2377 fecit,
2281 2319 2337 2367 et
2364 2330 2503 2385 opus
2524 2317 2721 2385 gratiae
2751 2317 3061 2373 salvatricis
3097 2322 3511 2394 omnipotenter

1910 2400 2181 2472 implevit.
2196 2402 2315 2457 Illic
2335 2403 2546 2458 habens
2564 2409 2899 2474 potestatem
2916 2407 3190 2464 condendi
3202 2416 3259 2464 et
3277 2412 3510 2483 regendi

1910 2497 2228 2545 creaturam
2257 2509 2438 2557 suam,
2471 2492 2561 2546 hic
2591 2492 2800 2547 habens
2831 2500 3168 2566 potestatem
3188 2502 3428 2571 ponendi
3454 2506 3512 2557 et

1909 2580 2167 2634 sumendi
2214 2580 2463 2634 animam
2514 2598 2676 2636 suam
2712 2599 2811 2653 pro
2859 2585 3016 2639 nobis
3048 2588 3375 2659 unigenitus
3406 2591 3508 2646 Dei

1908 2669 1935 2722 J
1943 2684 2070 2722 esus
2101 2668 2356 2722 Christus
2384 2670 2658 2725 Dominus
2690 2677 2896 2734 noster,
2926 2675 3021 2745 qui
3049 2692 3179 2731 cum
3201 2678 3317 2732 Deo
3343 2681 3508 2734 Patre

1908 2762 1964 2810 et
1986 2756 2196 2827 Spiritu
2217 2764 2408 2812 sancto
2426 2759 2576 2822 vivit,
2601 2765 2657 2814 et
2678 2761 2972 2831 gloriatur,
3000 2770 3056 2818 et
3081 2773 3283 2836 regnat
3309 2767 3366 2822 in
3386 2768 3508 2823 Tri-

1906 2845 2082 2899 nitate
2132 2852 2190 2899 et
2227 2847 2445 2901 unitate
2484 2848 2750 2918 perfecta,
2784 2850 2931 2905 Deus
2983 2852 3148 2908 homo
3187 2872 3287 2926 per
3316 2856 3508 2911 omnia

1906 2934 2110 2988 saecula
2136 2934 2495 2991 saeculorum.
2529 2938 2728 2991 Amen.

1909 3079 1974 3132 In
2002 3079 2179 3132 codice
2207 3079 2506 3152 Laubiensi
2518 3084 2638 3152 post
2657 3083 2823 3148 ﬁnem
2845 3083 3040 3151 capitis
3058 3085 3203 3152 quod
3226 3089 3290 3141 in
3319 3088 3499 3144 Editis

2323 3153 2397 3203 est
2426 3150 2582 3215 XIII,
2620 3152 2728 3205 haec
2754 3150 3087 3221 sequuntur:

1977 3272 2121 3337 Quid
2151 3272 2253 3326 tibi
2282 3273 2357 3327 sit
2383 3273 2488 3338 lex,
2525 3290 2557 3327 ο
2585 3274 2933 3343 charissima,
2965 3277 3034 3331 ad
3064 3280 3182 3333 haec
3220 3280 3393 3354 [quae]
3425 3283 3501 3338 le-

1903 3361 2034 3431 gisti
2062 3366 2119 3414 et
2168 3362 2486 3431 pet-legisti?
2515 3364 2669 3432 quid,
2721 3380 2928 3434 quasso,
2964 3366 3359 3424 deliberaveris
3380 3373 3505 3441 jam

1906 3450 2106 3521 pande.
2132 3448 2506 3503 Obsurdueris
2524 3466 2598 3504 an
2619 3450 2967 3507 obmutueris
2994 3462 3248 3511 monstra
3266 3465 3506 3524 ;utrum-
3532 3492 3537 3497 ι

1906 3555 2014 3610 que
2056 3538 2234 3592 video.
2292 3539 2529 3609 Stupere
2574 3544 2631 3593 te
2669 3546 2891 3594 tantum
2936 3542 3073 3596 dum
3103 3545 3414 3613 considero,
3448 3554 3505 3601 et

1907 3628 2055 3699 quod
2099 3628 2158 3681 in
2196 3628 2469 3698 propheta
2497 3627 2703 3681 talibus
2734 3628 2956 3698 legitur,
2992 3631 3249 3684 nonnihil
3282 3649 3497 3688 vereor.

1906 3717 2106 3771 Moneo
2130 3722 2319 3769 tamen
2347 3716 2395 3769 si
2423 3715 2563 3770 nihil
2591 3716 2741 3770 aliud
2764 3715 2978 3771 invenis
3009 3719 3156 3789 quod
3186 3718 3376 3787 facias,
3400 3722 3503 3777 Dei

1906 3812 1980 3872 te,
2014 3805 2235 3876 perdita
2261 3804 2598 3860 omnimodis
2622 3804 2848 3859 aliunde
2874 3806 3092 3872 ﬁducia,
3119 3813 3302 3862 totum
3330 3809 3503 3864 dedas

1905 3895 2235 3957 clementiae,
2277 3901 2334 3948 et
2384 3910 2496 3948 non
2545 3894 2699 3965 prius
2749 3895 2961 3965 ignavae
2991 3912 3220 3966 prorsus
3250 3898 3497 3967 desidiae,

1906 3985 2003 4039 sed
2032 3981 2468 4039 elaborationem
2506 3983 2790 4049 continua,
2824 3983 2894 4037 ab
2933 3986 3271 4040 renuntiatis
3311 3987 3500 4043 animo

1909 4074 1997 4128 his
2016 4073 2235 4139 saltem,
2260 4089 2401 4143 quae,
2425 4071 2689 4143 Apostolo
2704 4076 2954 4140 auctore,
2975 4073 3237 4128 mortalia
3256 4091 3367 4131 non
3387 4093 3505 4133 am-

1908 4162 2052 4233 bigis
2082 4161 2319 4215 crimina
2343 4162 2479 4214 fore.
2514 4160 2583 4214 Et
2611 4160 2744 4231 quia
2765 4176 2877 4214 non
2896 4160 3120 4229 sufﬁcit,
3156 4165 3393 4229 declina,
3414 4166 3502 4221 di-

1906 4252 1985 4305 cit
2011 4268 2045 4304 a
2088 4254 2254 4316 malo,
2286 4254 2337 4304 et
2366 4252 2456 4319 [ac
2496 4251 2722 4303 bonum.
2757 4248 2814 4303 Si
2844 4265 2957 4303 non
2984 4250 3154 4319 vales,
3197 4254 3310 4308 scio
3350 4254 3501 4310 enim

232 4351 447 4404 ratione
476 4347 764 4420 Evangelii
793 4349 946 4421 pacis
974 4348 1227 4421 pedibus,
1258 4356 1320 4404 ut
1351 4350 1421 4404 ad
1449 4349 1542 4404 illa
1576 4328 1823 4405 resurre-
1842 4328 1889 4387 Ῑ)
1908 4340 2056 4412 (111οά
2082 4355 2193 4393 non
2222 4337 2372 4392 V3195
2405 4337 2718 4392 secundum
2752 4338 2983 4393 mOdum
3014 4341 3305 4412 culparum
3333 4359 3499 4414 agere

232 4437 429 4494 ctionis
441 4438 649 4509 gaudia
675 4438 1008 4510 quantocius
1032 4450 1059 4480 ο
1089 4439 1275 4494 venire
1300 4440 1602 4494 valeamus.

301 4558 327 4584 ι
350 4544 524 4607 Editi,
555 4547 897 4613 festinantes.

300 4614 329 4657 δ
346 4616 424 4670 Ex
442 4616 630 4670 codice
648 4616 920 4671 Laub.hic
939 4614 1321 4672 collocandum
1340 4623 1427 4672 est
1442 4616 1815 4689 cap.XCVIII:

236 4688 384 4756 Quod
410 4689 613 4742 desides
655 4692 704 4743 et
745 4691 808 4743 in
842 4691 1029 4743 secuti
1075 4691 1286 4743 actibus
1314 4688 1676 4755 remorantes,
1708 4704 1822 4743 non

234 4760 395 4827 digne
418 4760 622 4827 pascha
649 4762 951 4814 comedant.

301 4836 319 4859 ⁶
347 4830 480 4884 Mss.
512 4830 642 4896 duo,
676 4831 945 4885 desiderio
972 4834 1255 4900 torpentes.

304 4909 330 4954 d
349 4900 500 4967 Put.,
534 4903 946 4970 opprimantur.
1798 4900 1811 4911 ”

303 4980 327 5009 ⁸
350 4972 415 5027 In
439 4971 561 5027 cod.
595 4972 769 5026 Laub.
794 4972 883 5027 hic
908 4971 1104 5044 incipit
1131 4988 1254 5044 cap.
1277 4972 1452 5028 XCIX
1478 4990 1490 5026 :
1524 4973 1677 5040 Quod
1709 4972 1822 5026 nisi

236 5044 306 5098 ad
330 5047 557 5098 cal/retia
584 5044 906 5111 festinantes
934 5045 997 5097 de
1034 5045 1182 5112 Agni
1210 5046 1472 5099 carnibus
1508 5047 1645 5112 jure
1685 5059 1825 5097 com-

236 5116 415 5170 edant.

303 5195 326 5239 t
349 5186 479 5257 Mss.
509 5189 770 5257 quatuor,
800 5188 945 5255 quod
970 5202 1125 5242 nemo
1154 5189 1271 5240 nisi
1291 5188 1578 5257 desiderio.

300 5265 325 5308 8
353 5256 507 5311 Colb.
527 5255 716 5335 :unus,
744 5260 818 5312 ad
848 5274 1150 5328 supernam
1180 5259 1279 5312 ubi
1308 5255 1559 5313 Christus
1596 5260 1672 5310 est
1700 5257 1829 5335 dea».

237 5334 380 5383 tram
407 5331 582 5397 pacis.

300 5397 328 5440 ιι
351 5395 516 5455 Nam.
559 5405 617 5455 et
651 5399 847 5467 Ulim.,
890 5404 1095 5470 quoties
1134 5416 1256 5455 eam
1292 5398 1648 5467 percipimus.
1702 5395 1822 5452 Sir-

237 5485 403 5543 mon.,
439 5475 649 5541 quoties
678 5488 805 5527 eum
827 5475 1188 5543 percipimus.

306 5541 477 5599 iMss.
510 5543 645 5615 Maj.
680 5559 855 5611 mon.,
886 5541 1208 5600 adtantam
1235 5543 1503 5599 satietatis
1530 5543 1819 5596 visionem.

1905 4428 2294 4501 pmnitentiam
2309 4447 2321 4495 ;
2342 4428 2546 4482 desunt
2557 4426 2708 4482 enim
2725 4432 2971 4499 tempus,
2986 4435 3140 4496 aetas,
3155 4431 3366 4486 sanitas
3380 4448 3499 4487 cor-

1970 4530 1988 4583 i
2018 4535 2184 4601 Editi,
2217 4533 2475 4589 Satiabor
2505 4554 2521 4589 :
2552 4534 2707 4589 Colb.
2738 4535 3077 4591 Satiabitur.

1975 4612 2004 4655 k
2022 4606 2219 4672 Laub.,
2249 4611 2523 4676 expuncto
2551 4608 2618 4666 si,
2654 4605 2789 4676 legit
2816 4610 3037 4660 tantum
3066 4610 3183 4675 ejus
3212 4609 3487 4669 membra.

1904 4681 2039 4734 Mss.
2071 4678 2279 4747 reginae
2298 4677 2508 4732 Sueciaa
2537 4682 2595 4731 et
2619 4676 2729 4731 duo
2757 4676 2916 4747 regii,
2939 4679 2990 4730 si
3018 4680 3170 4732 inter
3191 4683 3308 4749 ejus
3328 4698 3499 4737 mem.

1906 4753 2026 4805 bra.
2058 4749 2168 4815 AL,
2194 4751 2244 4803 si
2271 4754 2387 4819 ejus
2413 4750 2673 4802 membris
2702 4763 3189 4804 connumermnur.

1975 4820 1989 4854 ³
2017 4820 2128 4886 AL,
2162 4825 2212 4874 et
2232 4836 2333 4889 per
2362 4821 2775 4887 negligentiam.

1974 4903 2014 4929 ω
2050 4890 2197 4945 Editi
2221 4895 2548 4962 expungunt
2577 4890 2727 4943 hinc.

1974 4973 2001 5004 η
2030 4962 2208 5029 Anic.,
2239 4961 2383 5017 Unde
2396 4965 2513 5015 voto
2528 4964 2849 5015 sanctorum
2872 4961 3124 5030 ﬁdelium
3144 4968 3495 5020 transeamus

1906 5037 2055 5090 hinc.

1974 5118 1998 5144 ο
2025 5107 2157 5160 Mss.
2198 5105 2396 5175 Major.
2438 5116 2614 5168 mon.,
2664 5108 2937 5172 quatenus
2974 5109 3262 5174 pervenire
3310 5108 3496 5160 valea-

1906 5194 2049 5242 mus,
2080 5182 2194 5245 ipso
2219 5178 2511 5245 praestante
2538 5176 2639 5242 qui
2679 5177 2816 5229 vivit
2865 5181 2915 5231 et
2958 5184 3153 5245 regnat
3195 5180 3259 5231 in
3295 5181 3494 5232 secuta

1902 5253 2249 5302 secutorum.

1975 5331 2000 5373 ι’
2031 5318 2501 5399 ΟιιωΑξθῳιᾳηιμτ
2512 5333 2551 5399 a
2571 5317 2871 5399 Paschasiq
2888 5316 3494 5399 pgldim,.reperiuntur

1903 5392 1962 5445 in
1985 5390 2125 5461 regii
2145 5387 2611 5461 Christianissimi
2630 5390 2819 5446 codice
2849 5387 3008 5457 4070,
3033 5393 3089 5443 et
3115 5387 3173 5443 in
3193 5387 3382 5446 codice
3408 5405 3493 5446 re«

1902 5459 2289 5536 gine'Sueciae
2319 5459 2481 5517 1554.
