3992 6166
540 318 685 378 1347

1299 309 1354 362 S.
1398 305 1775 361 PASCHASII
1815 304 2174 361 RADBERTI
2213 301 2518 357 ABBATIS
2557 300 3054 357 CORBEIENSIS.

3636 303 3745 362 1348

543 444 716 516 poris,
763 440 1023 498 alacritas
1075 433 1299 499 mentis,
1356 430 1591 485 facultas
1647 425 1993 498 expletionis,
2050 421 2468 487 facADomine,
2498 421 2850 492 injuriarum,
2884 439 3016 488 non,
3044 428 3106 476 ut
3139 420 3369 493 dignum
3394 421 3572 490 fuerat,
3602 426 3747 482 inter-

543 514 1098 606 quantulamcunque
1119 529 1176 580 et
1194 525 1340 577 hanc
1358 519 1702 575 continuam.
1723 516 1901 570 Licita
1920 532 2041 568 sese
2056 514 2138 567 in-

539 604 746 697 gerunt
760 618 1075 692 aliquoties,
1103 615 1382 669 memento
1404 607 1655 662 illicitate
1675 611 1730 658 te
1749 604 1952 697 saepius
1978 621 2137 658 usur-

542 693 724 783 passe,
765 707 1020 764 mendica
1051 702 1276 758 aliunde
1306 699 1544 769 copiam,
1590 700 1688 749 aut
1712 693 1821 747 vim
1869 700 2136 763 extorque

543 803 886 855 lactucarum
924 791 1251 864 agrestium,
1288 803 1464 858 coque
1493 800 1768 855 azymam,
1795 783 2133 836 fermentum

540 889 767 943 malitiae
813 885 1009 954 abjice,
1041 896 1204 934 renes
1249 876 1491 945 accinge,
1541 872 1801 926 baculum
1846 870 2135 942 regiminis

540 977 733 1032 manui
771 972 973 1028 adhibe
1003 967 1256 1032 rationis,
1290 964 1494 1018 festina
1518 978 1617 1033 per
1654 960 1994 1014 desiderium
2025 975 2134 1029 quo

539 1064 737 1136 nequis
764 1062 1014 1133 aspirare
1043 1073 1142 1130 per
1174 1054 1458 1108 meritum.
1493 1048 1872 1104 Reconciliare
1901 1048 2134 1119 quibus-

537 1155 665 1209 dam
712 1149 1108 1210 satisfactione,
1151 1142 1425 1199 universis
1456 1141 1674 1205 afl‘ectu,
1710 1138 2007 1192 immolans
2037 1137 2134 1190 de-

536 1244 668 1298 hinc
696 1246 854 1295 tanto
882 1234 1314 1297 formidolosius,
1350 1235 1559 1302 quanto
1584 1227 1926 1299 petulantius
1957 1231 2135 1280 extor-

540 1349 710 1406 quere
744 1330 951 1393 animo,
984 1331 1049 1380 ut
1077 1324 1261 1379 fuerat
1290 1318 1629 1384 consultius;
1658 1316 1788 1388 quia
1819 1332 1929 1369 non
1961 1315 2129 1381 vales,

538 1404 905 1477 cessationem
936 1413 1228 1487 praemitte,
1267 1411 1313 1464 si
1356 1409 1541 1470 datur,
1574 1423 1700 1460 cum
1747 1405 2045 1476 lacrymis;
2085 1404 2132 1458 si

539 1527 671 1574 non,
699 1525 826 1562 cum
850 1505 1099 1575 singultu
1117 1502 1370 1568 interno;
1399 1497 1564 1550 detur
1583 1494 1651 1548 de
1670 1499 1766 1547 tuo
1792 1491 2002 1562 aliquid
2032 1507 2130 1560 pro

536 1598 869 1653 necessitate
885 1591 1241 1661 interjaciens
1260 1585 1526 1641 orationis
1543 1582 1780 1655 piissimi
1799 1581 2130 1650 Redempto-

535 1685 614 1741 ris
644 1684 981 1754 legationem
1014 1679 1256 1734 auditui.
1296 1675 1433 1739 Quis
1454 1673 1603 1727 enim
1633 1671 1736 1727 scit
1765 1671 1811 1724 si
1841 1675 2131 1724 converta-

2216 511 2503 577 fecerunt;
2537 511 2773 565 scientes
2813 511 3049 564 forsitan
3086 511 3218 582 quia
3245 511 3542 582 benignitas
3583 521 3664 570 tua
3691 520 3745 573 ad

2219 599 2606 670 paenitentiam
2639 617 2729 654 me
2752 599 3242 664 thesaurizantem,
3273 601 3399 655 licet
3423 601 3551 656 iram
3572 621 3750 660 merear

2219 690 2277 743 in
2294 689 2383 743 die
2413 689 2508 743 irae
2539 695 2596 743 et
2623 689 3132 786 revelationis‘justi
3157 689 3354 759 judicii
3384 690 3479 757 tui,
3507 693 3751 762 patientis-

2218 778 2356 832 sime
2392 784 2762 848 exspectares,
2793 778 3130 832 habentibus
3168 779 3340 832 etiam
3384 780 3648 834 adversum
3683 801 3752 836 me

2217 867 2409 921 multis
2445 868 2589 922 mala
2621 867 2923 935 fratribus;
2958 869 3110 938 quia,
3153 867 3408 930 Domine,
3439 875 3569 934 asto,
3599 887 3751 925 verum

2217 962 2507 1028 suspectus
2529 962 2585 1010 et
2608 962 2872 1023 tremens,
2900 974 2969 1010 ne
3000 955 3184 1010 subito
3209 957 3402 1028 utique
3417 963 3469 1011 te
3495 957 3548 1011 in
3569 975 3754 1029 corpore

2217 1050 2274 1100 et
2297 1046 2569 1116 sanguine
2589 1051 2706 1111 tuo,
2743 1063 2871 1100 cum
2898 1063 3180 1117 nusquam
3209 1061 3311 1116 per
3352 1045 3666 1101 divinitatem
3687 1049 3755 1102 de-

2217 1134 2312 1200 sis,
2356 1141 2650 1205 praesente,
2681 1141 2743 1189 ut
2785 1136 3006 1204 justum
3042 1140 3143 1202 est,
3192 1135 3380 1188 feriar.
3414 1137 3571 1190 Parce
3605 1142 3756 1191 tamen

2215 1223 2415 1290 adhuc,
2449 1240 2793 1294 praesumens
2823 1225 3111 1294 deprecor,
3143 1223 3414 1295 piissime,
3440 1241 3606 1295 parce,
3634 1226 3757 1280 differ

2213 1312 2408 1379 ictum,
2433 1314 2710 1384 suspende
2737 1313 3057 1379 vindictam,
3083 1317 3140 1366 et
3168 1330 3285 1366 non
3315 1314 3574 1384 aspiciens
3600 1315 3659 1367 ad
3681 1316 3759 1368 ini-

2215 1402 2480 1472 quitates,
2512 1403 2724 1456 scelera
2752 1407 2808 1456 ct
2836 1402 3040 1456 delicta
3085 1403 3403 1472 juventutis
3452 1419 3592 1466 meai,
3624 1409 3685 1469 et,
3711 1411 3757 1458 ut

2214 1492 2373 1561 pejus
2400 1491 2598 1555 fateor,
2631 1491 2800 1545 etiam
2829 1491 3131 1545 senectutis
3153 1491 3276 1555 ,sed
3306 1491 3376 1545 ad
3401 1491 3754 1547 misericordias

2214 1585 2271 1632 et
2296 1579 2683 1633 miserationes
2708 1585 2835 1633 tuas
2859 1579 3085 1640 multas,
3117 1579 3327 1650 quibus
3353 1579 3538 1649 generi
3559 1581 3756 1634 humano

2213 1683 2435 1737 semper
2464 1667 2716 1721 misereri
2755 1667 3092 1721 consuevisti
3125 1686 3138 1734 ;
3191 1673 3250 1722 et
3289 1667 3502 1739 suscipe
3538 1686 3695 1739 preces
3717 1676 3759 1723 et

537 1782 648 1841 tur,
685 1744 740 1827 et
767 1774 1038 1843 ignoscat,
1073 1773 1129 1822 et
1156 1771 1443 1821 avertatur
1472 1762 1540 1816 ab
1571 1762 1656 1814 ira
1683 1759 1906 1824 furoris,
1935 1764 1992 1812 et
2021 1774 2133 1812 non
2157 1744 2199 1802 Β
2217 1755 2428 1810 hostias
2458 1774 2596 1827 quas
2625 1774 2725 1828 pro
2751 1757 2990 1827 peccatis
3021 1757 3166 1810 meis
3193 1763 3254 1810 et
3281 1775 3383 1828 pro
3409 1758 3628 1828 peccatis
3653 1758 3756 1810 fide-

538 1880 735 1937 pereas
760 1857 1136 1922 aeternaliter?
1168 1853 1388 1910 Periisti
1420 1851 1646 1923 quidem
1674 1848 2058 1903 criminaliter.

537 2010 636 2064 His
664 2007 1046 2076 subjiciuntur
1069 2002 1129 2053 in
1150 1999 1330 2052 eodem
1350 1996 1524 2048 codice
1545 1998 1819 2062 sequentes
1839 1995 2130 2046 orationes.

610 2129 748 2183 Ecce
786 2142 908 2196 ego,
941 2120 1197 2184 Domine,
1220 2132 1344 2171 ecce
1375 2131 1496 2185 ego,
1527 2113 1620 2184 qui
1649 2113 1852 2183 dignus
1883 2129 1992 2166 non
2011 2113 2128 2166 fue-

537 2235 682 2282 ram,
723 2216 896 2270 miser
926 2218 982 2266 et
1010 2209 1218 2273 infelix,
1249 2204 1469 2275 ingredi
1505 2203 1649 2257 atria
1695 2201 1950 2256 Ecclesiae
1999 2209 2128 2269 tuae,

540 2324 640 2362 nec
665 2323 765 2378 per
783 2303 977 2357 limina
1005 2303 1198 2354 sancta
1221 2297 1435 2350 intrare
1463 2293 1691 2347 domum
1720 2297 1896 2358 tuam,
1931 2293 2132 2346 accedo

539 2397 609 2450 ad
641 2391 1076 2448 ministrandum
1102 2386 1310 2442 sanctis
1329 2382 1601 2438 altaribus
1621 2382 1752 2445 tuis,
1780 2388 1836 2436 et
1861 2388 1983 2435 asto
2005 2398 2132 2436 reus

539 2490 597 2539 et
624 2488 882 2555 peccator
909 2485 1039 2533 ante
1061 2479 1419 2547 conspectum
1441 2471 1640 2525 divinae
1669 2471 1980 2540 majestatis
1999 2476 2130 2533 tuae,

539 2573 658 2627 sine
689 2571 802 2625 ullo
828 2573 1030 2623 ornatu
1057 2564 1188 2619 boni
1216 2561 1418 2634 operis,
1451 2565 1508 2613 et
1535 2559 1656 2613 sine
1688 2557 1800 2612 ullo
1833 2558 2019 2611 fructu
2053 2556 2134 2610 di-

536 2679 648 2734 gno
696 2657 1059 2732 poenitentiae.
1097 2659 1154 2708 et
1193 2653 1313 2706 sine
1360 2650 1478 2704 ulla
1522 2648 1606 2701 vel
1643 2648 1764 2700 sola
1799 2646 2132 2717 cogitatione

537 2750 775 2806 munda.
811 2747 1082 2817 Indignus
1112 2742 1260 2797 enim
1292 2745 1346 2795 et
1392 2737 1857 2793 sceleratissimus
1899 2753 2024 2790 sum
2054 2735 2134 2788 ni-

537 2841 674 2905 mis;
719 2837 815 2892 sed
860 2837 928 2891 de
959 2841 1059 2888 tua
1086 2829 1352 2886 ineffabili
1388 2828 1595 2900 pietate
1639 2831 1696 2880 et
1724 2825 2124 2888 misericordia,

538 2935 596 2984 et
622 2929 692 2982 de
718 2925 932 2980 meritis
961 2928 1283 2977 sanctorum
1315 2923 1541 2972 tuorum
1575 2916 1834 2979 confisus,
1866 2915 1996 2968 licet
2016 2920 2132 2967 tre-

536 3033 696 3071 mens
725 3021 781 3068 et
816 3012 1049 3084 pavidus
1096 3022 1374 3080 praesumo
1422 3005 1682 3058 accedere
1734 3004 1804 3056 ad
1851 3003 2133 3056 offerenda

2218 1845 2356 1899 lium
2380 1852 2626 1911 tuorum,
2662 1853 2778 1899 tam
2799 1846 3051 1900 vivorum
3083 1863 3258 1916 quam
3291 1852 3638 1912 mortuorum,
3665 1863 3757 1900 ma-

2213 1935 2407 2004 jestati
2435 1940 2546 1990 tuae
2576 1935 2775 1990 offerre
2804 1952 3099 2006 praesumo.
3134 1935 3454 1990 Recordare
3499 1936 3629 2006 quod
3664 1952 3758 1988 caro

2219 2040 2412 2078 sumus
2441 2030 2499 2078 et
2526 2025 2710 2096 fragili
2742 2026 2980 2080 materia
3018 2026 3233 2080 conditi
3270 2045 3282 2094 ;
3339 2027 3505 2080 etiam
3547 2026 3653 2079 caeli
3677 2041 3759 2079 non

2215 2118 2348 2166 sunt
2384 2115 2577 2167 mundi
2608 2115 2666 2168 in
2699 2122 3000 2186 conspectu
3028 2121 3146 2180 tuo,
3183 2122 3242 2170 et
3271 2117 3454 2186 angeli
3485 2116 3562 2168 tui
3587 2113 3760 2184 reprobi

2216 2201 2428 2257 inventi
2451 2209 2584 2257 sunt
2603 2221 2790 2258 coram
2813 2210 2886 2270 te,
2918 2210 3128 2274 quanto
3162 2205 3350 2275 magis
3379 2205 3612 2258 homines
3631 2210 3761 2257 terre-

2215 2293 2293 2358 ni,
2327 2293 2540 2362 indigni
2569 2297 2626 2346 et
2653 2293 2979 2348 immundi?
3016 2294 3141 2348 Non
3178 2295 3332 2348 enim
3367 2310 3637 2364 possumus
3671 2308 3760 2345 esse

2217 2382 2430 2447 mundi,
2467 2381 2575 2434 nisi
2605 2398 2639 2435 a
2666 2388 2761 2436 tua
2811 2382 3019 2452 pietate
3047 2388 3105 2436 et
3133 2383 3520 2437 misericordia
3556 2380 3756 2451 quotidie

2216 2472 2383 2525 corde
2414 2476 2472 2525 et
2523 2488 2755 2542 corpore
2795 2488 3119 2525 mereamur
3147 2473 3435 2527 mundari.
3469 2472 3761 2541 Quapropter

2215 2568 2297 2627 tu,
2331 2561 2586 2626 Domine,
2617 2565 2679 2614 tu
2709 2561 2804 2632 qui
2835 2560 3214 2616 intentionem
3247 2569 3306 2617 et
3330 2561 3654 2616 devotionem
3677 2565 3761 2612 tor-

2215 2655 2460 2721 pentem,
2495 2649 2756 2704 miseram
2787 2668 2850 2705 ac
2878 2651 3150 2722 pollutam
3199 2653 3272 2706 ad
3302 2657 3684 2706 sacrosanctum
3702 2648 3760 2701 al-

2213 2740 2353 2794 taris
2381 2739 2466 2794 tui
2494 2740 2823 2811 mysterium
2854 2741 3097 2795 excitare
3119 2742 3415 2812 [voluisti],
3449 2757 3628 2811 meque
3651 2737 3763 2792 indi-

2211 2845 2386 2898 gnum
2430 2833 2484 2881 et
2514 2835 2860 2899 peccatorem
2887 2830 2958 2882 ad
3006 2829 3109 2883 tibi
3144 2831 3571 2884 ministrandum
3597 2825 3758 2900 permi-

2214 2917 2354 2981 sisti,
2404 2917 2762 2988 impudenter
2813 2918 2957 2982 licet,
3005 2919 3298 2988 accedere,
3346 2919 3557 2973 contine
3597 2916 3756 2978 adhuc,

2216 3005 2550 3071 misericors,
2585 3023 2754 3077 quam
2803 3024 3039 3072 mereor,
3075 3008 3243 3076 iram,
3276 3007 3475 3064 exhibe
3501 3006 3757 3077 gratuitam

537 3109 731 3158 sancto
746 3099 962 3156 nomini
991 3104 1090 3152 tuo
1121 3093 1410 3148 sacriﬁcia.
1445 3093 1514 3145 Et
1537 3091 1683 3156 ideo,
1717 3091 1954 3145 Domine
1983 3099 2192 3158 orca-(1
2214 3095 2592 3161 clementiam,
2661 3100 2718 3149 et
2763 3097 3004 3151 concede
3054 3098 3357 3168 propitius,
3409 3103 3470 3150 ut
3515 3090 3760 3149 celebratio

535 3199 626 3246 tor
657 3189 926 3262 piissime,
957 3186 1283 3254 redemptor
1302 3180 1756 3243 clementissime,
1782 3181 1876 3250 qui
1906 3195 2128 3233 omnem

535 3281 785 3335 animam
804 3275 1161 3330 confitentem
1184 3277 1240 3324 et
1259 3269 1622 3341 poenitentem
1646 3267 1824 3337 magis
1844 3267 1924 3320 vis
1945 3283 2130 3320 emen-

535 3370 673 3424 dare
708 3381 875 3437 quam
905 3361 1156 3435 perdere,
1192 3364 1248 3413 et
1280 3359 1375 3429 qui
1410 3374 1522 3411 non
1552 3373 1651 3427 pro
1676 3357 1863 3427 justis,
1900 3355 1996 3410 sed
2028 3371 2128 3426 pro

535 3454 919 3530 peccatoribus
955 3449 1237 3505 incarnari
1267 3447 1513 3513 voluisti,
1547 3452 1603 3500 et
1635 3445 1838 3499 latroni
1877 3445 1936 3498 in
1966 3462 2128 3499 cruce

533 3544 800 3620 pendenti
823 3560 888 3597 ac
916 3547 1075 3596 tuam
1105 3539 1460 3608 majestatem
1483 3535 1772 3590 confitenti
1804 3551 1915 3588 non
1948 3535 2128 3588 solum

531 3632 852 3709 pepercisti,
881 3629 979 3686 sed
1009 3630 1180 3683 etiam
1209 3625 1532 3699 paradisum
1555 3631 1741 3678 tecum
1763 3624 1974 3677 intrare
1996 3640 2129 3694 pro-

532 3723 756 3789 misisti,
799 3737 889 3775 me
930 3718 1198 3773 miserum
1257 3721 1314 3768 et
1355 3719 1702 3784 peccatorem
1742 3712 2122 3776 confitentem,

531 3818 588 3868 et
615 3810 893 3867 desidiose
921 3807 1054 3861 licet
1095 3802 1460 3876 paenitentem
1506 3805 1735 3871 peccata
1776 3816 1920 3865 mea,
1953 3815 1987 3853 a
2027 3806 2125 3854 tua

529 3919 601 3957 ne
630 3900 867 3972 repellas
905 3897 1114 3968 pietate
1144 3898 1200 3946 et
1231 3889 1635 3956 misericordia,
1668 3905 1770 3942 nec
1798 3888 2009 3942 frustra
2037 3905 2125 3943 ac-

527 3990 700 4063 cipias
743 3989 933 4052 ﬁdem,
985 3999 1141 4054 spem
1191 3986 1360 4051 atque
1411 3978 1694 4044 fiduciam,
1728 3994 1901 4048 quam
1939 3977 1998 4031 in
2024 3983 2125 4032 tua

527 4075 907 4135 inaestimabili
936 4070 1233 4127 clementia
1271 4067 1481 4134 habeo;
1525 4066 1624 4120 sed
1666 4066 1812 4120 sicut
1863 4067 2124 4121 omnibus

528 4165 843 4223 criminosis
871 4168 928 4217 et
956 4157 1337 4232 peccatoribus
1367 4157 1426 4210 in
1448 4161 1504 4209 te
1526 4155 1902 4224 credentibus,
1929 4156 1998 4209 de
2026 4161 2126 4211 tua

528 4252 912 4311 misericordia
948 4245 1354 4303 confidentibus
1392 4245 1706 4316 pepercisti,
1739 4245 1819 4298 ita
1851 4245 1988 4299 mihi
2016 4246 2122 4299 mi-

527 4361 653 4401 sero
682 4342 753 4397 ad
781 4347 837 4395 te
865 4338 1122 4409 fugienti,
1161 4340 1217 4388 et
1250 4338 1377 4404 post
1405 4338 1630 4404 peccata
1660 4350 1726 4387 ac
1753 4335 1962 4388 scelera
1999 4352 2126 4389 mea

2210 3183 2376 3253 hujus
2421 3184 2565 3237 sacri
2609 3185 2864 3254 mysterii
2912 3185 2982 3238 ad
3039 3186 3192 3256 quod
3233 3186 3452 3258 tepidus
3483 3189 3536 3238 et
3569 3180 3758 3254 pavidus

2210 3272 2429 3337 accedo,
2464 3289 2576 3326 non
2606 3272 2678 3326 ad
2719 3274 2994 3344 judicium
3035 3281 3091 3328 et
3137 3274 3213 3328 ad
3262 3273 3755 3330 condemnationem,

2209 3361 2306 3416 sed
2336 3361 2408 3415 ad
2428 3356 2816 3416 remissionem
2836 3369 3197 3434 peccatorum
3229 3369 3287 3418 et
3310 3364 3381 3418 ad
3409 3363 3629 3418 salutem
3650 3355 3755 3412 mihi

2211 3450 2500 3522 proveniat
2529 3451 2952 3521 sempiternam.

2283 3542 2437 3594 Item.
2473 3541 2576 3606 Ita,
2628 3541 2884 3607 Domine,
2930 3542 3193 3596 immensi
3239 3541 3490 3596 criminis
3537 3538 3626 3605 rei,
3655 3550 3756 3589 con-

2210 3629 2446 3683 scientia
2484 3635 2647 3696 teste,
2678 3631 3092 3698 confundimur,
3126 3638 3192 3686 ut
3235 3631 3306 3686 ad
3355 3630 3586 3684 officium
3627 3632 3757 3680 tuum

2209 3735 2310 3772 nec
2337 3719 2516 3772 securi
2546 3720 2822 3790 possimus
2866 3721 3073 3787 venire,
3115 3737 3220 3774 nec
3257 3720 3438 3774 liberi.
3470 3718 3593 3783 Quis
3637 3712 3755 3769 enim

2207 3824 2446 3878 pensans
2495 3815 2785 3878 peccatum
2815 3827 3001 3876 suum,
3046 3827 3160 3864 non
3190 3827 3252 3865 se
3282 3827 3315 3864 a
3347 3809 3479 3863 facie
3507 3814 3596 3861 tua
3631 3802 3756 3857 vellet

2206 3896 2563 3959 abscondere,
2608 3899 2656 3952 si
2683 3899 2878 3953 liceret
2915 3904 3087 3954 tantae
3127 3898 3439 3970 majestatis
3476 3895 3644 3951 oculos
3679 3891 3754 3944 de-

2206 3985 2434 4053 clinare,
2459 3987 2506 4040 si
2535 3990 2634 4041 aut
2661 4004 2928 4042 evasurus
2958 3989 3175 4056 lateret,
3209 3994 3312 4043 aut
3338 3987 3628 4042 occultatus
3654 3994 3752 4034 eva-

2207 4075 2365 4129 deret
2388 4094 2400 4142 ;
2433 4080 2533 4129 aut
2555 4077 2680 4146 quis
2704 4093 2814 4131 non
2840 4078 3018 4147 magis
3039 4078 3225 4131 videre
3252 4084 3309 4132 te
3331 4079 3567 4147 cuperet,
3590 4071 3630 4125 si
3648 4082 3750 4131 non,

2209 4165 2356 4235 quod
2383 4182 2510 4219 eum
2532 4172 2850 4236 peccantem
2871 4166 3160 4238 prospicis,
3187 4167 3313 4238 plus
3336 4162 3591 4220 timeret?
3614 4157 3749 4225 Ergo,

2208 4254 2340 4323 quia
2369 4259 2431 4309 tu
2457 4255 2663 4325 ubique
2684 4273 2785 4310 nos
2818 4256 3049 4322 invenis,
3075 4256 3145 4309 ad
3161 4261 3217 4310 te
3246 4253 3598 4325 confugimus,
3620 4258 3751 4318 quem

2207 4342 2400 4413 fugere
2431 4359 2719 4414 nunquam
2750 4344 3015 4398 valemus.
3048 4345 3245 4397 Restat
3274 4341 3487 4396 miseris
3515 4354 3615 4392 non
3636 4336 3748 4387 late-

527 4433 707 4489 multa
737 4427 958 4485 diabolo
983 4423 1369 4500 renuntianti,
1416 4427 1587 4516 atque
1624 4423 1695 4516 ad
1725 4428 1802 4516 te_
1823 4423 2123 4516 revertenti
2141 4431 2337 4516 Dbras
2361 4433 2717 4498 intervenire,
2751 4434 2846 4487 sed
2880 4433 3179 4504 lacpymas,
3215 4433 3420 4487 Foveat
3448 4420 3750 4516 indulgentia

527 4539 758 4596 Parcere
787 4526 845 4574 et
870 4516 1181 4585 indulgere:
1216 4517 1384 4583 atque
1409 4511 1480 4564 ad
1510 4509 1903 4565 celebrandum
1935 4506 2185 4582 inlini--
2208 4537 2347 4592 quos
2387 4524 2564 4574 terret
2613 4521 2844 4576 offensa.
2881 4521 3126 4575 Minatur
3155 4520 3422 4592 potentia,
3463 4515 3550 4571 sed
3577 4506 3751 4596 miserif

528 4594 680 4666 ctum
711 4609 955 4664 officium
982 4610 1218 4678 paterna
1247 4601 1454 4673 pietate
1485 4600 1719 4671 dignum
1749 4617 1839 4655 me
1861 4601 2042 4657 facere
2070 4607 2128 4657 et
2205 4609 2397 4664 cordia
2424 4610 2760 4665 consoletur.
2791 4612 2868 4665 Ex
2886 4616 2943 4665 te
2973 4616 3059 4665 est
3081 4610 3174 4682 qui
3202 4609 3354 4676 libet,
3387 4623 3484 4679 per
3500 4611 3551 4658 te
3577 4606 3649 4655 est
3674 4594 3749 4666 qui

528 4699 812 4770 suscipere
846 4694 1092 4768 digneris
1123 4698 1180 4748 et
1204 4692 1334 4747 licet
1359 4691 1735 4762 importunius
1773 4708 1941 4761 quam
1972 4709 2125 4746 com-
2207 4703 2450 4753 excuset.
2496 4699 2688 4767 Parce,
2737 4699 3092 4771 omnipotens
3134 4699 3322 4765 Pater,
3373 4701 3428 4751 et
3464 4708 3589 4764 quos
3626 4683 3746 4756 aspi-

526 4791 746 4860 peteret
789 4801 879 4838 me
920 4785 1218 4854 ingeram:
1253 4779 1532 4851 siquidem
1577 4778 1939 4834 interdictum
1986 4780 2125 4834 mihi
2206 4787 2285 4841 cis
2338 4789 2576 4843 humiles
2637 4805 2740 4860 per
2791 4794 3030 4856 reatum,
3093 4794 3306 4843 erectos
3355 4794 3628 4840 numerare
3675 4772 3746 4826 di-

527 4881 646 4930 tam
670 4875 874 4927 veteris
903 4887 1074 4943 quam
1101 4886 1256 4924 novae
1286 4868 1424 4939 legis
1452 4883 1690 4923 censura
1718 4868 1981 4938 ignorare
2010 4885 2124 4923 non
2203 4875 2394 4945 gneris
2445 4875 2504 4930 in
2541 4875 2852 4948 praemium,
2896 4882 2954 4931 et
3002 4893 3141 4948 quos
3192 4873 3457 4944 intelligis
3504 4884 3595 4941 per
3636 4877 3741 4917 con-

525 4964 720 5032 valeo;
753 4976 883 5016 cum
910 4966 967 5015 et
995 4959 1456 5013 exterminatores
1488 4957 1791 5028 impiorum
1821 4962 1988 5028 atque
2032 4975 2125 5013 cu-
2204 4963 2505 5019 fessionem
2559 4965 2814 5034 miseros,
2866 4981 2980 5020 non
3039 4964 3208 5020 facias
3265 4965 3324 5019 in
3386 4953 3742 5016 examinatione

528 5053 716 5110 stodes
745 5064 1034 5106 sacrorum
1071 5047 1335 5101 altarium
1366 5051 1593 5102 tuorum
1621 5047 1850 5118 angelos
1880 5065 2011 5103 vasa
2041 5047 2122 5102 in-
2203 5053 2484 5109 confusos.

526 5138 870 5198 terfectionis
906 5137 967 5192 in
1012 5135 1271 5190 manibus
1315 5143 1621 5207 gestantes,
1662 5137 1834 5192 sacris
1882 5139 2120 5194 oraculis
2274 5147 2410 5198 Item
2439 5147 2575 5199 alia.
2607 5144 2859 5211 Dimitte,
2890 5144 3060 5206 Deus.
3099 5140 3364 5215 quidquid
3394 5155 3489 5211 per
3512 5137 3738 5199 intempe-

524 5231 639 5288 tuis
659 5246 773 5286 non
791 5225 1134 5291 incredulus,
1156 5225 1328 5279 sciam
1348 5227 1575 5281 omnino
1596 5233 1898 5298 praesentes
1925 5233 2121 5300 ;capta
2200 5232 2445 5286 rantiam
2471 5233 2748 5288 mordacis
2775 5234 2981 5305 linguae
3021 5233 3232 5288 incauti
3259 5230 3368 5287 oris
3399 5225 3558 5282 nostri
3583 5223 3734 5305 incref

526 5330 717 5376 tamen
742 5320 858 5390 jam
889 5315 1020 5372 olim
1045 5313 1498 5386 prmsumptionis
1518 5316 1762 5385 quadam
1784 5317 1852 5371 de
1868 5321 1967 5372 tua
1988 5334 2120 5373 vera

526 5406 909 5464 misericordia
933 5403 1154 5470 ﬁducia,
1181 5401 1313 5473 quia
1341 5402 1552 5457 scilicet
1569 5421 1748 5475 usque
1769 5407 1937 5461 etiam
1970 5407 2119 5479 quod

523 5497 675 5553 istud
715 5512 824 5567 quo
855 5495 1197 5550 inveteratus
1227 5491 1445 5546 dierum
1477 5493 1753 5548 malorum
1783 5497 2026 5566 perveni,
2060 5503 2117 5552 te

522 5602 743 5658 semper
779 5584 1028 5652 irritans,
1069 5582 1309 5649 senium,
1342 5597 1433 5637 me
1488 5582 1700 5637 ultores
1735 5583 1816 5639 illi
1866 5591 2113 5653 tuarum,

2199 5322 2351 5392 patio
2376 5323 2680 5378 momordit
2707 5324 2764 5378 in
2784 5303 3056 5392 subditos,
3075 5321 3339 5394 quidquid
3367 5318 3537 5373 minus
3555 5312 3614 5366 de
3627 5303 3731 5362 boni

2199 5411 2540 5481 perfectione
2579 5413 2837 5469 diximus.
2880 5413 3054 5468 Parce
3101 5409 3364 5484 quidquid
3412 5407 3728 5472 incongruum

2198 5500 2283 5554 vel
2323 5501 2506 5556 minus
2546 5507 2854 5574 temperate
2889 5503 3246 5575 protulimus,
3294 5505 3353 5553 tu
3383 5498 3599 5566 ignosce.
3627 5485 3726 5540 Non

2189 5589 2488 5647 incautum
2514 5593 2858 5664 presumptio
2887 5593 3117 5664 puniat;
3148 5591 3244 5647 sed
3273 5586 3628 5659 agnoscentem
3654 5584 3725 5626 me
