3992 6166
261 247 399 305 1319

1143 245 1274 298 LIB.
1318 243 1409 298 DE
1449 241 1783 298 CORPORE
1823 239 1910 294 ET
1949 237 2318 294 SANGUINE
2355 237 2638 294 DOMINI.

3390 236 3528 296 1350

245 370 585 442 iniquitates
616 384 770 423 meas
810 368 983 441 pietas
1023 372 1130 422 tuae
1170 367 1546 422 miserationis
1583 365 1850 420 absolvat.
1872 364 1922 424 A
1941 363 2097 418 Inter
2126 363 2243 418 haec
2269 367 2399 426 tuae,
2431 363 2820 434 Omnipotens,
2865 362 3137 416 lihramen
3168 361 3389 433 pietatis
3419 362 3526 415 im-

248 460 325 515 Et
357 459 490 530 quia
516 475 630 514 non
656 457 795 512 mihi
823 456 957 511 alibi
978 462 1063 511 est
1084 456 1305 519 ﬁducia,
1329 457 1437 511 nisi
1457 457 1516 510 in
1548 457 1854 510 misericor-

246 548 348 602 dia
375 554 492 613 tua,
518 553 582 601 tu
604 553 659 602 et
686 563 746 602 os
778 563 966 601 meum
998 546 1276 618 praeconio
1290 545 1541 599 veritatis
1572 561 1670 615 per
1695 561 1856 598 arma

248 642 312 691 et
341 653 482 708 opus
532 636 773 706 plenioni
822 635 1081 689 ubertate
1111 635 1416 699 sanctiﬁca,
1445 640 1510 688 ut
1541 641 1596 688 et
1620 635 1852 705 (lignum

247 743 343 780 me
373 726 570 791 salves,
607 731 664 779 et
692 723 1053 779 commissum
1084 723 1220 776 mihi
1239 739 1465 793 gregem
1488 739 1586 793 pro
1617 729 1715 776 tua
1743 723 1856 793 pie-

248 821 372 870 tate
405 815 699 886 justiﬁces.
747 813 1031 883 Quidquid
1080 813 1136 866 in
1180 812 1290 865 illis
1331 813 1587 865 vitiatum
1626 811 1855 883 respicis

247 921 414 974 sana,
466 903 740 975 quidquid
786 903 843 956 in
889 919 980 956 me
1023 901 1283 955 vitiosum
1328 901 1556 972 inspicis
1606 918 1774 968 cura;
1807 901 1855 954 si

249 1010 426 1064 quam
452 993 590 1046 vitio
616 991 928 1063 tepiditatis
951 1007 1086 1045 mea:
1109 992 1192 1044 vel
1220 991 1435 1045 incuria
1462 995 1859 1044 contraxerunt

255 1083 346 1136 vel
385 1082 729 1136 contrahunt
776 1080 959 1134 labem
1010 1081 1238 1146 omitte;
1296 1081 1342 1133 si
1393 1097 1502 1150 quo
1541 1079 1728 1146 etiam,
1763 1096 1853 1133 me

251 1172 553 1242 ignorante
585 1171 669 1224 vel
717 1170 940 1240 cognito
971 1168 1281 1223 deciderint
1307 1169 1362 1222 in
1393 1169 1645 1232 crimine,
1681 1174 1850 1239 atque

246 1260 301 1314 si
327 1259 565 1330 exempli
616 1259 726 1312 mei
771 1258 1102 1312 offendiculo
1133 1257 1491 1328 provenerint
1520 1257 1577 1311 in
1607 1258 1848 1328 culpam,

247 1351 513 1420 ignosce;
546 1354 600 1403 et
631 1365 732 1419 pro
770 1348 948 1419 culpis
984 1347 1190 1401 talibus
1221 1347 1425 1400 misero
1455 1346 1591 1400 mihi
1622 1347 1852 1400 ultionis

250 1455 369 1493 non
399 1438 666 1492 restituas
699 1438 892 1491 vicem.
929 1437 1028 1490 His
1059 1442 1252 1490 tamen
1282 1435 1485 1507 quibus
1516 1435 1855 1506 increpatio-

249 1528 342 1582 nis
373 1528 524 1582 visus
561 1543 686 1580 sum
713 1525 978 1580 adhibere
993 1525 1290 1596 judicium,
1318 1531 1374 1579 et
1400 1525 1706 1596 increpatio
1734 1525 1855 1595 ipsa

250 1617 333 1672 eis
360 1615 617 1686 proﬁciat
644 1615 715 1669 ad
746 1614 1004 1681 salutem,
1052 1620 1109 1668 et
1144 1614 1323 1667 oratio
1348 1614 1462 1667 ham
1489 1614 1852 1684 interpellans

1939 453 2116 524 ploro,
2157 453 2317 522 cujus
2357 452 2586 506 ultionis
2622 452 2790 518 diem,
2825 456 3120 506 accusante
3167 451 3524 518 conscientia,

1936 543 2290 612 pertimesco,
2324 548 2387 594 ut
2425 557 2535 594 non
2566 541 2878 610 indignum,
2909 556 3115 610 quaeso,
3146 539 3529 594 misericordia

1936 636 2035 684 tua
2055 631 2291 700 judices.
2320 647 2486 699 quem
2529 646 2560 682 a
2597 635 2852 700 tempore
2900 628 3244 700 paxnitentiaa
3285 645 3397 682 non
3433 646 3528 683 ex-

1937 718 2131 772 cludis.
2163 720 2450 790 Suspende
2476 719 2734 778 securim.
2757 719 2933 773 donec
2952 718 3321 773 cultorvineaa
3341 719 3532 772 admo-

1935 812 2061 859 veat
2088 807 2350 861 cofﬁnum
2373 807 2632 861 stercoris
2651 807 3008 861 infructuosae
3037 806 3251 860 arboris
3281 807 3350 861 ad
3380 807 3534 862 radi-

1937 911 2076 949 cem.
2104 895 2274 950 Parce
2304 896 2464 965 mihi,
2486 896 2721 950 Domine
2746 893 3199 960 clementissime,
3216 896 3528 966 pcenitenti,

1940 983 2035 1053 qui
2061 984 2233 1038 David
2273 992 2399 1055 post
2440 985 2660 1055 lapsum
2690 985 2992 1038 clementer
3023 979 3091 1038 ad
3124 984 3342 1038 veniam
3373 1001 3532 1038 revo-

1938 1073 2074 1126 casti
2102 1091 2114 1138 ;
2150 1073 2244 1144 qui
2273 1074 2421 1126 Petri
2462 1073 2777 1127 misericors
2807 1091 2997 1127 amare
3033 1073 3220 1126 ﬂentis
3250 1074 3530 1143 lacrymas

1936 1160 2223 1230 respexisti
2240 1181 2254 1228 ;
2278 1161 2373 1230 qui
2401 1161 2674 1214 latronem
2702 1165 2760 1214 in
2785 1161 2962 1214 crucis
2995 1161 3242 1231 patibulo
3272 1160 3416 1214 tanti
3444 1160 3530 1214 ta-

1935 1248 2140 1302 cinoris
2171 1266 2328 1303 reum
2359 1249 2544 1302 divina
2593 1249 2776 1318 gratia
2821 1249 3132 1314 illustrasti,
3177 1249 3264 1302 cui
3294 1265 3420 1303 mox
3439 1248 3532 1303 ob-

1935 1337 2105 1390 tinuit
2133 1339 2406 1392 confessio
2434 1338 2724 1408 perspicue
2752 1337 2851 1391 Dei
2883 1337 3084 1390 Filium
3112 1354 3358 1402 cernere,
3393 1338 3531 1393 ﬁdes

1939 1427 2232 1496 premium
2289 1443 2456 1497 poma
2497 1426 2734 1490 veniam,
2788 1426 3038 1479 lamenta
3084 1427 3293 1495 gaudia
3333 1428 3532 1499 sempi-

1938 1519 2116 1580 terna,
2169 1515 2303 1568 dum
2359 1515 2643 1568 confessor
2683 1514 2742 1566 in
2789 1530 2971 1580 cruce,
2999 1531 3283 1584 possessor
3320 1516 3534 1570 exstitit

1936 1604 2183 1674 paradisi
2222 1608 2348 1674 post
2385 1620 2645 1670 crucem;
2692 1602 2789 1655 sed
2838 1602 2970 1672 quia
3007 1601 3172 1654 verba
3218 1603 3380 1656 venia
3424 1609 3533 1659 tuae

250 1705 550 1759 commisso
579 1721 673 1758 eos
713 1710 934 1758 revocet
967 1704 1036 1757 ab
1068 1720 1275 1769 errore,
1327 1710 1379 1757 et
1427 1720 1536 1758 non
1567 1703 1914 1774 perferantB
1935 1691 2160 1762 Pietatis
2185 1693 2456 1761 indigent.
2506 1709 2626 1762 qua:
2655 1691 2869 1760 indigni
2900 1691 3197 1744 sacerdOtii
3227 1707 3396 1762 Opera
3423 1707 3536 1746 non

250 1800 531 1848 ωηειεεοε
559 1793 857 1859 cruciatus,
891 1791 1095 1864 quibus
1125 1799 1319 1864 ιηροιε
1366 1793 1630 1846 mox-tales
1668 1793 1848 1864 pmni-
1933 1782 2348 1845 commendant,
2383 1781 2582 1834 saltem
2613 1779 2918 1833 astantium
2956 1786 3084 1833 vota
3123 1780 3360 1851 suscipe,
3392 1786 3457 1834 ut
3481 1785 3537 1835 et.

207 1865 212 1868 I
251 1883 443 1937 tentias
469 1882 769 1936 indiximus
792 1883 962 1952 leges,
995 1899 1104 1953 quo
1135 1888 1505 1952 utrorumque
1537 1883 1846 1936 incommo-
1932 1868 2070 1922 mihi
2101 1869 2215 1923 δαῖε
2237 1870 2384 1941 “PHd
2408 1876 2462 1923 te
2486 1868 2742 1941 PPBCibUS
2767 1868 3077 1931 νεηίᾶῐϊινθῐ
3102 1885 3295 1922 eorum
3319 1869 3535 1923 meritis

251 1971 338 2024 dis
371 1988 623 2042 parcens,
641 1977 698 2025 et
717 1970 1340 2042 illoruminiquitatibus
1361 1970 1576 2025 tribuas
1603 1971 1844 2037 veniam,

252 2065 310 2114 et
341 2077 524 2114 meam
560 2061 756 2114 abluas
786 2060 1197 2114 contractandae
1227 2060 1456 2130 regendi
1487 2060 1854 2114 incommodi-

249 2149 388 2202 tatis
431 2149 718 2202 offensam.
768 2147 979 2213 Praebe,
1014 2149 1181 2213 Deus,
1214 2166 1408 2202 aurem
1440 2149 1726 2203 sacriﬁciis
1751 2167 1852 2203 no-

250 2237 406 2301 stris,
436 2254 526 2291 me
557 2237 812 2308 mihique
833 2238 1156 2292 commissos
1183 2239 1296 2291 tuis
1323 2238 1606 2292 ascribein
1637 2239 1854 2309 paginis

252 2343 365 2398 quo
397 2344 524 2381 cum
551 2343 721 2396 grege
751 2326 890 2380 mihi
919 2327 1148 2392 credito,
1186 2332 1243 2380 et
1271 2344 1304 2380 a
1333 2333 1530 2381 cuncto
1560 2327 1719 2381 eluar
1746 2327 1856 2380 cri-

249 2415 424 2479 mine,
457 2421 512 2469 et
537 2415 607 2469 ad
646 2422 702 2470 te
728 2432 947 2469 merear
975 2415 1264 2486 pervenire
1302 2416 1361 2469 in
1403 2433 1556 2486 pace.
1587 2417 1855 2470 Pacatum

250 2504 442 2570 redde,
476 2505 645 2568 Deus,
678 2511 1001 2559 nostrorum
1033 2505 1284 2558 cordium
1324 2504 1728 2570 habitaculum,
1765 2521 1854 2558 ex-

251 2594 512 2664 pulsione
541 2594 853 2648 carnalium
885 2593 1168 2653 vitiorum,
1200 2599 1261 2647 et
1290 2594 1386 2664 qui
1418 2593 1475 2646 in
1501 2593 1738 2646 subditis
1767 2611 1855 2647 co-

254 2699 359 2736 nor
381 2684 501 2753 jam
532 2699 811 2737 summam
841 2699 1096 2736 exercere
1137 2683 1430 2745 virtutum,
1463 2683 1674 2752 pacatis
1701 2699 1855 2737 men-

253 2772 394 2825 tium
436 2789 844 2843 corporumque
883 2772 1271 2837 incommodis,
1310 2771 1571 2842 paciﬁcus
1611 2789 1849 2836 merear,

255 2866 310 2914 te
329 2861 640 2930 judicante,
682 2862 936 2916 coronari
983 2878 1108 2915 cum
1140 2861 1373 2931 angelis.
1406 2861 1512 2915 Fac
1541 2878 1673 2930 ergo
1705 2861 1853 2932 quod

254 2966 376 3013 nos,
433 2951 602 3016 Deus,
649 2951 1003 3021 aspicientes,
1037 2951 1094 3004 in
1133 2957 1432 3021 conspectu
1461 2957 1558 3004 tuo
1598 2951 1854 3004 ﬂamme-

1930 1957 2204 2010 sacriﬁcia
2232 1964 2553 2012 nostrorum
2577 1958 2870 2010 vulnerum
2898 1955 3202 2009 salubriter
3222 1955 3381 2010 nobis
3408 1973 3536 2011 con-

1937 2046 2121 2100 ferant
2151 2047 2502 2112 medicinam,
2531 2052 2594 2100 ut
2609 2046 2740 2116 quia
2757 2045 3123 2115 Omnipotens
3153 2061 3252 2115 pro
3275 2045 3535 2099 omnibus

1935 2135 2115 2188 factus
2142 2141 2227 2189 est
2253 2136 2436 2189 hostia
2456 2152 2556 2206 pro
2578 2135 2836 2206 peccatis,
2855 2135 3002 2187 adsis
3029 2133 3188 2186 nobis
3204 2133 3534 2188 sacriﬁcatio

1936 2224 1994 2277 in
2030 2223 2299 2278 sacriﬁcio
2350 2242 2448 2295 pro
2491 2224 2728 2289 delictis,
2771 2224 2994 2277 Christe
3036 2224 3289 2276 Salvator
3317 2223 3529 2290 mundi,

1937 2313 2032 2383 qui
2087 2330 2213 2368 cum
2259 2314 2426 2366 Patre
2472 2319 2528 2367 et
2571 2312 2782 2384 Spiritu
2821 2316 3014 2366 sancto
3052 2311 3189 2364 vivis
3235 2316 3291 2365 et
3331 2329 3534 2382 regnas

1936 2403 2085 2456 Deus
2106 2419 2205 2474 per
2234 2403 2422 2457 omnia
2443 2401 2643 2456 saecula
2672 2401 3027 2457 saeculorum.
3065 2402 3267 2458 Amen.

1937 2553 2019 2615 Iu_
2044 2551 2216 2602 veleri
2253 2551 2441 2615 codice
2478 2550 2721 2615 Major-2's
2749 2550 3097 2609 Monasterii,
3122 2549 3196 2602 ad
3226 2549 3537 2615 calccmﬂ-

2000 2613 2091 2684 bri
2114 2614 2410 2684 Paschasiz’
2436 2615 2510 2684 ‘dc
2551 2613 2777 2684 corpore
2803 2616 2856 2684 et
2873 2616 3152 2684 sanguine
3174 2614 3401 2684 Domitii
3424 2613 3536 2666 hac

2321 2678 2521 2738 oratio,
2548 2675 2668 2742 qua}
2692 2676 2754 2728 in
2797 2675 3084 2742 aliguzbus
3116 2675 3287 2728 editis
3314 2677 3363 2728 ei
3387 2687 3531 2739 pm-

2128 2753 2148 2789 ι
2253 2776 2262 2786 .

2128 2753 2262 2789 παν.

2009 2864 2264 2926 Domine,
2316 2865 2446 2918 Jesu
2495 2865 2732 2929 Christe,
2767 2866 2864 2936 qui
2907 2857 2971 2919 ex
3011 2866 3297 2920 voluntate
3324 2864 3530 2930 Patris,

1937 2958 2271 3022 cooperante
2297 2953 2509 3023 Spiritu
2524 2959 2734 3021 sancto,
2751 2954 2988 3007 formam
3015 2955 3161 3007 servi
3190 2953 3534 3024 accepisti,et

259 3045 495 3105 scentes,
534 3045 643 3094 tuae
671 3039 868 3109 gratiae
914 3040 1060 3093 dono
1098 3040 1246 3093 zelus
1278 3046 1388 3093 tuae
1418 3039 1617 3093 domus
1643 3057 1745 3093 nos
1772 3056 1915 3123 co-C
1940 3058 2040 3111 per
2067 3057 2284 3095 crucem
2317 3047 2374 3095 et
2404 3042 2720 3112 passionem
2770 3048 2925 3096 tuam
2965 3043 3274 3096 secundum
3306 3057 3535 3096 carnem

257 3127 466 3193 medat,
491 3133 659 3198 atque
680 3128 760 3182 ita
788 3145 888 3200 per
911 3129 1157 3198 vigorem
1190 3129 1367 3182 sancti
1393 3129 1634 3199 Spiritus
1663 3145 1857 3198 regen-

256 3223 348 3270 tes
395 3216 649 3272 subditos
695 3224 1093 3288 temperemus,
1143 3223 1206 3270 ut
1253 3223 1309 3271 et
1337 3217 1644 3288 disciplinis
1678 3218 1854 3270 nostri

257 3306 549 3376 regiminis
581 3305 871 3361 obtineant
890 3306 1130 3371 lucrum,
1156 3311 1212 3360 et
1232 3307 1454 3360 illorum
1475 3306 1683 3360 duritia
1707 3306 1854 3359 fran-

256 3399 444 3465 gatur,
477 3411 541 3448 ac
586 3395 699 3449 vita
729 3395 1129 3449 fructiﬁcetur:
1155 3394 1403 3465 Suscipe,
1431 3394 1666 3448 Domine
1698 3400 1852 3448 voto-

259 3501 384 3538 rum
411 3489 732 3538 nostrorum
775 3483 1062 3542 libamina.
1106 3489 1168 3538 ut
1214 3500 1313 3554 per
1356 3483 1472 3536 haec
1495 3483 1766 3554 quidquid
1799 3483 1856 3536 in

259 3572 512 3627 subditos
555 3573 914 3627 correctionis
940 3572 1104 3627 verbo
1139 3573 1220 3626 vel
1249 3572 1448 3626 merito
1479 3571 1855 3643 impertimur,

259 3679 370 3717 non
401 3662 472 3716 ad
503 3662 835 3717 discordiam
866 3661 1060 3728 nostri,
1086 3662 1184 3716 sed
1213 3661 1283 3716 ad
1314 3667 1647 3733 perpetuum
1677 3661 1861 3716 dulce-

261 3751 408 3805 dinis
448 3751 718 3821 gaudium
769 3751 930 3806 nobis
976 3757 1032 3805 et
1078 3751 1186 3805 illis
1230 3751 1527 3821 profecisse
1574 3751 1852 3809 laetemur.

259 3840 498 3894 Absolve
551 3857 674 3909 nos,
715 3841 882 3906 Deus,
937 3845 992 3894 et
1041 3840 1223 3894 alieno
1287 3846 1343 3894 et
1394 3845 1584 3894 nostro
1636 3839 1856 3908 delicto,

263 3934 325 3983 ut
364 3929 421 3984 in
480 3935 720 4000 utroque
773 3928 1082 4000 spiritualis
1131 3928 1327 3998 gratiae
1375 3927 1733 3983 efﬁcientiam
1765 3946 1861 3984 cu-

261 4017 498 4088 pientes,
548 4018 863 4072 ﬁducialius
903 4022 1000 4072 tuo
1050 4017 1265 4072 nomini
1311 4017 1710 4089 supplicemur.
1750 4017 1859 4073 Per

263 4107 586 4162 Dominum.

337 4199 498 4256 Item.
548 4198 793 4269 Impellit
824 4197 1182 4253 ministrandi
1213 4196 1460 4251 ofﬁcium
1501 4197 1683 4251 hostia
1712 4198 1857 4252 salu-

1939 3130 2245 3195 moriendo,
2277 3131 2660 3196 centesimam,
2688 3147 2811 3201 qua:
2831 3131 3094 3202 perierat,
3114 3148 3292 3195 ovem,
3321 3130 3539 3184 devicta

1938 3225 2134 3284 morte,
2172 3235 2472 3289 resurgens
2497 3220 2567 3273 ad
2588 3220 2714 3275 vita;
2735 3237 2942 3290 pascua
2961 3219 3292 3290 reportasti;
3329 3219 3540 3272 munda

1935 3325 2026 3362 me
2066 3314 2163 3361 tua
2211 3309 2612 3375 misericordia,
2656 3326 2824 3380 quem
2865 3310 3031 3379 hujus
3070 3309 3215 3362 tanti
3256 3308 3534 3378 mysterii,

1939 3413 2049 3450 non
2094 3397 2362 3450 electione
2393 3397 2597 3459 meriti,
2631 3399 2729 3451 sed
2768 3398 2914 3451 dono
2951 3398 3146 3467 gratiae
3189 3403 3298 3451 tua:
3340 3396 3538 3450 minis-

1940 3491 2092 3539 trum
2123 3485 2372 3552 effecisti,
2404 3485 2474 3538 ab
2517 3485 2670 3539 omni
2718 3486 2882 3539 sorde
2931 3485 3226 3551 vitiorum;
3261 3490 3540 3555 quatenus

1941 3575 2012 3628 ad
2072 3574 2312 3628 salutem
2364 3563 2566 3628 animae
2617 3574 2861 3628 mundus
2897 3571 3200 3643 percipiam
3253 3588 3540 3627 sacrosan-

1943 3670 2094 3718 ctum
2125 3680 2327 3733 corpus
2356 3669 2412 3717 et
2429 3664 2758 3732 sanguinem
2789 3668 2971 3727 tuum,
3004 3678 3114 3732 quo
3144 3661 3452 3714 viviﬁcatus
3480 3661 3538 3714 in

1943 3753 2034 3806 die
2067 3751 2263 3823 judicii
2294 3758 2532 3822 partem,
2565 3751 2741 3806 beatae
2779 3751 3202 3806 resurrectionis
3231 3748 3536 3815 obtineam,

1944 3847 2000 3895 et
2027 3841 2130 3895 tibi
2158 3857 2286 3894 cum
2335 3840 2540 3895 sanctis
2573 3841 2810 3910 gloriam
2846 3840 2902 3894 in
2944 3845 3154 3894 aeterna
3200 3836 3392 3892 latitia
3418 3836 3540 3891 sine

1942 3932 2053 3984 ﬁne
2083 3929 2396 3984 decantem.
2422 3931 2620 3984 Amen.
2656 3929 2990 3984 Benedictus
3021 3929 3188 3982 Deus.

1939 4074 2008 4124 In
2032 4071 2219 4138 codice
2235 4083 2366 4138 gero
2383 4069 2691 4138 Coa'ociensi
2708 4069 2916 4138 legitur
2929 4070 3040 4138 hqc
3054 4067 3234 4138 oratio
3248 4065 3542 4138 Raschasii

2123 4133 2393 4187 Radberti
2413 4136 2538 4186 ante
2555 4131 2953 4198 perceptionem
2963 4131 3350 4185 Eucharistia.

263 4286 402 4340 taris
427 4287 619 4358 populi
647 4304 747 4359 pro
776 4287 996 4342 delicto.
1029 4289 1227 4342 Terret
1253 4287 1594 4340 conscientia
1621 4286 1856 4342 indebiti
1877 4312 1925 4370 ο
2019 4287 2077 4341 Si
2100 4285 2261 4340 nobis
2306 4286 2410 4339 hoc
2445 4290 2862 4340 sacramentum
2905 4290 3086 4348 tuum,
3129 4283 3366 4338 Domine
3411 4282 3545 4336 Jesu

265 4376 566 4431 sacerdotii
601 4394 702 4447 pro
746 4383 928 4444 reatu,
957 4378 1004 4431 si
1043 4394 1077 4430 a
1114 4393 1204 4431 me
1235 4376 1485 4431 omnium
1513 4377 1866 4434 sacerdotum
1953 4376 2191 4438 Christe,
2216 4375 2291 4429 sit
2319 4376 2389 4429 ad
2410 4376 2796 4430 remissionem
2818 4381 3196 4447 peccatorum.
3229 4373 3353 4427 Fiat
3382 4371 3542 4425 nobis

264 4465 582 4538 peripsema
601 4467 936 4522 sacriﬁcium
963 4467 1248 4530 offeratur,
1272 4467 1497 4537 polluta}
1514 4466 1867 4522 conscientiae
1951 4466 2067 4520 haec
2090 4465 2441 4519 Eucharistia
2479 4466 2550 4519 ad
2588 4466 2778 4533 vitam,
2827 4471 2885 4519 et
2911 4465 3120 4518 viscera
3144 4460 3540 4516 misericordiae

265 4557 478 4610 crimen
528 4562 804 4627 augetur;
839 4557 886 4611 si
929 4561 1099 4611 tantae
1127 4555 1720 4626 majestati,universze
1749 4573 1867 4610 car-
1949 4560 2006 4609 et
2055 4555 2294 4625 gratiam
2352 4554 2568 4623 salutis,
2625 4555 3036 4625 sanitatemque
3083 4551 3401 4606 animarum
3447 4564 3546 4604 no-

265 4645 350 4701 nis
369 4645 672 4716 judicinon
693 4647 943 4715 offertur,
958 4645 1312 4718 negligentiae
1330 4651 1519 4701 reatus
1545 4644 1859 4701 ascribitur.
1947 4649 2212 4699 strarum.
2240 4645 2440 4698 Amen.
