3992 6166
393 225 522 282 1351

1158 218 1213 273 S.
1260 206 1641 277 PASCHASII
1678 210 2038 269 RADBERTI
2075 208 2380 266 ABBA'I‘IS
2417 206 2907 265 CORBEIENSIS.

3528 206 3673 266 1352

390 335 3657 374 W

931 455 1083 576 Β.
1143 444 2130 574 PASCHASII
2193 444 3129 639 BADBEB'I'I

1504 752 1507 753 ν
1575 655 1911 717 ΑΒΒΑΤ18
1957 652 2475 715 CORBEIENSIS

580 832 1165 1023 EPISTOLA
1238 831 1393 1017 DE
1469 827 2033 1014 CORPORE
2108 827 2257 1011 ET
2343 823 2915 1011 SANGUINE
2999 818 3466 1010 lllllllNI.

1550 1137 1682 1210 AD
1740 1132 2490 1210 FRUDEGARDUM.

1303 1290 1491 1356 (Juxta
1518 1288 1824 1343 editionem
1852 1284 2043 1342 Jacobi
2075 1285 2382 1353 Sirmondi,
2410 1301 2540 1357 pag.
2571 1284 2754 1349 1619.)

467 1526 840 1581 Dilectissimo
878 1524 1039 1579 fratri
1084 1530 1138 1578 et
1185 1522 1553 1579 commilitoni
1594 1523 1989 1587 Faunaosano,
2009 1522 2063 1581 A
2080 1526 2134 1575 et
2160 1525 2369 1574 aeterno
2386 1517 2559 1572 vitam
2579 1519 2873 1588 praestaret
2890 1520 3158 1570 aeternam
3188 1509 3595 1583 accipientibus
3614 1526 3685 1564 se

402 1615 752 1669 PASCHASIUS
797 1630 971 1668 senex
1019 1620 1151 1668 tuus
1189 1618 1247 1667 et
1287 1612 1689 1666 Monachorum
1740 1609 1994 1665 omnium

400 1702 741 1773 peripsema,
771 1702 1070 1773 plurimam
1095 1707 1153 1755 et
1178 1701 1582 1772 sempiternam
1614 1700 1875 1753 salutem.

467 1791 735 1846 Perlectis
765 1789 968 1845 litteris
995 1790 1261 1856 tuis,cum
1290 1806 1595 1860 occuparer
1622 1788 1997 1859 quorumdam

399 1879 686 1950 hospitum
725 1879 986 1949 negotiis,
1038 1878 1271 1932 minime
1321 1878 1478 1949 potui
1530 1877 1837 1948 adimplere
1876 1892 1999 1946 quae

402 1966 712 2024 mandasti.
752 1968 1041 2022 Interdum
1077 1973 1269 2021 tamen
1297 1972 1395 2021 tuo
1425 1965 1672 2037 repletus
1698 1981 1911 2028 amore,
1944 1969 2001 2018 et

396 2055 716 2110 litterarum
746 2061 973 2110 tuarum
1003 2055 1337 2121 dulcedime,
1367 2054 1612 2125 cogitare
1640 2070 1753 2108 non
1782 2051 1996 2118 distuli,

401 2144 534 2214 quia
562 2144 838 2199 librorum
880 2144 1037 2199 nulla
1082 2143 1371 2198 nobiscum
1404 2159 1534 2214 pars
1564 2149 1668 2208 est,
1709 2143 1768 2196 in
1797 2140 2001 2213 quibus

396 2231 703 2287 invenirem
727 2233 875 2304 quod
898 2233 1235 2304 requiris,ut
1258 2232 1655 2302 responderem
1676 2231 1765 2286 cui
1789 2246 1996 2300 negare

397 2336 511 2375 non
540 2338 789 2392 possum,
823 2338 948 2392 quae
979 2321 1174 2392 exigis,
1194 2320 1363 2375 etiam
1391 2321 1436 2375 si
1452 2320 1759 2391 adimplere
1779 2335 1996 2390 nequeo

396 2410 666 2480 injungis.
698 2410 914 2473 Quaeris
944 2411 1093 2464 enim
1124 2410 1192 2463 de
1221 2426 1281 2463 re
1313 2427 1377 2464 ex
1399 2426 1511 2480 qua
1528 2408 1689 2463 multi
1714 2407 1995 2464 dubitant.

399 2498 579 2563 Quam
615 2498 664 2552 si
702 2498 845 2553 forte
877 2499 947 2552 ad
986 2499 1214 2569 plenum
1264 2513 1376 2552 non
1411 2498 1753 2569 intelligunt,
1802 2497 1998 2568 utique

396 2587 626 2642 credere
646 2587 958 2641 debuerant
985 2587 1154 2641 verba
1187 2587 1515 2652 Salvatoris,
1563 2587 1660 2657 qui
1690 2602 1804 2640 non
1835 2600 1998 2639 men-

395 2676 538 2731 titur
564 2691 729 2731 verax
750 2678 918 2743 Deus,
941 2692 1069 2731 cum
1089 2676 1204 2730 ait:
1231 2677 1358 2731 Nisi
1377 2678 1848 2730 manducavcritis
1870 2690 2001 2728 car-

403 2782 525 2822 nem
556 2769 666 2834 ﬁlii
693 2768 953 2831 hominis,
995 2771 1043 2819 et
1078 2767 1326 2819 biberitis
1355 2768 1471 2833 ejus
1495 2768 1847 2831 sanguinem,
1887 2778 1999 2817 non

2076 1609 2137 1663 in
2166 1609 2427 1663 salutem.
2453 1606 2732 1672 Quoniam
2750 1611 2816 1659 ut
2834 1604 2955 1675 ipse
2973 1604 3054 1657 ait
3078 1621 3089 1656 :
3116 1604 3225 1670 Qui
3239 1617 3353 1655 non
3372 1601 3684 1653 manduca:

2079 1699 2224 1751 hanc
2241 1713 2485 1761 carnem,
2506 1712 2677 1765 neque
2696 1697 2828 1749 bibit
2847 1694 2997 1748 hunc
3014 1693 3367 1759 sanguinem,
3393 1705 3507 1742 non
3523 1689 3685 1741 habet

2080 1790 2255 1840 vitam
2286 1791 2546 1840 ztcrnam
2572 1788 2635 1838 in
2660 1800 2713 1838 sc
2742 1787 3075 1837 manentem.
3110 1780 3179 1834 Et
3205 1779 3332 1833 ideo
3358 1792 3686 1832 sacramen-

2083 1880 2204 1931 tum
2245 1874 2393 1947 quod
2433 1874 2605 1928 vitam
2644 1871 2864 1938 tribuit,
2905 1871 2965 1924 in
3003 1886 3065 1924 se
3109 1868 3280 1922 habet
3303 1867 3454 1938 quod
3483 1866 3688 1920 tribuit

2083 1965 2250 2036 digne
2284 1962 2686 2035 accipientibus
2732 1978 2811 2027 se,
2854 1964 2911 2014 et
2952 1958 3068 2013 vita
3096 1957 3155 2012 in
3184 1974 3250 2011 eo
3280 1964 3366 2011 est
3391 1972 3522 2010 caro
3552 1970 3684 2009 vere

2083 2054 2339 2117 viventis,
2381 2058 2437 2106 et
2482 2051 2710 2121 sanguis
2738 2050 2797 2105 in
2843 2065 2954 2120 quo
2994 2064 3122 2102 vere
3166 2046 3280 2100 vita
3317 2051 3533 2100 aeterna
3571 2049 3679 2098 est.

2082 2143 2243 2208 Quod
2271 2142 2409 2196 dicis
2434 2146 2490 2196 te
2520 2140 2600 2195 sic
2627 2144 2797 2193 antea
2820 2136 3140 2202 credidisse,
3163 2142 3216 2189 et
3247 2134 3306 2188 in
3334 2133 3525 2188 libello
3554 2149 3682 2187 meo

2082 2248 2247 2302 quem
2279 2231 2350 2284 de
2373 2227 2740 2284 sacramentis
2754 2227 2890 2282 editi
2916 2226 2999 2280 ita
3024 2225 3254 2295 legisse;
3274 2222 3371 2277 sed
3400 2220 3687 2294 proﬁteris

2079 2326 2274 2392 postea
2298 2325 2354 2374 te
2381 2319 2440 2373 in
2463 2317 2606 2372 libro
2626 2316 2794 2371 tertio
2819 2316 2887 2370 de
2906 2314 3157 2369 doctrina
3187 2311 3510 2367 Christiana
3528 2310 3683 2365 beati

2079 2408 2378 2479 Augustini
2402 2407 2623 2478 legisse,
2655 2405 2803 2477 quod
2827 2404 3043 2476 tr0pica
3056 2400 3264 2457 locutio
3280 2401 3372 2466 sit,
3394 2406 3462 2454 ut
3478 2415 3684 2471 corpus

2081 2496 2290 2552 Christi
2314 2502 2370 2551 et
2385 2495 2613 2566 sanguis
2641 2511 2763 2549 esse
2789 2494 3025 2548 dicatur.
3050 2491 3212 2556 Quod
3241 2490 3290 2545 si
3317 2489 3565 2560 ﬁgurata
3596 2488 3682 2542 lo-

2081 2586 2231 2642 cutio
2259 2591 2363 2651 est,
2409 2591 2466 2639 et
2506 2584 2733 2638 schema
2764 2582 2949 2653 potius
2996 2596 3170 2653 quam
3196 2579 3423 2642 veritas,
3467 2577 3681 2644 nescio,

2082 2675 2287 2747 inquis,
2304 2673 2547 2744 qualiter
2569 2672 2708 2726 illud
2732 2687 2954 2726 sumere
2974 2668 3229 2723 debeam.
3248 2667 3462 2723 Deinde
3490 2666 3684 2720 addis:

2085 2765 2153 2818 Et
2181 2763 2230 2817 si
2260 2762 2485 2817 credam
2524 2761 2711 2832 ipsum
2757 2776 2879 2815 esse
2908 2758 3055 2831 quod
3088 2756 3391 2828 assumpsit
3409 2772 3477 2810 ex
3504 2754 3690 2809 Maria

322 2868 329 2875 ‘
397 2856 843 2910 habebitisvitam
857 2858 919 2909 in
932 2857 1078 2908 vobis
1092 2854 1571 2908 mancntcmﬂaro
1583 2856 1733 2906 enim
1748 2837 2063 2907 meavech
2081 2852 2296 2923 virgine
2323 2850 2593 2922 genitrice
2622 2865 2745 2912 sua,
2790 2865 2821 2903 e
2860 2847 3142 2902 contrario
3170 2846 3341 2900 etiam
3372 2845 3492 2916 ipse
3521 2860 3688 2915 egre-

396 2949 473 2999 est
497 2947 668 3009 cibus,
697 2949 745 3001 et
774 2946 1005 3011 sanguis
1048 2958 1202 2995 meus
1229 2958 1348 2995 vero
1377 2947 1451 2995 est
1477 2946 1635 3010 potus
1668 2943 1844 3003 (Joan.
1876 2943 1952 3007 v1)
1980 2960 1994 3007 ;

396 3037 455 3086 et
480 3032 552 3086 ad
579 3031 901 3101 discipulos,
938 3046 1065 3083 cum
1094 3044 1300 3099 panem
1345 3028 1659 3100 porrigeret
1689 3045 1701 3082 :
1731 3028 1991 3097 Accipite,

398 3118 481 3172 ait
508 3136 520 3171 :
557 3119 654 3171 hoc
680 3124 762 3171 est
789 3134 984 3184 corpus
1011 3132 1195 3169 meum
1226 3117 1369 3185 quod
1405 3132 1509 3185 pro
1536 3118 1682 3170 vobis
1721 3118 1991 3170 tradetur.

399 3205 674 3260 Similiter
716 3211 773 3258 et
814 3205 884 3258 de
927 3204 1098 3258 calice
1130 3222 1143 3256 :
1181 3206 1354 3258 Bibite
1385 3222 1450 3258 ea:
1483 3206 1581 3259 hoc
1605 3220 1808 3269 omnes,
1862 3208 1996 3273 quia

397 3295 487 3348 hic
513 3298 589 3348 est
612 3296 841 3362 sanguis
861 3294 999 3348 Novi
1033 3294 1380 3359 Tcstamenti,
1403 3296 1503 3362 qui
1526 3310 1630 3363 pro
1655 3295 1804 3347 vobis
1824 3300 1874 3348 et
1897 3310 1997 3363 pro

398 3385 595 3437 multis
617 3384 930 3449 effundatur
957 3384 1021 3436 in
1050 3384 1429 3436 remissionem
1454 3387 1821 3451 peccatorum.
1852 3383 1998 3453 Ergo

399 3486 529 3526 cum
556 3471 637 3525 ait
667 3488 679 3524 :
713 3473 810 3525 hoc
844 3476 919 3525 est
949 3487 1144 3540 corpus
1178 3488 1383 3537 meum,
1436 3471 1520 3524 vel
1558 3488 1687 3526 caro
1726 3488 1870 3539 mea,
1899 3489 1999 3527 seu

398 3560 490 3615 hic
516 3565 594 3614 est
622 3564 852 3629 sanguis
900 3576 1071 3625 meus,
1114 3576 1227 3614 non
1271 3559 1439 3614 aliam
1483 3564 1619 3631 puto
1659 3560 1994 3629 insinuasse,

402 3664 571 3721 quam
602 3649 887 3721 propriam
935 3654 993 3703 et
1017 3665 1140 3720 quas
1169 3654 1303 3703 nata
1328 3654 1413 3703 est
1441 3649 1511 3703 de
1540 3649 1718 3704 Maria
1745 3649 1995 3721 Virgine,

398 3744 456 3794 et
484 3739 752 3811 pependit
774 3740 832 3793 in
850 3753 1033 3804 cruce,
1064 3754 1248 3809 neque
1266 3738 1597 3809 sanguinem
1626 3738 1801 3792 alium
1831 3755 1999 3810 quam

399 3826 496 3903 qui
523 3826 787 3897 profusus
823 3831 909 3881 est
946 3827 1003 3880 in
1045 3842 1209 3881 cruce
1250 3832 1308 3880 et
1335 3832 1472 3880 tunc
1509 3832 1630 3881 erat
1669 3827 1726 3881 in
1773 3828 1999 3898 proprio

398 3931 649 3987 corpore.
683 3916 860 3970 Nemo
885 3916 1060 3986 igitur
1096 3915 1193 3987 qui
1223 3932 1358 3970 sane
1387 3916 1551 3987 sapit,
1600 3915 1780 3970 credit
1801 3917 1994 3971 Iesum

2078 2942 2206 3013 gius
2235 2941 2430 2995 doctor
2460 2939 2565 2993 hoc
2594 2954 2863 3008 magnum
2907 2935 3123 2990 facinus
3175 2950 3297 2989 esse
3347 2933 3683 3004 proclamat.

2080 3030 2241 3095 Quod
2270 3045 2404 3084 sane
2432 3027 2663 3093 dictum,
2710 3026 2941 3080 horrore
2984 3021 3415 3095 percipientibus
3442 3022 3690 3076 nimium

2079 3120 2300 3174 videtur
2324 3118 2594 3184 incutere,
2626 3116 2673 3170 si
2702 3132 2814 3170 non
2842 3113 3075 3185 credant
3101 3112 3237 3167 illud
3269 3128 3390 3167 esse
3420 3112 3477 3165 in
3502 3128 3690 3165 sacra-

2082 3215 2291 3273 mento,
2333 3206 2482 3279 quod
2528 3205 2735 3259 veritas
2790 3221 2911 3258 esse
2940 3207 3184 3257 testatur
3212 3202 3267 3256 in
3296 3206 3513 3272 aperto.
3547 3200 3620 3254 Et
3643 3200 3693 3253 si

2082 3296 2427 3352 crediderint
2452 3296 2558 3349 hoc
2587 3294 2668 3348 ita
2693 3310 2814 3347 esse
2839 3298 2905 3346 ut
2935 3291 3163 3363 quidam
3191 3290 3447 3356 credunt,
3478 3288 3693 3343 nihilo-

2083 3385 2269 3439 minus
2298 3384 2435 3440 illud
2466 3384 2763 3438 incurrunt
2801 3381 3038 3447 facinus,
3088 3396 3154 3434 eo
3194 3379 3343 3451 quod
3388 3377 3532 3432 falso
3572 3395 3693 3432 cre-

2081 3475 2242 3541 dunt,
2276 3474 2408 3545 quia
2456 3473 2537 3527 sic
2572 3472 2783 3526 dictum
2818 3475 2905 3525 est
2937 3474 3003 3523 ut
3039 3468 3122 3523 fas
3164 3468 3238 3522 sit
3266 3484 3395 3522 eum
3425 3465 3692 3521 dentibus

2081 3563 2286 3617 vorari.
2330 3563 2490 3618 Unde
2532 3561 2749 3616 facinus
2778 3577 2900 3614 esse
2928 3559 2975 3614 si
3015 3557 3208 3613 credat
3248 3558 3394 3628 quis,
3428 3556 3576 3611 sicut
3608 3555 3692 3611 illi

2071 3657 2219 3707 \tunc
2248 3652 2610 3706 crediderunt
2641 3648 2845 3721 quibus
2873 3647 3095 3702 dicebat
3124 3669 3136 3703 :
3168 3648 3293 3703 Nisi
3320 3647 3693 3701 manducare-

2086 3744 2214 3795 ritis
2242 3757 2467 3795 carnem
2495 3742 2607 3807 ﬁlii
2641 3740 2917 3805 hominis;
2955 3742 3013 3791 et
3040 3752 3151 3790 non
3181 3740 3490 3806 potuerunt
3515 3734 3687 3802 ferre,

2084 3829 2217 3900 quia
2243 3829 2391 3884 male
2412 3832 2739 3900 sapuerunt.
2758 3827 2827 3881 Et
2853 3826 2979 3880 ideo
3008 3825 3056 3878 si
3086 3824 3211 3896 quis
3239 3823 3375 3878 dicit
3400 3823 3550 3878 hanc
3571 3840 3693 3878 car-

2083 3935 2214 3973 nem
2237 3924 2294 3973 et
2314 3918 2464 3972 hunc
2492 3916 2826 3986 sanguinem
2848 3914 2927 3969 sic
2954 3915 3077 3985 ipsa
3096 3930 3217 3969 esse
3242 3912 3454 3984 absque
3482 3918 3693 3985 myste-

399 4003 574 4058 alium
613 4020 841 4059 carnem
865 4009 966 4058 aut
993 4003 1325 4075 sanguinem
1354 4002 1637 4070 habuisse,
1682 4021 1852 4076 quam
1877 4020 2001 4076 qua:
2089 4008 2174 4062 rio
2209 4013 2266 4062 et
2294 4013 2669 4071 sacramento,
2712 4021 2815 4059 nec
2846 4004 2904 4058 in
2938 4004 3123 4073 ﬁgura
3162 4020 3229 4057 ex
3260 4009 3421 4074 parte
3458 4019 3695 4057 sumen-

401 4098 538 4147 nata
561 4097 648 4146 est
677 4093 746 4147 de
795 4092 975 4147 Maria
1003 4092 1250 4162 Virgine,
1293 4097 1351 4146 et
1398 4109 1562 4164 passa
1592 4099 1677 4149 est
1710 4094 1771 4148 in
1819 4109 2001 4149 cruce.
2020 4096 2235 4170 Cdam,
2270 4101 2333 4151 ut
2363 4096 2444 4150 illi
2473 4101 2609 4150 tunc
2637 4094 2891 4148 carnales
2927 4092 3231 4147 carnaliter
3256 4091 3543 4163 sapientes
3567 4107 3696 4146 sen-

402 4183 532 4254 Ipsa
558 4197 805 4252 namque
819 4181 1127 4252 eademque
1150 4197 1279 4235 caro
1316 4197 1650 4253 quocunque
1679 4182 1846 4236 modo
1876 4198 2000 4237 sen-
2084 4190 2297 4251 serunt,
2342 4190 2525 4240 totum
2564 4183 2815 4254 dissipat.
2851 4182 2920 4236 Et
2946 4181 3075 4235 ideo
3102 4181 3244 4236 forte
3272 4180 3475 4235 beatus
3493 4182 3694 4252 Augu-

397 4270 591 4326 tienda
614 4276 717 4337 est,
748 4275 815 4325 ut
841 4270 1025 4336 credo,
1061 4286 1187 4324 cum
1210 4270 1325 4324 ait:
1354 4272 1453 4325 hoc
1480 4276 1555 4325 est
1586 4287 1782 4340 corpus
1812 4288 1998 4326 meum
2083 4274 2265 4329 stinus
2291 4274 2398 4328 hoc
2427 4273 2509 4327 ita
2544 4288 2761 4344 sapere,
2810 4287 3081 4341 magnum
3129 4270 3345 4325 facinus
3386 4286 3512 4324 esse
3536 4269 3695 4325 dicit.

400 4361 545 4430 quod
565 4361 821 4414 tradetur
848 4374 948 4428 pro
976 4361 1191 4424 multis,
1214 4358 1301 4412 vel
1334 4376 1345 4412 :
1379 4360 1468 4413 hic
1484 4365 1559 4413 est
1573 4362 1803 4428 sanguis
1824 4377 1993 4415 meus.

402 4450 471 4505 Et
498 4466 569 4505 ne
594 4454 825 4522 putares
849 4447 985 4519 quia
1011 4447 1070 4501 in
1092 4452 1443 4501 sacramento
1471 4447 1823 4518 loquebatur,
1851 4450 2001 4520 quod

401 4539 472 4593 de
503 4540 613 4594 alio
637 4540 1041 4609 diceretquam
1061 4536 1130 4591 de
1159 4536 1405 4609 proprio,
1430 4536 1490 4591 in
1515 4536 1711 4591 eodem
1732 4539 2001 4609 mysterio

400 4627 836 4682 demonstrative
867 4626 1032 4682 dixit:
1063 4627 1160 4681 hoc
1178 4632 1253 4681 est
1273 4642 1466 4695 corpus
1486 4642 1689 4683 meum.
1713 4627 1858 4681 Nam
1875 4644 2003 4682 cum

403 4714 485 4768 ait
512 4731 715 4783 meum,
735 4721 792 4770 et
817 4717 914 4771 hoc
945 4721 1019 4770 est
1032 4734 1054 4784 ;
1083 4732 1195 4771 non
1212 4716 1602 4787 qualecunque
1628 4716 1745 4771 vult
1763 4716 2004 4788 intelligi

402 4819 625 4874 corpus,
652 4804 749 4857 sed
766 4804 903 4858 illud
932 4805 1079 4875 quod
1100 4805 1437 4861 tradendum
1469 4810 1613 4871 erat,
1647 4810 1711 4860 ut
1731 4805 1851 4877 ipse
1877 4822 2007 4860 mox

407 4891 631 4962 adjecit,
655 4896 712 4945 et
741 4906 853 4945 non
883 4892 1057 4946 alium
1072 4894 1429 4964 sanguinem,
1452 4910 1622 4965 quam
1648 4896 1743 4965 qui
1771 4894 2007 4949 funden-

404 4981 510 5037 dus
538 4985 659 5035 erat
691 4980 749 5033 in
783 4980 1006 5051 prOprio
1033 4997 1265 5052 corpore
1294 4983 1351 5037 in
1394 4983 1781 5038 remissionem
1808 4999 2006 5055 pecca-

405 5076 612 5126 torum.
644 5069 799 5124 Alias
827 5072 1017 5122 autem
1066 5070 1528 5144 qualitercunque
1571 5072 1922 5144 intelligitur,
1955 5072 2005 5128 si

404 5160 549 5216 alius
577 5164 726 5216 esset
753 5156 981 5228 sanguis
1011 5162 1068 5211 et
1105 5158 1218 5212 alia
1244 5166 1393 5214 esset
1419 5177 1548 5216 caro
1570 5162 1762 5216 invhoc
1791 5165 2005 5233 myste-

402 5248 506 5316 rio,
538 5264 652 5302 non
696 5247 756 5302 in
798 5262 864 5301 eo
895 5250 1042 5300 esset
1068 5245 1326 5301 remissio
1354 5254 1729 5319 peccatorum.
1773 5250 1843 5305 Et
1866 5250 1914 5305 si
1945 5250 2006 5305 in

403 5352 468 5391 eo
499 5336 611 5390 vita
631 5340 931 5401 nonesset,
954 5350 1311 5405 nequaquam
1342 5337 1605 5392 funderet
1632 5339 1826 5395 vitam.
1855 5339 2004 5393 Alio-

403 5427 541 5498 quin
571 5442 684 5481 non
714 5426 1117 5499 qualiscunque
1162 5423 1320 5480 cibus
1360 5425 1469 5481 nisi
1515 5428 1584 5482 de
1613 5428 1733 5483 vivo
1762 5430 2001 5485 Domino

2084 4362 2349 4434 Alioquin
2384 4361 2665 4433 quomodo
2703 4362 2822 4432 ipse
2864 4359 3131 4430 idemque
3160 4359 3356 4414 doctor
3380 4365 3503 4413 tam
3536 4374 3674 4429 egre

2081 4453 2209 4524 gius
2237 4457 2433 4506 contra
2458 4467 2520 4506 se
2547 4450 2774 4517 diceret,
2808 4454 2873 4504 ut
2914 4449 3119 4513 recolo,
3148 4451 3208 4502 in
3235 4447 3594 4503 sermonibus
3621 4446 3698 4502 ad

2085 4542 2429 4613 Neaphytos.
2464 4540 2582 4594 Hoc
2618 4538 2869 4610 accipite,
2902 4538 3103 4609 inquit,
3136 4537 3195 4592 in
3223 4553 3386 4608 pane,
3421 4537 3575 4609 quod
3603 4554 3700 4608 pe-

2086 4630 2283 4702 pendit
2320 4630 2379 4684 in
2406 4629 2590 4700 ligno;
2633 4633 2691 4682 et
2733 4628 2803 4682 de
2831 4629 3003 4683 calice
3034 4646 3046 4681 :
3092 4627 3211 4682 Hoc
3238 4626 3495 4698 accipite,
3527 4626 3611 4680 ait
3634 4626 3699 4681 in

2088 4719 2280 4787 calice,
2313 4718 2463 4789 quod
2495 4716 2746 4772 manavit
2786 4733 2854 4771 ex
2894 4716 3109 4771 Christi
3136 4717 3330 4771 latere.
3360 4715 3490 4770 Non
3526 4716 3697 4771 credo

2090 4808 2238 4880 quod
2266 4807 2418 4861 aliud
2444 4806 2779 4878 pependerit
2804 4806 2863 4860 in
2894 4822 3076 4871 cruce,
3113 4821 3281 4876 quam
3306 4820 3439 4859 caro
3464 4824 3477 4873 ;
3510 4821 3699 4876 neque

2089 4896 2241 4951 aliud
2267 4895 2595 4967 proﬂuxerit
2614 4895 2685 4949 de
2714 4896 2890 4949 latere
2916 4894 3146 4960 Christi,
3178 4910 3348 4965 quam
3373 4895 3611 4965 sanguis
3639 4899 3701 4948 et

2088 5001 2253 5057 aqua.
2287 4983 2362 5038 Et
2388 4984 2436 5038 si
2461 4984 2565 5038 hoc
2593 4983 2676 5038 ita
2702 4988 2804 5048 est,
2837 4983 2941 5037 hoc
2982 4982 3267 5054 accipiunt
3290 4982 3609 5051 credentes,
3638 4981 3699 5037 id

2088 5079 2175 5130 est
2198 5089 2424 5129 carnem
2454 5077 2512 5127 et
2548 5072 2879 5143 sanguinem
2920 5071 3011 5127 cui
3051 5071 3393 5126 admiscetur
3432 5088 3603 5144 aqua.
3636 5072 3699 5127 in

2089 5164 2293 5237 quibus
2334 5163 2517 5219 renati
2553 5168 2686 5219 sunt
2726 5163 3112 5229 sacramentis,
3154 5167 3213 5218 et
3250 5162 3378 5218 ideo
3426 5163 3546 5218 haec
3582 5162 3696 5217 duo

2090 5252 2399 5308 miscentur
2433 5252 2492 5307 in
2529 5251 2717 5330 calice:
2760 5250 2950 5323 Aqua,
2982 5252 3042 5306 in
3073 5268 3185 5322 qua
3209 5250 3428 5317 renati;
3462 5249 3697 5322 sanguis

2091 5358 2331 5413 quoque,
2361 5342 2419 5395 in
2450 5358 2560 5413 quo
2589 5339 2866 5412 redempti
2885 5345 3019 5396 sunt
3040 5341 3251 5396 ﬁdeles.
3286 5340 3354 5394 Et
3382 5340 3529 5395 sicut
3559 5356 3696 5395 san-

2091 5434 2213 5485 ctus
2252 5434 2497 5486 testatur
2532 5429 2866 5502 Cyprianus,
2909 5445 3013 5486 nec
3060 5446 3209 5502 aqua
3242 5429 3303 5483 in
3346 5428 3522 5484 calice
3572 5429 3695 5487 sine
