3992 6166
254 259 397 323 1353

1343 259 1692 320 EPISTOLA
1728 259 1824 316 AD
1862 257 2426 317 FRUDEGARDUM.

3398 263 3536 328 1354

255 390 534 461 sanguine
564 404 686 443 esse
713 387 898 454 debet,
932 403 1035 442 nec
1065 388 1296 459 sanguis
1325 389 1444 443 sine
1489 405 1673 460 aqua;
1723 387 1857 459 quia
1873 385 2088 448 Asicut
2101 392 2516 441 sacramentum
2538 387 2786 458 corporis
2802 388 3029 456 Christi,
3062 406 3262 462 corpus
3282 397 3368 448 est
3380 394 3538 450 Chri-

254 496 359 550 per
381 495 589 550 aquam
619 478 860 549 populus
880 476 1104 532 ablutus
1123 478 1275 531 unda
1301 476 1655 548 baptismatis
1683 475 1861 546 signi-

256 569 481 633 ﬁcatur,
515 572 572 621 et
611 583 714 638 per
747 566 1081 637 sanguinem
1129 567 1404 631 Christus,
1446 566 1544 636 qui
1574 583 1639 620 ex
1667 582 1732 619 eo
1759 582 1861 619 nos

255 656 499 710 redemit
523 675 534 709 :
561 672 626 709 ac
644 671 746 726 per
765 655 869 708 hoc
889 654 1224 725 intelligitur
1243 660 1300 708 et
1316 655 1592 708 formatur
1607 653 1861 707 Christus

257 750 316 798 et
346 744 592 798 Ecclesia
619 760 796 797 unum
827 759 1046 814 corpus.
1097 743 1292 813 Itaque
1324 760 1424 796 nec
1454 741 1712 795 Christus
1741 741 1862 794 sine

258 834 505 888 Ecclesia
551 832 798 903 pontifex
847 831 906 885 in
963 837 1256 898 aeternum,
1305 848 1407 884 nec
1456 830 1702 884 Ecclesia
1742 829 1862 884 sine

257 923 482 978 Christo
504 923 619 975 Deo
638 921 792 974 Patri
813 922 1064 974 offertur.
1103 920 1226 974 Haec
1247 920 1453 990 quippe
1472 918 1709 990 mystica
1729 923 1862 971 sunt

256 1011 318 1065 in
340 1010 542 1082 quibus
556 1009 763 1064 veritas
780 1009 966 1064 carnis
979 1013 1063 1063 es't
1083 1013 1140 1063 et
1160 1008 1469 1079 sanguinis.
1495 1024 1607 1061 non
1629 1008 1862 1061 alterius

258 1116 428 1170 quam
459 1099 688 1164 Christi,
722 1099 779 1152 in
807 1099 1076 1170 mysterio
1106 1104 1297 1152 tamen
1319 1102 1376 1151 et
1409 1099 1610 1167 ﬁgura.
1632 1097 1746 1151 Nec
1764 1096 1864 1166 igi-

260 1192 356 1240 tur
384 1186 590 1240 mirum
632 1185 678 1239 si
721 1186 902 1256 ﬁgura
947 1185 1050 1239 hoc
1083 1184 1413 1256 mysterium
1445 1189 1548 1250 est,
1595 1190 1651 1238 et
1694 1184 1862 1253 hujus

261 1273 521 1344 mysterii
543 1272 710 1327 verba
728 1273 943 1344 tropica
961 1273 1165 1327 locutio
1186 1273 1567 1344 appellantur;
1593 1288 1722 1327 cum
1743 1272 1864 1342 ipse

263 1362 522 1416 Christus
551 1361 620 1414 ab
653 1363 905 1433 apostolo
937 1362 1110 1415 Paulo
1135 1362 1427 1416 character
1454 1362 1539 1414 vel
1569 1363 1750 1431 ﬁgura
1777 1359 1863 1414 di-

262 1451 424 1515 citur,
451 1450 706 1521 quamvis
733 1450 852 1521 ipse
882 1450 956 1504 sit
985 1451 1208 1504 veritas.
1236 1451 1330 1504 Ait
1368 1467 1642 1519 namque:
1677 1450 1859 1504 Novis-

264 1543 401 1593 sime
431 1543 643 1594 locutus
670 1545 745 1593 est
775 1540 951 1605 nobis,
982 1539 1192 1593 scilicet
1219 1540 1368 1593 Deus
1398 1540 1584 1602 Pater,
1633 1541 1694 1592 in
1723 1539 1862 1592 Filio

267 1645 382 1695 suo,
407 1632 507 1698 qui
528 1646 653 1682 cum
682 1632 754 1682 sit
776 1630 1034 1697 splendor
1059 1631 1249 1696 glorise
1267 1634 1314 1681 et
1335 1631 1538 1695 ﬁgura,
1563 1627 1644 1680 vel
1664 1626 1862 1678 chara-

1942 475 2014 528 sti
2040 493 2050 527 :
2081 475 2159 530 sic
2178 482 2593 530 sacramentum
2625 478 2916 546 sanguinis
2937 479 3162 545 Christi,
3197 484 3423 553 sanguis
3453 489 3541 538 est

1945 564 2169 618 Christi.
2201 584 2223 614 ι
2255 566 2392 620 Ecce
2421 565 2540 636 ipse
2571 566 2631 620 in
2675 567 2777 620 hoc
2807 568 3121 622 contrarius
3150 569 3270 642 sibi
3289 587 3401 625 non
3431 577 3536 638 est,

1945 657 2007 706 ut
2027 653 2254 723 quidam
2274 659 2494 724 putant,
2517 671 2698 724 neque
2720 654 2884 708 beato
2907 656 3400 729 Ambrosto,cujus
3420 678 3542 715 sen-

1943 742 2120 796 tentia
2160 743 2278 796 haec
2315 742 2658 813 plenissima,
2689 743 2942 814 inquam,
2978 751 3035 798 et
3061 746 3351 801 verissima
3375 748 3434 802 in
3474 765 3541 803 eo

1945 836 2032 884 est
2061 830 2219 896 libro,
2257 847 2365 900 quo
2396 831 2477 884 ait
2503 832 2639 900 quia
2669 832 2791 901 ipsa
2829 839 2915 886 est
2942 849 3071 887 caro
3101 835 3310 889 Christi
3341 837 3399 890 in
3448 853 3541 891 sa-

1945 923 2232 972 cramento
2271 935 2392 989 quae
2422 919 2479 972 in
2510 937 2673 973 cruce
2702 921 2986 990 pependit,
3020 927 3078 975 et
3103 939 3224 992 quae
3254 924 3323 977 de
3361 925 3541 979 Maria

1945 1007 2158 1075 virgine
2182 1013 2407 1077 sumpta
2431 1013 2534 1072 est,
2567 1014 2624 1061 et
2651 1009 2880 1078 sanguis
2908 1009 3002 1080 qui
3051 1011 3213 1064 ﬂuxit
3242 1027 3312 1064 ex
3341 1011 3536 1066 latere.

1945 1096 2028 1149 Ita
2058 1100 2114 1150 et
2149 1094 2348 1149 beatus
2389 1096 2702 1167 Cyprianus
2733 1099 3025 1151 conﬁrmat
3077 1099 3136 1152 in
3178 1117 3244 1154 eo
3275 1117 3442 1171 opere
3468 1102 3542 1158 ad

1946 1185 2215 1254 populum
2245 1184 2342 1239 ubi
2368 1185 2437 1239 de
2463 1192 2812 1240 sacramento
2835 1188 3082 1258 corporis
3105 1188 3312 1243 Christi
3328 1195 3386 1244 et
3408 1205 3542 1243 san.

1944 1273 2130 1344 guinis
2148 1273 2415 1343 loquitur.
2441 1274 2592 1337 Quos
2621 1281 2844 1330 secutus
2867 1276 3264 1332 subtilissimus
3295 1278 3544 1348 disputa»

1945 1367 2035 1416 tor
2064 1361 2325 1432 praefatus
2347 1362 2514 1416 Pater
2529 1364 2896 1433 Augustinus,
2922 1370 2986 1419 ut
3014 1365 3127 1419 dixi
3151 1384 3161 1418 :
3193 1386 3214 1416 ι
3249 1367 3368 1421 Hoc
3393 1367 3542 1421 acci-

1947 1450 2080 1520 pite,
2109 1449 2312 1520 inquit,
2336 1450 2393 1504 in
2423 1467 2567 1522 pane
2599 1453 2746 1522 quod
2777 1454 3044 1523 pependit
3069 1453 3127 1507 in
3150 1454 3323 1524 ligno,
3356 1460 3414 1509 et
3437 1457 3544 1513 hoc

1945 1538 2178 1608 accipite
2212 1538 2269 1591 in
2297 1538 2468 1592 calice
2496 1539 2644 1609 quod
2675 1540 2922 1593 manavit
2951 1557 3016 1593 ex
3043 1541 3250 1594 Christi
3280 1543 3473 1596 latere.
3512 1561 3538 1596 ››

1946 1628 2016 1680 Et
2034 1626 2165 1680 alibi
2185 1627 2254 1681 de
2275 1627 2482 1681 Judaais
2508 1647 2530 1678 ι
2561 1646 2572 1680 :
2598 1629 2731 1692 Hoc,
2753 1628 2952 1698 inquit,
2975 1634 3172 1699 postea
3197 1629 3462 1685 biberunt
3484 1632 3546 1689 in

268 1723 406 1783 cter,
433 1718 580 1772 sicut
604 1717 699 1771 alii
727 1717 945 1771 codices
975 1715 1200 1782 habent,
1234 1718 1554 1769 substantiae
1573 1714 1862 1783 ejus.Ecce
1885 1709 1930 1767 Β
1948 1716 2118 1770 calice
2140 1716 2450 1779 credentes,
2466 1716 2614 1786 quod
2637 1715 2972 1772 fuderuntin
2990 1735 3153 1773 cruce
3176 1721 3486 1776 saevientes.
3509 1742 3536 1774 ιο

268 1812 334 1861 ut
369 1806 550 1872 audis,
581 1823 804 1860 summa
845 1805 1046 1860 veritas
1092 1805 1214 1876 ipse
1263 1805 1538 1870 Christus,
1579 1804 1866 1857 character

271 1896 586 1966 appellatur
614 1901 670 1949 et
699 1897 917 1965 ﬁgura;
951 1900 1142 1948 tamen
1169 1894 1230 1947 in
1260 1910 1326 1947 eo
1355 1893 1495 1946 nihil
1519 1893 1708 1946 ﬁctum
1735 1891 1861 1956 fuit,

266 1984 407 2038 nihil
437 2000 672 2038 vacuum
700 2000 733 2037 a
761 1983 1013 2046 veritate,
1047 1983 1193 2036 sicut
1239 1999 1340 2036 nec
1384 1982 1734 2036 characteres
1781 1979 1864 2033 vel

267 2074 478 2143 ﬁguras
506 2089 710 2126 vacuas
743 2089 864 2125 esse
914 2071 1152 2125 dicimus
1190 2071 1507 2124 litterarum
1537 2087 1569 2124 a
1597 2069 1649 2122 vi
1689 2074 1746 2123 et
1771 2084 1865 2139 po-

266 2167 473 2215 testate
503 2178 717 2227 earum,
747 2177 873 2214 cum
904 2161 1129 2214 easdem
1165 2161 1374 2230 ﬁguras
1402 2159 1617 2229 tropice
1645 2159 1865 2211 litteras

268 2267 548 2304 vocemus.
581 2251 662 2304 De
692 2266 802 2320 quo
851 2265 986 2303 sane
1032 2249 1321 2302 intellectu
1367 2248 1426 2302 in
1455 2249 1651 2302 eodem
1679 2246 1867 2300 libello

272 2356 416 2402 meo,
447 2355 616 2408 quem
644 2343 701 2392 te
728 2339 930 2408 legisse
962 2337 1207 2403 testaris,
1242 2337 1532 2408 proprium
1562 2336 1870 2407 capitulum

274 2427 445 2493 edidi,
472 2432 538 2481 ut
565 2427 669 2481 hoc
699 2427 1035 2498 mysterium
1064 2431 1122 2480 et
1151 2426 1356 2480 veritas
1383 2425 1750 2496 intelligatur,
1771 2440 1873 2478 nec

273 2522 466 2570 tamen
512 2517 698 2585 ﬁgura
736 2532 858 2570 esse
890 2520 1146 2585 negetur.
1178 2513 1321 2578 Quia
1364 2513 1873 2585 impraesentiarum

273 2605 420 2659 sicut
455 2621 522 2659 ex
544 2609 704 2676 parte
733 2605 957 2670 scimus,
993 2603 1266 2675 quidquid
1306 2603 1512 2657 scimus
1539 2603 1608 2656 de
1655 2603 1794 2672 Deo,
1817 2605 1876 2656 et

276 2709 341 2746 ex
371 2698 533 2763 parte
572 2697 714 2746 teste
763 2693 1030 2763 Apostolo
1059 2693 1115 2761 (Ι
1139 2693 1262 2746 Cor.
1295 2694 1438 2759 xm),
1473 2691 1874 2762 prophetamus

275 2782 344 2835 de
373 2781 563 2835 futuro
591 2786 649 2835 et
676 2781 745 2834 de
775 2780 986 2834 caelesti
1010 2796 1204 2850 regno,
1246 2779 1326 2833 ita
1355 2795 1422 2833 ex
1458 2785 1618 2850 parte
1648 2795 1874 2850 praegu-

273 2875 492 2924 stamus
516 2886 630 2923 non
659 2869 844 2940 palato
873 2868 1005 2936 oris,
1033 2869 1132 2922 sed
1160 2869 1347 2939 palato
1377 2867 1582 2936 cordis,
1612 2873 1669 2921 et
1696 2884 1797 2938 per
1817 2869 1879 2921 ﬁ-

275 2959 405 3012 dem
441 2958 649 3012 Christi
680 2974 882 3028 corpus
920 2961 977 3012 et
1021 2957 1354 3027 sanguinem
1399 2973 1519 3011 esse
1557 2955 1870 3022 credimus;

1947 1805 2088 1858 Hinc
2119 1820 2340 1874 quoque
2369 1805 2641 1858 Eusebius
2670 1805 2992 1860 Emissenus
3026 1825 3037 1859 :
3065 1826 3092 1859 «
3121 1808 3363 1864 Recedat
3389 1827 3541 1882 ergo,

1946 1893 2148 1964 inquit,
2170 1909 2335 1946 omne
2357 1893 2705 1947 inﬁdelitatis
2724 1894 3071 1963 ambiguum,
3087 1899 3544 1968 quandoquidem

1947 1982 2043 2052 qui
2071 1987 2268 2036 auctor
2295 1988 2380 2035 est
2415 1982 2682 2046 muneris,
2733 1983 2852 2053 ipse
2895 1983 3066 2038 etiam
3087 1986 3255 2048 testis
3285 1992 3372 2040 est
3396 1988 3542 2042 veri-

1947 2071 2098 2124 tatis.
2132 2071 2276 2124 Nam
2323 2069 2620 2124 invisibilis
2667 2072 2945 2137 sacerdos,
2987 2072 3230 2128 visibiles
3257 2081 3545 2130 creaturas

1946 2159 2005 2212 in
2033 2158 2405 2212 substantiam
2435 2157 2681 2229 corporis
2720 2163 2775 2212 et
2801 2160 3090 2230 sanguinis
3129 2162 3217 2215 sui
3244 2163 3412 2218 verbo
3442 2181 3545 2218 suo

1949 2253 2163 2302 secreta
2192 2253 2466 2318 potestate
2512 2247 2802 2314 convertit,
2844 2249 2924 2302 ita
2967 2249 3157 2304 dicens
3188 2269 3200 2304 :
3235 2251 3473 2321 Accipite
3499 2258 3548 2307 et
3615 2250 3624 2268 ”

1951 2337 2107 2395 edite,
2141 2337 2238 2389 hoc
2267 2342 2341 2390 est
2370 2340 2519 2390 enim
2550 2353 2747 2405 corpus
2774 2353 2959 2391 meum
2980 2357 2996 2402 ;
3025 2344 3082 2392 et
3110 2340 3551 2396 sanctiﬁcatione

1952 2425 2220 2495 repetita:
2238 2427 2475 2493 Accipite
2493 2431 2545 2479 et
2567 2426 2746 2491 bibite,
2761 2427 2849 2478 hic
2864 2431 2936 2479 est
2957 2432 3187 2495 sanguis
3210 2445 3378 2484 meus.
3405 2431 3550 2500 Ergo

1956 2513 2120 2578 sicut,
2144 2513 2348 2584 inquit.
2373 2513 2444 2567 ad
2466 2518 2665 2567 nutum
2680 2515 3056 2585 praecipientis
3079 2517 3303 2572 Domini
3317 2525 3550 2590 repente

1957 2617 2023 2654 ex
2068 2601 2242 2654 nihilo
2294 2601 2670 2656 substiterunt
2704 2603 2924 2657 excelsa
2951 2605 3239 2671 caelorum,
3271 2607 3551 2676 profunda

1957 2691 2248 2756 ﬂuctuum,
2267 2695 2426 2744 vasta
2450 2696 2729 2746 terrarum
2766 2711 2776 2745 :
2811 2693 2934 2762 pari
2964 2694 3216 2763 potentia
3243 2694 3303 2748 in
3329 2695 3550 2765 spirita-

1957 2778 2102 2832 libus
2128 2779 2510 2844 sacramentis,
2542 2779 2639 2834 ubi
2673 2781 2926 2851 praecipit
2951 2781 3127 2836 virtus
3162 2782 3244 2857 rei
3274 2784 3446 2837 servit
3468 2783 3550 2838 ef-

1957 2866 2156 2921 fectus.
2179 2887 2202 2917 ι
2229 2868 2298 2922 Et
2315 2873 2441 2939 post
2458 2885 2670 2938 pauca:
2693 2889 2717 2920 ‹
2743 2869 2977 2923 Sacrum
2999 2870 3225 2925 Domini
3245 2872 3330 2925 tui
3349 2888 3550 2943 corpus

1961 2960 2017 3009 et
2044 2956 2376 3026 sanguinem
2405 2957 2512 3011 ﬁde
2541 2957 2772 3028 respice,
2795 2963 2983 3012 mente
3001 2958 3280 3029 continge,
3313 2960 3547 3028 honora,

277 3053 557 3118 quatenus
581 3064 645 3101 ex
675 3064 740 3102 eo
758 3047 1027 3113 vivamus,
1053 3051 1110 3100 et
1127 3046 1186 3100 in
1204 3063 1268 3101 eo
1289 3063 1324 3099 a
1353 3062 1481 3116 quo,
1507 3051 1564 3099 et
1582 3045 1641 3099 in
1663 3061 1793 3116 quo,
1817 3049 1875 3099 et
1893 3022 1937 3082 ο
1960 3044 2185 3110 mirare,
2219 3045 2404 3099 cordis
2430 3062 2600 3099 manu
2630 3046 2866 3117 suscipe,
2897 3052 2954 3100 et
2969 3047 3209 3101 maxime
3235 3049 3442 3103 haustu
3471 3049 3554 3104 in-

273 3152 376 3206 per
403 3152 572 3206 quem
609 3135 886 3206 redempti
913 3151 1109 3189 sumus
1148 3140 1204 3188 et
1240 3134 1443 3197 renati,
1493 3133 1875 3188 necessarium

276 3230 362 3278 est
387 3224 448 3277 in
485 3241 688 3279 novam
734 3230 1050 3279 creaturam
1097 3223 1485 3277 transformati
1514 3228 1571 3277 et
1599 3222 1870 3290 innovati,

274 3327 340 3366 ex
369 3313 474 3390 hac
516 3330 658 3367 nova
689 3318 949 3367 creatura
976 3313 1244 3366 vivamus.
1300 3311 1449 3365 Dicit
1489 3311 1639 3364 enim
1675 3311 1874 3365 beatus

271 3399 627 3470 Augustinus
647 3403 834 3470 (Epist.
848 3401 960 3472 23),
985 3402 1144 3471 cujus
1165 3407 1220 3455 te
1236 3400 1572 3454 commoveri
1594 3399 1874 3453 sententia

272 3488 483 3556 dixisti,
515 3489 585 3543 de
614 3490 718 3543 hac
747 3506 807 3543 re
835 3490 905 3543 ad
935 3489 1284 3543 Bonifacium
1316 3488 1636 3558 episc0pum
1666 3487 1726 3540 in
1753 3488 1870 3557 epi-

272 3578 418 3631 stola
447 3594 552 3632 sua
577 3596 588 3631 :
617 3597 640 3630 ι
671 3579 828 3633 Sicut
855 3583 912 3632 et
937 3595 1059 3638 nos.
1093 3578 1295 3648 inquit,
1325 3577 1569 3630 solemus
1599 3576 1782 3630 dicere
1802 3575 1871 3629 de

272 3666 362 3720 die
391 3667 670 3737 passionis
699 3668 909 3720 Christi
939 3684 1038 3738 per
1068 3666 1321 3734 singulas
1360 3664 1870 3718 solemnitates'Pa-

270 3756 448 3822 schze;
476 3756 662 3821 hodie,
698 3757 1004 3826 inquimus,
1037 3754 1370 3810 resurrectio
1394 3752 1601 3806 Christi
1623 3757 1726 3816 est,
1747 3769 1869 3823 quae

272 3850 402 3899 ante
425 3846 616 3916 plures
645 3862 822 3899 annos
850 3845 1023 3898 semel
1053 3844 1199 3897 facta
1229 3848 1332 3908 est,
1365 3842 1496 3895 licet
1526 3859 1626 3912 per
1646 3845 1730 3894 tot
1750 3858 1870 3894 cur-

271 3933 450 3987 n'cula
486 3949 764 3987 annorum
793 3933 916 4003 ipsa
945 3933 1253 4003 eademque
1291 3931 1544 3984 revoluta
1572 3946 1692 3983 esse
1724 3929 1871 3983 dica-

270 4026 383 4086 tur,
418 4028 486 4076 ut
509 4028 568 4076 et
587 4039 708 4076 esse
736 4022 856 4093 ipsa
885 4022 1166 4086 credatur,
1200 4025 1257 4074 et
1284 4019 1508 4074 nonnisi
1530 4019 1704 4073 semel
1724 4019 1870 4072 facta

266 4109 636 4181 intelligatur.
678 4112 750 4165 Et
789 4111 914 4164 ideo
960 4127 1088 4164 vere
1135 4126 1248 4164 non
1285 4108 1559 4162 mentitur
1585 4107 1680 4178 qui
1709 4107 1864 4173 dicit,

270 4198 438 4253 hodie
487 4199 695 4254 Christi
747 4200 1082 4254 resurrectio
1112 4204 1216 4265 est,
1248 4197 1380 4269 quia
1409 4197 1530 4268 ipsa
1558 4197 1867 4267 eademque

1955 3133 2149 3187 teriori
2178 3150 2462 3188 assume.»
2489 3135 2568 3188 Ac
2586 3134 2788 3188 deinde
2812 3153 2822 3187 :
2848 3153 2873 3186 α
2886 3135 3002 3189 Nec
3019 3134 3240 3190 dubitet
3257 3137 3552 3208 quisquam

1956 3222 2254 3291 primarias
2289 3228 2578 3277 creaturas
2606 3229 2748 3277 nutu
2782 3224 3067 3294 potentia},
3100 3225 3399 3295 praesentia
3428 3243 3550 3280 ma-

1949 3310 2191 3379 jestatis,
2228 3310 2285 3363 in
2317 3311 2595 3364 Dominici
2632 3311 2880 3381 corporis
2912 3312 3152 3365 transire
3191 3330 3354 3383 posse
3384 3320 3553 3372 natu—

1954 3413 2098 3462 ram,
2124 3414 2251 3451 cum
2285 3397 2471 3468 ipsum
2503 3398 2786 3451 hominem
2817 3397 3018 3463 videat,
3045 3401 3283 3455 artiﬁcio
3310 3404 3560 3458 caelestis

1956 3485 2370 3549 misericordia»,
2407 3485 2615 3539 Christi
2645 3503 2845 3556 corpus
2886 3487 3164 3541 effectum.
3198 3509 3223 3541 »
3256 3491 3386 3545 Haec
3417 3509 3550 3546 san-

1954 3579 2172 3627 ctorum
2228 3573 2383 3638 ﬁdes,
2431 3573 2776 3640 charissime,
2823 3575 3076 3644 quamvis
3122 3577 3286 3630 multi
3337 3596 3403 3631 ex
3444 3580 3549 3633 hoc

1953 3662 2212 3716 dubitent
2241 3661 2518 3732 quomodo
2547 3661 2639 3715 ille
2670 3662 2887 3732 integer
2920 3669 3128 3729 manet,
3145 3670 3202 3718 et
3230 3666 3330 3719 hoc
3345 3683 3547 3738 corpus

1955 3750 2164 3804 Christi
2193 3755 2250 3804 et
2277 3751 2506 3820 sanguis
2527 3767 2647 3804 esse
2670 3751 2862 3821 possit.
2880 3751 2985 3814 Qui
3014 3768 3128 3805 non
3154 3753 3466 3818 crederent,
3498 3755 3546 3809 si

1952 3839 2223 3893 vidissent
2249 3839 2542 3892 duodecim
2573 3839 2838 3909 coPhinos
2876 3839 3338 3909 fragmentorum,
3372 3848 3428 3897 et
3454 3861 3543 3898 se-

1951 3934 2106 3998 ptem
2125 3927 2618 3999 sportas,quinque
2635 3935 2734 3982 aut
2753 3935 2966 4000 septem
2989 3947 3163 4001 panes
3181 3949 3302 3985 esse
3319 3934 3538 4001 (Matth.

1951 4031 2078 4084 x1v;
2127 4019 2253 4071 Luc.
2306 4032 2391 4084 1x;
2445 4021 2607 4070 Joan.
2649 4020 2720 4087 vi)
2777 4019 2902 4071 Non
2941 4019 3091 4071 enim
3143 4019 3299 4072 aliud
3340 4020 3398 4074 in
3426 4021 3541 4075 fra-

1947 4106 2193 4176 gmentis
2215 4111 2337 4160 erat
2356 4123 2524 4176 quam
2543 4106 2651 4176 ipsi
2672 4123 2862 4176 panes,
2887 4112 2944 4160 et
2963 4107 3114 4161 aliud
3141 4108 3199 4162 in
3225 4125 3324 4162 esu
3355 4126 3541 4163 come-

1949 4195 2221 4248 dentium.
2255 4195 2399 4248 Nam
2425 4212 2490 4249 ex
2507 4195 2630 4265 ipsa
2648 4195 2854 4248 Christi
2878 4195 3264 4251 benedictione
3295 4198 3542 4252 manavit

269 4292 357 4340 est
385 4288 801 4358 quodammodo
828 4293 1057 4359 propter
1083 4287 1489 4341 revolutionem
1519 4285 1807 4356 temporis.
1835 4305 1861 4338 ι)
1880 4288 2107 4356 Dtanta
2155 4283 2382 4337 ubertas
2407 4302 2419 4350 ;
2469 4289 2525 4337 et
2565 4299 2678 4337 non
2723 4283 2876 4337 aliud
2920 4284 3027 4338 fuit
3055 4286 3202 4356 quod
3231 4293 3539 4342 comestum

268 4375 484 4430 Deinde
513 4376 731 4431 addidit
753 4378 1018 4447 prmfatus
1047 4377 1258 4441 doctor,
1275 4381 1339 4429 ut
1357 4375 1582 4428 modum
1601 4373 1867 4444 loquendi

267 4463 732 4535 intelligeremus,
781 4482 894 4520 non
942 4465 1090 4537 quod
1115 4464 1222 4518 sibi
1251 4463 1562 4518 contrarius
1592 4479 1710 4516 esse
1740 4480 1862 4516 cre-

267 4552 453 4619 datur,
486 4560 588 4608 aut
608 4554 950 4625 praemissam
975 4554 1313 4608 sententiam
1344 4569 1504 4606 suam
1524 4551 1594 4605 ad
1616 4551 1863 4622 neophy-

265 4646 353 4695 tos
389 4642 526 4696 velit
555 4643 783 4709 referre,
819 4643 917 4698 sed
940 4649 1004 4698 ut
1029 4642 1343 4713 intelligere
1370 4657 1678 4712 possemus,
1711 4641 1861 4712 quod

265 4730 399 4784 alibi
450 4732 664 4802 tropice
706 4732 918 4787 dictum
962 4749 1083 4786 esse
1118 4736 1546 4786 monstraverat.
1595 4749 1622 4782 (ί
1666 4731 1860 4800 Neque

264 4819 558 4886 mentitur,
590 4820 793 4892 inquit,
832 4824 928 4892 qui
957 4822 1338 4891 interrogatus
1350 4819 1539 4885 fuerit,
1562 4819 1608 4874 si
1630 4835 1779 4883 eum,
1802 4819 1859 4873 id

265 4913 352 4962 est
384 4908 693 4974 Christum,
731 4910 897 4964 hodie
921 4910 1275 4982 responderit
1303 4908 1611 4975 immolari;
1636 4908 1768 4979 quia
1794 4924 1861 4961 ex

261 4997 383 5067 ipsa
407 4997 776 5052 similitudine
802 5015 994 5053 rerum
1026 5015 1221 5053 earum
1241 5013 1480 5068 quarum
1509 5001 1859 5051 sacramenta

262 5091 412 5150 sunt,
447 5086 729 5157 accipiunt
755 5087 1003 5142 nomina.
1054 5087 1207 5141 Alias
1236 5092 1425 5140 autem
1456 5085 1564 5139 nisi
1609 5085 1856 5156 aliquam

261 5173 688 5229 similitudinem
723 5175 996 5230 haberent
1024 5176 1274 5246 ejusdem
1300 5161 1382 5228 rei
1415 5175 1576 5244 cujus
1604 5178 1737 5226 sunt
1765 5190 1855 5226 sa-

261 5269 569 5327 cramenta,
602 5271 958 5320 sacramenta
978 5281 1088 5319 non
1115 5269 1319 5318 essent.
1355 5281 1382 5316 »
1421 5263 1566 5332 Ergo
1593 5262 1727 5315 dum
1758 5261 1858 5315 im-

261 5352 509 5407 molatur
527 5353 620 5408 ille
635 5354 729 5425 qui
738 5357 863 5422 jam
887 5371 998 5409 non
1025 5357 1289 5419 moritur,
1315 5369 1484 5421 neque
1513 5368 1661 5405 mors
1700 5354 1750 5404 ci
1777 5355 1862 5405 ul-

266 5447 356 5494 tra
383 5443 773 5496 dominabitur
803 5445 973 5510 (Rom.
1006 5442 1105 5513 vl),
1135 5442 1195 5496 in
1219 5445 1569 5495 sacramento
1589 5441 1672 5493 ﬁt.
1703 5439 1860 5494 Unde

266 5529 344 5584 ait
393 5530 547 5586 idem
602 5530 837 5586 doctor:
877 5553 900 5582 α
933 5531 1251 5588 Secundum
1295 5529 1591 5600 quemdam
1630 5529 1861 5584 modum

551 5629 816 5694 PATROL.
847 5628 1029 5694 CXX.

1950 4377 2053 4438 est,
2085 4378 2143 4425 et
2173 4372 2320 4442 quod
2355 4371 2658 4438 sublatum,
2690 4371 2798 4424 nisi
2828 4372 2934 4442 ipsi
2964 4373 3210 4444 quinque
3239 4391 3410 4445 panes
3440 4383 3539 4430 aut

1944 4465 2179 4530 septem.
2196 4461 2416 4524 Quanto
2437 4476 2572 4530 ergo
2590 4460 2787 4529 magis,
2804 4461 2899 4530 qui
2931 4461 3154 4514 Verbum
3175 4478 3302 4515 caro
3321 4465 3533 4529 factum

1944 4554 2017 4601 cst
2047 4548 2229 4618 (Joan.
2265 4552 2328 4615 ι),
2375 4549 2614 4619 pullulat
2658 4547 2827 4601 Verbi
2870 4564 3016 4613 caro,
3052 4553 3109 4601 et
3139 4555 3331 4604 manat
3358 4551 3416 4604 in
3443 4569 3535 4608 sa-

1943 4643 2227 4692 cramento
2253 4637 2481 4691 ubertas
2509 4635 2714 4691 Christi
2745 4640 2802 4689 et
2827 4635 3118 4706 sanguinis
3138 4644 3161 4690 Ρ
3193 4639 3259 4691 Et
3289 4656 3402 4694 non
3425 4642 3538 4697 alia

1944 4743 2114 4796 quam
2167 4743 2296 4780 caro
2350 4725 2557 4780 Christi
2609 4730 2711 4789 est,
2761 4729 2818 4778 et
2859 4731 3050 4778 tamen
3098 4734 3290 4781 manet
3317 4729 3537 4800 integer

1944 4815 2216 4870 Christus.
2250 4815 2401 4869 Nihil
2445 4831 2578 4884 ergo
2619 4813 2880 4868 dissentit
2923 4814 2982 4868 in
3028 4815 3116 4868 his
3163 4817 3443 4885 omnibus,
3471 4824 3534 4873 ut

1945 4904 2161 4975 Opinor,
2194 4902 2390 4958 beatus
2419 4902 2765 4973 Augustinus
2792 4919 2824 4956 a
2852 4903 3086 4973 reliquis
3113 4905 3320 4959 sanctis
3358 4907 3536 4960 Patri-

1941 4991 2064 5060 bus,
2109 4993 2204 5064 qui
2233 4993 2289 5046 in
2321 4991 2750 5063 quamplurimis
2777 4991 2882 5045 hoc
2910 4991 2991 5046 ita
3018 5009 3158 5057 esse,
3192 4999 3257 5047 ut
3282 4994 3532 5048 Salvator

1941 5082 2040 5148 ait,
2075 5087 2390 5148 senserunt,
2427 5087 2483 5134 et
2529 5080 2766 5134 credunt
2811 5081 2960 5150 quod
3005 5082 3181 5136 credit
3209 5087 3401 5136 sancta
3429 5081 3528 5135 Dei

1939 5171 2202 5225 Ecclesia.
2236 5170 2380 5233 Quia
2405 5169 2484 5223 sic
2527 5174 2629 5234 est,
2670 5169 2854 5239 inquit
2890 5169 3041 5223 idem
3076 5170 3332 5240 egregius
3362 5170 3529 5223 Pater

1940 5261 2010 5313 ad
2037 5260 2331 5330 praefatum
2359 5258 2705 5312 Bonifacium
2735 5277 2747 5312 :
2785 5277 2811 5310 «
2837 5259 3051 5329 Corpus
3081 5257 3285 5312 Christi
3313 5263 3369 5311 et
3395 5274 3530 5311 san-

1941 5349 2084 5419 guis,
2119 5349 2266 5402 sicut
2301 5353 2714 5401 sacramentum
2743 5346 2872 5401 ﬁdei
2902 5348 3039 5401 ﬁdes
3067 5353 3168 5401 est.
3201 5345 3354 5399 Nihil
3380 5347 3527 5400 enim

1944 5444 2031 5491 est
2056 5437 2209 5491 aliud
2244 5437 2490 5502 credere,
2540 5437 2637 5500 ait,
2668 5453 2834 5506 quam
2869 5435 3034 5489 ﬁdem
3066 5433 3272 5488 habere
3310 5441 3536 5506 propter

1947 5526 2074 5581 ﬁdei
2105 5531 2538 5593 sacramentum,
2573 5524 2703 5594 quia
2747 5530 2802 5578 et
2849 5524 2971 5594 ipsa
3000 5524 3288 5595 responsio
3317 5523 3537 5596 quando

3232 5626 3308 5684 43
