3992 6166
291 244 430 305 1357
1377 244 1729 317 EPISTOLA
1760 241 1860 317 AD
1894 237 2463 321 FRUDEGABPW-
3067 236 3075 251 ’
3430 243 3570 329 1353

284 388 416 433 vera
440 387 572 437 caro
603 372 745 445 ejus,
777 387 959 445 neque
983 386 1150 443 verus
1176 371 1425 447 sanguis,
1450 371 1509 424 in
1525 369 1727 442 quibus
1753 367 2128 433 veraAvator
2155 363 2235 437 ait
2267 379 2278 412 :
2314 364 2425 421 Hac
2460 378 2553 437 nos
2585 361 2933 450 scandalizat
2960 367 2984 437 ἴ
3010 362 3075 425 Si
3100 366 3354 451 videritis
3379 368 3569 449 ﬁlium

285 478 442 516 mors
463 461 672 516 Christi
700 462 1093 524 annuntiatur,
1118 476 1243 514 cum
1277 460 1399 531 ipsa
1425 460 1646 514 Veritas
1686 457 1835 513 dicat
1867 476 1880 509 ε
1965 455 2208 507 hominis
2236 454 2613 531 ascendentem
2643 451 2741 503 ubi
2768 456 2889 511 erat
2906 454 3105 520 prius?
3132 450 3211 507 Ac
3240 455 3287 531 si
3323 452 3565 531 diceret:

286 553 397 606 Hoc
424 554 498 604 est
528 566 721 619 corpus
752 567 933 603 meum
958 569 971 617 ;
1000 549 1259 603 similiter
1280 555 1337 602 et
1360 550 1428 602 de
1467 548 1635 602 calice
1662 566 1674 600 :
1712 549 1884 602 Bibite
1968 542 2026 596 Si
2058 543 2162 595 hoc
2188 541 2501 610 intelligere
2527 537 2779 611 possetis,
2816 539 3032 609 sciretis
3068 540 3263 613 utique
3293 545 3440 615 quod
3471 544 3569 619 qui

284 657 350 693 ea:
378 642 476 693 hoc
495 655 717 692 omnes:
752 640 841 692 hic
874 643 947 691 est
978 641 1128 692 enim
1150 641 1379 703 sanguis
1410 654 1580 701 meus,
1610 638 1750 690 Novi
1800 636 1887 688 Te-
1967 631 2186 701 integer
2201 629 2505 684 ascendere
2520 633 2701 698 potest
2718 627 2811 681 ubi
2834 634 2953 683 erat
2966 624 3569 705 prius,unusidemque

286 730 689 792 stamcnti,non
709 727 1131 799 qualiscunque,
1166 727 1263 780 sed
1292 730 1391 795 qui
1410 742 1511 794 pro
1550 728 1693 778 vobis
1715 727 1886 791 c/fun-
1969 720 2241 777 Christus.
2258 722 2508 773 consumi
2526 734 2638 771 non
2659 723 2843 787 potest
2857 718 3139 775 dentibus.
3165 712 3449 775 ηὸυᾶίνίᾶὶ
3471 712 3573 797 per

286 819 450 871 detur
481 819 544 868 in
574 818 963 869 remissionem‘
986 820 1352 883 peccatorum.
1378 815 1492 868 Nec
1520 814 1713 883 itaque
1747 812 1887 865 dixit
1968 814 2175 879 partes.
2212 809 2328 863 Hoc
2357 807 2562 879 quippe
2593 806 2779 861 videre
2806 807 3045 860 multum
3072 812 3175 871 est,
3211 809 3344 879 quia
3370 810 3429 864 in
3452 809 3571 882 spi-

288 922 416 960 cum
444 904 614 974 fregit
643 913 699 957 et
727 904 883 957 dedit
923 904 1002 957 eis
1035 920 1256 975 panem,
1290 903 1405 956 haec
1434 908 1537 965 est,
1577 903 1661 956 vel
1692 902 1750 954 in
1784 902 1886 954 hoc
1970 898 2081 950 ritu
2112 903 2213 951 est.
2240 898 2357 951 Hoc
2385 911 2719 965 cognoscere
2742 895 2824 948 vel
2840 895 3085 955 credere.
3118 898 3397 968 quomodo
3422 916 3571 957 unus

289 993 558 1066 mysterio
578 997 664 1046 est
689 992 942 1064 quaedam
958 992 1133 1046 virtus
1158 992 1244 1045 vel
1267 992 1447 1062 ﬁgura
1473 991 1722 1061 corporis
1746 992 1883 1056 mei;
1972 986 2227 1039 Christus
2266 984 2581 1039 ascenderit
2613 984 2760 1038 ﬁlius
2801 984 3045 1038 hominis
3082 985 3178 1039 ubi
3227 993 3351 1041 erat
3388 988 3567 1065 prius,

288 1083 386 1136 sed
417 1082 498 1137 ait
528 1098 639 1136 non
666 1083 792 1135 ﬁcte
819 1100 830 1134 :
864 1083 973 1136 Hoc
1004 1086 1076 1134 est
1106 1097 1300 1149 corpus
1332 1097 1538 1133 meum.
1562 1080 1625 1136 Et
1644 1080 1766 1133 ideo
1786 1080 1887 1132 hoc
1971 1076 2095 1146 quis
2124 1075 2228 1129 hoc
2256 1090 2422 1128 sensu
2450 1072 2726 1143 explicet?
2758 1078 2815 1125 et
2844 1074 2991 1144 quod
3012 1073 3301 1131 descendit
3328 1076 3398 1131 de
3429 1077 3569 1132 coelo

289 1177 376 1226 est
404 1170 553 1243 quod
582 1170 738 1233 dixit,
763 1176 820 1223 et
838 1187 951 1223 non
981 1170 1128 1240 quod
1158 1172 1394 1240 quisque
1428 1168 1605 1239 ﬁngit.
1640 1169 1743 1223 Ubi
1775 1168 1886 1223 Lu-
1968 1165 2117 1217 ﬁlius
2146 1163 2389 1217 hominis
2419 1162 2515 1232 qui
2543 1170 2628 1215 est
2654 1162 2711 1214 in
2732 1162 2890 1224 cmlo,
2920 1179 3042 1232 quae
3072 1164 3175 1219 hoc
3209 1155 3572 1238 ratio-capit?

288 1278 382 1315 cas
406 1259 657 1313 addidit:
692 1260 843 1326 Quod
870 1275 970 1327 pro
999 1260 1144 1311 vobis
1176 1260 1429 1312 tradetur
1458 1260 1585 1321 (Luc
1628 1261 1783 1325 XXII),
1808 1262 1899 1315 vel
1980 1254 2209 1306 Necnon
2238 1257 2294 1304 et
2322 1250 2465 1320 quod
2518 1250 2744 1302 Verbum
2783 1265 2911 1302 caro
2938 1252 3151 1317 factum
3181 1258 3273 1316 est,
3309 1270 3431 1325 quae
3464 1254 3572 1313 hoc

287 1349 434 1405 sicut
459 1349 555 1403 alii
593 1348 811 1402 codices
842 1347 1068 1410 habent,
1101 1346 1293 1400 datur.
1332 1347 1439 1400 Sed
1472 1352 1527 1400 et
1557 1348 1800 1401 Joannes
1831 1364 1895 1400 ex
1979 1341 2146 1394 verba
2189 1340 2549 1409 eloquuntur,
2587 1342 2644 1390 et
2683 1336 2829 1407 quod
2855 1336 3311 1415 incommutabile
3350 1348 3453 1405 est,
3484 1344 3572 1399 fa-

288 1454 531 1509 persoua
561 1437 784 1490 Domini
810 1454 820 1489 :
855 1439 1041 1501 Panis,
1072 1436 1274 1506 inquit,
1299 1453 1457 1504 quem
1479 1453 1570 1503 ego
1590 1438 1889 1500 dabo,caro
1976 1435 2127 1483 ctum
2157 1429 2401 1493 ᾱὶοειωτς
2436 1426 2521 1479 vel
2541 1425 2820 1498 quomodo
2846 1426 2938 1497 (ἰαί
2967 1427 3131 1481 homo
3162 1430 3285 1483 erat
3311 1430 3458 1485 ﬁlius
3475 1432 3573 1487 h0-

291 1544 411 1580 mea
440 1531 537 1590 est,
570 1542 679 1579 non
723 1526 833 1578 alia
862 1541 1030 1593 quam
1061 1526 1197 1578 dabo
1240 1540 1341 1593 pro
1378 1527 1581 1578 mundi
1631 1528 1745 1577 vita
1776 1544 1792 1588 ;
1826 1541 1890 1578 ac
1972 1519 2140 1572 minis
2170 1518 2225 1601 in
2257 1523 2409 1569 terra
2436 1531 2622 1569 coram
2645 1514 2821 1567 oculis
2851 1531 3044 1568 eorum
3070 1517 3304 1586 positus,
3329 1518 3388 1572 in
3416 1520 3571 1575 caelis

290 1616 531 1669 deinde:
567 1614 673 1682 Qui
704 1614 1001 1666 manducat
1027 1629 1251 1666 carnem
1282 1629 1482 1677 meam,
1514 1619 1561 1666 et
1594 1614 1726 1665 bibit
1762 1629 1946 1682 san-_
1973 1624 2093 1661 esse
2134 1606 2371 1661 dicatur.
2423 1603 2713 1667 QuomOdO
2754 1618 2886 1672 ergo
2933 1603 3002 1656 de
3042 1605 3180 1658 εωιο
3231 1607 3385 1661 venit
3420 1609 3570 1663 unde

289 1707 519 1771 guinem
548 1719 753 1765 meum,
778 1704 840 1755 in
872 1719 955 1755 me
980 1706 1183 1764 manet,
1217 1707 1265 1754 et
1291 1718 1382 1769 ego
1411 1704 1475 1754 in
1505 1704 1763 1766 eo(.loan.
1790 1704 1860 1771 v1)
1908 1676 1955 1735 Β
1973 1712 2263 1767 nunquam
2293 1693 2507 1747 abfuit?
2525 1690 2792 1747 Ascendit
2806 1691 3168 1757 descendens,
3188 1694 3320 1764 quia
3340 1694 3397 1750 in
3416 1697 3573 1752 nullo

290 1793 451 1847 Unde
490 1792 663 1846 miror
691 1790 827 1862 quid
851 1790 1023 1844 velint
1043 1807 1192 1844 nunc
1219 1790 1448 1859 quidam
1470 1790 1674 1846 dicere.
1698 1790 1889 1843 nonin
1971 1784 2268 1840 resolvitur
2297 1781 2571 1835 Christus.
2615 1781 2713 1837 Est
2748 1779 2842 1851 qui
2875 1787 3015 1848 erat,
3049 1789 3106 1835 et
3150 1783 3297 1853 quod
3332 1789 3419 1838 est
3460 1802 3574 1841 non

290 1898 353 1936 re
381 1898 503 1935 esse
532 1880 823 1934 veritatem
844 1880 1029 1933 carnis
1052 1878 1259 1934 Christi
1283 1880 1366 1932 vel
1387 1879 1809 1948 sanguinis.sed
1831 1879 1890 1937 in
1972 1879 2116 1928 erat.
2139 1874 2205 1929 In
2235 1870 2495 1925 omnibus
2523 1885 2656 1941 ergo
2689 1868 2810 1921 istis
2832 1875 2889 1922 et
2914 1869 2971 1923 in
3001 1869 3125 1923 aliis
3150 1873 3574 1947 quamplurimis

292 1976 646 2024 sacramento
680 1969 944 2022 virtutem
974 1968 1278 2040 quamdam
1307 1968 1511 2031 carnis,
1545 1973 1601 2022 et
1630 1984 1740 2021 non
1774 1984 1889 2022 car-
1970 1963 2105 2017 locis
2145 1960 2360 2016 excedit
2392 1959 2666 2012 humanas
2697 1963 2913 2011 mentes
2941 1957 3131 2041 divina
3166 1965 3435 2030 potestas,
3470 1980 3573 2041 nec

290 2077 451 2126 nem;
485 2058 907 2129 virunemjgge
923 2038 1236 2128 sanguinis,
1270 2062 1327 2110 et
1354 2074 1466 2109 non
1513 2057 1846 2127 sanguinem
1873 2076 1886 2124 ;
1973 2052 2226 2125 subjacet
2252 2047 2515 2103 humanis
2543 2045 2796 2100 sensibus
2823 2045 2966 2099 ratio
2995 2038 3235 2101 Caelestis
3266 2054 3322 2121 et
3349 2038 3568 2120 divina;

294 2153 556 2221 ﬁguram,
580 2154 636 2202 et
655 2162 766 2201 non
791 2147 1116 2210 veritatem;
1143 2147 1421 2209 umbram,
1440 2152 1495 2199 et
1520 2162 1631 2200 non
1647 2162 1848 2217 corpus
1873 2166 1885 2213 ;
1976 2143 2109 2213 quia
2138 2146 2343 2194 natura
2372 2136 2603 2191 inferior
2631 2152 2861 2190 causam
2882 2141 2937 2188 et
2954 2136 3228 2223 rationem
3245 2144 3458 2223 naturae
3476 2157 3573 2225 po-

292 2254 419 2290 cum
447 2237 538 2289 hic
560 2252 771 2305 spec1es
786 2234 988 2303 accipit
1012 2233 1320 2297 veritatem,
1354 2240 1411 2286 et
1430 2234 1612 2302 ﬁgura
1636 2241 1890 2287 veterum
1972 2230 2133 2283 tioris
2155 2236 2210 2283 et
2230 2228 2519 2280 immensa:
2532 2241 2645 2279 non
2672 2227 2822 2295 capit
2840 2241 2940 2278 nec
2961 2224 3246 2311 intelligit.
3270 2226 3482 2295 ,Etideo
3500 2224 3572 2283 de

294 2326 628 2387 hostiarum,
646 2341 865 2394 corpus.
892 2322 1049 2377 Unde
1064 2322 1287 2374 Veritas
1316 2321 1415 2384 ait,
1433 2338 1558 2375 cum
1581 2320 1895 2394 porrigeret
1975 2318 2181 2372 talibus
2211 2316 2377 2370 rebus
2407 2332 2529 2387 quae
2564 2313 2751 2368 divina
2788 2316 2965 2367 virtus
2994 2322 3278 2397 operatur,
3317 2316 3575 2391 dubietas

296 2414 579 2484 discipulis
599 2429 828 2484 panem:
854 2413 960 2466 Hoc
980 2416 1054 2464 est
1078 2427 1273 2480 corpus
1292 2426 1475 2463 meum
1504 2412 1889 2477 (Matthmxw),
1976 2406 2281 2461 auferenda
2310 2410 2433 2469 est,
2450 2410 2507 2457 et
2534 2403 2818 2457 cunctatio
2848 2403 3219 2471 removenda;
3245 2405 3377 2483 quia
3400 2407 3576 2463 scien~

296 2510 354 2558 et
382 2520 495 2558 non
530 2502 680 2556 aliud
710 2517 878 2572 quam
903 2502 1047 2569 quod
1061 2516 1160 2567 pro
1188 2502 1332 2553 vobis
1361 2501 1652 2564 tradetur;
1682 2507 1738 2553 et
1768 2517 1895 2554 cum
1976 2496 2056 2550 tia
2101 2512 2293 2550 earum
2344 2494 2403 2546 in
2435 2492 2542 2547 ﬁde
2576 2499 2680 2557 est,
2730 2491 2874 2545 ratio
2904 2492 2962 2545 in
3003 2492 3225 2559 virtute,
3257 2490 3488 2551 effectus
3517 2497 3578 2552 in

298 2593 527 2646 calicem
562 2609 573 2643 :
609 2592 709 2645 llic
742 2596 814 2643 est
862 2592 1012 2642 calix
1063 2590 1204 2643 Novi
1250 2590 1595 2650 Testamenti,
1648 2592 1749 2655 qui
1794 2606 1896 2657 pro
1981 2585 2148 2639 rebus
2175 2601 2240 2636 ex
2285 2586 2560 2653 potestate
2598 2586 2699 2644 est,
2752 2597 2921 2635 causa
2948 2581 3006 2635 in
3044 2582 3368 2648 voluntate;
3405 2585 3485 2640 ita
3512 2591 3579 2651 ut

298 2674 443 2725 vobis
475 2672 786 2738 e/fundctur
816 2671 877 2722 in
918 2671 1295 2721 remissionem
1326 2673 1674 2735 peceatorum
1698 2670 1893 2731 (Marc.
1981 2674 2120 2727 nihil
2142 2672 2347 2726 habeat
2365 2672 2531 2724 homo
2554 2669 2700 2740 quod
2715 2676 3094 2741 conqueratur
3111 2670 3181 2724 de
3198 2672 3436 2749 singulis
3452 2690 3576 2749 quae

298 2767 428 2828 XIV).
462 2759 712 2814 Necdum
742 2757 934 2827 itaque
952 2763 1073 2810 erat
1093 2756 1267 2818 fusus,
1295 2762 1352 2810 et
1374 2762 1562 2810 tamen
1584 2757 1701 2828 ipse
1722 2759 1900 2829 porri—
1981 2764 2129 2817 Deus
2149 2761 2289 2814 dixit
2303 2765 2359 2814 et
2390 2758 2579 2822 voluit,
2601 2762 2868 2827 quoniam
2889 2762 2999 2827 ipse
3018 2761 3163 2813 dixit
3182 2766 3229 2814 et
3250 2746 3401 2831 facta
3419 2746 3572 2830 sunt,

297 2853 450 2918 gitur
478 2846 537 2899 in
569 2844 737 2899 calice
778 2844 1011 2913 sanguis
1048 2843 1143 2914 qui
1172 2843 1539 2898 effundendus
1584 2850 1725 2898 erat.
1764 2846 1897 2899 Erat
1981 2855 2092 2919 ipse
2124 2851 2411 2903 mandavit
2448 2853 2496 2901 et
2534 2852 2718 2900 creata
2746 2852 2878 2901 sunt
2929 2850 3089 2913 (Psat.
3139 2863 3306 2912 XXXII,
3338 2854 3576 2923 CXLVIII),

300 2936 529 3009 quidem
565 2936 682 3005 jam
711 2933 767 2987 in
798 2933 984 2996 calice,
1027 2932 1120 3003 qui
1149 2932 1331 2985 adhuc
1358 2939 1549 2988 tamen
1576 2934 1897 2988 fundendus
1980 2945 2045 2993 ut
2077 2939 2266 2992 voluit.
2293 2936 2569 2991 Sublimia
2596 2936 2821 3005 quidem
2850 2941 2982 2990 sunt
3003 2942 3061 2990 et
3088 2935 3274 3011 divina
3299 2938 3355 2992 in
3376 2928 3579 3011 hujus-

303 3032 425 3079 erat
452 3025 513 3078 in
544 3023 805 3095 pretium.
840 3018 906 3075 Et
930 3022 1054 3075 ideo
1086 3022 1233 3075 idem
1265 3021 1495 3093 ipseque
1534 3023 1762 3093 sanguis
1777 3024 1897 3092 jam
1916 3028 1960 3087 ί]
1981 3024 2128 3083 modi
2159 3027 2325 3081 rebus
2359 3030 2728 3087 sacramenta,
2756 3041 2877 3095 qua;
2907 3042 3006 3095 pro
3027 3010 3208 3080 salute‘
3236 3020 3467 3110 humani
3484 3012 3583 3111 εβ-

304 3120 427 3167 erat
459 3112 516 3165 in
546 3108 732 3171 calice,
756 3109 851 3181 qui
886 3115 942 3163 et
964 3107 1023 3162 in
1052 3126 1306 3181 corpore.
1336 3111 1479 3164 sicut
1502 3128 1630 3164 caro
1663 3112 1746 3165 vel
1776 3128 1899 3165 cor-
1982 3117 2135 3171 neris
2162 3121 2426 3186 aguntur,
2457 3119 2516 3168 et
2541 3113 2789 3184 quotidie
2818 3113 3051 3183 mystice
3078 3115 3135 3167 in
3156 3115 3262 3169 hoc
3286 3102 3578 3190 mysterio,

268 3202 273 3207 ’
302 3219 407 3273 pus
438 3202 492 3254 in
516 3216 677 3271 pane.
705 3200 835 3252 Erat
864 3204 1053 3273 autem
1076 3196 1292 3269 integer
1317 3199 1593 3265 Christus,
1614 3205 1671 3254 et
1698 3218 1900 3272 corpus
1981 3206 2194 3259 tradita
2213 3212 2345 3258 sunt
2362 3203 2647 3275 apostolis,
2668 3202 3041 3263 celebrantur.
3069 3204 3139 3259 Et
3164 3204 3290 3261 ideo
3316 3190 3582 3263 incoenw

304 3290 513 3345 Christi
551 3306 737 3344 coram
786 3288 958 3341 oculis
1007 3286 1259 3343 omnium
1301 3289 1563 3358 positum,
1602 3306 1813 3343 necnon
1846 3295 1901 3344 et
1983 3296 2107 3353 culo
2146 3295 2249 3348 hoc
2277 3294 2483 3364 pascha
2541 3291 2746 3361 agitur,
2786 3290 2919 3362 quia
2948 3292 3057 3346 nisi
3096 3293 3192 3364 qui
3224 3297 3613 3365 ascenderint_

302 3377 599 3449 sanguisin
629 3394 860 3447 corpore
892 3370 1015 3439 fuit,
1031 3374 1176 3430 sicut
1196 3382 1250 3430 et
1270 3378 1451 3430 adhuc
1466 3378 1629 3432 hodie
1659 3379 1902 3449 integer-
1983 3384 2093 3438 ista
2122 3399 2232 3435 non
2262 3381 2508 3450 capiunt,
2533 3386 2598 3432 ut
2620 3379 2918 3433 comedant
2946 3368 3229 3435 et‘bibant
3259 3384 3409 3455 quod
3440 3386 3583 3443 eﬁ'u-

300 3468 507 3521 rimum
531 3473 617 3520 est
641 3472 697 3519 et
729 3472 934 3529 manet,
972 3465 1065 3534 qui
1096 3482 1221 3517 vere
1246 3464 1486 3518 dabatur
1512 3465 1591 3518 eis
1623 3466 1691 3518 ad
1723 3484 1904 3521 come-
1984 3489 2107 3527 sum
2138 3476 2223 3525 est
2247 3471 2304 3523 in
2332 3468 2718 3522 remissionem
2744 3473 3119 3537 peccatorum,
3147 3476 3205 3523 et
3232 3477 3424 3528 tamen
3442 3474 3585 3530 inte-

300 3557 633 3620 dendum,et
648 3555 717 3607 ad
730 3550 1100 3607 bibendumin
1119 3553 1507 3606 remissionem
1522 3561 1898 3624 peccatorum.
1982 3576 2147 3632 grum
2181 3565 2388 3612 manet.
2417 3557 2557 3610 Hinc
2586 3572 2807 3627 quoque
2839 3555 2960 3626 ipsa
2988 3557 3243 3613 Veritas:
3274 3562 3472 3626 Bibite,
3496 3563 3587 3617 in-

302 3646 452 3718 (AUG
504 3660 608 3698 ser.
639 3643 692 3707 2,
732 3645 793 3696 de
831 3643 1003 3696 Verbis
1028 3642 1301 3711 Domini.)
1330 3643 1491 3696 Dicat
1519 3643 1779 3697 similiter
1796 3645 1901 3698 ali-
1986 3650 2126 3721 quit.
2157 3648 2289 3719 quia
2310 3648 2398 3700 hic
2415 3651 2490 3699 est
2518 3647 2748 3712 sanguis
2769 3661 2939 3709 meus,
2955 3648 3056 3714 qui
3072 3662 3173 3713 pro
3199 3650 3393 3702 multis
3414 3652 3586 3715 effun-

302 3735 447 3806 quis,
464 3734 510 3787 si
540 3733 596 3786 in
613 3731 723 3785 alio
745 3732 933 3802 aliquo
957 3730 1211 3784 remissio
1230 3736 1315 3785 est
1334 3738 1706 3802 peccatorum,
1734 3750 1902 3803 quam
1986 3740 2219 3792 daturin
2234 3738 2610 3789 remissionem
2625 3738 2988 3800 peccatorum.
3008 3734 3168 3798 Quod
3183 3735 3230 3789 si
3251 3737 3461 3792 effusus
3478 3744 3584 3807 est,

301 3825 359 3878 in
390 3822 635 3878 Christo.
660 3822 893 3875 Constat
917 3836 1053 3889 ergo
1077 3820 1206 3891 quia
1240 3838 1347 3874 non
1371 3828 1474 3885 est,
1500 3828 1556 3875 et
1576 3822 1707 3892 quia
1726 3823 1782 3874 in
1802 3824 1906 3876 hoc
1983 3829 2103 3897 jam
2134 3824 2413 3896 quomodo
2437 3839 2585 3877 nunc
2601 3839 2793 3877 rursus
2813 3822 3157 3877 eﬁ'unditur?
3173 3830 3231 3879 et
3246 3826 3293 3880 si
3309 3843 3438 3881 caro
3459 3844 3589 3883 con-

304 3928 535 3984 corpore
567 3926 631 3963 ac
663 3908 938 3980 sanguine
968 3909 1225 3963 remissio
1256 3916 1340 3963 est
1368 3916 1743 3981 peccatorum,
1779 3928 1906 3965 vere
1988 3920 2214 3985 sumpta
2233 3918 2333 3973 est.
2360 3911 2638 3982 quomodo
2666 3911 2847 3964 adhuc
2875 3918 3065 3966 manet
3083 3912 3307 3984 integra
3329 3920 3385 3969 et
3407 3932 3590 3972 come-

304 4000 513 4055 Christi
544 4015 672 4053 caro
705 4005 791 4052 est
810 4004 868 4051 et
891 3998 1141 4066 sanguis.
1168 3998 1324 4052 Unde
1352 3999 1447 4069 qui
1477 3998 1645 4069 digne
1670 4000 1906 4053 mandu-
1992 4003 2177 4058 ditur?
2207 4000 2350 4055 Ecce
2381 3997 2529 4070 quod
2561 3998 2770 4053 bibitur
2808 4000 3057 4069 quotidie
3094 4008 3152 4055 et
3177 4003 3500 4071 effunditur,
3530 4010 3589 4083 et

306 4097 439 4144 cant
468 4095 526 4143 et
564 4087 763 4142 bibunt
805 4104 930 4141 vere
986 4088 1153 4140 vitam
1184 4094 1449 4141 aeternam
1482 4088 1824 4142 manducant
1853 4095 1913 4142 et
1992 4092 2139 4164 quod
2162 4087 2703 4144 semelimmolatum
2733 4094 2819 4141 est
2837 4088 3019 4142 adhuc
3049 4088 3299 4160 quotidie
3327 4091 3588 4147 immola-

307 4176 528 4239 bibunt,
550 4183 606 4230 et
637 4175 857 4247 integra
877 4182 1066 4228 manet
1092 4174 1219 4228 vita.
1246 4177 1310 4229 Et
1326 4183 1457 4229 tunc
1482 4177 1587 4229 erit
1610 4176 1910 4247 unicuique
1991 4187 2102 4234 tur.
2135 4181 2257 4234 Non
2291 4194 2423 4247 ergo
2452 4176 2781 4230 immolatur
2809 4176 2918 4230 nisi
2945 4166 3092 4247 quod
3115 4195 3287 4235 unum
3310 4188 3414 4234 est.
3438 4179 3591 4236 Bibi-

308 4284 512 4338 corpus
546 4265 754 4319 Christi
805 4270 862 4319 et
892 4264 1121 4335 sanguis
1175 4264 1288 4317 vita
1324 4264 1389 4328 si,
1425 4265 1573 4335 quod
1625 4266 1681 4318 in
1722 4282 1909 4322 sacra-
1993 4276 2089 4323 tur
2117 4268 2341 4339 quidem
2381 4266 2437 4319 in
2467 4266 2855 4319 remissionem
2886 4274 3241 4337 peccatorum
3273 4275 3331 4323 et
3360 4271 3593 4329 efiundi—

308 4363 501 4432 mento
555 4354 817 4418 sumitur,
868 4353 924 4406 in
969 4353 1087 4423 ipsa
1125 4352 1375 4415 veritate,
1417 4353 1562 4407 sicut
1608 4345 1974 4424 aliquandoD
1995 4365 2108 4413 tur.
2129 4357 2185 4411 Si
2214 4362 2405 4409 autem
2435 4354 2636 4425 quaeris
2657 4356 2936 4426 quomodo
2953 4356 3261 4411 effunditur
3285 4364 3347 4412 ut
3369 4368 3595 4415 maneat

309 4446 517 4500 dixisse
545 4461 631 4497 me
657 4443 903 4502 memini,
930 4440 1298 4512 spiritualiter
1325 4442 1711 4507 manducetur,
1729 4452 1787 4497 et
1807 4444 1916 4515 spi-
2000 4446 2148 4519 quod
2187 4446 2423 4499 effusum
2461 4450 2564 4505 est,
2596 4443 2849 4514 intellige
2881 4446 3160 4514 quomodo
3198 4447 3442 4501 charitas
3490 4448 3594 4504 Dei

309 4531 1792 4601 ritualiterbibatur.Quia,sicutdicitapostolisiJoan.
1811 4539 1906 4600 vi),
1992 4536 2197 4605 diffusa
2212 4539 2297 4588 est
2319 4534 2377 4587 in
2404 4532 2663 4586 cordibus
2693 4532 2896 4586 nostris
2926 4538 2983 4587 et
3012 4540 3201 4587 manet
3230 4535 3449 4606 integra
3467 4537 3596 4592 cha-

310 4642 442 4679 caro
474 4623 613 4677 nihil
644 4621 905 4694 prodest:
942 4629 1152 4692 quanto
1186 4621 1361 4690 magis
1385 4621 1541 4690 panis
1556 4621 1675 4674 sine
1701 4622 1912 4692 Spiritu
1958 4684 1967 4687 ν
1996 4625 2134 4678 ritas
2158 4626 2325 4679 (Rom.
2357 4629 2431 4687 ν),
2478 4621 2687 4675 scilicet
2730 4621 2971 4691 Spiritus
3008 4628 3235 4677 sanctus
3271 4641 3283 4676 :
3323 4612 3403 4678 sic
3450 4626 3595 4682 forte

313 4714 409 4786 qui
438 4711 690 4768 cernitur
708 4710 735 4762 ?
765 4708 861 4764 sed
884 4710 1127 4781 Spiritus
1158 4716 1243 4763 est
1272 4709 1363 4780 qui
1391 4709 1648 4763 viviﬁcat.
1675 4711 1800 4765 Haec
1832 4712 1916 4765 id-
1999 4728 2332 4784 cognoscere
2350 4710 2558 4782 poteris
2587 4709 2736 4781 quod
2763 4714 2847 4763 est
2875 4709 3155 4764 ineﬁabile
3176 4712 3447 4791 quidquid
3470 4700 3599 4787 Spi—
3649 4740 3671 4767 λ

313 4803 463 4857 circo
507 4798 776 4873 prolixius
821 4799 1062 4852 dixerim
1101 4805 1158 4852 et
1206 4799 1538 4869 expressius,
1570 4800 1701 4869 quia
1730 4800 1918 4853 audivi
2000 4803 2143 4856 ritus
2172 4807 2398 4856 sanctus
2424 4806 2707 4872 Operatur.
2743 4799 2813 4853 Et
2842 4797 2888 4852 si
2920 4799 3165 4855 Charitas
3201 4802 3302 4856 Dei
3346 4803 3407 4858 in
3435 4804 3597 4860 nobis

316 4890 592 4963 quosdam
627 4906 716 4941 me
758 4887 1185 4959 reprehendere,
1233 4889 1392 4959 quasi
1432 4905 1534 4960 ego
1566 4888 1623 4941 in
1666 4905 1732 4942 eo
1778 4888 1919 4943 libro
2000 4891 2203 4945 diffusa
2230 4896 2316 4944 est
2342 4890 2397 4943 in
2424 4906 2482 4943 se
2515 4876 2767 4955 manens,
2798 4904 2925 4941 vere
2964 4876 3192 4960 sanguis
3220 4891 3362 4945 Novi
3400 4894 3598 4948 Testa-

318 4996 487 5052 quem
518 4977 588 5031 de
618 4976 998 5032 Sacramentis
1024 4970 1233 5031 Christi
1261 4977 1565 5041 edideram,
1591 4978 1803 5048 aliquid
1832 4978 1920 5031 his
2005 4980 2180 5033 menti
2194 4977 2953 5037 Deidifl‘undituradmodum
2971 4978 3029 5031 in
3050 4980 3383 5052 cordibusin
3398 4964 3597 5036 remis-

320 5050 487 5123 dictis
518 5068 646 5139 plus
677 5066 926 5121 tribuere
958 5064 1248 5130 voluerim,
1280 5071 1379 5119 aut
1407 5067 1558 5120 aliud
1601 5084 1769 5138 quam
1798 5066 1922 5136 ipsa
2004 5070 2219 5124 sionem
2249 5074 2621 5138 peccatorum.
2659 5066 2779 5130 Quo
2810 5056 3005 5133 effuso,
3050 5050 3417 5145 remittuntur
3443 5054 3503 5123 in
3532 5085 3597 5124 eo
3683 5100 3696 5109 -

320 5157 547 5211 Veritas
602 5155 974 5227 repromittit;
1007 5144 1270 5209 timentes
1310 5156 1454 5213 forte
1496 5156 1597 5208 hoc
1637 5157 1783 5226 quod
1815 5157 1922 5227 ipsi
2005 5157 2194 5213 omnia
2222 5161 2444 5227 peccata
2475 5162 2685 5221 nostra,
2717 5155 2983 5227 quoniam
3012 5156 3131 5229 ipse
3161 5157 3406 5228 pontifex
3436 5157 3599 5213 Chri-

321 5252 458 5302 tunc
478 5245 793 5301 timuerunt
813 5242 1531 5321 quibusloquebatur._quod
1547 5252 1731 5313 partes
1744 5246 1923 5300 facere
2008 5253 2127 5301 stus
2155 5251 2257 5310 est,
2275 5246 2370 5316 qui
2391 5245 2625 5315 porrigit
2653 5244 2813 5299 nobis
2831 5246 2979 5319 hunc
3001 5262 3224 5321 panem.
3258 5262 3422 5300 suum
3451 5247 3601 5303 vide-

322 5333 619 5397 voluerim,
638 5340 695 5388 et
717 5335 838 5405 ejus
868 5350 967 5402 per
986 5332 1233 5401 singulos
1259 5318 1507 5386 membra
1526 5333 1771 5387 dividere
1796 5351 1924 5387 con-
2006 5336 2136 5389 licet
2163 5351 2382 5406 corpus,
2412 5340 2469 5387 et
2497 5322 2731 5388 effundit
2762 5318 2909 5389 hunc
2938 5335 2993 5389 in
3026 5318 3272 5388 calicem.
3292 5336 3419 5393 Non
3448 5338 3603 5396 enim

325 5424 441 5481 cisa
474 5422 558 5479 vel
582 5423 854 5493 dispersa,
886 5422 1028 5475 sicut
1056 5427 1189 5475 tunc
1218 5421 1296 5474 illi
1338 5429 1608 5492 putarunt
1636 5423 1731 5494 qui
1762 5439 1924 5477 scan-
2009 5423 2245 5478 discedit
2280 5423 2350 5501 ab
2382 5424 2562 5478 ofﬁcio
2590 5442 2710 5479 suo.
2757 5425 2825 5480 Et
2852 5426 2899 5479 si
2951 5412 3140 5501 manet
3247 5408 3429 5495 nobis,
3452 5406 3603 5501 bibit

327 5511 556 5593 dalizati
571 5508 863 5591 dicuntur,
884 5516 942 5595 et
956 5508 1217 5589 abierunt
1233 5514 1566 5565 retrorsum.
1580 5511 1796 5593 Quibus
1812 5513 1929 5568 Sal-
2009 5530 2140 5594 eum
2158 5498 2330 5595 etiam
2354 5514 2475 5595 ipse
2504 5513 2796 5593 nobiscum
2810 5498 3039 5593 novum,
3071 5519 3131 5594 et
3149 5496 3299 5595 quod
3324 5522 3411 5595 est
3519 5500 3608 5574 to-
