3992 6166
349 259 491 317 1359
1104 255 1161 310 S.
1203 250 1582 309 PASCHASII
1620 246 1984 305 RADBERTI
2022 246 2330 304 ABBATIS
2353 249 2866 306 'CORBEIENSIS.
3492 250 3635 310 1360

345 388 406 438 to
434 397 668 454 corpore
695 395 819 446 suo,
851 384 908 435 et
933 380 994 435 in
1030 377 1291 435 omnibus
1320 377 1481 433 nobis
1505 395 1518 442 ;
1552 376 1682 448 quia
1711 375 1833 430 sine
1876 390 1943 429 eo
1960 373 2203 434 Astione
2230 380 2526 446 perageret
2556 393 2569 442 ;
2602 392 2668 431 ac
2688 381 2986 450 propterea
3008 378 3149 433 duos
3170 377 3372 432 calices
3390 377 3638 450 discipu-

346 487 572 527 sumere
599 487 712 525 non
750 486 1068 542 possumus,
1100 483 1281 538 neque
1309 466 1379 521 de
1407 481 1552 537 pane
1575 464 1671 519 illo
1702 463 1942 518 mandu—
2024 462 2093 516 lis
2111 463 2410 518 Dominum
2441 464 2947 533 tradidissewzod.
2979 472 3100 534 x11).
3126 467 3195 520 Et
3209 471 3477 522 astruunt
3501 484 3637 521 vere

347 575 495 625 care,
523 559 612 613 vel
642 552 713 613 de
740 558 911 612 calice
950 555 1160 612 bibere.
1192 555 1308 609 Nec
1337 552 1576 619 mireris,
1616 552 1811 611 frater.
1847 552 1942 622 qui
2024 552 2084 605 in
2114 558 2354 623 utroque
2387 554 2557 608 calice
2596 555 2746 625 quod
2792 561 3098 627 utrumque
3144 555 3346 610 debeat
3391 556 3638 627 intelligi

344 648 489 702 forte
516 647 627 703 ista
653 663 766 701 non
780 646 979 711 credis,
1004 645 1137 716 quia
1163 659 1275 698 non
1302 649 1499 697 nostra
1517 648 1651 695 sunt
1668 656 1791 712 quae
1810 640 1944 694 dici-
2023 646 2448 709 testamentum,
2476 659 2542 695 ac
2574 659 2676 713 per
2712 643 2816 697 hoc
2846 658 2995 699 unus
3022 660 3219 698 eorum
3246 644 3537 715 pertineat
3564 646 3637 698 ad

345 752 492 792 mus.
509 735 878 807 Omnipotens
898 734 1052 789 enim
1074 738 1161 787 est
1179 732 1282 787 Dei
1300 730 1566 797 Verbum,
1582 736 1639 783 et
1659 716 1854 783 efﬁcax
1872 728 1943 783 ad
2024 746 2255 800 agnum,
2287 730 2431 784 alius
2461 747 2590 785 vero
2620 732 2690 785 ad
2722 733 3056 803 mysterium
3084 733 3355 804 corporis.
3384 734 3497 788 Sed
3519 733 3638 787 sive

345 825 538 880 omnia
574 840 697 896 qua
727 823 845 878 vult
870 821 1179 877 secundum
1208 819 1629 875 multitudinem
1669 817 1944 872 virtutum
2025 819 2130 872 hoc
2160 818 2273 872 sive
2300 818 2440 873 illud
2463 820 2702 890 quisque
2732 821 2959 888 sentiat,
2990 822 3179 875 nullus
3211 827 3406 875 tamen
3436 838 3638 876 eorum

346 929 599 980 suarum,
619 928 748 967 cum
777 912 852 966 sit
872 911 993 982 ipse
1017 926 1164 964 unus
1177 908 1429 963 omnium
1450 908 1725 962 virtutum
1746 907 1940 961 virtus.
2026 924 2061 961 a
2089 923 2221 961 vera
2250 907 2359 961 ﬁde
2399 908 2685 963 invenitur
2719 916 3036 976 extraneus,
3069 916 3290 964 tantum
3325 916 3392 964 ut
3419 910 3638 965 intelli-

348 1005 523 1074 Cujus
553 1001 723 1057 verba
751 1017 864 1055 non
892 1000 1132 1070 alicujus
1172 1014 1343 1069 quam
1380 997 1547 1051 unius
1588 995 1762 1063 verbi,
1794 995 1943 1066 quod
2024 1002 2123 1067 gat
2146 997 2206 1051 in
2236 998 2341 1052 hoc
2382 998 2528 1052 facto
2568 999 2716 1069 quod
2746 999 2816 1053 de
2845 1000 3030 1069 ﬁgura
3058 1005 3116 1054 et
3146 999 3350 1054 umbra
3377 1000 3639 1055 veritatis

344 1093 466 1164 ipse
493 1097 598 1158 est,
620 1096 755 1146 sunt
776 1088 961 1155 verba,
983 1093 1041 1143 et
1059 1088 1185 1142 ideo
1206 1087 1372 1158 plena
1389 1091 1523 1140 sunt
1545 1084 1947 1155 veritate,quia
2025 1086 2464 1156 benignissimus
2488 1088 2517 1141 J
2522 1104 2649 1141 esus
2672 1087 2950 1159 accipiens
2981 1105 3185 1160 panem
3215 1093 3272 1142 et
3301 1090 3540 1144 calicem
3567 1089 3639 1143 ad

344 1180 589 1253 Spiritus
612 1184 671 1233 et
695 1177 810 1232 vita
836 1183 987 1241 sunt,
1013 1192 1115 1230 nec
1142 1174 1353 1229 habent
1380 1174 1535 1228 aliud
1563 1173 1623 1227 in
1653 1190 1711 1227 se
1741 1178 1947 1244 praeter
2028 1191 2221 1228 verum
2249 1180 2501 1230 transeat
2528 1176 2752 1231 Pascha;
2776 1183 3213 1241 sacramentum,
3240 1194 3315 1231 ne
3336 1194 3482 1249 apex
3505 1178 3639 1233 iotae
3694 1250 3697 1251 ν

236 1284 255 1317 ιι
346 1269 496 1341 quod
520 1268 646 1340 ipsa
671 1284 774 1340 per
798 1283 858 1321 se
878 1267 1176 1338 proﬁtetur
1202 1262 1424 1329 veritas,
1454 1264 1707 1331 Accipite,
1741 1261 1944 1331 inquit,

346 1360 443 1413 hoc
478 1363 553 1412 est
581 1373 776 1426 corpus
805 1371 989 1409 meum
1022 1373 1035 1422 ;
1067 1359 1125 1407 et
1152 1353 1221 1407 de
1248 1351 1417 1407 calice
1443 1370 1459 1407 :
1490 1352 1592 1406 Hic
1620 1356 1694 1403 est
1714 1353 1945 1417 sanguis

346 1464 519 1502 meus.
552 1446 823 1501 Poterant
840 1444 992 1498 enim
1019 1442 1259 1514 apostoli
1288 1448 1439 1503 tunc,
1456 1440 1503 1495 si
1523 1456 1636 1494 non
1653 1439 1944 1494 crederent

2031 1263 2463 1317 detruncaretur
2490 1280 2524 1317 a
2550 1265 2691 1334 lege,
2726 1265 2839 1318 imo
2868 1265 3002 1336 quia
3025 1265 3168 1336 lapis
3199 1265 3495 1336 angularis
3527 1273 3632 1329 est,

2030 1357 2298 1422 utrasque
2328 1358 2527 1407 tenens
2541 1358 2600 1406 et
2618 1353 2930 1425 adimplens
2955 1354 3131 1424 leges,
3150 1371 3216 1408 ac
3239 1354 3283 1409 si
3306 1371 3475 1409 verus
3505 1356 3642 1409 Mel—

2027 1440 2321 1495 chisedech
2352 1458 2557 1512 panem
2583 1442 2747 1496 offert
2779 1450 2837 1497 et
2865 1442 3077 1505 vinum,
3112 1443 3259 1514 quod
3288 1449 3415 1498 erat
3445 1460 3642 1499 sacra-

346 1535 516 1591 verba
552 1534 673 1589 vitae
724 1539 783 1588 et
817 1532 1091 1598 veritatis,
1129 1531 1486 1601 respondere,
1524 1530 1609 1583 vel
1670 1544 1940 1600 quierere,
2026 1536 2281 1585 mentum
2311 1531 2398 1584 sui
2419 1531 2666 1602 corporis
2694 1533 3119 1603 prmﬁguratum
3141 1549 3206 1587 ac
3226 1533 3545 1603 sanguinis.
3572 1534 3640 1587 Et

346 1624 625 1697 quomodo
656 1622 816 1695 panis
845 1622 939 1676 ille
967 1621 1049 1675 vel
1082 1619 1225 1674 calix
1261 1619 1373 1672 vini
1401 1633 1604 1690 corpus
1633 1622 1691 1671 et
1717 1616 1945 1687 sanguis
1963 1685 2004 1697 ﬂ
2026 1619 2336 1673 notandum
2367 1625 2454 1673 est
2475 1619 2625 1690 quod
2643 1620 2723 1673 ait
2747 1638 2758 1671 :
2794 1621 3074 1693 Benedixit
3102 1625 3154 1673 et
3183 1621 3352 1688 fregit
3374 1640 3391 1686 ;
3428 1621 3489 1675 in
3520 1639 3636 1693 qua

346 1685 2293 1782 essetChristi,cumipseintegerChristusincorporesuanimirum
2324 1705 2710 1761 benedictione
2758 1724 2823 1761 ac
2862 1708 3137 1761 fractione
3180 1724 3325 1762 nova
3370 1715 3637 1763 creatura
3698 1720 3717 1753 ν

347 1819 539 1860 coram
559 1800 735 1857 oculis
754 1815 947 1854 eorum
966 1802 1106 1852 erat.
1127 1796 1234 1851 Sed
1263 1795 1398 1866 quia
1410 1794 1772 1850 crediderunt
1796 1793 1944 1865 quod
2026 1794 2285 1860 efficitur,
2304 1800 2369 1850 ut
2382 1795 2542 1867 panis
2562 1796 2621 1849 in
2644 1796 3180 1851 commemoratione
3197 1797 3398 1851 mortis
3426 1798 3638 1853 Christi

347 1893 586 1958 dixerat,
618 1889 842 1946 silentio
872 1888 1213 1943 confitentur
1240 1890 1298 1939 et
1325 1884 1603 1955 accipiunt
1633 1900 1755 1955 quae
1783 1882 1943 1937 nobis
2027 1886 2139 1939 Deo
2168 1884 2278 1938 ﬁde
2298 1883 2517 1938 oblatus
2537 1900 2666 1938 caro
2688 1884 2809 1955 ejus
2818 1886 2946 1955 jure
2973 1885 3255 1939 credatur.
3280 1885 3566 1941 Similiter
3580 1894 3638 1941 et

345 1986 546 2055 postea
570 1978 947 2036 tradiderunt.
978 1974 1357 2031 Tradidernnt
1392 1980 1583 2028 autem
1632 1990 1745 2028 non
1774 1972 1945 2026 aliam
2028 1972 2257 2044 sanguis
2284 1973 2343 2026 in
2370 1972 2566 2027 eadem
2592 1974 2905 2043 gratiarum
2933 1973 3152 2028 actione
3182 1990 3355 2045 quam
3383 1975 3503 2029 Deo
3530 1977 3634 2031 Pa-

348 2087 520 2143 quam
548 2070 730 2141 ipsam
786 2065 1154 2136 eamdemque
1183 2079 1399 2118 cmnam
1451 2079 1621 2135 quam
1661 2061 1769 2132 ipsi
1813 2067 1949 2115 tunc
2029 2062 2103 2117 tri
2130 2062 2265 2133 egit,
2297 2065 2539 2126 creatur,
2562 2068 2626 2115 ut
2654 2079 2782 2115 vere
2811 2062 3039 2133 sanguis
3068 2063 3332 2117 credatur
3359 2064 3460 2135 qui
3484 2066 3630 2120 eﬁ'u-

347 2159 847 2222 manducaverunt,
891 2160 949 2209 et
977 2153 1260 2208 biberunt.
1293 2152 1453 2207 Unde
1481 2151 1605 2205 volo
1636 2149 1951 2222 perpendat
2030 2168 2126 2207 sus
2143 2156 2229 2206 est
2245 2168 2348 2222 pro
2377 2151 2570 2205 multis
2590 2150 2651 2205 in
2674 2150 3063 2206 remissionem
3091 2156 3474 2222 peccatorum.

346 2248 530 2303 ﬁdelis
559 2247 804 2311 animus,
840 2243 976 2315 quid
1029 2241 1255 2296 intersit
1306 2241 1456 2296 inter
1502 2240 1645 2294 illud
1693 2239 1943 2310 typicum

2132 2294 2554 2350 SENTENTle
2600 2294 3168 2352 CATHOLICORUM
3195 2296 3517 2352 PATRUM.

347 2336 556 2409 pascha
585 2351 696 2407 quo
720 2349 901 2404 agnus
928 2331 1253 2385 immolatus
1276 2335 1363 2384 est
1389 2335 1447 2384 et
1473 2329 1533 2383 in
1556 2330 1754 2384 eadem
1784 2344 1944 2383 ccena

349 2429 651 2491 comestus,
684 2427 742 2477 et
764 2421 936 2488 istud,
971 2420 1120 2491 quod
1157 2419 1465 2474 secundum
1503 2418 1757 2473 ordinem
1802 2419 1943 2473 Mel-
2095 2416 2421 2473 Ambrosius
2438 2419 2507 2473 de
2525 2418 2800 2473 Trinitate
2829 2419 2911 2473 ait
2934 2436 2947 2471 :
2975 2438 3001 2471 ε(
3029 2420 3159 2474 Pari
3178 2419 3348 2475 modo
3366 2420 3632 2476 obedien-

348 2512 645 2569 chisedech
683 2511 742 2566 in
792 2526 938 2582 pane
1002 2514 1060 2563 et
1119 2508 1250 2563 vino
1305 2507 1568 2563 continuo
1606 2507 1940 2562 celebratur.
2025 2506 2164 2561 tiam
2193 2507 2332 2561 Filio
2361 2506 2601 2577 objicere
2629 2506 2814 2562 solent
2841 2508 3056 2575 Ariani,
3085 2509 3221 2579 quia
3245 2509 3518 2582 scriptum
3544 2517 3633 2565 est

346 2603 429 2658 De
458 2617 569 2674 quo
633 2616 767 2656 sane
812 2598 1077 2672 paschate
1116 2596 1258 2651 dixit
1285 2596 1483 2651 eadem
1515 2596 1655 2650 hora
1683 2596 1945 2651 omnibus
2030 2596 2253 2665 (Philip.
2288 2600 2419 2660 x11):
2448 2596 2692 2665 Etspccic
2722 2600 2979 2651 inventus
3001 2603 3065 2651 ut
3093 2598 3275 2667 homo,
3297 2600 3632 2654 humiliaoit

347 2691 466 2748 suis
493 2708 505 2745 :
538 2691 815 2747 Desiderio
841 2688 1149 2743 desideravi
1163 2688 1503 2741 manducare
1524 2686 1621 2740 hoc
1634 2687 1838 2754 pascha
1861 2702 1946 2739 vo-
2024 2687 2372 2753 semetipsum
2400 2686 2582 2752 factus
2605 2687 2852 2740 obedicns
2875 2703 3044 2755 usque
3065 2688 3139 2740 ad
3163 2693 3416 2742 mortem.
3444 2688 3511 2742 Et
3530 2689 3630 2742 ho-

351 2784 581 2848 biscum,
612 2784 913 2849 antequam
935 2779 1129 2846 patiar
1161 2777 1305 2845 (Luc.
1338 2778 1493 2845 xm).
1528 2774 1691 2838 Quod
1729 2774 1777 2827 si
1803 2774 1944 2827 nihil
2026 2773 2237 2828 minem
2265 2774 2552 2844 pmmisit,
2585 2778 2643 2827 et
2666 2790 2843 2845 usque
2877 2774 2949 2828 ad
2978 2780 3221 2830 mortem
3243 2776 3402 2840 dixit,
3440 2783 3505 2831 ut
3532 2777 3627 2831 in-

345 2870 589 2943 amplius
615 2867 789 2923 habet
814 2867 921 2920 hoc
946 2863 1281 2937 mysterium
1309 2868 1513 2934 praeter
1541 2862 1782 2933 ﬁguram
1828 2878 1945 2915 cor-
2023 2862 2407 2932 telligeremus
2471 2861 2850 2916 obedientiam
2907 2864 3107 2917 mortis
3151 2880 3264 2918 non
3314 2864 3630 2919 divinitatis

344 2960 499 3031 poris
520 2963 578 3013 et
599 2954 891 3027 sanguinis
920 2953 1145 3019 Christi,
1178 2958 1237 3007 et
1258 2969 1372 3007 non
1402 2952 1507 3006 hoc
1535 2956 1621 3005 est
1649 2949 1798 3021 quod
1824 2950 1944 3020 ipse
1966 3024 2000 3031 *
2025 2950 2217 3014 fuisse,
2249 2950 2349 3004 sed
2379 2950 2770 3016 humanitatis,
2792 2951 2852 3004 in
2881 2968 2993 3023 qua
3018 2951 3201 3006 ofﬁcia
3220 2957 3418 3007 nostra
3446 2969 3632 3008 susce-

344 3024 487 3101 dixit
515 3062 528 3098 :
572 3024 960 3115 quid'necesse
995 3040 1100 3094 fuit
1143 3041 1352 3095 iterare
1388 3039 1448 3093 in
1477 3039 1643 3104 facto,
1677 3038 1811 3109 quia
1838 3024 2002 3092 hocC
2025 3039 2109 3110 pit
2137 3045 2194 3093 et
2222 3041 2468 3094 nomina.
2487 3040 2734 3094 Dicimus
2755 3040 2945 3110 itaque
2970 3056 3144 3094 unam
3172 3057 3295 3095 esse
3316 3043 3636 3112 potentiam

341 3139 527 3188 totum
554 3132 979 3203 prteﬁguratum
1009 3133 1134 3182 erat
1172 3128 1231 3181 in
1258 3144 1403 3198 agno
1432 3126 1457 3180 ?
1491 3126 1652 3181 Unde
1678 3131 1737 3181 et
1764 3127 1942 3181 Lucas
2023 3127 2336 3194 Trinitatis,
2363 3145 2530 3200 quam
2550 3145 2653 3183 nos
2676 3129 2734 3182 in
2750 3128 2874 3199 ipsa
2896 3132 3066 3199 atque
3089 3134 3218 3200 post
3235 3129 3423 3200 ipsam
3442 3131 3639 3186 docuit

343 3221 522 3287 (ibid.)
542 3219 683 3273 duos
711 3216 911 3271 calices
956 3216 1118 3270 datos
1164 3232 1285 3270 esse
1321 3214 1607 3286 discipulis
1636 3214 1695 3268 in
1744 3216 1943 3269 eadem
2025 3216 2361 3288 passionem.
2393 3216 2567 3271 Filius
2604 3217 2757 3271 enim
2795 3217 3008 3287 patitur
3030 3234 3131 3288 per
3158 3219 3411 3289 corporis
3443 3236 3638 3275 sacra-

345 3309 948 3364 caanacommemorat:
972 3320 1149 3359 unum
1168 3303 1325 3376 prius
1345 3310 1473 3375 post
1496 3304 1627 3374 agni
1644 3302 1942 3359 comestio-
2027 3311 2303 3370 mentum,
2354 3306 2622 3377 apostolis
2655 3305 2900 3376 Spiritus
2942 3312 3169 3361 sanctus
3197 3306 3541 3375 infunditur,
3578 3310 3638 3363 in

346 3413 497 3465 nem,
523 3400 826 3466 antequam
848 3386 1053 3465 panem
1081 3393 1386 3465 acciperet;
1415 3392 1589 3447 alium
1613 3410 1764 3460 vero,
1798 3398 1948 3464 post-
2028 3410 2227 3448 manus
2255 3394 2440 3448 Patris
2470 3395 2900 3450 commendatur
2928 3395 3191 3466 Spiritus,
3223 3396 3375 3451 Deus
3407 3414 3636 3469 quoque

347 3502 517 3559 quam
554 3484 838 3539 benedixit
858 3484 1043 3555 ipsum
1071 3498 1274 3554 panem
1295 3499 1360 3538 ac
1379 3481 1566 3552 fregit,
1596 3488 1655 3537 et
1682 3481 1841 3537 dedit
1867 3481 1949 3536 di—
2027 3483 2197 3537 Pater
2212 3483 2457 3537 maxima
2486 3499 2617 3537 voce
2646 3482 2922 3553 signatur.
2958 3502 2984 3535 »
3019 3484 3148 3538 Haec
3169 3482 3317 3540 beati
3347 3485 3636 3541 Ambrosii

345 3574 577 3646 scipulis
603 3572 738 3628 suis.
763 3573 1063 3639 Similiter,
1084 3571 1289 3643 inquit,
1306 3577 1596 3640 postquam
1616 3573 1847 3626 coenavit
1864 3572 1947 3624 ἀπ’·
2027 3571 2209 3642 posui,
2242 3577 2307 3626 ut
2333 3588 2653 3643 cognoscas,
2685 3572 2765 3626 ﬁli
2787 3571 3134 3641 charissime,
3161 3573 3294 3642 quia
3314 3590 3429 3629 non
3452 3576 3635 3630 solum

348 3681 470 3719 cens
503 3683 521 3718 :
549 3664 651 3719 Hic
695 3663 844 3717 calix
881 3663 1097 3716 Novum
1150 3662 1553 3715 Testamentum
1585 3666 1660 3714 est
1718 3663 1782 3713 in
1832 3675 1948 3713 meo
2029 3660 2213 3730 passio
2242 3660 2469 3713 Domini
2500 3660 2831 3731 mysterium
2866 3665 2954 3714 est
2980 3665 3038 3714 et
3068 3668 3493 3717 sacramentum
3543 3681 3637 3718 sa-

346 3755 621 3821 sanguine
635 3753 734 3821 qui
751 3768 852 3820 pro
880 3751 1021 3805 vobis
1047 3748 1496 3818 effundeturﬂbi
1521 3748 1942 3819 daturintelligi
2031 3748 2183 3813 Iutis,
2214 3764 2409 3802 verum
2441 3750 2612 3802 etiam
2655 3748 2866 3803 Christi
2897 3749 3161 3804 nativitas
3189 3756 3247 3803 et
3292 3751 3633 3822 incarnatio,

349 3841 499 3914 quod
518 3857 699 3912 agnus
716 3840 812 3894 ille
839 3838 1036 3910 legalis
1054 3854 1182 3892 cum
1208 3855 1311 3893 suo
1330 3838 1502 3892 calice
1527 3838 1586 3892 in
1615 3839 1797 3908 ﬁgura
1813 3855 1950 3909 prm-
2030 3837 2165 3908 quia
2195 3838 2421 3891 Verbum
2444 3852 2572 3893 caro
2595 3839 2809 3905 factum
2837 3842 2937 3903 est,
2971 3844 3019 3891 et
3054 3839 3326 3892 habitavit
3360 3843 3425 3893 in
3457 3844 3634 3900 nobis.

348 3930 518 3986 cessit
545 3927 820 4001 passionis
839 3926 1071 3983 Christi.
1094 3927 1309 3982 Deinde
1330 3943 1533 3998 corpus
1552 3931 1611 3981 et
1631 3926 1862 3997 sanguis
1890 3926 1949 3981 in
2031 3925 2162 3980 Haec
2188 3926 2398 3992 omnia,
2424 3925 2673 3996 inquam,
2698 3942 2822 3997 quae
2839 3926 3016 3997 gessit
3042 3928 3192 3982 Deus
3218 3927 3411 3994 homo,
3447 3947 3633 3986 sacra-

350 4020 521 4075 calice
540 4018 610 4073 ad
636 4017 1008 4089 expletionem
1043 4016 1255 4071 factum
1285 4020 1371 4070 est
1397 4015 1673 4085 veritatis,
1703 4021 1769 4070 ut
1799 4016 1950 4087 quod
2032 4019 2227 4068 menta
2244 4020 2378 4069 sunt
2401 4015 2575 4069 divini
2601 4015 2853 4070 muneris
2868 4020 2927 4069 et
2954 4016 3291 4088 mysterium
3315 4017 3449 4072 ﬁdei
3484 4038 3497 4086 ;
3532 4036 3639 4075 nec

350 4109 411 4163 in
432 4106 833 4164 Melchisedech
861 4110 1236 4176 praeessent,
1269 4110 1454 4160 totum
1485 4105 1864 4175 compleretur
1890 4105 1950 4159 in
2030 4108 2223 4158 tamen
2252 4103 2406 4157 aliud
2433 4109 2567 4158 sunt
2586 4120 2757 4175 quam
2774 4104 3000 4172 veritas,
3024 4110 3157 4176 quia
3177 4114 3537 4163 sacramenta
3555 4109 3640 4164 di-

350 4196 594 4253 Christo.
615 4196 759 4249 Nam
799 4195 948 4265 quod
969 4194 1108 4248 calix
1132 4194 1452 4265 passionem
1481 4194 1693 4249 Christi
1722 4194 1952 4249 demon-
2031 4198 2255 4247 cuntur.
2295 4192 2509 4247 Idcirco
2564 4199 2981 4248 sacramentum
3027 4194 3274 4265 corporis
3328 4197 3541 4252 Christi
3581 4206 3643 4253 et

350 4290 511 4351 stret,
545 4300 711 4338 nemo
752 4283 850 4354 qui
877 4283 982 4337 hoc
1012 4283 1377 4353 Evangelium
1406 4283 1563 4353 legit,
1594 4282 1849 4354 ambigit.
1882 4283 1951 4337 Et
2031 4281 2341 4352 sanguinis,
2375 4281 2627 4353 quamvis
2665 4287 3082 4339 sacramentum
3112 4284 3353 4350 dicatur,
3396 4303 3513 4341 non
3550 4294 3643 4341 est

349 4375 477 4431 ideo
504 4373 723 4445 aliquos
752 4376 956 4439 movet,
979 4376 1248 4425 utrumne
1275 4371 1417 4426 duos
1434 4372 1633 4426 calices
1652 4372 1831 4426 Lucas
1854 4389 1947 4427 νο·
1965 4361 2014 4420 D
2031 4370 2182 4425 aliud
2209 4388 2377 4442 quam
2412 4371 2636 4437 veritas,
2667 4376 2725 4425 et
2759 4372 2907 4442 quod
2937 4373 3060 4444 ipsa
3086 4372 3311 4428 Veritas
3356 4376 3639 4447 repromi-

349 4466 519 4522 luerit
562 4463 880 4536 signiﬁcare
925 4462 1119 4533 Iesum
1142 4459 1437 4531 accepisse.
1475 4475 1549 4514 an
1585 4476 1762 4514 unum
1798 4477 1952 4516 eum-
2032 4460 2124 4515 sit.
2157 4461 2318 4516 Unde
2340 4460 2537 4515 beatus
2568 4461 2918 4532 Augustinus
2952 4480 2965 4515 :
3008 4482 3032 4513 ι
3068 4463 3522 4531 Sacramentum,
3555 4466 3642 4521 in-

351 4554 612 4625 demque,
644 4552 779 4625 quia
805 4550 1210 4621 anticipaverat
1227 4548 1297 4603 de
1325 4565 1391 4603 eo
1420 4548 1624 4613 dicere,
1642 4564 1837 4603 rursus
1865 4566 1951 4604 re-
2032 4547 2171 4619 quit,
2206 4549 2346 4603 ﬁdes
2392 4554 2496 4616 est,
2534 4567 2560 4601 »
2599 4565 2664 4603 ac
2695 4548 2896 4603 deinde
2928 4569 2940 4604 :
2981 4568 3007 4603 a
3037 4551 3128 4605 Sic
3155 4558 3211 4605 et
3237 4568 3449 4624 corpus
3479 4555 3641 4609 Chri-

353 4641 711 4712 capitulando
725 4640 812 4694 bis
837 4656 967 4695 eum
994 4642 1415 4694 commemoret.
1439 4638 1526 4692 Ita
1546 4637 1773 4708 quidem
1804 4653 1950 4692 non-

353 4729 495 4785 nulli
520 4729 773 4784 sentiunt
808 4746 921 4785 non
953 4729 1095 4783 duos
1122 4744 1245 4783 esse
1273 4727 1493 4792 calices,
1519 4726 1617 4780 sed
1646 4742 1822 4782 unum
1852 4728 1949 4798 qui

353 4822 413 4874 et
431 4822 563 4873 ante
588 4816 936 4883 dividendus,
964 4821 1021 4871 et
1039 4821 1235 4888 postea
1248 4814 1527 4870 bibendus
1542 4830 1948 4869 commemora-

353 4912 467 4974 tur,
493 4906 690 4961 datum
719 4920 843 4959 esse
861 4905 1165 4976 discipulis.
1199 4904 1309 4960 Sed
1338 4903 1435 4959 alii
1464 4903 1685 4971 melius,
1712 4908 1777 4958 ut
1811 4920 1952 4974 prae-

352 4995 502 5062 misi,
535 4994 677 5049 duos
696 4996 982 5063 porrectos
1010 4993 1299 5048 afﬁrmant
1324 4991 1627 5064 discipulis,
1656 4997 1721 5047 ut
1746 4991 1807 5046 in
1835 5007 1948 5046 uno

352 5101 567 5152 eorum,
596 5083 651 5138 id
683 5085 770 5137 est
805 5080 864 5134 in
903 5080 1105 5151 primo,
1147 5082 1466 5153 passionem
1504 5098 1666 5137 suam
1711 5081 1948 5137 voluerit

352 5175 693 5247 exprimere;
724 5171 783 5226 in
810 5169 921 5224 alio
961 5184 1088 5223 vero
1100 5170 1350 5225 ﬁdelium
1375 5186 1606 5226 suorum
1627 5170 1947 5241 passionem

352 5264 731 5334 praeﬁgurare.
749 5260 966 5314 Rursus
993 5257 1090 5312 alii
1120 5258 1466 5313 contendunt
1493 5260 1551 5314 in
1587 5264 1828 5332 utroque
1860 5276 1949 5315 ca-

349 5350 456 5405 lice
483 5349 624 5409 illud
651 5347 946 5404 ostendere
967 5346 1116 5419 quod
1138 5347 1195 5401 in
1222 5347 1411 5402 Veteri
1425 5347 1784 5404 Testamento
1808 5365 1946 5421 prae-

350 5443 575 5510 ceptum
596 5442 700 5505 est,
720 5443 784 5492 ut
804 5436 898 5509 qui
920 5435 1136 5491 Pascha
1164 5451 1277 5490 non
1305 5435 1488 5506 primo
1521 5453 1713 5492 mense
1733 5454 1944 5509 agnum

350 5526 694 5587 comedenda
712 5532 923 5598 ageret,
951 5525 1012 5583 in
1038 5524 1283 5583 secundo
1299 5540 1492 5581 mense
1512 5524 1573 5582 in
1590 5525 1736 5583 haedi
1763 5543 1944 5584 come-

2032 4636 2105 4690 sti
2133 4643 2304 4708 atque
2329 4638 2558 4709 sanguis
2595 4637 2655 4692 in
2703 4638 2809 4693 hoc
2846 4645 3218 4708 sacramento,
3250 4657 3386 4696 vera
3417 4659 3550 4698 caro
3580 4652 3642 4699 et

2031 4726 2261 4796 sanguis
2284 4732 2387 4781 est.
2417 4745 2440 4778 ι
2473 4725 2626 4781 Nihil
2655 4735 2743 4781 est
2768 4727 2939 4790 aliud,
2971 4728 3171 4800 inquit,
3199 4730 3431 4785 credere
3464 4749 3639 4803 quam

2031 4814 2201 4869 ﬁdem
2233 4815 2441 4871 habere
2469 4821 2700 4888 propter
2744 4816 2875 4871 ﬁdei
2921 4824 3357 4873 sacramentum.
3393 4820 3465 4875 Et
3508 4821 3639 4878 ideo

2032 4904 2284 4975 quisquis
2330 4905 2400 4959 de
2446 4905 2552 4959 hoc
2579 4904 2800 4960 dubitat
2832 4906 3002 4961 ﬁdem
3033 4924 3092 4961 se
3121 4905 3333 4962 habere
3361 4909 3636 4981 denegat,

2031 4992 2165 5064 quia
2187 4995 2247 5047 in
2275 4994 2385 5048 ﬁde
2403 4993 2609 5048 Christi
2623 4994 2765 5049 nihil
2792 4994 2945 5049 aliud
2972 5011 3142 5067 quam
3162 4997 3372 5052 veritas
3396 5015 3523 5054 esse
3542 5017 3641 5071 po-

2028 5086 2156 5135 test.
2188 5081 2257 5135 Et
2283 5081 2429 5135 sicut
2454 5082 2566 5136 Leo
2593 5087 2836 5137 testatur
2864 5084 3206 5154 apostolicus
3241 5102 3253 5138 :
3290 5103 3319 5137 α
3355 5085 3476 5141 Hoc
3503 5104 3639 5142 vere

2028 5185 2125 5225 ore
2153 5168 2398 5223 sumitur
2428 5170 2576 5240 quod
2614 5169 2724 5224 ﬁde
2772 5170 3039 5238 creditur,
3083 5178 3141 5226 et
3194 5172 3338 5237 ideo,
3390 5174 3493 5241 ait,
3553 5176 3637 5231 sic

2028 5257 2444 5312 communicare
2474 5257 2706 5323 debetis,
2740 5263 2806 5312 ut
2839 5258 2980 5312 nihil
3009 5275 3238 5330 prorsus
3286 5260 3358 5315 de
3389 5263 3633 5319 veritate

2029 5348 2277 5419 corporis
2304 5347 2508 5403 Christi
2532 5352 2590 5402 et
2608 5346 2898 5418 sanguinis
2916 5347 3238 5421 ambigatis.
3266 5368 3296 5401 ι
3331 5350 3500 5415 Quod
3530 5369 3633 5408 au-

2026 5441 2141 5493 tem
2180 5436 2409 5509 propria
2454 5435 2528 5491 sit
2578 5435 2787 5492 Christi
2814 5452 2944 5492 caro
2989 5443 3048 5492 et
3072 5439 3303 5509 sanguis
3338 5444 3634 5497 testantur

2031 5543 2227 5584 omnes
2253 5524 2533 5596 catholici,
2563 5529 2809 5582 testatur
2833 5531 2892 5582 et
2927 5526 3172 5598 Cyrillus
3199 5543 3329 5586 cum
3360 5529 3491 5587 suis
3521 5546 3623 5587 cen
