3992 6166
328 305 466 365 1361

1421 317 1769 376 EPISTOLA
1805 320 1902 375 AD
1941 318 2508 375 FRUDEGARDUM.

3470 324 3496 382 1
3507 320 3609 393 362

328 439 450 488 tum
481 436 538 489 et
565 433 976 507 quinquaginta
999 439 1338 512 coepiscopis
1367 441 1425 496 in
1453 442 1671 514 Epheso
1695 462 1922 517 congre-
1939 452 1990 511 Α
2008 461 2203 500 eorum
2245 448 2348 506 est,
2382 448 2524 499 teste
2568 444 2856 516 Apostolo,
2885 463 3007 520 qua:
3037 449 3314 514 videntur,
3348 447 3447 504 sed
3481 465 3609 522 qua:

325 524 494 594 gatis.
529 526 794 580 Testatur
830 527 980 582 inter
1025 535 1225 584 caetera
1260 532 1668 588 viviﬁcatricem
1704 553 1932 590 carnem

328 629 472 694 esse,
501 619 559 667 et
585 614 763 685 ipsius
783 615 951 670 Verbi
981 619 1266 690 propriam
1296 621 1519 688 factam,
1544 641 1666 694 quae
1694 625 1808 679 vita
1836 642 1932 680 na-

327 685 590 756 turaliter
617 708 682 758 ut
705 705 854 758 Deus
876 705 1080 772 existit,
1115 709 1247 778 quia
1279 711 1516 780 prOprite
1546 713 1700 766 carni
1740 714 1929 768 unitus

329 799 432 845 est.
467 792 612 861 Ergo
637 791 733 847 ubi
761 794 878 848 haec
909 796 1096 850 unitas
1126 800 1481 870 naturaliter,
1503 802 1659 854 nulla
1689 809 1773 855 est
1797 803 1932 857 divi-

328 882 438 938 sio.
476 882 546 935 Et
584 884 813 954 prOpria
856 885 903 938 si
935 891 1039 947 est,
1074 892 1130 940 et
1160 903 1271 941 una
1301 889 1508 942 Christi
1537 906 1686 956 caro,
1735 893 1929 963 utique

328 971 452 1041 ipsa
484 977 571 1024 est
601 989 723 1042 quae
753 978 887 1027 nata
917 980 1003 1028 est
1033 976 1102 1028 de
1141 976 1337 1040 Maria,
1371 978 1503 1048 quia
1543 981 1769 1034 Verbum
1800 999 1928 1036 caro

327 1063 542 1127 factum
573 1066 666 1126 est,
701 1066 759 1115 et
787 1079 910 1133 qua:
957 1066 1221 1135 pependit
1267 1065 1321 1119 in
1364 1083 1544 1121 cruce.
1583 1070 1698 1122 Hoc
1737 1071 1927 1141 itaque

326 1150 557 1204 credere
601 1151 658 1204 in
704 1161 1056 1208 sacramento
1101 1155 1238 1209 ﬁdes
1279 1161 1383 1222 est,
1422 1164 1479 1211 et
1514 1167 1928 1214 sacramentum

325 1238 454 1292 ﬁdei
483 1255 614 1293 vera
634 1256 763 1294 caro
793 1247 849 1295 et
877 1243 1105 1313 sanguis
1137 1249 1240 1298 est.
1275 1247 1355 1300 Ac
1389 1262 1490 1316 per
1524 1247 1628 1301 hoc
1661 1250 1926 1319 Apostolo

327 1331 490 1391 teste,
513 1328 658 1382 sicut
679 1345 842 1384 nemo
871 1330 1007 1385 dicit
1035 1333 1335 1387 Dominum
1357 1335 1569 1402 Jesum,
1589 1336 1697 1390 nisi
1717 1337 1774 1390 in
1798 1338 1924 1408 Spi-

327 1415 441 1469 ritu
470 1423 662 1470 sancto
681 1420 730 1481 (Ι
757 1419 879 1473 Cor.
907 1421 1039 1489 xxi),
1057 1421 1138 1474 ita
1167 1439 1332 1476 nemo
1353 1424 1531 1477 credit
1559 1425 1664 1479 hoc
1694 1426 1773 1480 ita
1800 1443 1922 1481 esse

324 1503 432 1556 nisi
454 1521 556 1575 per
576 1505 850 1575 Spiritum
872 1514 1146 1574 sanctum,
1171 1528 1270 1581 per
1289 1528 1454 1582 quem
1480 1513 1597 1566 haec
1625 1515 1763 1568 ﬁdes
1791 1515 1924 1569 data

325 1597 430 1656 est,
448 1598 503 1646 et
525 1610 626 1664 per
657 1611 824 1665 quem
854 1597 958 1650 hoc
977 1599 1218 1652 efﬁcitur
1245 1607 1682 1666 sacramentum,
1703 1609 1768 1656 ut
1794 1621 1927 1658 vera

324 1681 398 1736 sit
423 1697 573 1748 caro,
605 1689 775 1754 atque
821 1686 944 1756 ipsa
986 1692 1042 1740 et
1079 1704 1188 1742 non
1228 1689 1379 1744 aliud
1412 1707 1579 1760 quam
1611 1692 1732 1762 ipsa
1772 1709 1923 1746 caro.

2013 551 2126 589 non
2147 534 2426 588 videntur.
2445 534 2604 588 Unde
2624 535 2753 605 quia
2779 553 2894 591 non
2912 537 3172 592 videntur
3190 540 3460 610 mysteria
3477 546 3611 594 sunt

2013 629 2071 678 et
2098 627 2467 680 sacramenta.
2495 624 2564 677 Et
2592 623 2718 678 ideo
2741 625 2797 678 in
2828 627 2935 680 ﬁde
2963 628 3068 681 hoc
3095 633 3228 682 sunt
3247 629 3397 699 quod
3420 627 3612 682 dicun-

2012 715 2123 776 tur,
2151 715 2216 764 ut
2241 712 2461 764 Veritas
2489 716 2748 766 testatur.
2791 714 3098 784 Propterea
3125 716 3259 786 quia
3302 716 3612 787 sperando-

2011 816 2137 853 rum
2158 806 2308 865 sunt,
2334 817 2446 854 non
2466 800 2617 854 aliud
2634 802 2762 870 jure
2784 818 2952 872 quam
2973 820 3103 858 caro
3128 809 3185 858 et
3204 804 3433 874 sanguis
3453 805 3610 859 Chri-

2011 888 2083 942 sti
2128 889 2453 942 creduntur.
2503 889 2766 960 Alioquin
2817 892 3049 961 praefata
3100 899 3296 946 sancta
3349 893 3609 964 Synodus

2012 977 2310 1047 Ephesina,
2341 977 2430 1031 cui
2460 979 2842 1033 contradicere
2870 980 3009 1034 nulli
3039 981 3122 1035 fas
3159 987 3245 1036 est
3273 982 3401 1052 plus
3437 998 3609 1052 quam

2011 1065 2326 1135 Evangelio,
2363 1065 2633 1136 quidquid
2665 1067 2721 1120 in
2752 1084 2818 1121 ea
2865 1069 3146 1124 sancitum
3184 1075 3287 1135 est,
3317 1086 3608 1142 nunquam

2010 1155 2245 1208 auderet
2274 1154 2553 1225 abnegare
2582 1155 2730 1224 quod
2761 1156 3021 1227 abnegat,
3052 1158 3161 1212 nisi
3191 1175 3255 1212 ex
3285 1159 3604 1230 Evangelia,

2010 1249 2067 1297 et
2112 1243 2396 1297 afﬁrmare
2442 1260 2570 1297 vere
2615 1243 3025 1300 viviﬁcatricem
3059 1263 3285 1302 carnem
3315 1248 3522 1304 Christi
3550 1248 3610 1304 in

2007 1333 2113 1386 hoc
2154 1339 2505 1386 sacramento
2548 1339 2604 1386 et
2652 1333 2827 1403 ipsius
2867 1334 3021 1388 verbi
3062 1337 3345 1407 propriam
3377 1338 3607 1396 factam.

2007 1421 2136 1474 Vita
2157 1423 2307 1474 enim
2331 1422 2664 1474 naturaliter
2683 1427 2747 1475 ut
2762 1423 2912 1476 Deus
2931 1423 3195 1490 existens,
3217 1426 3351 1496 quia
3369 1427 3610 1499 propriae

2009 1509 2162 1564 carni
2193 1509 2385 1563 unitus
2416 1515 2520 1563 est.
2544 1509 2702 1564 Unde
2728 1510 2774 1563 si
2807 1511 3056 1582 apertius
3086 1513 3155 1566 de
3183 1513 3272 1567 his
3293 1515 3401 1568 dici
3430 1516 3608 1586 possit

2008 1599 2216 1658 nescio.
2244 1604 2344 1651 aut
2372 1598 2420 1651 si
2445 1597 2816 1665 manifestius,
2838 1599 2934 1653 ubi
2963 1605 3145 1654 totum
3177 1603 3326 1672 quod
3347 1608 3434 1656 est
3453 1605 3611 1659 Chri-

2009 1692 2131 1741 stus
2159 1687 2512 1758 praedicatur,
2540 1703 2652 1740 non
2680 1687 2739 1740 in
2769 1689 2968 1758 ﬁgura,
2998 1689 3095 1743 sed
3124 1689 3182 1744 in
3210 1706 3272 1744 re
3301 1696 3360 1744 et
3388 1691 3446 1745 in
3477 1709 3610 1763 pro-

323 1770 479 1824 Alias
502 1777 692 1825 autem
713 1773 832 1827 sine
854 1775 1066 1844 Spiritu
1087 1784 1298 1844 sancto,
1323 1778 1468 1833 sicut
1483 1796 1584 1833 nec
1605 1797 1735 1834 caro
1758 1781 1920 1835 Chri-
1942 1767 1988 1826 Β
2008 1776 2247 1846 prietatc
2278 1782 2448 1846 atque
2493 1775 2550 1828 in
2595 1781 2819 1841 natura,
2861 1793 2984 1847 quae
3013 1777 3125 1832 Vita
3169 1779 3507 1834 naturaliter
3545 1787 3612 1837 ut

324 1859 394 1912 sti
451 1861 682 1930 prodest
709 1863 1051 1934 quidquam;
1104 1866 1182 1920 ita
1221 1883 1321 1922 nec
1360 1869 1465 1922 hoc
1510 1875 1925 1926 sacramentum

323 1948 505 2002 carnis
535 1950 798 2019 prodesse
845 1957 1047 2022 potest.
1093 1956 1235 2024 Quia
1266 1957 1322 2010 in
1371 1958 1456 2011 his
1484 1958 1746 2013 omnibus
1781 1975 1925 2013 unus

322 2044 408 2090 est
437 2038 620 2108 Opifex
652 2040 892 2110 Spiritus
939 2050 1184 2111 sanctus,
1231 2062 1377 2100 unus
1415 2053 1472 2100 et
1513 2047 1786 2112 Christus,
1829 2049 1925 2118 qui

321 2134 622 2197 conceptus
650 2129 719 2182 de
749 2131 962 2200 Spiritu
989 2139 1181 2186 sancto
1209 2151 1272 2187 ex
1301 2136 1480 2189 Maria
1510 2137 1756 2207 Virgine,
1780 2153 1926 2191 unus

323 2221 379 2268 et
416 2222 638 2270 creator
665 2224 834 2290 atque
864 2221 1246 2276 sanctiﬁcator
1273 2225 1520 2295 corporis
1551 2232 1608 2279 et
1635 2225 1924 2295 sanguinis

321 2305 440 2374 ipse
473 2305 733 2376 Spiritus.
755 2308 886 2362 Sine
907 2326 1016 2379 quo
1045 2327 1211 2365 nemo
1239 2312 1373 2366 dicit
1400 2314 1701 2368 Dominum
1729 2315 1921 2368 Jesum

324 2393 382 2446 in
411 2403 782 2462 sacramento,
811 2414 978 2452 nemo
1000 2406 1149 2454 recte
1177 2401 1356 2455 credit
1376 2402 1574 2456 eadem
1603 2403 1725 2474 ipsa
1745 2420 1926 2457 sacra-

323 2489 536 2548 menta,
578 2501 743 2540 nemo
793 2487 987 2542 eadem
1031 2491 1332 2544 conﬁtetur
1361 2508 1482 2545 esse
1529 2509 1754 2546 carnem
1800 2509 1923 2562 quae

321 2587 488 2641 passa
526 2580 628 2638 est,
661 2580 718 2628 et
747 2576 973 2647 propria
1002 2577 1148 2631 facta
1176 2585 1346 2650 atque
1389 2597 1522 2640 una.
1563 2597 1629 2635 ex
1658 2598 1768 2652 quo
1794 2582 1922 2635 ﬁdei

321 2669 674 2717 sacramento
705 2665 842 2719 ﬁdes
863 2671 967 2731 est,
989 2672 1047 2720 et
1075 2668 1120 2721 si
1151 2669 1288 2722 ﬁdes
1318 2685 1449 2722 vera
1469 2675 1571 2736 est,
1595 2687 1726 2724 vera
1755 2675 1841 2724 est
1869 2676 1925 2724 et

319 2767 450 2804 caro
477 2757 647 2823 atque
676 2755 924 2825 sanguis,
961 2764 1025 2812 ut
1046 2759 1120 2813 sit
1145 2759 1282 2812 ﬁdes
1312 2777 1434 2830 qua:
1464 2776 1564 2830 per
1592 2760 1921 2830 Apostolum

317 2841 656 2912 praedicatur
682 2863 694 2896 :
728 2846 881 2899 Fides
901 2851 994 2912 est,
1019 2848 1222 2920 inquit,
1245 2851 1654 2918 sperandarum
1673 2851 1924 2902 substan-

320 2931 402 2981 tia
423 2945 637 2996 rerum,
658 2941 1058 3000 argumentum
1079 2953 1190 2991 non
1210 2940 1601 3006 apparentium
1619 2939 1805 3004 (Hebr.
1823 2941 1920 3005 x1);

318 3024 376 3072 et
433 3023 624 3075 tamen
671 3039 802 3077 vera
848 3023 1180 3091 substantia,
1212 3026 1463 3096 quamvis
1491 3026 1712 3081 dicatur
1750 3043 1922 3097 argu-

2008 1865 2158 1919 Deus
2177 1864 2384 1922 existit.
2409 1870 2465 1917 et
2484 1863 2609 1917 ideo
2634 1880 2746 1918 non
2767 1865 2944 1919 virtus
2968 1872 3213 1932 tantum,
3229 1869 3324 1922 sed
3352 1871 3610 1941 proprie-

2006 1958 2096 2007 tas
2123 1959 2337 2007 naturaa
2357 1954 2486 2022 jure
2515 1952 2781 2006 creditur.
2812 1956 2892 2006 Ac
2918 1970 3020 2024 per
3035 1955 3138 2009 hoc
3163 1955 3258 2010 isti
3281 1957 3376 2027 qui
3400 1965 3612 2028 negant

2007 2042 2115 2096 hoc
2144 2041 2356 2095 visibile
2384 2057 2504 2095 esse
2537 2041 2866 2110 mysterium
2891 2048 3058 2113 atque
3078 2044 3375 2114 palpabile,
3399 2061 3510 2100 non
3538 2045 3610 2101 ob

2008 2130 2181 2193 aliud,
2209 2129 2316 2183 nisi
2361 2145 2433 2182 ne
2475 2129 2724 2195 credant,
2758 2135 2815 2183 et
2840 2145 2910 2184 ne
2940 2131 3014 2184 sit
3043 2132 3190 2201 quod
3221 2132 3442 2188 Veritas
3478 2135 3561 2189 ait
3591 2154 3602 2188 :

2006 2221 2116 2273 Hoc
2135 2224 2209 2272 est
2241 2235 2434 2287 corpus
2457 2234 2658 2284 meum,
2676 2223 2724 2272 et
2752 2219 2842 2272 hic
2861 2224 2936 2273 est
2964 2223 3195 2287 sanguis
3217 2238 3388 2276 meus.
3405 2225 3612 2278 Ascen-

2007 2308 2146 2362 dant
2171 2323 2303 2376 ergo
2335 2307 2392 2359 hi
2423 2306 2519 2360 ubi
2543 2306 2800 2360 Christus
2824 2313 2910 2361 est
2937 2307 2994 2362 in
3024 2308 3254 2364 dextera
3276 2310 3377 2364 Dei
3404 2311 3606 2378 Patris,

2007 2402 2064 2449 et
2083 2395 2368 2449 invenient
2386 2393 2659 2449 visibilem
2683 2402 2739 2448 et
2758 2395 3097 2466 palpabilem
3117 2399 3305 2469 ipsum
3323 2401 3607 2455 eumdem-

2007 2501 2115 2554 que
2140 2484 2428 2538 Christum
2457 2499 2626 2552 quem
2653 2483 2968 2553 requirunt.
2989 2485 3105 2539 Nos
3133 2492 3326 2540 autem
3346 2488 3481 2558 quia
3508 2503 3611 2560 per

2008 2573 2176 2626 ﬁdem
2207 2571 2580 2636 ambulamus,
2610 2576 2666 2624 et
2695 2587 2806 2624 non
2838 2588 2940 2641 per
2960 2573 3224 2643 speciem,
3253 2575 3534 2631 credimus
3554 2584 3611 2630 et

2005 2661 2486 2716 communicamus
2530 2659 2815 2714 interdum
2858 2660 3007 2730 quod
3057 2661 3214 2725 latet,
3246 2668 3304 2716 et
3345 2663 3494 2734 quod
3522 2672 3610 2720 est

2004 2767 2198 2805 verum
2229 2751 2286 2804 in
2317 2751 2622 2822 mysterio;
2655 2749 2788 2820 quia
2816 2750 3047 2803 omnino
3077 2750 3123 2804 si
3154 2766 3265 2805 non
3293 2751 3516 2819 lateret,
3544 2755 3608 2808 ﬁ-
3701 2759 3718 2776 "

2005 2841 2104 2894 des
2134 2846 2191 2894 et
2215 2839 2544 2911 mysterium
2574 2855 2687 2892 non
2710 2844 2873 2892 esset.
2899 2839 3057 2894 Unde
3082 2840 3146 2893 ﬁt
3172 2840 3387 2894 visibile
3412 2847 3470 2896 et
3490 2843 3607 2914 pal-

2007 2929 2188 3000 pabile
2217 2929 2276 2982 in
2305 2928 2525 2983 Christo
2556 2927 2702 2998 quod
2735 2927 3060 2998 accipimus,
3084 2935 3141 2982 et
3161 2928 3373 2984 visibile
3401 2931 3461 2985 in
3486 2948 3606 3003 my-

2005 3018 2169 3083 terio,
2200 3024 2258 3072 et
2301 3017 2360 3070 in
2407 3017 2515 3070 ﬁde
2544 3033 2672 3070 caro
2712 3015 2881 3070 Verbi
2919 3017 2977 3070 in
3010 3017 3222 3088 Spiritu
3251 3024 3444 3074 sancto
3472 3036 3606 3092 pro-

318 3114 592 3163 mentum.
623 3110 692 3164 Et
716 3111 842 3165 ideo
871 3129 983 3167 non
1012 3113 1232 3168 videtur
1259 3115 1376 3168 haec
1414 3131 1564 3179 caro,
1592 3131 1775 3185 neque
1805 3114 1919 3168 vita
1939 3111 1982 3172 C
2005 3106 2129 3177 Pria
2153 3106 2317 3172 facta,
2350 3111 2408 3159 ει
2433 3121 2548 3158 una
2577 3105 2886 3176 eademque
2916 3122 3040 3176 quae
3070 3123 3236 3176 Passa
3264 3113 3350 3161 BSt
3391 3113 3450 3162 et
3491 3125 3604 3164 ηοη

317 3203 531 3251 aeterna
570 3215 692 3268 quae
721 3207 999 3270 speratur,
1033 3203 1164 3272 quia
1201 3201 1368 3255 Verbi
1398 3218 1526 3255 caro
1555 3202 1782 3272 pr0pria
1811 3206 1916 3254 est.

317 3285 382 3339 In
413 3285 521 3339 ﬁde
550 3287 862 3341 substantia
894 3295 979 3342 est
1007 3306 1128 3360 quae
1151 3291 1274 3359 jam
1301 3290 1500 3358 credit,
1531 3296 1588 3343 et
1614 3290 1920 3344 communi-

315 3380 498 3440 catur,
534 3380 590 3428 et
619 3377 800 3430 adhuc
843 3383 1032 3432 tamen
1071 3378 1239 3432 hodie
1276 3386 1555 3450 speratur.
1587 3379 1655 3432 Et
1681 3378 1806 3432 ideo
1835 3395 1921 3432 re-

315 3477 443 3516 rum
467 3480 580 3516 non
630 3466 1024 3536 apparentium
1066 3473 1484 3537 argumentum,
1517 3467 1622 3520 hoc
1650 3473 1752 3532 est,
1787 3467 1919 3538 quia

315 3552 723 3622 spei'andarum
762 3554 1076 3609 substantia
1104 3562 1206 3609 est.
1241 3556 1374 3620 Quae
1404 3556 1630 3609 omnino
1657 3557 1777 3626 jam
1819 3572 1922 3626 per

317 3640 435 3695 haec
463 3641 522 3695 in
553 3642 660 3696 ﬁde
687 3649 789 3710 est,
823 3645 1073 3714 quinimo
1099 3645 1220 3715 ipsa
1243 3645 1378 3698 ﬁdes
1405 3649 1506 3698 est.
1536 3646 1606 3698 Et
1636 3645 1761 3698 ideo
1792 3661 1919 3699 vere

315 3730 411 3800 qui
441 3731 744 3786 manducat
769 3732 936 3803 digne
957 3734 1100 3787 hanc
1114 3750 1360 3799 carnem,
1377 3738 1435 3787 et
1456 3734 1596 3787 bibit
1623 3735 1771 3788 hunc
1790 3751 1920 3788 san-

313 3819 566 3888 guinem,
603 3821 722 3889 jam
760 3821 926 3874 vitam
956 3828 1221 3876 aeternam
1255 3824 1557 3877 mandueat
1584 3830 1641 3877 et
1670 3823 1828 3889 bibit,
1859 3828 1917 3877 et

317 3908 576 3962 Christus
602 3909 660 3962 in
693 3927 758 3963 eo
792 3917 982 3964 manet
1027 3929 1127 3982 per
1155 3929 1344 3966 veram
1374 3929 1599 3966 carnem
1635 3911 1825 3978 Verbi,
1858 3918 1917 3966 et

320 4010 421 4064 per
449 4012 614 4049 suum
638 3998 991 4068 sanguinem,
1010 3999 1156 4052 sicut
1183 4005 1241 4052 et
1268 4016 1370 4053 nos
1400 3999 1456 4052 in
1482 3999 1576 4052 illo
1601 4015 1701 4070 per
1721 4016 1912 4056 verum

320 4098 486 4153 quem
521 4087 825 4157 assumpsit
848 4087 1155 4142 hominem.
1179 4089 1336 4152 Quod
1357 4088 1401 4142 si
1433 4104 1560 4141 vere
1581 4088 1727 4141 Deus
1747 4089 1914 4142 homo

320 4177 425 4236 est,
461 4179 526 4226 ut
569 4175 867 4241 credimus,
901 4193 1032 4230 vera
1061 4182 1118 4230 et
1155 4193 1284 4230 caro
1314 4176 1519 4232 Christi
1566 4177 1624 4230 in
1654 4178 1757 4230 hoc
1786 4177 1914 4231 ﬁdei

320 4268 673 4316 sacramento
701 4270 804 4330 est,
837 4281 966 4318 vera
996 4271 1052 4318 et
1080 4265 1136 4318 in
1168 4265 1328 4319 nobis
1354 4283 1454 4336 per
1480 4267 1584 4320 hoc
1614 4272 1916 4337 praestatur

317 4350 532 4412 unitas,
582 4357 639 4404 et
682 4353 741 4406 in
771 4370 1003 4425 corpore
1034 4355 1240 4408 Christi
1270 4372 1400 4407 vera
1435 4354 1660 4425 adoptio
1691 4374 1703 4421 ;
1745 4362 1915 4425 atque

315 4455 418 4509 per
448 4439 553 4494 hoc
596 4443 847 4511 quamvis
886 4443 1122 4513 quisque
1159 4443 1459 4496 manducet
1485 4450 1541 4496 et
1583 4443 1736 4497 bibat
1767 4445 1912 4498 hanc

317 4527 510 4592 vitam,
534 4535 726 4582 tamen
754 4529 973 4600 integer
1001 4536 1192 4584 manet
1220 4536 1277 4584 et
1305 4531 1443 4584 vivit
1471 4531 1744 4598 Christus,
1779 4532 1912 4602 quia

317 4623 400 4669 est
429 4618 536 4682 via,
569 4618 773 4672 veritas
803 4626 860 4674 et
891 4620 1021 4674 vita.

386 4706 495 4759 Sed
528 4707 753 4776 quidam
785 4709 1162 4780 loquacissimi
1182 4711 1360 4780 magis
1384 4727 1551 4782 quam
1582 4711 1750 4778 docti,
1774 4711 1910 4765 dum

314 4795 435 4848 haec
463 4796 690 4850 credere
721 4799 1024 4868 refugiunt,
1058 4817 1398 4870 quaecunque
1427 4806 1679 4870 possunt,
1704 4818 1774 4854 ne
1799 4817 1913 4854 cre-

316 4883 455 4936 dant
484 4901 608 4954 quae
651 4887 854 4940 veritas
896 4889 1257 4959 repromittit,
1287 4896 1595 4960 opponunt,
1630 4895 1687 4943 et
1721 4890 1917 4944 dicunt

317 4973 537 5026 nullum
565 4991 764 5045 corpus
794 4993 914 5030 esse
959 4979 1105 5048 quod
1145 4995 1256 5032 non
1286 4978 1361 5032 sit
1389 4978 1668 5049 palpabile
1697 4985 1754 5033 et
1782 4979 1913 5033 visi-

319 5062 447 5116 bile.
482 5065 610 5118 Hazc
635 5072 847 5132 autem,
887 5067 1167 5138 inquiunt,
1197 5070 1330 5140 quia
1355 5069 1620 5140 mysteria
1646 5076 1797 5135 sunt,
1829 5070 1911 5123 vi-

319 5152 439 5205 deri
457 5161 748 5224 nequeunt
774 5171 877 5209 nec
895 5157 1130 5227 palpari,
1154 5165 1210 5212 et
1230 5158 1354 5212 ideo
1384 5175 1586 5228 corpus
1604 5175 1717 5212 non
1743 5164 1908 5222 sunt;

319 5248 376 5294 et
401 5240 448 5294 si
475 5259 677 5313 corpus
705 5260 817 5298 non
846 5251 996 5311 sunt,
1029 5247 1087 5300 in
1114 5247 1294 5317 ﬁgura
1330 5249 1512 5302 carnis
1540 5254 1596 5301 et
1623 5248 1913 5318 sanguinis

318 5331 435 5385 haec
461 5332 744 5397 dicuntur,
777 5340 834 5388 et
861 5351 972 5388 non
1018 5335 1074 5389 in
1114 5337 1456 5408 proprietate
1484 5344 1700 5392 natura:
1729 5336 1913 5390 carnis

320 5421 530 5476 Christi
549 5427 607 5476 et
633 5424 945 5494 sanguinis,
968 5441 1088 5494 quae
1109 5442 1238 5479 caro
1263 5444 1426 5497 passa
1454 5427 1615 5481 estin
1644 5441 1828 5492 cruce,
1857 5430 1913 5480 et

318 5518 451 5566 nata
481 5511 552 5565 de
593 5513 772 5566 Maria
800 5513 1050 5582 Virgine.
1092 5515 1228 5568 Ecce
1257 5533 1426 5586 quam
1455 5516 1594 5571 bene
1623 5516 1914 5586 disputant

319 5607 514 5656 contra
541 5602 710 5656 ﬁdem
739 5602 861 5656 sine
899 5603 1026 5666 ﬁde,
1064 5618 1136 5656 ne
1173 5605 1420 5670 credant,
1457 5605 1589 5676 quia
1635 5606 1773 5661 ﬁdes
1801 5621 1912 5659 non

2001 3203 2131 3256 alia.
2166 3202 2436 3256 Similiter
2461 3207 2520 3254 et
2546 3200 2776 3270 sanguis
2804 3201 2874 3254 ad
2921 3201 3181 3269 salutem,
3221 3203 3425 3273 quibus
3465 3203 3605 3274 frui.-

2001 3306 2132 3344 mur
2168 3291 2227 3344 in
2266 3290 2397 3355 vita,
2450 3290 2581 3360 quia
2621 3289 2900 3342 mediator
2941 3290 3043 3343 Dei
3085 3296 3142 3344 et.
3188 3291 3480 3347 hominum
3519 3299 3605 3348 est

2002 3378 2278 3444 Christus,
2310 3382 2374 3430 ut
2401 3394 2502 3448 per
2529 3377 2633 3430 hoc
2661 3392 2788 3430 cum
2819 3375 2913 3430 illo
2943 3382 3002 3429 et
3036 3377 3096 3430 in
3123 3377 3219 3432 illo
3249 3394 3428 3434 unum
3456 3380 3607 3434 inve-

2002 3468 2247 3522 niamur.

2074 3557 2209 3610 Ecce
2239 3555 2430 3620 habes,
2461 3554 2869 3619 amantissime,
2911 3553 2971 3608 in
3001 3555 3171 3610 calice
3206 3555 3380 3611 libelli
3408 3558 3597 3628 hujus,

2002 3645 2310 3700 sententias
2330 3643 2732 3698 catholicorum
2755 3643 3006 3710 Patrum,
3027 3643 3318 3699 brevitatis
3341 3661 3600 3716 compen-

2002 3735 2095 3788 dio
2124 3734 2439 3796 adnotatas,
2473 3747 2542 3786 ex
2571 3731 2774 3802 quibus
2799 3731 3085 3786 addiscere
3110 3734 3310 3804 possis,
3355 3749 3470 3788 non
3507 3750 3600 3789 me

1997 3822 2333 3876 temeritatis
2362 3821 2556 3875 afﬂatu
2595 3821 2733 3874 talia
2759 3820 2890 3873 olim
2940 3837 3179 3890 puerum
3208 3820 3410 3876 vidisse
3444 3841 3458 3889 ;
3499 3823 3599 3877 sed

1998 3911 2331 3965 auctoritate
2359 3911 2547 3964 divina
2573 3916 2630 3964 et
2659 3914 2982 3963 sanctorum
3021 3910 3274 3976 Patrum,
3302 3926 3370 3964 ea
3397 3915 3597 3982 peten-

1997 4000 2150 4054 tibus
2204 4000 2578 4071 proposuisse.
2610 4000 2773 4053 Nunc
2827 4003 3019 4052 autem
3063 3997 3260 4052 exinde
3308 3998 3444 4070 quia
3481 3999 3598 4052 cla-

1998 4089 2113 4143 ruit
2149 4089 2297 4160 quod
2340 4105 2452 4143 non
2490 4088 2739 4142 omnium
2772 4091 2858 4140 est
2899 4085 3058 4152 ﬁdes,
3102 4085 3340 4153 discant,
3386 4103 3592 4157 quaeso,

1996 4195 2123 4233 cum
2153 4177 2360 4232 talibus
2396 4177 2642 4242 credere,
2677 4174 2727 4229 si
2755 4174 2938 4228 adhuc
2965 4188 3255 4245 nequeunt
3281 4175 3597 4245 intelligere

1997 4269 2144 4339 quod
2171 4269 2286 4322 Deo
2308 4267 2448 4321 nihil
2479 4272 2564 4320 est
2590 4263 2960 4336 impossibile;
2989 4263 3207 4318 discant
3227 4270 3284 4318 et
3311 4263 3495 4318 verbis
3516 4264 3596 4318 di-

1995 4358 2137 4411 vinis
2166 4357 2224 4411 in
2257 4355 2515 4411 omnibus
2535 4356 2904 4427 acquiescere,
2925 4361 2982 4410 et
3009 4355 3069 4409 in
3097 4352 3252 4408 nullo
3281 4353 3351 4407 de
3377 4352 3468 4407 his
3496 4352 3597 4408 du-

1933 4427 1980 4485 D
1996 4445 2192 4500 bitare.
2219 4445 2361 4510 Quia
2381 4461 2560 4516 usque
2583 4445 2652 4499 ad
2680 4462 2924 4516 praesens
2953 4459 3120 4499 nemo
3138 4441 3427 4496 deerrasse
3451 4439 3596 4510 legi-

1991 4540 2104 4600 tur,
2127 4534 2233 4588 nisi
2264 4535 2359 4604 qui
2385 4540 2442 4588 et
2469 4534 2542 4604 de
2562 4535 2784 4588 Christo
2804 4537 3158 4597 erraverunt;
3193 4527 3448 4600 quamvis
3476 4527 3597 4598 plu-

1990 4623 2120 4677 rimi
2142 4622 2522 4676 dubitaverint
2542 4623 2624 4676 vel
2647 4622 3028 4692 ignoraverint
3045 4617 3190 4674 tanti
3216 4615 3474 4687 mysterii
3502 4631 3596 4670 sa-

1992 4719 2296 4766 cramenta.
2322 4711 2468 4775 Quin
2489 4711 2674 4781 potius
2706 4711 3054 4764 admiremur
3090 4705 3595 4779 profundissimum

1995 4801 2097 4855 Dei
2114 4800 2429 4864 consilium,
2447 4800 2592 4870 quod
2617 4800 2805 4869 magni
2825 4798 3044 4853 consilii
3057 4794 3585 4866 Angelusinstituit,

1999 4890 2093 4960 qui
2122 4889 2240 4943 vult
2259 4904 2453 4942 omnes
2473 4889 2652 4941 salvos
2672 4887 2793 4942 ﬁeri
2817 4887 3100 4943 homines.
3130 4883 3512 4949 Admiremur,
3538 4889 3595 4937 et

1995 4979 2288 5033 laudemus
2312 4982 2479 5047 atque
2506 4977 2886 5046 intelligamus
2904 4977 2962 5030 in
2983 4975 3070 5029 his
3091 4973 3241 5046 quod
3264 4971 3462 5026 beatus
3491 4968 3594 5023 Hi-

1995 5068 2167 5122 larius
2190 5069 2312 5137 (lib.
2345 5080 2406 5119 In
2433 5066 2500 5118 de
2535 5067 2760 5134 Trin-it.)
2792 5064 3084 5129 intellexit,
3113 5078 3225 5134 quo
3250 5058 3506 5123 artiﬁcio,
3529 5061 3595 5110 ut

1997 5157 2075 5210 ita
2105 5157 2322 5226 loquar,
2351 5171 2452 5208 nos
2472 5153 2727 5208 Christus
2755 5154 2815 5208 in
2835 5170 2895 5208 se
2921 5152 3163 5224 collegit,
3186 5149 3270 5202 vel
3301 5162 3410 5217 quo
3436 5160 3591 5214 mys-

1994 5245 2138 5299 terio
2167 5260 2344 5298 unum
2376 5244 2433 5296 in
2463 5259 2523 5297 se
2551 5259 2652 5296 nos
2671 5260 2792 5298 esse
2812 5241 3149 5297 naturaliter
3166 5235 3342 5290 voluit
3357 5248 3469 5287 non
3491 5248 3593 5304 per

1994 5333 2346 5388 concordiam
2370 5332 2722 5387 solummodo
2744 5330 3060 5394 voluntatis,
3075 5327 3172 5382 sed
3202 5339 3303 5396 per
3327 5327 3592 5377 naturam

1994 5422 2176 5477 carnis
2203 5438 2317 5476 suae
2341 5427 2398 5476 et
2425 5421 2734 5492 sanguinis.
2770 5422 2864 5476 Ait
2889 5420 3038 5475 enim
3066 5435 3078 5469 :
3107 5435 3132 5468 α
3165 5410 3459 5479 Quomodo
3479 5426 3592 5466 non

1994 5511 2330 5566 naturaliter
2358 5527 2585 5565 manere
2615 5510 2869 5565 Christus
2903 5509 2960 5561 in
2997 5504 3156 5560 nobis
3190 5498 3594 5558 existimandus

1997 5607 2102 5670 est,
2119 5602 2215 5672 qui
2229 5605 2491 5655 naturam
2504 5598 2688 5654 carnis
2705 5603 2908 5653 nostrae
2915 5597 3035 5664 jam
3048 5591 3485 5665 inseparabilem
3501 5585 3592 5642 sib
