3992 6166
348 308 494 391 1363

1125 336 1183 391 s.
1223 326 1609 393 PASCHAiSII
1640 308 2007 391 mmet
2038 310 2355 388 Alienis“
2387 320 2882 389 CORBEIENSIS.

3492 308 3637 383 ηιμ

346 428 523 513 ﬁdﬁid
772 432 1095 530 assumpsit,
1128 442 1186 514 et
1229 444 1491 516 naturam
1521 444 1705 516 carnis
1736 470 1849 514 suae
1878 457 1947 512 ad
1968 446 2013 518 Α
2036 454 2138 521 det,
2165 462 2220 512 et
2248 457 2357 512 alia
2375 454 2722 529 hujusmodi.
2747 450 2816 510 Et
2844 454 2968 508 ideo
2996 432 3110 507 non
3138 446 3274 524 put'o
3294 446 3419 507 sine
3448 444 3638 524 aliquo

348 542 615 601 naturam
641 540 973 603 aeternitatis
1000 535 1102 603 sub
1124 555 1476 605 sacramento
1506 550 1666 605 nobis
1696 564 1951 604 commu-

350 628 601 691 nicandaé
646 630 832 691 carnis
868 639 1210 692 admiscuit?
1261 640 1477 711 Itaque,
1524 640 1728 711 inquit,
1758 655 1953 692 omnes

350 718 527 779 unum
559 742 771 793 sumus,
796 726 927 797 quia
949 733 1006 781 et
1033 727 1089 780 in
1113 728 1335 782 Christo
1368 729 1534 782 Pater
1556 734 1659 795 est,
1686 734 1743 781 et
1770 728 1956 781 Chris-

349 813 445 867 tus
467 816 525 867 in
546 812 706 868 nobis
732 822 834 879 est,
864 834 888 867 ι)
923 820 1029 869 etc.
1063 815 1337 871 Similiter
1358 834 1579 888 quoque
1608 822 1665 871 et
1691 816 1956 887 Augusti-

349 906 457 956 nus
490 895 746 977 testatur,
779 909 835 957 et
863 903 1087 977 reliqui,
1116 905 1264 977 quod
1290 922 1355 960 eo
1387 907 1552 960 modo
1580 906 1761 960 illein
1791 906 1954 959 nobis

351 996 457 1057 est,
489 997 547 1045 et
576 976 679 1045 nos
708 1002 809 1062 per
840 976 1193 1065 assumptum
1223 994 1509 1050 hominem
1547 995 1604 1048 in
1644 994 1738 1048 illo
1764 1014 1776 1062 ;
1823 998 1881 1047 et
1908 993 1955 1047 si

350 1080 478 1151 quis
504 1079 609 1134 hoc
636 1081 928 1136 destruere
949 1084 1099 1147 velit,
1119 1088 1301 1139 totum
1324 1083 1579 1138 destruat
1599 1100 1824 1138 necesse
1848 1089 1950 1149 est,

350 1156 456 1223 sibi
488 1169 557 1222 ad
587 1169 912 1241 perniciem,
944 1171 1094 1242 quod
1140 1172 1308 1227 homo
1357 1173 1505 1227 Deus
1540 1171 1663 1226 fieri
1692 1173 1956 1243 dignatus

353 1256 440 1312 est
468 1258 527 1311 in
557 1265 908 1313 sacramento
939 1260 1009 1313 ad
1040 1248 1299 1315 salutem.
1325 1262 1456 1316 Ideo
1482 1278 1673 1315 verum
1698 1266 1784 1314 est
1808 1260 1954 1331 quod

351 1345 683 1401 Ambrosius
704 1348 783 1401 ait
811 1348 1217 1415 sanctissimus,
1243 1351 1372 1419 quia
1396 1351 1517 1420 ipsa
1536 1351 1842 1419 eademque
1870 1366 1958 1402 ca-

348 1442 414 1490 ro
459 1439 517 1489 et
561 1436 792 1506 sanguis
838 1452 1001 1506 quem
1034 1438 1341 1509 accipimus
1371 1445 1429 1492 et
1455 1438 1953 1503 communicamus,

352 1534 476 1596 quae
498 1530 632 1578 nata
657 1530 744 1578 est
773 1520 842 1579 de
874 1526 1052 1579 Maria
1077 1526 1325 1597 Virgine,
1347 1530 1404 1581 et
1424 1545 1546 1597 quae
1570 1544 1669 1597 pro
1690 1527 1849 1580 nobis
1869 1543 1960 1597 pe~

352 1612 549 1683 pendit
577 1612 633 1666 in
664 1628 844 1667 cruce.
895 1614 1012 1667 Hoc
1054 1616 1111 1667 et
1154 1612 1351 1669 beatus
1398 1622 1614 1687 martyr
1642 1618 1956 1687 Cyprianus

342 1700 614 1755 testatur.
640 1702 799 1756 Unde
823 1700 871 1756 si
892 1704 1017 1774 quis
1040 1702 1145 1757 hoc
1165 1709 1334 1774 negat
1354 1705 1429 1759 ita
1452 1722 1592 1771 esse,
1619 1706 1751 1777 quia
1770 1723 1957 1759 sacra-

2034 564 2238 616 magno
2257 546 2465 616 judicio
2486 548 2565 601 ita
2584 542 2691 600 dici
2712 538 2935 609 debere,
2960 559 3280 614 quanquam
3298 560 3465 596 nemo
3488 540 3641 598 recte

2035 653 2095 690 se
2125 636 2443 690 desiderare
2484 636 2650 700 dicat,
2684 635 2791 688 nisi
2840 651 2903 686 ex
2936 632 3212 687 desiderio
3262 634 3477 687 Tamen
3505 633 3644 702 quia

2035 742 2137 779 nec
2176 741 2320 779 unus
2350 738 2487 796 apex
2516 724 2643 779 iotze
2682 725 2739 778 in
2772 721 3073 793 Scripturis
3102 721 3276 775 sacris
3317 722 3644 793 superﬂuus

2037 830 2157 867 esse
2178 812 2443 879 creditur,
2469 818 2617 867 recte
2645 812 2772 866 talis
2794 811 3148 881 exaggeratio
3170 812 3294 880 plus
3321 806 3539 881 aliquid
3563 810 3647 863 in-

2036 902 2162 956 nuit
2190 919 2357 973 quam
2390 903 2437 955 si
2464 901 2694 963 diceret,
2728 898 3056 954 desideravi.
3088 900 3213 953 Non
3244 899 3392 953 enim
3424 898 3495 953 de
3524 899 3646 952 solo

2037 1008 2183 1061 agno
2226 991 2320 1045 illo
2348 991 2516 1061 legali
2545 990 2649 1044 hoc
2677 990 2889 1043 dictum
2930 990 3157 1043 credere
3184 988 3477 1053 debemus,
3509 988 3647 1058 quia

2038 1089 2096 1134 et
2123 1081 2279 1134 illum
2298 1082 2415 1149 jam
2452 1086 2602 1133 retro
2624 1094 2751 1133 cum
2786 1076 2995 1131 eisdem
3027 1082 3183 1131 more
3209 1076 3649 1147 judaicocome-

2037 1168 2216 1233 derat,
2239 1170 2335 1221 sed
2365 1168 2433 1221 de
2456 1168 2688 1221 veritate
2703 1166 2848 1220 tanti
2865 1164 3434 1236 mysterii.Quoniam
3459 1165 3517 1220 in
3551 1165 3650 1220 illa

2037 1258 2239 1312 umbra
2269 1257 2607 1310 futurorum.
2653 1263 2710 1309 et
2754 1254 3047 1326 praphetia
3077 1259 3201 1308 erat
3236 1254 3290 1308 in
3322 1270 3561 1326 corpore
3591 1261 3650 1309 et

2038 1345 2312 1416 sanguine
2353 1362 2480 1399 vere
2509 1344 2737 1406 Christi,
2772 1344 2885 1397 imo
2909 1345 2967 1397 in
3000 1343 3120 1414 ipso
3150 1343 3353 1397 veritas
3394 1345 3645 1398 Christo.

2039 1436 2165 1507 Ipse
2187 1451 2429 1504 namque
2461 1438 2583 1487 erat
2614 1446 2794 1503 agnus
2818 1448 2982 1503 quem
3007 1432 3143 1485 Abel
3175 1433 3390 1503 primus
3418 1432 3644 1500 obtulit,

2042 1541 2206 1595 quem
2241 1525 2460 1594 Moyses
2499 1521 2711 1576 dudum
2762 1538 2926 1575 mane
2955 1526 3012 1574 et
3043 1538 3267 1592 vespere
3298 1522 3491 1575 offerri
3530 1524 3648 1577 Deo

2038 1615 2097 1667 in
2129 1612 2400 1666 sacriﬁcio
2446 1611 2725 1682 praecepit.
2779 1609 2912 1664 Erat
2947 1616 3135 1663 autem
3168 1610 3225 1663 in
3254 1611 3453 1664 eadem
3486 1627 3648 1665 caena

2042 1719 2223 1771 agnus
2254 1700 2347 1754 ille
2371 1700 2609 1773 typicus,
2645 1706 2766 1753 erat
2796 1703 2853 1753 et
2878 1700 3083 1752 veritas
3117 1700 3319 1763 (Genes.
3355 1712 3440 1766 Iv;
3471 1700 3643 1754 Exod.

349 1790 608 1843 mentum
637 1797 885 1852 vdeatur,
919 1790 1027 1844 erit
1054 1791 1125 1858 ei,
1167 1792 1313 1846 sicut
1355 1799 1583 1846 sanctus
1611 1794 1955 1864 Augustinus
1979 1792 2197 1858 Bxxxx;
2240 1793 2410 1845 Nam.
2444 1792 2680 1863 xxviii);
2739 1788 3030 1859 oportebat
3078 1795 3265 1842 autem
3311 1788 3379 1842 de
3443 1788 3648 1843 umbra

350 1878 612 1941 testatur,
647 1894 816 1941 mors,
851 1894 963 1932 non
991 1879 1124 1941 vita,
1165 1880 1262 1951 qui
1306 1882 1630 1935 mendacem
1680 1880 1959 1951 putaverit

350 1963 546 2019 vitam.
583 1952 724 2020 Hinc
753 1974 811 2021 et
842 1966 954 2021 Leo
982 1954 1318 2039 apostolicus
1348 1968 1459 2023 ait:
1488 1990 1508 2019 ι
1550 1971 1665 2023 Hoc
1697 1988 1829 2040 ergo
1862 1987 1959 2023 ore

354 2053 618 2121 sumitur,
645 2055 790 2126 quod
814 2056 923 2109 fide
943 2055 1209 2113 creditur.
1236 2055 1309 2110 Et
1328 2057 1535 2111 frustra
1553 2056 1622 2111 ab
1648 2058 1756 2112 illis
1781 2061 1959 2112 Amen

350 2144 743 2215 respondetur,
769 2160 804 2198 a
825 2145 1026 2215 quibus
1048 2150 1243 2199 contra
1274 2146 1329 2199 id
1362 2148 1508 2217 quod
1540 2147 1829 2217 accipitur,
1853 2147 1961 2201 dis-

354 2231 658 2309 putatur.)
685 2234 843 2298 Quod
875 2235 920 2288 si
953 2235 1174 2305 quaeris,
1199 2234 1543 2295 charissima,
1565 2252 1734 2306 super
1758 2235 1960 2305 quibus

352 2319 749 2375 Universaliter
770 2321 840 2375 ab
860 2324 1118 2378 omnibus
1132 2322 1310 2377 Amen
1337 2325 1742 2395 respondeatur
1761 2326 1818 2378 in
1837 2330 1959 2378 tota

355 2398 603 2463 Ecclesia
634 2398 860 2475 Christi,
887 2411 1101 2481 respice
1127 2411 1185 2465 in
1212 2418 1690 2467 sacramentorum
1717 2414 1959 2468 celebra-

356 2496 511 2552 tidne
530 2496 859 2553 instituente
883 2498 1045 2554 beato
1065 2501 1231 2555 Petro
1252 2505 1336 2569 (ut
1355 2502 1651 2567 credimus)
1676 2503 1809 2574 quid
1834 2508 1960 2556 orat

358 2578 629 2641 sacerdos
658 2587 715 2641 in
746 2588 992 2663 Canone,
1028 2591 1272 2663 exceptis
1300 2592 1387 2645 his
1409 2610 1531 2662 quae
1557 2598 1683 2663 post
1711 2609 1960 2646 commu-

354 2673 581 2751 nionem
613 2664 895 2731 dicuntur.
933 2662 995 2733 Ut
1026 2680 1141 2747 ﬂat,
1175 2680 1376 2751 inquit,
1423 2662 1617 2750 carpas
1648 2687 1695 2735 et
1730 2684 1960 2749 sanguis

357 2743 706 2819 dilectissimi
738 2766 867 2821 Filii
892 2756 979 2820 tui
996 2743 1225 2822 Domini
1243 2743 1419 2823 hostri
1436 2743 1561 2823 Jcsu
1593 2770 1816 2824 Christi.
1835 2743 1961 2833 Qua

356 2848 522 2925 prece
537 2854 774 2929 expleta,
796 2871 1042 2909 consona
1060 2873 1210 2919 voce,
1236 2866 1449 2921 omnes,
1476 2856 1661 2912 Amen
1689 2859 1954 2926 dicimus;

355 2943 548 3013 Sicque
580 2940 762 2997 Omnis
792 2943 1034 2998 Ecclesia
1059 2944 1119 2998 in
1149 2945 1301 2998 omni
1321 2949 1489 3015 gente
1518 2951 1575 2999 et
1594 2946 1786 3021 lingua
1813 2949 1955 3013 orat,

356 3036 418 3085 et
456 3032 758 3086 confitetur
787 3032 935 3103 quod
984 3033 1088 3086 hoc
1117 3034 1193 3087 sit
1231 3034 1378 3107 quod
1408 3040 1549 3088 orat.
1585 3034 1744 3088 Unde
1776 3035 1961 3089 videat

2037 1879 2277 1934 transire
2298 1878 2368 1932 ad
2390 1877 2701 1933 veritatem.
2724 1878 2792 1931 Et
2812 1877 2935 1930 ideo
2954 1877 3161 1946 gaudio
3179 1877 3410 1946 gaudet,
3428 1878 3647 1948 gratias

2042 1986 2212 2039 agens
2246 1969 2358 2022 Deo
2385 1966 2555 2027 Patii,
2579 1966 2709 2037 quia
2727 1968 2846 2035 jam
2873 1965 3213 2036 implebatur
3232 1965 3381 2036 quod
3403 1984 3531 2020 cum
3555 1967 3648 2021 de-

2041 2058 2246 2112 siderio
2280 2056 2377 2111 diu
2407 2056 2840 2110 desideraverat.
2864 2056 3259 2123 Assumpserat
3286 2054 3437 2109 enim
3470 2056 3651 2111 homi-

2042 2164 2171 2202 nem
2201 2148 2259 2200 in
2292 2146 2488 2210 Deum,
2523 2144 2746 2215 quando
2790 2146 3013 2197 Verbum
3045 2160 3173 2197 caro
3208 2146 3424 2211 factum
3452 2152 3551 2209 est,
3588 2152 3655 2200 ut

2041 2252 2143 2308 per
2163 2252 2291 2289 eum
2313 2251 2564 2288 essemus
2585 2234 2642 2286 in
2670 2233 2766 2287 illo
2792 2251 2805 2298 ;
2840 2233 2937 2286 sed
2953 2233 3188 2288 necdum
3220 2232 3312 2287 ille
3342 2233 3668 2288 admiscue—'

2042 2330 2132 2377 rat
2162 2340 2221 2376 se
2251 2340 2353 2393 per
2373 2338 2596 2376 carnem
2620 2326 2677 2375 et
2701 2319 3032 2391 sanguinem
3056 2337 3220 2374 suum
3244 2318 3426 2385 nobis,
3452 2329 3516 2375 ut
3542 2323 3656 2376 sin-

2039 2412 2155 2483 guli
2187 2410 2440 2465 membra
2470 2410 2529 2464 in
2558 2408 2652 2464 illo
2683 2426 2859 2463 unum
2890 2426 3139 2463 essemus
3163 2425 3382 2480 corpus.
3410 2410 3559 2474 Quia
3578 2417 3658 2465 et»

2039 2500 2087 2555 si
2117 2518 2245 2555 caro
2276 2500 2417 2553 nihil
2445 2499 2673 2567 prodest
2701 2515 2802 2569 per
2820 2515 2899 2563 se,
2926 2498 3167 2568 Spiritus
3196 2504 3425 2553 sanctus
3450 2504 3539 2553 est
3562 2505 3657 2570 qui

2040 2590 2280 2643 vivificat
2307 2605 2527 2660 corpus,
2552 2594 2615 2641 ut
2636 2587 2692 2641 in
2723 2587 2882 2641 nobis
2908 2586 3167 2641 omnibus
3192 2605 3340 2642 unus
3369 2589 3445 2643 sit
3465 2590 3659 2644 Chris-

2040 2681 2153 2732 tus.
2187 2680 2249 2731 ln
2279 2694 2391 2731 uno
2434 2677 2744 2746 eodemque
2771 2675 3079 2730 vivificatur
3107 2676 3338 2747 Spiritu,
3373 2682 3430 2730 et
3464 2694 3659 2731 mane—

2041 2782 2169 2819 mus
2199 2766 2257 2819 in
2287 2765 2383 2820 illo
2419 2782 2519 2837 per
2551 2765 2835 2819 hominem
2866 2780 3031 2835 quem
3062 2765 3387 2835 assumpsit.
3419 2765 3569 2820 sicut
3605 2776 3664 2821 et

2040 2852 2159 2924 ipse
2192 2871 2290 2925 per
2318 2855 2423 2907 hoc
2446 2854 2774 2925 mysterium
2802 2854 3048 2924 corporis
3069 2860 3127 2907 et
3154 2854 3446 2923 sanguinis
3476 2855 3568 2909 sui
3597 2856 3654 2910 in

2043 2943 2225 2996 nobis.
2255 2943 2322 2996 Et
2368 2944 2493 2996 ideo
2524 2948 2727 2996 nostrze
2759 2942 2955 2996 salutis
2995 2959 3237 3006 summa,
3273 2943 3407 3013 quia
3446 2944 3504 2997 in
3550 2945 3660 2998 isto

2044 3032 2303 3085 consistit
2320 3037 2692 3093 sacramento,
2715 3030 2993 3085 desiderio
3017 3032 3102 3085 sui
3127 3032 3443 3085 desideravi
3476 3034 3662 3087 adim-

357 3114 455 3191 qul
482 3122 677 3173 contra
704 3114 809 3172 hoc
834 3121 1023 3173 venire
1046 3116 1284 3175 voluerit
1318 3122 1496 3191 magis
1520 3140 1687 3193 quam
1710 3123 1955 3189 credere,
1977 3127 2021 3186 C
2042 3120 2230 3190 plevit,
2267 3126 2331 3174 ut
2354 3124 2482 3174 cum
2515 3121 2632 3174 suis
2663 3123 2967 3190 antequam
3006 3126 3295 3191 pateretur
3320 3122 3427 3175 hoc
3454 3138 3654 3176 verum

359 3202 495 3278 quid
526 3210 659 3276 agat
685 3210 881 3260 contra
901 3206 1085 3278 ipsum
1107 3208 1427 3275 DOminum,
1446 3216 1503 3264 et
1520 3215 1715 3265 contra
1735 3228 1961 3265 omnem
2044 3207 2413 3262 manducaret
2432 3210 2637 3280 pascha
2668 3229 2682 3262 :
2711 3216 2989 3279 quatenus
3020 3224 3120 3279 per
3140 3210 3243 3263 hoc
3263 3216 3574 3277 antequam
3595 3229 3654 3265 se

358 3290 569 3350 Christi
613 3290 935 3351 Ecclesiaui.
986 3296 1279 3351 Nefarium
1310 3316 1443 3369 ergo
1473 3299 1653 3354 scelus
1683 3306 1768 3353 est
1802 3317 1963 3355 orare
2044 3301 2205 3355 daret
2229 3302 2283 3354 in
2313 3302 2574 3372 pretium,
2612 3318 2713 3356 nos
2750 3303 2808 3355 in
2837 3298 2935 3355 illo
2965 3306 3022 3355 et
3052 3302 3169 3373 ipse
3196 3302 3254 3356 in
3281 3303 3443 3357 nobis
3474 3318 3653 3359 unum

358 3386 486 3439 cum
518 3374 798 3449 omnibus,
823 3389 879 3439 et
905 3394 1017 3440 non
1037 3384 1263 3442 credere
1285 3389 1431 3459 quod
1466 3387 1588 3459 ipsa
1605 3380 1826 3443 Veritas
1854 3392 1964 3444 tes-
2045 3404 2294 3444 essemus
2316 3406 2537 3460 corpus.
2565 3388 2633 3444 Et
2658 3389 2784 3445 ideo
2814 3389 2871 3443 in
2899 3406 3061 3444 cruce
3090 3407 3191 3444 nos
3211 3408 3339 3445 cum
3361 3392 3461 3445 illo
3482 3392 3653 3447 simul

364 3477 536 3543 tatur,
572 3479 630 3527 et
663 3473 873 3545 ubique
902 3491 1098 3529 omnes
1127 3476 1518 3531 universaliter
1537 3495 1727 3532 verum
1750 3496 1871 3533 esse
1887 3479 1963 3533 fa-

350 3553 569 3617 tentur.
604 3554 763 3617 Unde
810 3562 943 3634 quia
989 3562 1108 3635 ipse
1137 3580 1300 3619 suum
1340 3582 1461 3620 esse
1488 3566 1625 3620 dicit
1649 3584 1869 3638 corpus,
1905 3576 1962 3623 et

278 3638 285 3645 ’
358 3666 524 3706 suum
540 3650 874 3722 sanguinem
895 3654 1004 3707 non
1021 3656 1258 3725 oportet,
1279 3654 1337 3707 et
1352 3655 1397 3709 si
1419 3653 1592 3709 oculis
1606 3656 1823 3710 carneis
1848 3674 1961 3712 non

357 3736 613 3794 videmus
632 3740 780 3812 quod
809 3741 1109 3807 'credimUs,
1134 3732 1392 3797 dubitare
1420 3744 1478 3797 in
1508 3743 1713 3815 aliquo.
1736 3744 1962 3799 Audivi-

360 3826 488 3883 inus
513 3828 681 3883 etiam
715 3828 848 3901 quid
880 3832 1184 3902 Gregorius
1206 3836 1349 3903 papa
1370 3832 1439 3887 de
1469 3832 1574 3886 hoc
1601 3834 1831 3888 sentiat.
1854 3837 1965 3889 Au-

361 3907 601 3973 divimus
623 3918 756 3989 qu'id
789 3926 848 3973 et
875 3924 1103 3975 sanctus
1133 3920 1376 3992 Cyrillu's
1398 3938 1523 3976 cum
1547 3921 1819 3977 universis
1842 3940 1961 3977 coe-

346 4004 603 4080 'piscopis
622 4009 680 4061 in
702 4000 919 4079 Epheso
940 4011 1311 4079 congregatis,
1332 4011 1461 4082 quid
1485 4004 1697 4066 Graecia
1712 4029 1835 4067 cum
1859 4012 1963 4067 eis-

362 4086 511 4171 dem',
542 4088 674 4166 quid
702 4088 995 4168 (Egyptus',
1027 4106 1084 4152 et
1127 4099 1261 4169 quid
1311 4108 1536 4155 sanctus
1587 4102 1963 4173 Hieronymus

360 4180 673 4255 presbyter,
708 4182 804 4255 qui
835 4192 892 4239 et
918 4184 1067 4257 ipsas
1098 4194 1417 4243 sanctorum
1450 4191 1681 4244 Patrum
1712 4191 1851 4245 vitas
1882 4194 1963 4245 la-

360 4260 482 4351 ti'no
500 4262 678 4326 edidit
696 4270 972 4328 sermone.
1000 4266 1072 4329 Et
1100 4275 1224 4330 ideo
1247 4279 1501 4347 quamvis
1523 4296 1588 4333 ex
1609 4272 1713 4333 hoc
1735 4281 1963 4351 quidam

2044 3477 2289 3533 cruciﬁxi
2314 3495 2529 3545 sumus,
2562 3479 2617 3532 in
2650 3477 2930 3549 baptismo
2960 3478 3125 3532 simul
3153 3478 3492 3551 consepulti,
3517 3490 3577 3535 et
3594 3480 3655 3535 in

2009 3568 2014 3587 ¹
2043 3566 2453 3622 resurrectione
2475 3566 2640 3622 simul
2670 3568 3117 3622 conresuscitati.
3140 3568 3300 3622 Unde
3319 3569 3401 3623 ait
3418 3571 3658 3641 Aposto-

2041 3654 2130 3709 lus
2155 3674 2168 3708 :
2198 3656 2260 3711 Si
2290 3660 2711 3711 'consurrcxistis
2732 3662 2855 3710 cum
2878 3658 3110 3719 Christo,
3136 3674 3255 3726 qua?
3272 3670 3503 3712 sursum
3522 3668 3658 3713 sunt

2044 3749 2217 3812 sapite
2242 3747 2454 3813 ttloloss.
2489 3750 2592 3811 In).
2623 3745 2993 3817 Quapropter,
3029 3746 3383 3809 charissime,
3427 3744 3573 3802 nihil
3600 3748 3658 3803 in

2044 3833 2148 3887 hoc
2177 3833 2399 3887 dubites
2430 3834 2718 3905 mysterio,
2763 3834 2911 3905 quod
2942 3835 3150 3888 veritas
3188 3835 3454 3891 Christus
3490 3837 3561 3890 de
3600 3855 3659 3891 se

2043 3920 2280 3992 largitus
2299 3930 2385 3976 est
2404 3922 2584 3987 nobis,
2600 3924 2731 3993 quia
2752 3924 2854 3977 etsi
2879 3920 3037 3977 sedet
3058 3922 3117 3976 in
3139 3924 3375 3979 dextera
3393 3924 3581 3981 Patris
3599 3928 3658 3981 in

2046 4010 2221 4073 caelis,
2255 4028 2363 4065 non
2391 4008 2731 4082 dedignatur
2745 4010 2848 4067 sub
2880 4012 3242 4067 Sacramento
3272 4012 3525 4084 quotidie
3559 4033 3658 4087 per

2046 4116 2244 4153 manus
2275 4098 2579 4154 sacerdotis
2626 4119 2690 4155 ac
2721 4100 2766 4156 si
2808 4118 2939 4156 vera
2966 4102 3152 4155 hostia
3179 4119 3293 4157 non
3322 4102 3652 4169 infideliter,

2046 4189 2143 4243 sed
2169 4186 2410 4243 fideliter
2440 4189 2743 4261 immolari.
3420 4192 3429 4199 ’

2118 4277 2223 4341 Qui
2253 4279 2356 4332 etsi
2397 4294 2508 4333 non
2551 4278 2805 4343 morltur,
2840 4276 3022 4349 neque
3063 4294 3211 4333 mors
3244 4282 3366 4351 jam
3407 4286 3461 4335 ei
3497 4285 3653 4336 ultra

364 4348 434 4416 de
454 4359 773 4432 ignorantia
794 4354 1003 4426 errent,
1022 4364 1186 4417 nemo
1209 4370 1397 4420 tamen
1419 4372 1505 4421 est
1524 4368 1709 4423 adhuc
1727 4369 1783 4423 in
1806 4386 1995 4440 aper-1
2045 4368 2436 4421 dominabitur
2468 4371 2640 4434 (Rom.
2672 4373 2766 4437 vr),
2811 4374 3002 4423 tamen
3042 4368 3098 4422 in
3140 4378 3497 4425 sacramento
3527 4388 3656 4426 vere

362 4450 440 4517 to,
472 4449 567 4522 qui
596 4448 699 4505 hoc
754 4451 835 4505 ita
882 4468 1004 4506 esse
1041 4454 1387 4509 contradicat
1439 4458 1586 4526 quod
1631 4460 1779 4512 totus
1811 4432 2512 4519 orbisDcommunicatur,
2537 4464 2600 4511 ut
2622 4458 2678 4511 in
2703 4432 2860 4512 nobis
2891 4465 3112 4513 maneat
3133 4460 3495 4521 naturaliter,
3510 4456 3659 4515 sicut

362 4536 543 4592 credit
571 4544 626 4593 et
655 4541 971 4619 conﬁtetur.
1006 4533 1281 4606 Quoniam
1314 4556 1379 4597 ex
1410 4554 1613 4616 magno
1655 4545 1755 4600 Dei
1782 4550 1959 4603 consi-
2047 4548 2106 4602 et
2121 4563 2219 4601 nos
2244 4548 2300 4601 in
2326 4546 2590 4602 illo.Hinc
2606 4555 2692 4602 est
2710 4549 2857 4619 quod
2878 4547 2959 4603 ait
2983 4568 2993 4602 :
3015 4548 3173 4603 Sicut
3194 4554 3349 4604 misit
3374 4560 3459 4605 me
3472 4557 3655 4606 vivens

361 4622 458 4690 lio,
476 4624 541 4679 ut
560 4620 693 4692 dixi,
716 4630 821 4684 hoc
850 4618 929 4685 ita
952 4630 1071 4686 esSe
1094 4625 1370 4687 sancitum
1391 4641 1476 4688 est
1499 4650 1533 4688 a
1558 4636 1672 4689 Deo
1695 4628 1753 4689 in
1778 4653 1955 4703 coma,
2044 4641 2225 4703 Pati-1‘,
2262 4644 2309 4691 et
2337 4656 2428 4705 ego
2456 4642 2575 4692 vivo
2600 4618 2822 4708 propter
2863 4642 3101 4704 Patrem,
3139 4646 3189 4693 ct
3217 4643 3319 4708 qui
3350 4644 3655 4695 manducet

366 4710 432 4767 ut
446 4710 712 4799 Salvator
741 4719 873 4789 quia
892 4720 1159 4775 eximium
1190 4727 1293 4789 est,
1326 4723 1476 4777 dicat
1503 4720 1825 4799 discipulis:
1860 4729 1961 4781 De-
2045 4740 2130 4779 me
2162 4730 2271 4795 ipse
2305 4732 2440 4781 τείνει
2468 4734 2690 4796 propter
2720 4741 2803 4781 me
2830 4730 3008 4795 (Joan.
3040 4733 3136 4793 v1).
3170 4726 3270 4782 Ille
3301 4732 3499 4784 autem
3523 4732 3658 4785 vivit

367 4787 572 4887 siderio
588 4787 894 4861 desideravi
901 4809 997 4863 hoc
1006 4812 1207 4878 pascha
1220 4813 1565 4867 manducare
1578 4787 1850 4869 vobiscum
1865 4830 1967 4870 an—
2049 4818 2279 4887 prOpter
2291 4817 2534 4881 Patrem,
2551 4816 2645 4887 qui
2665 4820 2830 4870 natus
2848 4822 2933 4870 est
2948 4817 3273 4887 unigenitus
3289 4830 3358 4872 ex
3381 4816 3552 4875 Patre
3568 4840 3582 4882 ;
3603 4828 3658 4874 et

367 4880 587 4975 ieqaa‘m
604 4894 960 4975 pah‘ar(Luc.
976 4894 1130 4968 xxii).
1146 4901 1299 4954 Alias
1321 4904 1507 4957 autem
1527 4902 1635 4957 nisi
1655 4910 1802 4958 esset
1821 4905 1878 4958 in
1902 4923 1967 4960 eo

366 4973 592 5034 evidens
623 4973 1067 5061 Sacramentum,
1100 5000 1455 5061 nequaquam
1485 4986 1725 5046 diceret:
1758 4995 1970 5048 Deside-

366 5062 456 5123 rio
483 5060 790 5123 desideravi
810 5076 826 5134 ζ
862 5072 1127 5142 quoniam
1158 5080 1342 5148 majus
1364 5086 1447 5134 est
1473 5080 1676 5149 dicere,
1702 5084 1967 5137 desiderio

368 5151 694 5229 desideravi,
722 5162 898 5239 quam
930 5162 977 5214 si
1006 5162 1216 5218 diceret
1256 5168 1601 5238 simpliciter,
1634 5169 1963 5239 desideravi,

361 5238 622 5318 quamvis
641 5252 697 5329 et
718 5236 820 5303 hoc
851 5255 997 5303 esset
1020 5264 1306 5321 magnum.
1324 5236 1464 5309 Nam
1498 5236 1602 5312 hoc
1622 5276 1801 5329 genus
1822 5236 1970 5315 locu-

369 5330 537 5420 tionis
560 5335 618 5390 in
637 5322 940 5410 scripturis
962 5338 1183 5407 divinis,
1207 5354 1494 5414 nunquam
1517 5322 1746 5419 nisiupro
1766 5364 1968 5420 magno

366 5406 659 5505 intellectu
690 5406 816 5482 cum
846 5426 945 5483 tali
972 5406 1359 5485 additamento
1386 5436 1633 5504 ponitur,
1647 5406 1812 5492 .sicut
1841 5406 1925 5493 est
1952 5458 1963 5493 :

378 5510 497 5589 Vita
518 5511 677 5593 vivet,
708 5524 755 5571 et
787 5514 898 5573 non
925 5521 1198 5573 morietur
1229 5522 1409 5583 (Joan.
1452 5527 1525 5591 v1)
1553 5543 1565 5592 ;
1598 5530 1657 5579 et
1683 5527 1752 5581 de
1791 5528 1968 5583 amico

354 5586 609 5673 'S'p'onsi:
640 5589 749 5672 Qui
773 5598 883 5661 mit
905 5610 957 5661 et
982 5604 1146 5663 audit
1171 5624 1350 5664 vocem
1378 5586 1582 5681 sponsi,
1599 5618 1804 5682 gaudio
1832 5630 1971 5684 gau-

2050 4921 2151 4958 nos
2175 4910 2402 4975 propter
2420 4905 2766 4977 ipsum,quia
2782 4906 3182 4960 manducamus
3199 4904 3408 4977 ipsum.
3427 4908 3497 4963 Et
3511 4910 3656 4974 ideo,

2050 4993 2428 5057 dilectissime,
2448 5011 2802 5065 summopere
2823 4994 3151 5059 cavendum,
3174 5002 3237 5049 ut
3260 4994 3453 5050 nullus
3476 4998 3662 5053 Chris-

2050 5080 2332 5136 tianorum
2364 5083 2494 5137 hinc
2519 5083 2639 5137 sine
2666 5082 2867 5137 viatico
2888 5088 3065 5149 exeat,
3086 5082 3141 5137 id
3165 5090 3251 5138 est
3278 5085 3403 5139 sine
3424 5103 3660 5157 corpore

2052 5170 2258 5225 Christi
2292 5178 2348 5226 et
2375 5173 2668 5242 sanguine,
2689 5164 2753 5225 ut
2781 5170 3066 5227 Christum
3097 5174 3154 5226 in
3185 5188 3244 5227 se
3273 5170 3486 5229 habeat
3515 5178 3663 5230 sicut

2050 5259 2109 5314 in
2140 5260 2268 5325 ﬁde,
2296 5261 2374 5315 ita
2404 5267 2461 5315 et
2488 5261 2547 5314 in
2575 5261 2696 5315 cibo
2721 5261 2905 5315 carnis
2931 5264 2987 5315 et
3014 5261 3325 5332 sanguinis,
3351 5260 3489 5334 quia
3508 5264 3659 5319 beati

2050 5350 2259 5404 mortui
2291 5351 2385 5421 qui
2413 5350 2470 5403 in
2501 5350 2737 5405 Domino
2774 5350 3096 5405 moriuntur
3121 5354 3301 5419 (Apoc.
3334 5364 3447 5409 xm
3503 5352 3659 5408 TUnc

2050 5445 2237 5494 autem
2270 5440 2327 5494 in
2361 5440 2594 5495 Domino
2624 5441 2916 5507 morimur,
2941 5441 2988 5495 si
3019 5448 3119 5495 nos
3145 5440 3203 5494 in
3238 5438 3356 5507 illo,
3385 5447 3441 5494 et
3471 5440 3567 5495 ille
3599 5441 3657 5497 in

2047 5526 2209 5582 nobis
2250 5546 2348 5600 per
2374 5531 2479 5584 hoc
2510 5530 2843 5601 mysterium
2876 5542 3222 5584 maneamus.
3256 5524 3495 5584 Interim
3526 5547 3659 5585 vero

2046 5616 2453 5691 providendum
2482 5634 2553 5673 ne
2594 5618 2825 5691 prapte'r
2854 5618 3133 5677 incuriam
3166 5625 3223 5675 et
3249 5620 3457 5675 mentis
3486 5616 3655 5690 igna-
