3992 6166
351 263 494 337 1367

1115 280 1172 336 S.
1214 280 1592 337 PASCHASII
1632 281 1990 339 RADBERTI
2028 284 2332 342 ABBATIS
2369 286 2859 342 CORBEIENSIS.

3479 283 3625 342 1368

387 424 510 475 atos
563 419 669 475 hac
698 421 1078 494 inscriptione,
1113 424 1294 495 qualis
1326 424 1383 477 in
1431 424 1770 494 apographis
1801 413 2008 478 ρον-Α
2026 414 2300 467 sermonis
2319 413 2643 467 Hildefonso
2671 411 2917 493 ascripti,
2942 409 3038 491 qui
3066 411 3213 462 inter
3227 409 3410 461 editos
3424 410 3487 460 de
3512 410 3624 462 Pu-

344 439 976 546 geiensibusreneritur:
1005 498 1305 546 Venerabili
1324 499 1590 546 matronae
1605 497 1811 546 Christi
1831 511 1944 546 um
2029 487 2336 546 Τι’[ἰεαιίοηϐ
2387 486 2445 541 S.
2496 487 2688 539 Mariae
2729 482 3055 536 inscribitur
3080 499 3092 542 ;
3159 479 3440 533 secundus
3488 496 3624 532 "9T0

386 491 976 564 eiensibusreperitur:
1005 491 1305 549 Venerabili
1324 491 1590 548 matronae
1605 491 1811 548 Christi
1831 511 1944 549 una

347 580 477 618 cum
507 568 680 619 sacris
708 569 1024 633 virginibus
1069 569 1262 619 Vesona
1289 566 1611 636 [legendum
1647 567 1943 636 Suessona]

351 639 653 689 monastice
703 638 1018 702 degentibus
1055 639 1111 692 P.
1143 639 1200 691 Β.
1245 637 1317 705 (id
1345 645 1430 690 est
1453 638 1776 690 Paschasius
1806 639 1944 690 Rad-

354 709 553 769 bertus)
578 709 974 760 monachorum
1003 711 1256 760 omnium
1272 712 1598 776 peripsema,
1638 713 1742 761 etc.
1788 708 1941 760 Hanc

353 777 774 848 inscriptionem
828 778 875 830 si
923 777 1151 832 vidisset
1187 779 1608 844 Fevardentius,
1659 777 1942 832 Radberto

353 849 475 930 sine
495 848 664 930 dubio
685 848 971 930 proprium
993 866 1056 929 ac
1078 866 1412 930 germanum
1440 850 1614 903 fetum
1628 849 1936 930 tribuisset.

355 919 488 971 Post
519 919 634 972 haec
657 917 736 971 sic
763 917 906 971 liber
931 917 1151 989 incipit:
1189 923 1460 987 Quoniam
1485 924 1738 973 omnium
1768 921 1943 974 Eccle-

353 992 592 1052 siarum,
613 994 716 1042 etc.
729 1005 872 1058 ,quae
892 990 949 1042 in
970 991 1315 1044 Bibliotheca
1327 992 1434 1044 PP.
1449 992 1727 1045 habentur
1746 991 1815 1044 ad
1833 1007 1945 1044 me-

355 1059 510 1112 dium
536 1076 714 1129 usque
741 1060 1163 1115 libellum.Nam
1187 1061 1336 1115 abeo
1353 1063 1472 1116 loco
1499 1062 1592 1116 ubi
1612 1061 1945 1132 legiturhaec

354 1136 490 1202 nota
514 1131 603 1184 hic
629 1134 848 1199 aliquid
873 1134 1220 1186 desideratur
1248 1134 1466 1187 codices
1487 1150 1658 1187 manu
1679 1131 1946 1202 descripti

355 1200 426 1254 ab
447 1203 613 1257 editis
641 1203 869 1257 omnino
885 1202 1224 1274 discrepant,
1239 1204 1698 1275 substituuntque
1726 1200 1946 1274 partem

2029 487 2336 550 ri/icationc
2387 486 2445 541 S.
2496 487 2688 539 Mariae
2729 479 3092 542 inscribitur;
3159 479 3440 533 secundus
3488 496 3624 532 vero

2026 555 2293 609 Radberti
2341 555 2483 610 liber
2529 561 2615 609 est
2643 556 2764 626 ipsa
2805 553 3040 607 homilia
3062 567 3188 626 qua).
3215 552 3273 603 in
3328 551 3628 626 impressis

2027 627 2292 698 prmdicto
2321 627 2564 681 sermoni
2589 621 2884 694 subjicitur
2902 641 3028 677 cum
3061 623 3165 675 hoc
3180 621 3441 675 exordio:
3468 623 3628 675 Inter

2025 706 2350 753 sanctarum
2382 700 2809 766 Scripturar-um
2839 698 3074 766 eloquia.
3111 713 3134 743 ι
3161 699 3272 766 etc.

2095 772 2224 823 Haec
2253 762 2797 838 Mabillonius,quem
2820 762 2947 820 cum
2973 764 3243 838 Acherius
3257 762 3627 838 exscriberet,

2024 840 2230 895 oblitus
2255 846 2342 894 est
2358 841 2445 894 sui
2471 833 2785 893 ofﬁcii—esse
2813 839 2903 890 hic
2932 851 3160 889 monere
3182 833 3458 887 Radberti
3484 850 3634 903 Opus

2025 929 2055 964 e
2082 913 2254 966 veteri
2285 913 2473 965 codice
2503 909 2824 964 Corbeiensi
2881 925 3004 961 esse
3043 905 3386 975 descriptum
3417 912 3477 957 et
3498 921 3634 957 cum

2025 987 2203 1038 altero
2233 983 2480 1052 ejusdem
2541 980 2867 1034 monasterii
2897 975 3354 1052 collatum.Quoc_l
3383 982 3633 1052 uterque

2027 1046 2290 1128 opinatur
2318 1053 2488 1128 libros
2518 1053 2683 1106 hosce
2715 1052 2854 1128 duos
2899 1050 3100 1128 missos
3129 1063 3251 1100 esse
3273 1046 3347 1100 ad
3378 1046 3634 1128 virgines

2028 1118 2326 1183 Suessione
2373 1125 2659 1194 degentes,
2714 1122 2905 1176 statim
2935 1119 3038 1174 sub
3080 1133 3317 1173 examen
3343 1118 3637 1171 revocabi-

2028 1216 2155 1254 IDIJS
2165 1241 2176 1252 .

345 1374 3636 1414 ___________________________,______________

1644 1493 1926 1565 LIBER
2005 1489 2386 1563 PRIMUS.

952 1759 1348 1813 ΡΗᾸΕΡΑΤΙΟ.

427 1865 751 1922 Venerabili
770 1870 1040 1920 matronae
1062 1865 1290 1932 Christi,
1307 1882 1423 1919 una
1437 1881 1564 1919 cum
1593 1863 1768 1918 sacris
1778 1863 1948 1933 virgi-

355 1955 521 2011 nibus
575 1957 799 2011 Vesona
825 1965 851 1994 ι
885 1954 1191 2008 monastice
1241 1953 1570 2025 degentibus
1605 1953 1949 2009 Pascussms

355 2046 716 2110 RADBERTUS,
750 2046 1151 2099 monachorum
1182 2044 1435 2098 omnium
1465 2043 1800 2114 peripsema.

427 2134 824 2200 Quaestionem,
877 2134 1236 2198 charissimae,
1268 2134 1338 2187 de
1367 2138 1532 2204 partu
1558 2131 1735 2185 beatae
1770 2129 1949 2184 Mariae

356 2222 604 2294 Virginis
655 2223 793 2278 mihi
849 2239 1030 2293 nuper
1057 2224 1284 2276 allatam
1314 2221 1471 2275 vobis
1500 2221 1815 2292 persolvere
1847 2219 1946 2272 de-

356 2312 503 2366 crevi
528 2330 540 2377 ;
574 2312 839 2383 quoniam
870 2328 966 2365 vos
995 2329 1118 2365 eam
1149 2311 1455 2382 plurimum
1476 2326 1667 2363 amare
1694 2325 1806 2362 non
1835 2325 1951 2361 am-

355 2399 513 2470 bigo;
574 2406 639 2454 ut
667 2417 733 2454 ex
789 2401 895 2454 hoc
922 2400 1109 2454 sciatis
1131 2405 1405 2470 quantum
1430 2401 1570 2468 jam.
1601 2398 1765 2467 longe
1794 2397 1889 2450 diu
1919 2412 1952 2450 a

355 2505 533 2561 puero
563 2495 746 2544 vester
771 2489 1238 2558 alumnus,multo
1249 2490 1369 2558 jam
1399 2489 1554 2542 senio
1575 2486 1878 2540 confectus.

1968 1751 2315 1816 Bcommuni
2353 1751 2476 1821 lege
2530 1755 2765 1817 naturae,
2820 1754 2878 1804 et
2906 1752 3052 1806 sicut
3080 1767 3203 1806 mos
3233 1756 3321 1806 est
3359 1750 3630 1806 omnium

2029 1841 2385 1905 feminarum,
2445 1843 2510 1893 ut
2559 1855 2692 1892 vera
2743 1838 3008 1893 nativitas
3046 1839 3256 1894 Christi
3282 1841 3395 1894 dici
3426 1840 3631 1912 possit.

2030 1930 2185 1984 Alias
2233 1933 2442 1991 autem,
2474 1927 2757 1998 inquiunt,
2790 1927 2837 1981 si
2867 1943 2979 1981 non
3007 1927 3088 1982 ita
3115 1934 3283 1982 natus
3312 1933 3402 1982 est
3431 1935 3498 1982 ut
3526 1945 3637 1981 cae-

2031 2018 2137 2072 teri
2165 2023 2479 2072 nascuntur
2518 2016 2779 2082 infantes,
2831 2033 2963 2070 vera
2991 2017 3252 2071 nativitas
3282 2034 3399 2071 non
3424 2022 3533 2071 est.
3567 2017 3638 2070 Et

2030 2108 2155 2161 ideo
2183 2123 2254 2161 ne
2283 2105 2580 2177 phantasia
2607 2110 2857 2176 putetur,
2877 2109 2976 2159 aut
3001 2122 3071 2159 ne
3097 2106 3239 2160 sicut
3269 2123 3421 2176 aqua
3437 2122 3542 2177 per
3561 2105 3638 2158 al-

2031 2213 2194 2251 veum
2215 2195 2499 2260 transisse,
2525 2195 2604 2248 ita
2626 2211 2726 2265 per
2753 2199 2983 2249 uterum
3013 2195 3260 2264 Virginis
3280 2194 3496 2265 absque
3527 2211 3635 2248 na-

2031 2286 2236 2340 scentis
2264 2285 2459 2339 ordine
2489 2290 2654 2338 natus
2683 2283 2962 2348 credatur,
2989 2283 3142 2354 pium
3163 2288 3250 2338 est
3288 2284 3523 2349 sentire,
3557 2284 3636 2337 sic

2033 2392 2163 2429 eum
2191 2375 2314 2444 lege
2345 2379 2561 2427 naturae
2582 2382 2775 2426 natum
2807 2371 3288 2442 fuisse,quomodo
3318 2378 3637 2426 nascuntur

2033 2463 2218 2516 caeteri
2244 2462 2504 2526 infantes,
2541 2465 2598 2514 et
2621 2477 2745 2514 eam
2776 2461 2855 2514 sic
2907 2459 3190 2530 peperisse
3217 2460 3362 2532 sicut
3393 2460 3631 2531 reliquae

2067 2551 2258 2604 ariunt
2287 2551 2573 2604 mulieres.

2067 2568 2258 2604 arium
2287 2568 2573 2604 muneres.

429 2632 694 2698 Quamvis
717 2631 971 2686 omnium
994 2630 1367 2686 Ecclesiarum
1388 2630 1680 2700 virginitas
1700 2628 1876 2682 beatae
1891 2630 1949 2681 et
2027 2568 2062 2622 p
2103 2641 2148 2694 Ο
2204 2656 2348 2694 οωοδ
2395 2639 2592 2710 pietas,
2653 2655 2775 2708 qua
2801 2643 2918 2691 tam
3151 2636 3325 2691 sentit
3349 2637 3420 2690 de
3452 2637 3636 2692 Maria

357 2722 617 2793 gloriosa:
648 2720 945 2776 Genitricis
986 2721 1087 2775 Dei
1133 2720 1322 2775 Maria:
1365 2721 1439 2774 sit
1468 2720 1657 2780 decus,
1686 2719 1866 2772 honor
1897 2722 1954 2770 et
2032 2727 2283 2797 Virgine,
2338 2732 2395 2780 et
2445 2743 2587 2781 οωοει
2623 2725 3002 2796 praesumptio,
3037 2741 3159 2796 quae
3189 2730 3305 2778 tam
3351 2725 3526 2796 impie
3556 2725 3636 2778 lo-

355 2810 536 2866 forma
551 2811 796 2875 virtutis,
830 2810 1073 2864 maxime
1096 2815 1287 2863 tamen
1317 2807 1828 2863 sanctimonialium
1848 2805 1954 2858 vir-
2035 2817 2229 2887 quitur
2266 2816 2336 2870 de
2363 2815 2606 2870 Christo,
2640 2816 2767 2868 Non
2796 2814 2918 2868 dico
2949 2815 3096 2885 quod
3127 2813 3317 2868 dicant
3345 2813 3640 2884 Virginia.

355 2900 574 2971 ginum,
600 2916 839 2971 quarum
865 2898 1139 2952 castitatis
1167 2899 1289 2967 ejus
1313 2896 1608 2968 specialius
1637 2896 1954 2949 illustratur
2034 2910 2152 2960 tem
2177 2905 2452 2971 amisisse,
2485 2921 2608 2974 qua
2649 2903 2903 2957 nesciens
2940 2903 3122 2958 virum
3152 2903 3325 2972 Virgo
3353 2903 3633 2972 concepit,

357 2989 679 3054 virtutibus,
744 2988 1083 3041 informatur
1138 2986 1424 3056 exemplis,
1466 2984 1862 3038 corroboratur
1899 2990 2206 3064 etCVirgo
2233 2993 2470 3065 peperit,
2519 2998 2576 3047 et
2614 2993 2785 3063 Virgo
2817 2992 3160 3064 permansit;
3193 2992 3290 3046 sed
3324 2992 3460 3062 quia
3486 2991 3635 3061 idip-

355 3077 760 3130 meritis.Unde
779 3075 1359 3144 sacratissimumejus
1380 3073 1738 3144 puerperium
1764 3072 1952 3127 animo
2037 3100 2161 3137 sum
2210 3083 2358 3152 quod
2417 3083 2755 3136 conﬁtentur
2807 3086 3033 3152 negant,
3090 3081 3228 3134 dum
3281 3080 3481 3134 dicunt
3509 3096 3634 3133 eam

358 3167 417 3215 et
448 3163 614 3215 corde
658 3162 1014 3215 devotissime
1061 3162 1314 3216 venerari
1369 3178 1434 3215 ac
1463 3169 1733 3226 retexere,
1781 3159 1951 3214 divini

359 3250 612 3304 muneris
666 3255 751 3304 est
776 3251 978 3319 gratia.
1012 3251 1316 3322 Propterea
1344 3268 1474 3305 vero
1503 3256 1700 3304 contra
1729 3249 1953 3304 haereti-

361 3354 485 3392 cam
515 3338 847 3408 pravitatem
879 3339 1148 3394 dimicare
1178 3357 1242 3394 ac
1268 3341 1489 3394 vincere
1517 3345 1753 3409 opusest
1782 3338 1955 3408 Spiri-

361 3433 455 3481 tus
484 3428 663 3481 sancti
693 3433 749 3482 et
775 3427 948 3482 virtus
972 3429 1264 3494 Altissimi,
1299 3430 1393 3500 qni
1415 3445 1538 3483 eam
1567 3427 1949 3494 obumbravit;

360 3521 427 3570 ut
456 3516 577 3570 sine
606 3517 756 3570 coitu
777 3517 899 3582 viri,
915 3523 972 3571 et
991 3518 1112 3572 sine
1133 3519 1249 3572 ulla
1268 3518 1625 3588 corruptione
1653 3517 1953 3570 Dominum

362 3609 420 3658 et
446 3605 729 3658 hominem
760 3613 1002 3677 pareret,
1029 3609 1298 3677 virgoque
1328 3623 1552 3676 semper
1566 3605 1955 3658 maneret.Pro

364 3709 474 3763 qua
481 3695 598 3764 jam
620 3695 754 3748 olim
775 3694 1412 3766 beatumHieronymum
1433 3700 1624 3748 contra
1638 3693 1955 3747 Helvidium

361 3781 688 3836 hereticum
703 3788 760 3836 et
768 3791 963 3837 contra
975 3785 1096 3850 ejus
1113 3784 1408 3854 compllces
1419 3782 1706 3852 scripsisse
1717 3782 1955 3851 legimus

364 3885 505 3939 quos
524 3870 605 3924 ita
631 3871 930 3925 debellavit
955 3888 1020 3925 ac
1047 3872 1267 3937 devicit,
1291 3877 1357 3925 ut
1385 3871 1646 3942 deinceps
1674 3887 1852 3940 usque
1882 3871 1954 3924 ad

363 3974 609 4027 praesens
623 3960 762 4013 nihil
781 3961 1115 4014 recidivumb
1130 3977 1255 4014 erro
1263 3961 1336 4014 ris
1349 3967 1544 4014 contra
1557 3976 1680 4013 eam
1694 3959 1952 4017 surrexit.

440 4048 492 4104 1.
517 4049 625 4102 Sed
643 4050 776 4119 quia
800 4065 949 4102 nunc
976 4051 1346 4120 quorumdam
1368 4049 1606 4102 fratrum
1633 4066 1828 4103 rursus
1855 4049 1957 4102 im-

364 4137 569 4207 pudica
615 4138 775 4206 quasi
817 4139 1232 4207 percunctando
1259 4138 1479 4192 laborat
1515 4138 1826 4202 temeritas,
1859 4137 1958 4191 de-

364 4224 512 4278 crevi
538 4225 609 4277 ad
640 4241 755 4290 vos,
786 4231 1056 4280 matronae
1077 4226 1303 4291 Christi,
1331 4227 1400 4280 de
1429 4228 1516 4281 his
1545 4227 1810 4287 scribere.
1835 4244 1955 4296 quae

364 4313 474 4384 ipsi
499 4311 773 4366 curiosius
794 4319 990 4366 contra
1017 4315 1140 4383 ejus
1161 4315 1507 4384 pudicitiam,
1537 4331 1706 4384 quam
1737 4315 1960 4385 religio-

2034 3171 2318 3225 communi
2348 3172 2469 3241 lege
2517 3176 2734 3224 natura
2780 3186 3113 3240 puerperam
3158 3169 3338 3223 ﬁlium
3364 3169 3634 3224 edidisse.

2035 3260 2194 3324 Quod
2224 3261 2272 3315 si
2322 3260 2401 3314 ita
2425 3265 2509 3314 est
2537 3265 2600 3313 ut
2641 3263 2902 3312 astruunt
2929 3264 2988 3312 et
3013 3258 3318 3323 afﬁrmant,
3350 3259 3503 3328 quod
3537 3257 3638 3311 ab-

2035 3349 2129 3413 sit,
2155 3350 2276 3418 jam
2333 3347 2515 3402 Maria
2540 3348 2694 3416 virgo
2726 3363 2838 3400 non
2892 3351 2995 3411 est,
3029 3347 3286 3401 Christus
3325 3346 3430 3400 sub
3456 3347 3641 3400 male-

2037 3436 2184 3490 dicto
2213 3443 2380 3490 natus
2401 3441 2504 3502 est,
2534 3436 2631 3489 irae
2661 3436 2809 3490 ﬁlius
2857 3435 2925 3488 de
2952 3451 3119 3490 carne
3157 3435 3392 3506 peccati.
3430 3442 3488 3488 et
3516 3435 3640 3506 ipsa

2038 3540 2160 3593 quae
2185 3523 2478 3578 benedicta
2510 3523 2580 3578 ab
2606 3524 2806 3594 angelo
2836 3525 3172 3595 praedicatur
3198 3524 3256 3576 in
3284 3523 3641 3578 maledictio-

2036 3628 2106 3665 ne
2136 3613 2319 3666 adhuc
2348 3629 2684 3684 permanens
2726 3613 2829 3666 sub
2864 3613 3161 3667 maledicto
3205 3613 3446 3684 peperit.
3488 3613 3641 3666 Alio-

2038 3701 2173 3771 quin
2199 3702 2333 3772 quid
2365 3707 2450 3755 est
2479 3703 2627 3772 quod
2655 3703 2837 3771 legem
2866 3707 3081 3756 natura:
3110 3702 3410 3772 requirunt
3440 3701 3498 3755 in
3526 3702 3646 3755 Ma-

2037 3788 2140 3852 ria,
2165 3787 2260 3842 ubi
2280 3794 2463 3842 totum
2491 3789 2764 3859 quidquid
2813 3789 2871 3842 in
2902 3806 2970 3843 ea
2986 3789 3095 3842 fuit
3122 3789 3372 3859 possedit
3393 3789 3642 3859 Spiritus

2040 3877 2300 3930 sanctus?
2331 3893 2499 3948 quam
2530 3877 2708 3930 virtus
2736 3877 3007 3931 Altissimi
3039 3876 3433 3931 obumbravit?
3477 3877 3640 3940 Quod

2039 3965 2086 4018 si
2117 3965 2295 4019 virtus
2320 3965 2593 4019 Altissimi
2614 3964 2684 4018 ab
2709 3966 2864 4019 omni
2892 3970 3030 4020 aestu
3051 3966 3263 4042 peccati
3291 3981 3419 4019 eam
3447 3965 3642 4019 obum-

2040 4052 2240 4119 bravit,
2273 4054 2330 4107 in
2361 4062 2631 4124 conceptu
2671 4060 2729 4108 et
2752 4054 2811 4108 in
2850 4059 3018 4126 partu
3046 4055 3191 4108 sicut
3219 4053 3288 4107 ab
3315 4054 3472 4107 omni
3501 4061 3642 4109 aestu

2041 4142 2286 4196 libidinis
2313 4141 2488 4196 libera
2513 4143 2638 4210 fuit,
2671 4143 2752 4196 ita
2783 4148 2840 4197 et
2867 4143 2936 4197 ab
2981 4143 3133 4196 omni
3166 4159 3433 4213 pressura
3463 4143 3644 4196 male-

2039 4229 2318 4295 dictionis,
2351 4246 2464 4284 non
2494 4247 2558 4284 ex
2582 4248 2724 4299 sese,
2772 4233 2871 4284 sed
2899 4248 2965 4285 ex
2992 4232 3196 4285 virtute
3224 4231 3502 4285 Altissimi
3540 4232 3645 4284 im-

2040 4319 2228 4373 munis
2257 4324 2313 4373 et
2341 4319 2527 4372 aliena
2566 4320 2694 4373 fuit.
2730 4319 3085 4390 Quapropter
3111 4319 3363 4389 cogitent
3390 4324 3449 4373 et
3507 4319 3646 4372 divi-

366 4401 483 4455 sius
508 4407 784 4456 conantur
813 4401 1102 4471 explorare
1133 4421 1145 4467 ;
1193 4402 1530 4472 explorando
1579 4420 1707 4456 vero
1729 4411 1952 4474 partum
1973 4399 2022 4456 D
2041 4425 2242 4462 narum
2269 4425 2458 4462 rerum
2505 4409 2654 4477 jura,
2681 4409 2813 4478 quia
2842 4425 2954 4461 non
2993 4424 3061 4461 ex
3089 4416 3293 4462 natura
3325 4425 3515 4462 rerum
3557 4408 3643 4461 di-

365 4491 706 4562 virginitatis
736 4491 874 4560 ejus,
908 4496 967 4544 et
993 4496 1218 4544 uterum
1266 4490 1564 4560 pudicitiae,
1597 4491 1960 4547 introducunt
2041 4497 2180 4551 vinte
2203 4498 2355 4567 leges
2401 4497 2670 4568 pendent,
2701 4498 2799 4551 sed
2841 4514 2906 4550 ex
2937 4497 3139 4550 divinis
3163 4496 3384 4567 legibus
3409 4503 3646 4551 natura-

372 4580 457 4649 [ac
492 4582 562 4650 si]
611 4581 940 4652 peritissimi
981 4580 1294 4652 physiologi
1325 4581 1525 4634 callide
1550 4582 1686 4635 satis
1708 4582 1954 4652 disputa-
2042 4603 2168 4639 rum
2200 4602 2389 4639 rerum
2420 4586 2573 4656 leges
2612 4601 2843 4640 manare
2873 4585 3200 4656 probantur.
3225 4585 3442 4640 Idcirco
3471 4592 3650 4641 teme-

367 4665 522 4720 tione
553 4685 655 4722 sua
679 4671 1046 4724 colluvionem
1074 4670 1355 4734 vitiorum,
1387 4668 1446 4722 in
1471 4685 1585 4740 qua
1623 4677 1962 4725 concurrunt

371 4753 617 4823 plurima
637 4759 842 4812 erroris
855 4759 1198 4813 discrimina.

443 4842 497 4896 2.
531 4843 735 4899 Dicunt
763 4847 912 4900 enim
938 4864 1050 4901 non
1079 4848 1244 4902 aliter
1270 4846 1493 4902 beatam
1520 4847 1811 4917 Virginem
1841 4849 1960 4903 Ma-

372 4933 514 4987 riam
562 4949 760 5003 parere
790 4936 1058 5004 potuisse,
1087 4953 1271 5008 neque
1301 4939 1466 4993 aliter
1505 4937 1764 4992 debuisse
1793 4953 1961 5008 quam

440 5093 465 5122 ι
502 5077 821 5144 Virginibus
863 5079 1076 5132 Vesana.
1115 5080 1387 5136 Acherius
1414 5081 1480 5135 ad
1513 5097 1640 5135 eum
1673 5081 1856 5134 locum
1887 5082 1966 5135 sic

372 5152 566 5222 monet
591 5167 603 5200 :
624 5147 1119 5222 id_est,_Suessione
1140 5169 1156 5212 ;
1190 5157 1358 5222 atque
1384 5153 1578 5206 eadem
1618 5151 1725 5204 fuit
1755 5151 1962 5206 doctis-

373 5217 501 5294 simi
537 5217 837 5294 Mabillonii
869 5221 1169 5294 sententia,
1202 5217 1406 5294 quippe
1437 5224 1532 5293 qui
1563 5224 1674 5292 legi
1730 5224 1965 5277 voluerit

372 5288 660 5360 Suessana.
685 5291 800 5344 Nos
831 5288 1537 5360 ampliandumben'sernus
1561 5312 1571 5345 :
1596 5288 1724 5346 n'am
1755 5311 1883 5347 cum
1908 5295 1964 5348 in

375 5357 772 5434 Galliisfuerit,
799 5368 856 5415 et
880 5357 1102 5432 quidem
1120 5363 1176 5414 in
1198 5363 1637 5433 Petragoricensi
1660 5366 1961 5434 provincia,

374 5428 509 5482 urbs
567 5432 778 5496 Vesana,
812 5428 926 5487 sive
969 5434 1224 5496 l’csonna,
1255 5428 1396 5487 sive'
1412 5437 1635 5498 Vesana,
1660 5428 1741 5488 'ut
1769 5453 1963 5490 omnes

375 5502 825 5623 geographorum
847 5504 948 5558 ﬁlii
967 5511 1302 5567 norunt,nec
1315 5505 1619 5576 quidquam
1638 5505 1860 5560 obstare
1881 5511 1961 5560 vi-

416 5577 579 5623 eatur
607 5575 905 5623 auominus
929 5575 997 5623 ad
1029 5576 1270 5623 virgines
1300 5577 1569 5623 Quasdam
1600 5575 1654 5623 in
1690 5577 1786 5623 illa
1821 5577 1960 5623 nan

416 5577 579 5626 eatur
607 5575 905 5648 quominus
929 5575 997 5629 ad
1029 5576 1270 5648 virgines
1300 5575 1570 5648 quasdam
1600 5575 1657 5629 in
1689 5577 1786 5630 illa
1821 5577 1960 5632 urbe

376 5640 642 5718 degentes
655 5644 940 5717 scripserit
961 5640 1467 5720 Paschasius-ejus
1503 5663 1708 5703 nomen
1730 5648 1961 5703 retineri

2044 4674 2258 4727 rarium
2288 4679 2375 4728 est
2403 4690 2652 4728 asserere
2673 4675 2742 4728 de
2761 4675 2984 4729 Christo
3005 4675 3151 4745 quod
3172 4675 3484 4730 secundum
3498 4692 3652 4730 com-

2045 4778 2274 4816 munem
2304 4762 2443 4832 legis
2467 4767 2727 4816 naturam
2759 4762 2832 4816 sit
2851 4769 3036 4824 natus,
3069 4763 3165 4832 qui
3189 4779 3302 4816 non
3333 4764 3649 4818 secundum

2045 4867 2210 4905 usum
2223 4857 2438 4905 natura:
2460 4851 2518 4904 in
2538 4857 2699 4905 utero
2719 4851 2789 4905 de
2814 4868 2983 4905 carne
3003 4851 3249 4921 Virginis
3272 4857 3360 4904 est
3381 4869 3650 4923 procrea-

2045 4941 2157 4995 tus.
2188 4941 2334 4994 Nam
2362 4946 2419 4993 et
2436 4939 2559 5010 ipsa
2583 4940 2671 4994 lex
2691 4946 2928 5007 naturai,
2951 4940 3055 4995 sub
3083 4956 3195 5012 qua
3205 4956 3359 4994 nunc
3381 4942 3652 4996 mulieres

2048 5098 2211 5152 posse
2235 5081 2597 5136 arbitramur.

2119 5153 2145 5191 δ
2166 5154 2320 5207 Nihil
2335 5156 2634 5206 recidivum
2648 5154 2729 5207 .In
2752 5154 2928 5208 altero
2950 5153 3314 5219 codice,m'hil
3328 5155 3643 5220 residuum,

2045 5240 2158 5276 non
2187 5224 2415 5277 omnino
2445 5225 2615 5278 male.
2643 5227 2794 5278 Infra
2823 5241 2982 5278 voces
3016 5241 3080 5277 ac
3103 5228 3153 5277 si
3181 5225 3508 5294 parenthesi
3549 5225 3646 5278 in-

2046 5295 2268 5348 cludere
2297 5295 2459 5349 libuit
2489 5315 2501 5361 ;
2538 5304 2708 5365 atque
2755 5295 2903 5349 idem
2933 5295 3058 5349 aliis
3088 5295 3304 5348 duobus
3335 5296 3475 5348 locis
3517 5296 3646 5350 feci-

2047 5383 2192 5430 mus,
2215 5366 2361 5435 quod
2383 5383 2510 5419 cum
2531 5383 2755 5420 sensum
2769 5366 3296 5428 turbarent,addita3
3317 5367 3648 5420 viderentur

2047 5453 2080 5488 a
2109 5436 2358 5503 librario,
2391 5453 2455 5490 ac
2512 5454 2542 5490 e
2570 5454 2777 5508 genere
2801 5437 2904 5508 illo"
2928 5454 3049 5490 esse
3079 5445 3362 5500 notarum,
3399 5454 3643 5507 quarum

2047 5523 2210 5560 usum
2246 5524 2394 5561 nunc
2415 5509 2580 5578 pauci
2601 5513 2826 5562 norunt.
2861 5507 2947 5562 Ne
2971 5524 3099 5562 vero
3130 5508 3502 5578 parentheses
3533 5509 3642 5562 illae

2043 5578 2286 5648 aliquem
2316 5579 2594 5645 fallerent,
2627 5579 2798 5634 etiam
2826 5579 3120 5633 asteriscos
3148 5578 3477 5646 adiecimus.
