  <div class='ocr_page' id='page_1' title='image "/cluster/home/n/w/nwhite01/storage/ocr_20150623/120/hvd.32044054759824/690.png"; bbox 0 0 3992 6166; ppageno 0'>
   <div class='ocr_carea' id='block_1_1' title="bbox 244 293 381 352">
    <p class='ocr_par' dir='ltr' id='par_1_1' title="bbox 244 293 381 352">
     <span class='ocr_line' id='line_1_1' title="bbox 244 293 381 352; baseline 0 -2"><span class='ocrx_word' id='word_1_1' title='bbox 244 293 381 352; x_wconf 81' lang='grc'>1369</span> 
     </span>
    </p>
   </div>
   <div class='ocr_carea' id='block_1_2' title="bbox 1321 307 2446 371">
    <p class='ocr_par' dir='ltr' id='par_1_2' title="bbox 1321 307 2446 371">
     <span class='ocr_line' id='line_1_2' title="bbox 1321 307 2446 371; baseline 0.009 -10"><span class='ocrx_word' id='word_1_2' title='bbox 1321 307 1413 363; x_wconf 91' lang='lat' dir='ltr'><strong>DE</strong></span> <span class='ocrx_word' id='word_1_3' title='bbox 1451 309 2070 370; x_wconf 77' lang='lat' dir='ltr'>PARTU~VIRGINIS.</span> <span class='ocrx_word' id='word_1_4' title='bbox 2116 346 2179 355; x_wconf 89' lang='lat'><strong>-</strong></span> <span class='ocrx_word' id='word_1_5' title='bbox 2221 315 2358 371; x_wconf 89' lang='lat' dir='ltr'>LIB.</span> <span class='ocrx_word' id='word_1_6' title='bbox 2400 317 2446 371; x_wconf 93' lang='grc' dir='ltr'>Ι.</span> 
     </span>
    </p>
   </div>
   <div class='ocr_carea' id='block_1_3' title="bbox 2481 259 2503 281">
    <p class='ocr_par' dir='ltr' id='par_1_3' title="bbox 2481 259 2503 281">
     <span class='ocr_line' id='line_1_3' title="bbox 2481 259 2503 281; baseline 0 0"><span class='ocrx_word' id='word_1_7' title='bbox 2481 259 2503 281; x_wconf 75' lang='lat'><em>\</em></span> 
     </span>
    </p>
   </div>
   <div class='ocr_carea' id='block_1_4' title="bbox 3377 317 3514 376">
    <p class='ocr_par' dir='ltr' id='par_1_4' title="bbox 3377 317 3514 376">
     <span class='ocr_line' id='line_1_4' title="bbox 3377 317 3514 376; baseline 0 0"><span class='ocrx_word' id='word_1_8' title='bbox 3377 317 3514 376; x_wconf 88' lang='grc'>1370</span> 
     </span>
    </p>
   </div>
   <div class='ocr_carea' id='block_1_5' title="bbox 238 417 3520 514">
    <p class='ocr_par' dir='ltr' id='par_1_5' title="bbox 238 417 3520 514">
     <span class='ocr_line' id='line_1_5' title="bbox 238 417 3520 514; baseline 0.008 -43"><span class='ocrx_word' id='word_1_9' title='bbox 238 417 566 514; x_wconf 81' lang='lat' dir='ltr'>concipiunt</span> <span class='ocrx_word' id='word_1_10' title='bbox 594 424 651 514; x_wconf 76' lang='lat' dir='ltr'>et</span> <span class='ocrx_word' id='word_1_11' title='bbox 673 421 920 514; x_wconf 82' lang='lat' dir='ltr'>pariunt,</span> <span class='ocrx_word' id='word_1_12' title='bbox 945 431 1008 479; x_wconf 89' lang='lat' dir='ltr'>ut</span> <span class='ocrx_word' id='word_1_13' title='bbox 1033 426 1113 482; x_wconf 87' lang='lat' dir='ltr'>ita</span> <span class='ocrx_word' id='word_1_14' title='bbox 1131 430 1334 499; x_wconf 89' lang='lat' dir='ltr'>dicam,</span> <span class='ocrx_word' id='word_1_15' title='bbox 1355 451 1480 489; x_wconf 91' lang='lat' dir='ltr'>vere</span> <span class='ocrx_word' id='word_1_16' title='bbox 1505 454 1616 492; x_wconf 91' lang='lat' dir='ltr'>non</span> <span class='ocrx_word' id='word_1_17' title='bbox 1647 445 1732 494; x_wconf 89' lang='lat' dir='ltr'>est</span> <span class='ocrx_word' id='word_1_18' title='bbox 1748 440 1833 494; x_wconf 86' lang='lat' dir='ltr'>lex</span> <span class='ocrx_word' id='word_1_19' title='bbox 1857 445 2115 514; x_wconf 82' lang='lat' dir='ltr'>Aceptus</span> <span class='ocrx_word' id='word_1_20' title='bbox 2143 448 2229 497; x_wconf 92' lang='lat' dir='ltr'>est</span> <span class='ocrx_word' id='word_1_21' title='bbox 2255 459 2359 496; x_wconf 90' lang='lat' dir='ltr'>nec</span> <span class='ocrx_word' id='word_1_22' title='bbox 2389 443 2600 496; x_wconf 83' lang='lat' dir='ltr'>natus?</span> <span class='ocrx_word' id='word_1_23' title='bbox 2624 443 2692 497; x_wconf 82' lang='lat' dir='ltr'>Et</span> <span class='ocrx_word' id='word_1_24' title='bbox 2729 443 2855 497; x_wconf 91' lang='lat' dir='ltr'>ideo</span> <span class='ocrx_word' id='word_1_25' title='bbox 2900 443 3048 498; x_wconf 83' lang='lat' dir='ltr'>sicut</span> <span class='ocrx_word' id='word_1_26' title='bbox 3075 443 3277 498; x_wconf 85' lang='lat' dir='ltr'>clausis</span> <span class='ocrx_word' id='word_1_27' title='bbox 3299 445 3520 499; x_wconf 89' lang='lat' dir='ltr'>visceri-</span> 
     </span>
    </p>
   </div>
   <div class='ocr_carea' id='block_1_6' title="bbox 239 510 1828 600">
    <p class='ocr_par' dir='ltr' id='par_1_6' title="bbox 239 510 1828 600">
     <span class='ocr_line' id='line_1_6' title="bbox 239 510 1828 600; baseline 0.016 -41"><span class='ocrx_word' id='word_1_28' title='bbox 239 512 460 600; x_wconf 77' lang='lat' dir='ltr'>natura</span> <span class='ocrx_word' id='word_1_29' title='bbox 490 510 922 600; x_wconf 87' lang='lat' dir='ltr'>quodammodo,</span> <span class='ocrx_word' id='word_1_30' title='bbox 954 517 1052 570; x_wconf 91' lang='lat' dir='ltr'>sed</span> <span class='ocrx_word' id='word_1_31' title='bbox 1102 520 1510 579; x_wconf 90' lang='lat' dir='ltr'>maledictionis</span> <span class='ocrx_word' id='word_1_32' title='bbox 1539 532 1596 580; x_wconf 88' lang='lat' dir='ltr'>et</span> <span class='ocrx_word' id='word_1_33' title='bbox 1622 529 1828 600; x_wconf 82' lang='lat' dir='ltr'>culpa;</span> 
     </span>
    </p>
   </div>
   <div class='ocr_carea' id='block_1_7' title="bbox 242 597 1847 683">
    <p class='ocr_par' dir='ltr' id='par_1_7' title="bbox 242 597 1847 683">
     <span class='ocr_line' id='line_1_7' title="bbox 242 597 1847 683; baseline 0.014 -34"><span class='ocrx_word' id='word_1_34' title='bbox 242 597 531 668; x_wconf 89' lang='lat' dir='ltr'>quoniam,</span> <span class='ocrx_word' id='word_1_35' title='bbox 556 598 662 652; x_wconf 87' lang='lat' dir='ltr'>nisi</span> <span class='ocrx_word' id='word_1_36' title='bbox 691 601 871 654; x_wconf 85' lang='lat' dir='ltr'>Adam</span> <span class='ocrx_word' id='word_1_37' title='bbox 916 609 972 656; x_wconf 93' lang='lat' dir='ltr'>et</span> <span class='ocrx_word' id='word_1_38' title='bbox 1014 605 1126 660; x_wconf 87' lang='lat' dir='ltr'>Eva</span> <span class='ocrx_word' id='word_1_39' title='bbox 1169 610 1412 678; x_wconf 89' lang='lat' dir='ltr'>primum</span> <span class='ocrx_word' id='word_1_40' title='bbox 1445 597 1765 683; x_wconf 81' lang='lat' dir='ltr'>peccassent</span> <span class='ocrx_word' id='word_1_41' title='bbox 1790 618 1847 671; x_wconf 92' lang='lat' dir='ltr'>in</span> 
     </span>
    </p>
   </div>
   <div class='ocr_carea' id='block_1_8' title="bbox 239 686 1845 774">
    <p class='ocr_par' dir='ltr' id='par_1_8' title="bbox 239 686 1845 774">
     <span class='ocr_line' id='line_1_8' title="bbox 239 686 1845 774; baseline 0.014 -38"><span class='ocrx_word' id='word_1_42' title='bbox 239 686 525 756; x_wconf 85' lang='lat' dir='ltr'>paradiso,</span> <span class='ocrx_word' id='word_1_43' title='bbox 551 703 717 740; x_wconf 90' lang='lat' dir='ltr'>nemo</span> <span class='ocrx_word' id='word_1_44' title='bbox 747 689 1008 762; x_wconf 88' lang='lat' dir='ltr'>deinceps</span> <span class='ocrx_word' id='word_1_45' title='bbox 1036 703 1360 752; x_wconf 90' lang='lat' dir='ltr'>nasceretur</span> <span class='ocrx_word' id='word_1_46' title='bbox 1387 701 1488 754; x_wconf 91' lang='lat' dir='ltr'>sub</span> <span class='ocrx_word' id='word_1_47' title='bbox 1515 704 1677 772; x_wconf 88' lang='lat' dir='ltr'>culpa</span> <span class='ocrx_word' id='word_1_48' title='bbox 1716 722 1845 774; x_wconf 84' lang='lat' dir='ltr'>pec-</span> 
     </span>
    </p>
   </div>
   <div class='ocr_carea' id='block_1_9' title="bbox 241 775 1846 847">
    <p class='ocr_par' dir='ltr' id='par_1_9' title="bbox 241 775 1846 847">
     <span class='ocr_line' id='line_1_9' title="bbox 241 775 1846 847; baseline 0.014 -22"><span class='ocrx_word' id='word_1_49' title='bbox 241 775 374 827; x_wconf 80' lang='lat' dir='ltr'>cati.</span> <span class='ocrx_word' id='word_1_50' title='bbox 407 775 473 828; x_wconf 85' lang='lat' dir='ltr'>Et</span> <span class='ocrx_word' id='word_1_51' title='bbox 501 775 628 829; x_wconf 90' lang='lat' dir='ltr'>ideo</span> <span class='ocrx_word' id='word_1_52' title='bbox 659 777 766 830; x_wconf 91' lang='lat' dir='ltr'>ista</span> <span class='ocrx_word' id='word_1_53' title='bbox 786 783 1098 836; x_wconf 89' lang='lat' dir='ltr'>communis</span> <span class='ocrx_word' id='word_1_54' title='bbox 1128 785 1214 838; x_wconf 85' lang='lat' dir='ltr'>lex</span> <span class='ocrx_word' id='word_1_55' title='bbox 1241 790 1503 842; x_wconf 90' lang='lat' dir='ltr'>nascendi</span> <span class='ocrx_word' id='word_1_56' title='bbox 1535 808 1645 844; x_wconf 90' lang='lat' dir='ltr'>non</span> <span class='ocrx_word' id='word_1_57' title='bbox 1678 799 1846 847; x_wconf 88' lang='lat' dir='ltr'>natu-</span> 
     </span>
    </p>
   </div>
   <div class='ocr_carea' id='block_1_10' title="bbox 240 863 1847 952">
    <p class='ocr_par' dir='ltr' id='par_1_10' title="bbox 240 863 1847 952">
     <span class='ocr_line' id='line_1_10' title="bbox 240 863 1847 952; baseline 0.014 -39"><span class='ocrx_word' id='word_1_58' title='bbox 240 878 320 916; x_wconf 81' lang='lat' dir='ltr'>ra</span> <span class='ocrx_word' id='word_1_59' title='bbox 345 869 449 924; x_wconf 91' lang='lat' dir='ltr'>est,</span> <span class='ocrx_word' id='word_1_60' title='bbox 484 863 582 917; x_wconf 91' lang='lat' dir='ltr'>sed</span> <span class='ocrx_word' id='word_1_61' title='bbox 613 867 986 938; x_wconf 83' lang='lat' dir='ltr'>corruptionis</span> <span class='ocrx_word' id='word_1_62' title='bbox 1018 877 1076 924; x_wconf 93' lang='lat' dir='ltr'>et</span> <span class='ocrx_word' id='word_1_63' title='bbox 1106 873 1242 927; x_wconf 87' lang='lat' dir='ltr'>vitii.</span> <span class='ocrx_word' id='word_1_64' title='bbox 1279 877 1448 930; x_wconf 77' lang='lat' dir='ltr'>Maria</span> <span class='ocrx_word' id='word_1_65' title='bbox 1469 884 1680 946; x_wconf 89' lang='lat' dir='ltr'>autem,</span> <span class='ocrx_word' id='word_1_66' title='bbox 1714 883 1847 952; x_wconf 86' lang='lat' dir='ltr'>quia</span> 
     </span>
    </p>
   </div>
   <div class='ocr_carea' id='block_1_11' title="bbox 242 950 1847 1040">
    <p class='ocr_par' dir='ltr' id='par_1_11' title="bbox 242 950 1847 1040">
     <span class='ocr_line' id='line_1_11' title="bbox 242 950 1847 1040; baseline 0.014 -37"><span class='ocrx_word' id='word_1_67' title='bbox 242 950 540 1006; x_wconf 83' lang='lat' dir='ltr'>benedicta</span> <span class='ocrx_word' id='word_1_68' title='bbox 568 954 791 1025; x_wconf 86' lang='lat' dir='ltr'>culpam</span> <span class='ocrx_word' id='word_1_69' title='bbox 813 960 1184 1029; x_wconf 81' lang='lat' dir='ltr'>corruptionis</span> <span class='ocrx_word' id='word_1_70' title='bbox 1213 980 1326 1018; x_wconf 91' lang='lat' dir='ltr'>non</span> <span class='ocrx_word' id='word_1_71' title='bbox 1356 966 1571 1035; x_wconf 86' lang='lat' dir='ltr'>habuit,</span> <span class='ocrx_word' id='word_1_72' title='bbox 1597 950 1847 1040; x_wconf 78' lang='lat' dir='ltr'>propter-</span> 
     </span>
    </p>
   </div>
   <div class='ocr_carea' id='block_1_12' title="bbox 243 1040 1846 1130">
    <p class='ocr_par' dir='ltr' id='par_1_12' title="bbox 243 1040 1846 1130">
     <span class='ocr_line' id='line_1_12' title="bbox 243 1040 1846 1130; baseline 0.014 -38"><span class='ocrx_word' id='word_1_73' title='bbox 243 1056 312 1093; x_wconf 90' lang='lat' dir='ltr'>ea</span> <span class='ocrx_word' id='word_1_74' title='bbox 339 1040 626 1095; x_wconf 82' lang='lat' dir='ltr'>Christum</span> <span class='ocrx_word' id='word_1_75' title='bbox 654 1059 766 1097; x_wconf 87' lang='lat' dir='ltr'>non</span> <span class='ocrx_word' id='word_1_76' title='bbox 797 1044 854 1098; x_wconf 90' lang='lat' dir='ltr'>in</span> <span class='ocrx_word' id='word_1_77' title='bbox 884 1045 1075 1102; x_wconf 92' lang='lat' dir='ltr'>dolore</span> <span class='ocrx_word' id='word_1_78' title='bbox 1113 1066 1294 1122; x_wconf 90' lang='lat' dir='ltr'>neque</span> <span class='ocrx_word' id='word_1_79' title='bbox 1339 1055 1443 1109; x_wconf 86' lang='lat' dir='ltr'>sub</span> <span class='ocrx_word' id='word_1_80' title='bbox 1489 1059 1846 1130; x_wconf 83' lang='lat' dir='ltr'>corruptione</span> 
     </span>
    </p>
   </div>
   <div class='ocr_carea' id='block_1_13' title="bbox 237 1129 1847 1208">
    <p class='ocr_par' dir='ltr' id='par_1_13' title="bbox 237 1129 1847 1208">
     <span class='ocr_line' id='line_1_13' title="bbox 237 1129 1847 1208; baseline 0.016 -28"><span class='ocrx_word' id='word_1_81' title='bbox 237 1129 462 1198; x_wconf 85' lang='lat' dir='ltr'>genuit.</span> <span class='ocrx_word' id='word_1_82' title='bbox 499 1130 659 1193; x_wconf 87' lang='lat' dir='ltr'>Quod</span> <span class='ocrx_word' id='word_1_83' title='bbox 689 1132 736 1184; x_wconf 91' lang='lat' dir='ltr'>si</span> <span class='ocrx_word' id='word_1_84' title='bbox 766 1150 830 1186; x_wconf 84' lang='lat' dir='ltr'>ex</span> <span class='ocrx_word' id='word_1_85' title='bbox 856 1138 1213 1208; x_wconf 89' lang='lat' dir='ltr'>corruptione</span> <span class='ocrx_word' id='word_1_86' title='bbox 1243 1147 1342 1196; x_wconf 87' lang='lat' dir='ltr'>aut</span> <span class='ocrx_word' id='word_1_87' title='bbox 1371 1161 1498 1199; x_wconf 93' lang='lat' dir='ltr'>cum</span> <span class='ocrx_word' id='word_1_88' title='bbox 1524 1129 1716 1202; x_wconf 85' lang='lat' dir='ltr'>dolore</span> <span class='ocrx_word' id='word_1_89' title='bbox 1746 1166 1847 1203; x_wconf 89' lang='lat' dir='ltr'>na-</span> 
     </span>
    </p>
   </div>
   <div class='ocr_carea' id='block_1_14' title="bbox 239 1219 1848 1292">
    <p class='ocr_par' dir='ltr' id='par_1_14' title="bbox 239 1219 1848 1292">
     <span class='ocr_line' id='line_1_14' title="bbox 239 1219 1848 1292; baseline 0.014 -22"><span class='ocrx_word' id='word_1_90' title='bbox 239 1224 333 1271; x_wconf 91' lang='lat' dir='ltr'>tus</span> <span class='ocrx_word' id='word_1_91' title='bbox 363 1225 450 1272; x_wconf 90' lang='lat' dir='ltr'>est</span> <span class='ocrx_word' id='word_1_92' title='bbox 483 1219 757 1285; x_wconf 90' lang='lat' dir='ltr'>Christus,</span> <span class='ocrx_word' id='word_1_93' title='bbox 786 1223 906 1291; x_wconf 86' lang='lat' dir='ltr'>jam</span> <span class='ocrx_word' id='word_1_94' title='bbox 939 1241 1003 1278; x_wconf 87' lang='lat' dir='ltr'>ex</span> <span class='ocrx_word' id='word_1_95' title='bbox 1063 1229 1357 1284; x_wconf 89' lang='lat' dir='ltr'>maledicto</span> <span class='ocrx_word' id='word_1_96' title='bbox 1413 1241 1579 1290; x_wconf 90' lang='lat' dir='ltr'>natus</span> <span class='ocrx_word' id='word_1_97' title='bbox 1641 1243 1743 1291; x_wconf 90' lang='lat' dir='ltr'>est.</span> <span class='ocrx_word' id='word_1_98' title='bbox 1768 1239 1848 1292; x_wconf 92' lang='lat' dir='ltr'>De</span> 
     </span>
    </p>
   </div>
   <div class='ocr_carea' id='block_1_15' title="bbox 239 1307 1845 1389">
    <p class='ocr_par' dir='ltr' id='par_1_15' title="bbox 239 1307 1845 1389">
     <span class='ocr_line' id='line_1_15' title="bbox 239 1307 1845 1389; baseline 0.014 -32"><span class='ocrx_word' id='word_1_99' title='bbox 239 1323 354 1378; x_wconf 92' lang='lat' dir='ltr'>quo</span> <span class='ocrx_word' id='word_1_100' title='bbox 387 1307 685 1362; x_wconf 89' lang='lat' dir='ltr'>maledicto</span> <span class='ocrx_word' id='word_1_101' title='bbox 715 1310 947 1366; x_wconf 89' lang='lat' dir='ltr'>Genesis</span> <span class='ocrx_word' id='word_1_102' title='bbox 975 1319 1218 1370; x_wconf 81' lang='lat' dir='ltr'>testatur</span> <span class='ocrx_word' id='word_1_103' title='bbox 1243 1320 1390 1389; x_wconf 91' lang='lat' dir='ltr'>quod</span> <span class='ocrx_word' id='word_1_104' title='bbox 1420 1321 1624 1377; x_wconf 87' lang='lat' dir='ltr'>dixerit</span> <span class='ocrx_word' id='word_1_105' title='bbox 1652 1326 1845 1379; x_wconf 93' lang='lat' dir='ltr'>Domi-</span> 
     </span>
    </p>
   </div>
   <div class='ocr_carea' id='block_1_16' title="bbox 239 1396 1843 1478">
    <p class='ocr_par' dir='ltr' id='par_1_16' title="bbox 239 1396 1843 1478">
     <span class='ocr_line' id='line_1_16' title="bbox 239 1396 1843 1478; baseline 0.013 -29"><span class='ocrx_word' id='word_1_106' title='bbox 239 1411 348 1450; x_wconf 91' lang='lat' dir='ltr'>nus</span> <span class='ocrx_word' id='word_1_107' title='bbox 382 1396 505 1450; x_wconf 87' lang='lat' dir='ltr'>Eva</span> <span class='ocrx_word' id='word_1_108' title='bbox 533 1415 544 1449; x_wconf 88' lang='lat'><strong>:</strong></span> <span class='ocrx_word' id='word_1_109' title='bbox 580 1399 980 1467; x_wconf 66' lang='lat' dir='ltr'>.ilultzplz&#39;cans,</span> <span class='ocrx_word' id='word_1_110' title='bbox 1015 1403 1216 1476; x_wconf 90' lang='lat' dir='ltr'>inquit,</span> <span class='ocrx_word' id='word_1_111' title='bbox 1235 1413 1614 1478; x_wconf 76' lang='lat' dir='ltr'>multiplicabo</span> <span class='ocrx_word' id='word_1_112' title='bbox 1635 1415 1843 1470; x_wconf 76' lang='lat' dir='ltr'>dolores</span> 
     </span>
    </p>
   </div>
   <div class='ocr_carea' id='block_1_17' title="bbox 243 1489 1841 1572">
    <p class='ocr_par' dir='ltr' id='par_1_17' title="bbox 243 1489 1841 1572">
     <span class='ocr_line' id='line_1_17' title="bbox 243 1489 1841 1572; baseline 0.014 -36"><span class='ocrx_word' id='word_1_113' title='bbox 243 1489 363 1538; x_wconf 75' lang='lat' dir='ltr'>tuo:</span> <span class='ocrx_word' id='word_1_114' title='bbox 385 1489 434 1537; x_wconf 81' lang='lat' dir='ltr'>et</span> <span class='ocrx_word' id='word_1_115' title='bbox 453 1492 745 1554; x_wconf 80' lang='lat' dir='ltr'>conceptus</span> <span class='ocrx_word' id='word_1_116' title='bbox 768 1493 887 1543; x_wconf 76' lang='lat' dir='ltr'>tuos</span> <span class='ocrx_word' id='word_1_117' title='bbox 905 1491 1056 1556; x_wconf 84' lang='lat' dir='ltr'>(Gen.</span> <span class='ocrx_word' id='word_1_118' title='bbox 1081 1508 1161 1559; x_wconf 82' lang='lat' dir='ltr'>IIl,</span> <span class='ocrx_word' id='word_1_119' title='bbox 1195 1496 1421 1563; x_wconf 79' lang='lat' dir='ltr'>l6).Pro</span> <span class='ocrx_word' id='word_1_120' title='bbox 1447 1517 1557 1570; x_wconf 93' lang='lat' dir='ltr'>quo</span> <span class='ocrx_word' id='word_1_121' title='bbox 1582 1502 1841 1572; x_wconf 80' lang='lat' dir='ltr'>Symma-</span> 
     </span>
    </p>
   </div>
   <div class='ocr_carea' id='block_1_18' title="bbox 241 1573 1843 1653">
    <p class='ocr_par' dir='ltr' id='par_1_18' title="bbox 241 1573 1843 1653">
     <span class='ocr_line' id='line_1_18' title="bbox 241 1573 1843 1653; baseline 0.012 -27"><span class='ocrx_word' id='word_1_122' title='bbox 241 1573 381 1628; x_wconf 89' lang='lat' dir='ltr'>chus</span> <span class='ocrx_word' id='word_1_123' title='bbox 407 1576 738 1643; x_wconf 74' lang='lat' dir='ltr'>af/lz&#39;ctz&#39;on-es</span> <span class='ocrx_word' id='word_1_124' title='bbox 771 1583 893 1631; x_wconf 80' lang='lat' dir='ltr'>tuas</span> <span class='ocrx_word' id='word_1_125' title='bbox 923 1579 1079 1634; x_wconf 85' lang='lat' dir='ltr'>dixit.</span> <span class='ocrx_word' id='word_1_126' title='bbox 1115 1583 1382 1653; x_wconf 85' lang='lat' dir='ltr'>Origenes</span> <span class='ocrx_word' id='word_1_127' title='bbox 1424 1605 1553 1642; x_wconf 92' lang='lat' dir='ltr'>vero</span> <span class='ocrx_word' id='word_1_128' title='bbox 1583 1595 1639 1643; x_wconf 93' lang='lat' dir='ltr'>et</span> <span class='ocrx_word' id='word_1_129' title='bbox 1667 1591 1843 1645; x_wconf 90' lang='lat' dir='ltr'>Theo-</span> 
     </span>
    </p>
   </div>
   <div class='ocr_carea' id='block_1_19' title="bbox 242 1660 1843 1739">
    <p class='ocr_par' dir='ltr' id='par_1_19' title="bbox 242 1660 1843 1739">
     <span class='ocr_line' id='line_1_19' title="bbox 242 1660 1843 1739; baseline 0.013 -26"><span class='ocrx_word' id='word_1_130' title='bbox 242 1660 439 1716; x_wconf 87' lang='lat' dir='ltr'>dotion</span> <span class='ocrx_word' id='word_1_131' title='bbox 469 1679 684 1717; x_wconf 88' lang='lat' dir='ltr'>necnon</span> <span class='ocrx_word' id='word_1_132' title='bbox 741 1671 796 1719; x_wconf 93' lang='lat' dir='ltr'>et</span> <span class='ocrx_word' id='word_1_133' title='bbox 825 1667 1212 1739; x_wconf 84' lang='lat' dir='ltr'>Septuaginta,</span> <span class='ocrx_word' id='word_1_134' title='bbox 1247 1677 1507 1729; x_wconf 71' lang='lat' dir='ltr'>tristitiae</span> <span class='ocrx_word' id='word_1_135' title='bbox 1539 1684 1663 1732; x_wconf 80' lang='lat' dir='ltr'>tuas</span> <span class='ocrx_word' id='word_1_136' title='bbox 1693 1679 1843 1734; x_wconf 87' lang='lat' dir='ltr'>dixe-</span> 
     </span>
    </p>
   </div>
   <div class='ocr_carea' id='block_1_20' title="bbox 1931 531 3517 602">
    <p class='ocr_par' dir='ltr' id='par_1_20' title="bbox 1931 531 3517 602">
     <span class='ocr_line' id='line_1_20' title="bbox 1931 531 3517 602; baseline 0.003 -18"><span class='ocrx_word' id='word_1_137' title='bbox 1931 531 2034 585; x_wconf 90' lang='lat' dir='ltr'>bus</span> <span class='ocrx_word' id='word_1_138' title='bbox 2058 533 2186 601; x_wconf 87' lang='lat' dir='ltr'>jure</span> <span class='ocrx_word' id='word_1_139' title='bbox 2212 532 2461 585; x_wconf 86' lang='lat' dir='ltr'>creditur</span> <span class='ocrx_word' id='word_1_140' title='bbox 2488 538 2807 602; x_wconf 89' lang='lat' dir='ltr'>conceptus,</span> <span class='ocrx_word' id='word_1_141' title='bbox 2847 533 2926 587; x_wconf 90' lang='lat' dir='ltr'>ita</span> <span class='ocrx_word' id='word_1_142' title='bbox 2973 533 3199 587; x_wconf 89' lang='lat' dir='ltr'>omnino</span> <span class='ocrx_word' id='word_1_143' title='bbox 3247 539 3304 587; x_wconf 89' lang='lat' dir='ltr'>et</span> <span class='ocrx_word' id='word_1_144' title='bbox 3329 534 3517 588; x_wconf 90' lang='lat' dir='ltr'>clauso</span> 
     </span>
    </p>
   </div>
   <div class='ocr_carea' id='block_1_21' title="bbox 1928 620 3521 676">
    <p class='ocr_par' dir='ltr' id='par_1_21' title="bbox 1928 620 3521 676">
     <span class='ocr_line' id='line_1_21' title="bbox 1928 620 3521 676; baseline 0.001 -2"><span class='ocrx_word' id='word_1_145' title='bbox 1928 628 2088 675; x_wconf 88' lang='lat' dir='ltr'>utero</span> <span class='ocrx_word' id='word_1_146' title='bbox 2118 627 2302 676; x_wconf 89' lang='lat' dir='ltr'>natus.</span> <span class='ocrx_word' id='word_1_147' title='bbox 2330 622 2446 674; x_wconf 88' lang='lat' dir='ltr'>Nec</span> <span class='ocrx_word' id='word_1_148' title='bbox 2491 620 2639 674; x_wconf 90' lang='lat' dir='ltr'>enim</span> <span class='ocrx_word' id='word_1_149' title='bbox 2687 621 2768 674; x_wconf 91' lang='lat' dir='ltr'>illi</span> <span class='ocrx_word' id='word_1_150' title='bbox 2797 622 3033 675; x_wconf 90' lang='lat' dir='ltr'>accessit</span> <span class='ocrx_word' id='word_1_151' title='bbox 3069 623 3137 676; x_wconf 92' lang='lat' dir='ltr'>de</span> <span class='ocrx_word' id='word_1_152' title='bbox 3167 622 3394 675; x_wconf 90' lang='lat' dir='ltr'>homine</span> <span class='ocrx_word' id='word_1_153' title='bbox 3420 623 3521 676; x_wconf 84' lang='lat' dir='ltr'>im-</span> 
     </span>
    </p>
   </div>
   <div class='ocr_carea' id='block_1_22' title="bbox 1930 710 3518 780">
    <p class='ocr_par' dir='ltr' id='par_1_22' title="bbox 1930 710 3518 780">
     <span class='ocr_line' id='line_1_22' title="bbox 1930 710 3518 780; baseline 0.001 -18"><span class='ocrx_word' id='word_1_154' title='bbox 1930 711 2181 779; x_wconf 84' lang='lat' dir='ltr'>potentia</span> <span class='ocrx_word' id='word_1_155' title='bbox 2211 710 2490 780; x_wconf 92' lang='lat' dir='ltr'>quomodo</span> <span class='ocrx_word' id='word_1_156' title='bbox 2514 716 2840 764; x_wconf 81' lang='lat' dir='ltr'>nasceretur</span> <span class='ocrx_word' id='word_1_157' title='bbox 2868 727 2933 764; x_wconf 87' lang='lat' dir='ltr'>ex</span> <span class='ocrx_word' id='word_1_158' title='bbox 2961 711 3196 780; x_wconf 83' lang='lat' dir='ltr'>virgine,</span> <span class='ocrx_word' id='word_1_159' title='bbox 3241 711 3518 777; x_wconf 32' lang='lat' dir='ltr'>sicut‘nec</span> 
     </span>
    </p>
   </div>
   <div class='ocr_carea' id='block_1_23' title="bbox 1928 795 3516 866">
    <p class='ocr_par' dir='ltr' id='par_1_23' title="bbox 1928 795 3516 866">
     <span class='ocr_line' id='line_1_23' title="bbox 1928 795 3516 866; baseline 0.003 -17"><span class='ocrx_word' id='word_1_160' title='bbox 1928 795 2228 866; x_wconf 87' lang='lat' dir='ltr'>aliquando</span> <span class='ocrx_word' id='word_1_161' title='bbox 2251 798 2302 850; x_wconf 92' lang='lat' dir='ltr'>ei</span> <span class='ocrx_word' id='word_1_162' title='bbox 2316 797 2546 850; x_wconf 87' lang='lat' dir='ltr'>accessit</span> <span class='ocrx_word' id='word_1_163' title='bbox 2566 814 2635 850; x_wconf 91' lang='lat' dir='ltr'>ne</span> <span class='ocrx_word' id='word_1_164' title='bbox 2659 804 2807 851; x_wconf 89' lang='lat' dir='ltr'>esset</span> <span class='ocrx_word' id='word_1_165' title='bbox 2825 799 2972 851; x_wconf 84' lang='lat' dir='ltr'>Deus</span> <span class='ocrx_word' id='word_1_166' title='bbox 2993 806 3050 851; x_wconf 90' lang='lat' dir='ltr'>et</span> <span class='ocrx_word' id='word_1_167' title='bbox 3064 814 3208 851; x_wconf 91' lang='lat' dir='ltr'>unus</span> <span class='ocrx_word' id='word_1_168' title='bbox 3239 799 3516 862; x_wconf 89' lang='lat' dir='ltr'>Christus,</span> 
     </span>
    </p>
   </div>
   <div class='ocr_carea' id='block_1_24' title="bbox 1929 886 3514 956">
    <p class='ocr_par' dir='ltr' id='par_1_24' title="bbox 1929 886 3514 956">
     <span class='ocr_line' id='line_1_24' title="bbox 1929 886 3514 956; baseline 0.001 -17"><span class='ocrx_word' id='word_1_169' title='bbox 1929 887 2024 956; x_wconf 88' lang='lat' dir='ltr'>qui</span> <span class='ocrx_word' id='word_1_170' title='bbox 2055 886 2231 939; x_wconf 90' lang='lat' dir='ltr'>voluit</span> <span class='ocrx_word' id='word_1_171' title='bbox 2249 886 2328 939; x_wconf 90' lang='lat' dir='ltr'>sic</span> <span class='ocrx_word' id='word_1_172' title='bbox 2359 887 2510 939; x_wconf 88' lang='lat' dir='ltr'>nasci</span> <span class='ocrx_word' id='word_1_173' title='bbox 2553 887 2611 938; x_wconf 87' lang='lat' dir='ltr'>in</span> <span class='ocrx_word' id='word_1_174' title='bbox 2642 886 2859 939; x_wconf 84' lang='lat' dir='ltr'>unitate</span> <span class='ocrx_word' id='word_1_175' title='bbox 2892 886 3006 939; x_wconf 92' lang='lat' dir='ltr'>veri</span> <span class='ocrx_word' id='word_1_176' title='bbox 3038 887 3138 939; x_wconf 90' lang='lat' dir='ltr'>Dei</span> <span class='ocrx_word' id='word_1_177' title='bbox 3169 892 3226 939; x_wconf 92' lang='lat' dir='ltr'>et</span> <span class='ocrx_word' id='word_1_178' title='bbox 3257 887 3514 954; x_wconf 86' lang='lat' dir='ltr'>hominis,</span> 
     </span>
    </p>
   </div>
   <div class='ocr_carea' id='block_1_25' title="bbox 1927 974 3522 1044">
    <p class='ocr_par' dir='ltr' id='par_1_25' title="bbox 1927 974 3522 1044">
     <span class='ocr_line' id='line_1_25' title="bbox 1927 974 3522 1044; baseline 0.001 -17"><span class='ocrx_word' id='word_1_179' title='bbox 1927 981 1992 1028; x_wconf 92' lang='lat' dir='ltr'>ut</span> <span class='ocrx_word' id='word_1_180' title='bbox 2013 980 2158 1028; x_wconf 80' lang='lat' dir='ltr'>esset</span> <span class='ocrx_word' id='word_1_181' title='bbox 2181 979 2363 1028; x_wconf 89' lang='lat' dir='ltr'>totum</span> <span class='ocrx_word' id='word_1_182' title='bbox 2419 975 2624 1028; x_wconf 81' lang='lat' dir='ltr'>veritas</span> <span class='ocrx_word' id='word_1_183' title='bbox 2676 975 2823 1044; x_wconf 90' lang='lat' dir='ltr'>quod</span> <span class='ocrx_word' id='word_1_184' title='bbox 2880 974 3231 1039; x_wconf 89' lang='lat' dir='ltr'>nascebatur,</span> <span class='ocrx_word' id='word_1_185' title='bbox 3261 981 3318 1028; x_wconf 87' lang='lat' dir='ltr'>et</span> <span class='ocrx_word' id='word_1_186' title='bbox 3375 985 3522 1030; x_wconf 83' lang='lat' dir='ltr'>esset</span> 
     </span>
    </p>
   </div>
   <div class='ocr_carea' id='block_1_26' title="bbox 1929 1063 3519 1134">
    <p class='ocr_par' dir='ltr' id='par_1_26' title="bbox 1929 1063 3519 1134">
     <span class='ocr_line' id='line_1_26' title="bbox 1929 1063 3519 1134; baseline 0.001 -18"><span class='ocrx_word' id='word_1_187' title='bbox 1929 1063 2208 1116; x_wconf 75' lang='lat' dir='ltr'>incll&#39;ahile</span> <span class='ocrx_word' id='word_1_188' title='bbox 2232 1068 2399 1133; x_wconf 84' lang='lat' dir='ltr'>prout</span> <span class='ocrx_word' id='word_1_189' title='bbox 2418 1063 2770 1128; x_wconf 87' lang='lat' dir='ltr'>nascebatur,</span> <span class='ocrx_word' id='word_1_190' title='bbox 2805 1069 2973 1134; x_wconf 91' lang='lat' dir='ltr'>atque</span> <span class='ocrx_word' id='word_1_191' title='bbox 3015 1069 3196 1117; x_wconf 90' lang='lat' dir='ltr'>totum</span> <span class='ocrx_word' id='word_1_192' title='bbox 3255 1063 3519 1117; x_wconf 91' lang='lat' dir='ltr'>credibile</span> 
     </span>
    </p>
   </div>
   <div class='ocr_carea' id='block_1_27' title="bbox 1932 1151 3522 1223">
    <p class='ocr_par' dir='ltr' id='par_1_27' title="bbox 1932 1151 3522 1223">
     <span class='ocr_line' id='line_1_27' title="bbox 1932 1151 3522 1223; baseline 0.001 -18"><span class='ocrx_word' id='word_1_193' title='bbox 1932 1153 2076 1222; x_wconf 92' lang='lat' dir='ltr'>quod</span> <span class='ocrx_word' id='word_1_194' title='bbox 2114 1169 2178 1205; x_wconf 84' lang='lat' dir='ltr'>ex</span> <span class='ocrx_word' id='word_1_195' title='bbox 2211 1153 2421 1221; x_wconf 81' lang='lat' dir='ltr'>virgine</span> <span class='ocrx_word' id='word_1_196' title='bbox 2450 1151 2786 1206; x_wconf 89' lang='lat' dir='ltr'>nascebatur</span> <span class='ocrx_word' id='word_1_197' title='bbox 2814 1152 2933 1206; x_wconf 90' lang='lat' dir='ltr'>sine</span> <span class='ocrx_word' id='word_1_198' title='bbox 2953 1153 3262 1207; x_wconf 88' lang='lat' dir='ltr'>colluvione</span> <span class='ocrx_word' id='word_1_199' title='bbox 3283 1153 3522 1223; x_wconf 86' lang='lat' dir='ltr'>peccati,</span> 
     </span>
    </p>
   </div>
   <div class='ocr_carea' id='block_1_28' title="bbox 1931 1241 3198 1310">
    <p class='ocr_par' dir='ltr' id='par_1_28' title="bbox 1931 1241 3198 1310">
     <span class='ocr_line' id='line_1_28' title="bbox 1931 1241 3198 1310; baseline 0.002 -17"><span class='ocrx_word' id='word_1_200' title='bbox 1931 1241 2074 1294; x_wconf 88' lang='lat' dir='ltr'>sicut</span> <span class='ocrx_word' id='word_1_201' title='bbox 2103 1257 2167 1294; x_wconf 87' lang='lat' dir='ltr'>ex</span> <span class='ocrx_word' id='word_1_202' title='bbox 2190 1241 2343 1294; x_wconf 91' lang='lat' dir='ltr'>nulla</span> <span class='ocrx_word' id='word_1_203' title='bbox 2366 1241 2695 1310; x_wconf 84' lang='lat' dir='ltr'>contagione</span> <span class='ocrx_word' id='word_1_204' title='bbox 2726 1241 2917 1310; x_wconf 80' lang='lat' dir='ltr'>prima</span> <span class='ocrx_word' id='word_1_205' title='bbox 2947 1241 3198 1310; x_wconf 86' lang='lat' dir='ltr'>originis.</span> 
     </span>
    </p>
   </div>
   <div class='ocr_carea' id='block_1_29' title="bbox 2002 1327 3524 1398">
    <p class='ocr_par' dir='ltr' id='par_1_29' title="bbox 2002 1327 3524 1398">
     <span class='ocr_line' id='line_1_29' title="bbox 2002 1327 3524 1398; baseline 0.001 -18"><span class='ocrx_word' id='word_1_206' title='bbox 2002 1329 2355 1398; x_wconf 83' lang='lat' dir='ltr'>QuaprOpter</span> <span class='ocrx_word' id='word_1_207' title='bbox 2374 1328 2607 1381; x_wconf 87' lang='lat' dir='ltr'>audiant</span> <span class='ocrx_word' id='word_1_208' title='bbox 2620 1328 2905 1382; x_wconf 85' lang='lat' dir='ltr'>temerarii</span> <span class='ocrx_word' id='word_1_209' title='bbox 2921 1334 3361 1398; x_wconf 90' lang='lat' dir='ltr'>perscrutatores</span> <span class='ocrx_word' id='word_1_210' title='bbox 3381 1327 3524 1382; x_wconf 89' lang='lat' dir='ltr'>tanti</span> 
     </span>
    </p>
   </div>
   <div class='ocr_carea' id='block_1_30' title="bbox 1929 1417 3522 1486">
    <p class='ocr_par' dir='ltr' id='par_1_30' title="bbox 1929 1417 3522 1486">
     <span class='ocr_line' id='line_1_30' title="bbox 1929 1417 3522 1486; baseline 0.001 -18"><span class='ocrx_word' id='word_1_211' title='bbox 1929 1417 2203 1486; x_wconf 83' lang='lat' dir='ltr'>mysterii,</span> <span class='ocrx_word' id='word_1_212' title='bbox 2233 1421 2289 1470; x_wconf 89' lang='lat' dir='ltr'>et</span> <span class='ocrx_word' id='word_1_213' title='bbox 2319 1417 2638 1486; x_wconf 80' lang='lat' dir='ltr'>intelligant</span> <span class='ocrx_word' id='word_1_214' title='bbox 2667 1417 2814 1486; x_wconf 91' lang='lat' dir='ltr'>quod</span> <span class='ocrx_word' id='word_1_215' title='bbox 2843 1433 2955 1470; x_wconf 90' lang='lat' dir='ltr'>non</span> <span class='ocrx_word' id='word_1_216' title='bbox 2983 1422 3118 1469; x_wconf 90' lang='lat' dir='ltr'>sunt</span> <span class='ocrx_word' id='word_1_217' title='bbox 3168 1417 3285 1471; x_wconf 81' lang='lat' dir='ltr'>hac</span> <span class='ocrx_word' id='word_1_218' title='bbox 3319 1417 3522 1470; x_wconf 90' lang='lat' dir='ltr'>huma—</span> 
     </span>
    </p>
   </div>
   <div class='ocr_carea' id='block_1_31' title="bbox 1924 1504 3522 1574">
    <p class='ocr_par' dir='ltr' id='par_1_31' title="bbox 1924 1504 3522 1574">
     <span class='ocr_line' id='line_1_31' title="bbox 1924 1504 3522 1574; baseline -0.001 -16"><span class='ocrx_word' id='word_1_219' title='bbox 1924 1505 2118 1559; x_wconf 87' lang='lat' dir='ltr'>nitatis</span> <span class='ocrx_word' id='word_1_220' title='bbox 2131 1506 2262 1574; x_wconf 85' lang='lat' dir='ltr'>jura</span> <span class='ocrx_word' id='word_1_221' title='bbox 2289 1505 2347 1558; x_wconf 91' lang='lat' dir='ltr'>in</span> <span class='ocrx_word' id='word_1_222' title='bbox 2373 1505 2673 1570; x_wconf 88' lang='lat' dir='ltr'>nascendo,</span> <span class='ocrx_word' id='word_1_223' title='bbox 2698 1521 2880 1574; x_wconf 88' lang='lat' dir='ltr'>neque</span> <span class='ocrx_word' id='word_1_224' title='bbox 2908 1505 2994 1557; x_wconf 81' lang='lat' dir='ltr'>lex</span> <span class='ocrx_word' id='word_1_225' title='bbox 3009 1521 3119 1557; x_wconf 91' lang='lat' dir='ltr'>non</span> <span class='ocrx_word' id='word_1_226' title='bbox 3141 1504 3263 1558; x_wconf 91' lang='lat' dir='ltr'>dico</span> <span class='ocrx_word' id='word_1_227' title='bbox 3292 1504 3522 1557; x_wconf 90' lang='lat' dir='ltr'>damna-</span> 
     </span>
    </p>
   </div>
   <div class='ocr_carea' id='block_1_32' title="bbox 1923 1592 3524 1663">
    <p class='ocr_par' dir='ltr' id='par_1_32' title="bbox 1923 1592 3524 1663">
     <span class='ocr_line' id='line_1_32' title="bbox 1923 1592 3524 1663; baseline -0.001 -15"><span class='ocrx_word' id='word_1_228' title='bbox 1923 1599 1993 1648; x_wconf 85' lang='lat' dir='ltr'>tae</span> <span class='ocrx_word' id='word_1_229' title='bbox 2024 1601 2258 1658; x_wconf 84' lang='lat' dir='ltr'>natura,</span> <span class='ocrx_word' id='word_1_230' title='bbox 2286 1610 2479 1648; x_wconf 87' lang='lat' dir='ltr'>verum</span> <span class='ocrx_word' id='word_1_231' title='bbox 2501 1593 2670 1647; x_wconf 88' lang='lat' dir='ltr'>etiam</span> <span class='ocrx_word' id='word_1_232' title='bbox 2689 1609 2792 1646; x_wconf 90' lang='lat' dir='ltr'>nec</span> <span class='ocrx_word' id='word_1_233' title='bbox 2821 1594 2907 1646; x_wconf 86' lang='lat' dir='ltr'>lex</span> <span class='ocrx_word' id='word_1_234' title='bbox 2930 1593 3121 1663; x_wconf 81' lang='lat' dir='ltr'>prima</span> <span class='ocrx_word' id='word_1_235' title='bbox 3143 1592 3374 1661; x_wconf 87' lang='lat' dir='ltr'>originis</span> <span class='ocrx_word' id='word_1_236' title='bbox 3394 1597 3524 1646; x_wconf 90' lang='lat' dir='ltr'>ante</span> 
     </span>
    </p>
   </div>
   <div class='ocr_carea' id='block_1_33' title="bbox 1923 1677 3527 1751">
    <p class='ocr_par' dir='ltr' id='par_1_33' title="bbox 1923 1677 3527 1751">
     <span class='ocr_line' id='line_1_33' title="bbox 1923 1677 3527 1751; baseline -0.001 -17"><span class='ocrx_word' id='word_1_237' title='bbox 1923 1688 2235 1751; x_wconf 89' lang='lat' dir='ltr'>peccatum,</span> <span class='ocrx_word' id='word_1_238' title='bbox 2262 1685 2327 1734; x_wconf 92' lang='lat' dir='ltr'>ut</span> <span class='ocrx_word' id='word_1_239' title='bbox 2372 1681 2522 1735; x_wconf 89' lang='lat' dir='ltr'>Deus</span> <span class='ocrx_word' id='word_1_240' title='bbox 2577 1685 2634 1734; x_wconf 90' lang='lat' dir='ltr'>et</span> <span class='ocrx_word' id='word_1_241' title='bbox 2680 1680 2847 1733; x_wconf 91' lang='lat' dir='ltr'>homo</span> <span class='ocrx_word' id='word_1_242' title='bbox 2897 1696 3043 1734; x_wconf 92' lang='lat' dir='ltr'>unus</span> <span class='ocrx_word' id='word_1_243' title='bbox 3082 1679 3152 1732; x_wconf 91' lang='lat' dir='ltr'>de</span> <span class='ocrx_word' id='word_1_244' title='bbox 3205 1677 3420 1747; x_wconf 87' lang='lat' dir='ltr'>virgine</span> <span class='ocrx_word' id='word_1_245' title='bbox 3449 1679 3527 1732; x_wconf 93' lang='lat' dir='ltr'>sic</span> 
     </span>
    </p>
   </div>
   <div class='ocr_carea' id='block_1_34' title="bbox 241 1755 3524 1839">
    <p class='ocr_par' dir='ltr' id='par_1_34' title="bbox 241 1755 3524 1839">
     <span class='ocr_line' id='line_1_34' title="bbox 241 1755 3524 1839; baseline 0.005 -35"><span class='ocrx_word' id='word_1_246' title='bbox 241 1755 396 1816; x_wconf 88' lang='lat' dir='ltr'>runt,</span> <span class='ocrx_word' id='word_1_247' title='bbox 431 1757 480 1804; x_wconf 84' lang='lat' dir='ltr'>et</span> <span class='ocrx_word' id='word_1_248' title='bbox 509 1755 764 1818; x_wconf 76' lang='lat' dir='ltr'>gemitus.</span> <span class='ocrx_word' id='word_1_249' title='bbox 796 1755 900 1809; x_wconf 91' lang='lat' dir='ltr'>Ubi</span> <span class='ocrx_word' id='word_1_250' title='bbox 933 1763 990 1811; x_wconf 91' lang='lat' dir='ltr'>et</span> <span class='ocrx_word' id='word_1_251' title='bbox 1017 1760 1364 1817; x_wconf 90' lang='lat' dir='ltr'>Theodotion</span> <span class='ocrx_word' id='word_1_252' title='bbox 1395 1770 1452 1818; x_wconf 92' lang='lat' dir='ltr'>et</span> <span class='ocrx_word' id='word_1_253' title='bbox 1468 1766 1839 1836; x_wconf 84' lang='lat' dir='ltr'>Symmachus</span> <span class='ocrx_word' id='word_1_254' title='bbox 1860 1756 1907 1816; x_wconf 91' lang='grc' dir='ltr'><strong>Β</strong></span> <span class='ocrx_word' id='word_1_255' title='bbox 1927 1771 2182 1823; x_wconf 89' lang='lat' dir='ltr'>Christus</span> <span class='ocrx_word' id='word_1_256' title='bbox 2209 1776 2567 1836; x_wconf 88' lang='lat' dir='ltr'>nasceretur;</span> <span class='ocrx_word' id='word_1_257' title='bbox 2603 1769 2752 1839; x_wconf 91' lang='lat' dir='ltr'>quia,</span> <span class='ocrx_word' id='word_1_258' title='bbox 2787 1774 2851 1822; x_wconf 92' lang='lat' dir='ltr'>ut</span> <span class='ocrx_word' id='word_1_259' title='bbox 2875 1769 2956 1822; x_wconf 87' lang='lat' dir='ltr'>ait</span> <span class='ocrx_word' id='word_1_260' title='bbox 2981 1767 3180 1822; x_wconf 90' lang='lat' dir='ltr'>beatus</span> <span class='ocrx_word' id='word_1_261' title='bbox 3201 1767 3446 1837; x_wconf 81' lang='lat' dir='ltr'>Cyrillus</span> <span class='ocrx_word' id='word_1_262' title='bbox 3465 1767 3524 1821; x_wconf 92' lang='lat' dir='ltr'>in</span> 
     </span>
    </p>
   </div>
   <div class='ocr_carea' id='block_1_35' title="bbox 241 1840 1846 1923">
    <p class='ocr_par' dir='ltr' id='par_1_35' title="bbox 241 1840 1846 1923">
     <span class='ocr_line' id='line_1_35' title="bbox 241 1840 1846 1923; baseline 0.014 -33"><span class='ocrx_word' id='word_1_263' title='bbox 241 1856 346 1910; x_wconf 89' lang='lat' dir='ltr'>pro</span> <span class='ocrx_word' id='word_1_264' title='bbox 373 1840 678 1909; x_wconf 89' lang='lat' dir='ltr'>gemitibus</span> <span class='ocrx_word' id='word_1_265' title='bbox 699 1859 976 1900; x_wconf 85' lang='lat' dir='ltr'>aerumnas</span> <span class='ocrx_word' id='word_1_266' title='bbox 1005 1857 1333 1918; x_wconf 89' lang='lat' dir='ltr'>posuerunt,</span> <span class='ocrx_word' id='word_1_267' title='bbox 1352 1852 1411 1906; x_wconf 91' lang='lat' dir='ltr'>in</span> <span class='ocrx_word' id='word_1_268' title='bbox 1435 1855 1640 1923; x_wconf 90' lang='lat' dir='ltr'>quibus</span> <span class='ocrx_word' id='word_1_269' title='bbox 1671 1859 1846 1912; x_wconf 91' lang='lat' dir='ltr'>omni-</span> 
     </span>
    </p>
   </div>
   <div class='ocr_carea' id='block_1_36' title="bbox 240 1926 1844 2014">
    <p class='ocr_par' dir='ltr' id='par_1_36' title="bbox 240 1926 1844 2014">
     <span class='ocr_line' id='line_1_36' title="bbox 240 1926 1844 2014; baseline 0.013 -36"><span class='ocrx_word' id='word_1_270' title='bbox 240 1926 347 2014; x_wconf 91' lang='lat' dir='ltr'>bus</span> <span class='ocrx_word' id='word_1_271' title='bbox 361 1943 474 1981; x_wconf 90' lang='lat' dir='ltr'>non</span> <span class='ocrx_word' id='word_1_272' title='bbox 502 1928 591 1982; x_wconf 84' lang='lat' dir='ltr'>lex</span> <span class='ocrx_word' id='word_1_273' title='bbox 623 1937 836 1985; x_wconf 84' lang='lat' dir='ltr'>natura</span> <span class='ocrx_word' id='word_1_274' title='bbox 857 1933 1202 2003; x_wconf 87' lang='lat' dir='ltr'>designatur,</span> <span class='ocrx_word' id='word_1_275' title='bbox 1223 1944 1286 1992; x_wconf 88' lang='lat' dir='ltr'>ut</span> <span class='ocrx_word' id='word_1_276' title='bbox 1310 1939 1401 1993; x_wconf 91' lang='lat' dir='ltr'>isti</span> <span class='ocrx_word' id='word_1_277' title='bbox 1425 1942 1844 2014; x_wconf 79' lang='lat' dir='ltr'>physiologivo-</span> 
     </span>
    </p>
   </div>
   <div class='ocr_carea' id='block_1_37' title="bbox 242 2013 1840 2103">
    <p class='ocr_par' dir='ltr' id='par_1_37' title="bbox 242 2013 1840 2103">
     <span class='ocr_line' id='line_1_37' title="bbox 242 2013 1840 2103; baseline 0.013 -36"><span class='ocrx_word' id='word_1_278' title='bbox 242 2013 369 2068; x_wconf 89' lang='lat' dir='ltr'>lunt</span> <span class='ocrx_word' id='word_1_279' title='bbox 396 2015 654 2086; x_wconf 90' lang='lat' dir='ltr'>imperite</span> <span class='ocrx_word' id='word_1_280' title='bbox 682 2020 840 2084; x_wconf 88' lang='lat' dir='ltr'>satis,</span> <span class='ocrx_word' id='word_1_281' title='bbox 869 2023 964 2076; x_wconf 91' lang='lat' dir='ltr'>sed</span> <span class='ocrx_word' id='word_1_282' title='bbox 997 2024 1086 2078; x_wconf 80' lang='lat' dir='ltr'>lex</span> <span class='ocrx_word' id='word_1_283' title='bbox 1118 2027 1374 2084; x_wconf 80' lang='lat' dir='ltr'>vindicta</span> <span class='ocrx_word' id='word_1_284' title='bbox 1415 2013 1840 2103; x_wconf 83' lang='lat' dir='ltr'>multiplicatur.</span> 
     </span>
    </p>
   </div>
   <div class='ocr_carea' id='block_1_38' title="bbox 244 2109 1846 2188">
    <p class='ocr_par' dir='ltr' id='par_1_38' title="bbox 244 2109 1846 2188">
     <span class='ocr_line' id='line_1_38' title="bbox 244 2109 1846 2188; baseline 0.014 -33"><span class='ocrx_word' id='word_1_285' title='bbox 244 2109 300 2157; x_wconf 88' lang='lat' dir='ltr'>et</span> <span class='ocrx_word' id='word_1_286' title='bbox 327 2112 568 2174; x_wconf 88' lang='lat' dir='ltr'>augetur</span> <span class='ocrx_word' id='word_1_287' title='bbox 595 2123 764 2161; x_wconf 90' lang='lat' dir='ltr'>causa</span> <span class='ocrx_word' id='word_1_288' title='bbox 782 2112 1015 2179; x_wconf 87' lang='lat' dir='ltr'>peccati,</span> <span class='ocrx_word' id='word_1_289' title='bbox 1049 2113 1268 2170; x_wconf 87' lang='lat' dir='ltr'>labores</span> <span class='ocrx_word' id='word_1_290' title='bbox 1297 2118 1354 2170; x_wconf 90' lang='lat' dir='ltr'>in</span> <span class='ocrx_word' id='word_1_291' title='bbox 1374 2126 1559 2188; x_wconf 90' lang='lat' dir='ltr'>partu,</span> <span class='ocrx_word' id='word_1_292' title='bbox 1594 2123 1846 2177; x_wconf 82' lang='lat' dir='ltr'>afﬂictio-</span> 
     </span>
    </p>
   </div>
   <div class='ocr_carea' id='block_1_39' title="bbox 243 2193 1843 2282">
    <p class='ocr_par' dir='ltr' id='par_1_39' title="bbox 243 2193 1843 2282">
     <span class='ocr_line' id='line_1_39' title="bbox 243 2193 1843 2282; baseline 0.014 -38"><span class='ocrx_word' id='word_1_293' title='bbox 243 2209 364 2282; x_wconf 79' lang='lat' dir='ltr'>nes,</span> <span class='ocrx_word' id='word_1_294' title='bbox 396 2193 639 2249; x_wconf 86' lang='lat' dir='ltr'>tristitia</span> <span class='ocrx_word' id='word_1_295' title='bbox 665 2203 721 2250; x_wconf 88' lang='lat' dir='ltr'>et</span> <span class='ocrx_word' id='word_1_296' title='bbox 748 2214 1010 2254; x_wconf 81' lang='lat' dir='ltr'>arumna</span> <span class='ocrx_word' id='word_1_297' title='bbox 1039 2209 1207 2274; x_wconf 87' lang='lat' dir='ltr'>atque</span> <span class='ocrx_word' id='word_1_298' title='bbox 1235 2208 1622 2275; x_wconf 89' lang='lat' dir='ltr'>gemitus.Pro</span> <span class='ocrx_word' id='word_1_299' title='bbox 1650 2229 1760 2282; x_wconf 93' lang='lat' dir='ltr'>quo</span> <span class='ocrx_word' id='word_1_300' title='bbox 1787 2212 1843 2265; x_wconf 88' lang='lat' dir='ltr'>in</span> 
     </span>
    </p>
   </div>
   <div class='ocr_carea' id='block_1_40' title="bbox 245 2281 1774 2379">
    <p class='ocr_par' dir='ltr' id='par_1_40' title="bbox 245 2281 1774 2379">
     <span class='ocr_line' id='line_1_40' title="bbox 245 2281 1774 2379; baseline 0.004 -20"><span class='ocrx_word' id='word_1_301' title='bbox 245 2281 478 2379; x_wconf 59' lang='grc' dir='ltr'>Ηεῖιξτεῗο</span> <span class='ocrx_word' id='word_1_302' title='bbox 508 2283 787 2338; x_wconf 69' lang='lat' dir='ltr'>habetur:</span> <span class='ocrx_word' id='word_1_303' title='bbox 829 2299 1026 2376; x_wconf 57' lang='lat' dir='ltr'>“mm</span> <span class='ocrx_word' id='word_1_304' title='bbox 1065 2303 1310 2379; x_wconf 66' lang='lat'>131:2:</span> <span class='ocrx_word' id='word_1_305' title='bbox 1347 2310 1536 2368; x_wconf 57' lang='lat' dir='ltr'>nam</span> <span class='ocrx_word' id='word_1_306' title='bbox 1563 2281 1774 2370; x_wconf 66' lang='lat' dir='ltr'>ria-in.</span> 
     </span>
    </p>
   </div>
   <div class='ocr_carea' id='block_1_41' title="bbox 314 2371 1845 2458">
    <p class='ocr_par' dir='ltr' id='par_1_41' title="bbox 314 2371 1845 2458">
     <span class='ocr_line' id='line_1_41' title="bbox 314 2371 1845 2458; baseline 0.013 -35"><span class='ocrx_word' id='word_1_307' title='bbox 314 2371 475 2424; x_wconf 89' lang='lat' dir='ltr'>Unde</span> <span class='ocrx_word' id='word_1_308' title='bbox 503 2388 698 2427; x_wconf 90' lang='lat' dir='ltr'>omnes</span> <span class='ocrx_word' id='word_1_309' title='bbox 727 2371 865 2446; x_wconf 52' lang='lat' dir='ltr'>qua&#39;</span> <span class='ocrx_word' id='word_1_310' title='bbox 877 2371 1106 2448; x_wconf 80' lang='lat' dir='ltr'>pariunt</span> <span class='ocrx_word' id='word_1_311' title='bbox 1157 2399 1267 2436; x_wconf 92' lang='lat' dir='ltr'>non</span> <span class='ocrx_word' id='word_1_312' title='bbox 1300 2401 1364 2437; x_wconf 76' lang='lat' dir='ltr'>ex</span> <span class='ocrx_word' id='word_1_313' title='bbox 1417 2394 1621 2440; x_wconf 86' lang='lat' dir='ltr'>natura</span> <span class='ocrx_word' id='word_1_314' title='bbox 1650 2389 1845 2458; x_wconf 83' lang='lat' dir='ltr'>prima</span> 
     </span>
    </p>
   </div>
   <div class='ocr_carea' id='block_1_42' title="bbox 244 2459 1844 2544">
    <p class='ocr_par' dir='ltr' id='par_1_42' title="bbox 244 2459 1844 2544">
     <span class='ocr_line' id='line_1_42' title="bbox 244 2459 1844 2544; baseline 0.014 -34"><span class='ocrx_word' id='word_1_315' title='bbox 244 2459 480 2528; x_wconf 81' lang='lat' dir='ltr'>originis</span> <span class='ocrx_word' id='word_1_316' title='bbox 510 2462 588 2514; x_wconf 91' lang='lat' dir='ltr'>sic</span> <span class='ocrx_word' id='word_1_317' title='bbox 618 2463 861 2533; x_wconf 88' lang='lat' dir='ltr'>pariunt,</span> <span class='ocrx_word' id='word_1_318' title='bbox 897 2468 994 2521; x_wconf 92' lang='lat' dir='ltr'>sed</span> <span class='ocrx_word' id='word_1_319' title='bbox 1025 2486 1091 2522; x_wconf 88' lang='lat' dir='ltr'>ex</span> <span class='ocrx_word' id='word_1_320' title='bbox 1130 2471 1265 2525; x_wconf 89' lang='lat' dir='ltr'>vitio</span> <span class='ocrx_word' id='word_1_321' title='bbox 1305 2474 1499 2544; x_wconf 82' lang='lat' dir='ltr'>culpa,</span> <span class='ocrx_word' id='word_1_322' title='bbox 1548 2481 1605 2530; x_wconf 89' lang='lat' dir='ltr'>et</span> <span class='ocrx_word' id='word_1_323' title='bbox 1631 2493 1694 2530; x_wconf 86' lang='lat' dir='ltr'>ex</span> <span class='ocrx_word' id='word_1_324' title='bbox 1721 2493 1844 2531; x_wconf 88' lang='lat' dir='ltr'>ma-</span> 
     </span>
    </p>
   </div>
   <div class='ocr_carea' id='block_1_43' title="bbox 243 2547 1847 2620">
    <p class='ocr_par' dir='ltr' id='par_1_43' title="bbox 243 2547 1847 2620">
     <span class='ocr_line' id='line_1_43' title="bbox 243 2547 1847 2620; baseline 0.012 -20"><span class='ocrx_word' id='word_1_325' title='bbox 243 2547 446 2602; x_wconf 91' lang='lat' dir='ltr'>ledicto</span> <span class='ocrx_word' id='word_1_326' title='bbox 478 2551 646 2618; x_wconf 83' lang='lat' dir='ltr'>justa</span> <span class='ocrx_word' id='word_1_327' title='bbox 681 2553 936 2610; x_wconf 89' lang='lat' dir='ltr'>vindicta</span> <span class='ocrx_word' id='word_1_328' title='bbox 974 2557 1098 2612; x_wconf 90' lang='lat' dir='ltr'>Dei.</span> <span class='ocrx_word' id='word_1_329' title='bbox 1136 2561 1211 2614; x_wconf 85' lang='lat' dir='ltr'>At</span> <span class='ocrx_word' id='word_1_330' title='bbox 1265 2577 1394 2615; x_wconf 87' lang='lat' dir='ltr'>vero</span> <span class='ocrx_word' id='word_1_331' title='bbox 1439 2563 1730 2619; x_wconf 89' lang='lat' dir='ltr'>benedicta</span> <span class='ocrx_word' id='word_1_332' title='bbox 1790 2572 1847 2620; x_wconf 89' lang='lat' dir='ltr'>et</span> 
     </span>
    </p>
   </div>
   <div class='ocr_carea' id='block_1_44' title="bbox 241 2637 1842 2722">
    <p class='ocr_par' dir='ltr' id='par_1_44' title="bbox 241 2637 1842 2722">
     <span class='ocr_line' id='line_1_44' title="bbox 241 2637 1842 2722; baseline 0.012 -33"><span class='ocrx_word' id='word_1_333' title='bbox 241 2637 646 2706; x_wconf 87' lang='lat' dir='ltr'>gloriosissima</span> <span class='ocrx_word' id='word_1_334' title='bbox 691 2643 860 2713; x_wconf 88' lang='lat' dir='ltr'>Virgo</span> <span class='ocrx_word' id='word_1_335' title='bbox 890 2647 1086 2714; x_wconf 90' lang='lat' dir='ltr'>Maria,</span> <span class='ocrx_word' id='word_1_336' title='bbox 1139 2666 1251 2703; x_wconf 88' lang='lat' dir='ltr'>non</span> <span class='ocrx_word' id='word_1_337' title='bbox 1304 2651 1428 2705; x_wconf 91' lang='lat' dir='ltr'>dico</span> <span class='ocrx_word' id='word_1_338' title='bbox 1461 2653 1607 2722; x_wconf 92' lang='lat' dir='ltr'>quod</span> <span class='ocrx_word' id='word_1_339' title='bbox 1637 2671 1748 2708; x_wconf 91' lang='lat' dir='ltr'>non</span> <span class='ocrx_word' id='word_1_340' title='bbox 1777 2672 1842 2709; x_wconf 81' lang='lat' dir='ltr'>ex</span> 
     </span>
    </p>
   </div>
   <div class='ocr_carea' id='block_1_45' title="bbox 242 2729 1843 2801">
    <p class='ocr_par' dir='ltr' id='par_1_45' title="bbox 242 2729 1843 2801">
     <span class='ocr_line' id='line_1_45' title="bbox 242 2729 1843 2801; baseline 0.012 -23"><span class='ocrx_word' id='word_1_341' title='bbox 242 2729 528 2782; x_wconf 90' lang='lat' dir='ltr'>communi</span> <span class='ocrx_word' id='word_1_342' title='bbox 551 2730 671 2798; x_wconf 86' lang='lat' dir='ltr'>lege</span> <span class='ocrx_word' id='word_1_343' title='bbox 700 2739 935 2801; x_wconf 76' lang='lat' dir='ltr'>natura,</span> <span class='ocrx_word' id='word_1_344' title='bbox 969 2753 1162 2790; x_wconf 90' lang='lat' dir='ltr'>verum</span> <span class='ocrx_word' id='word_1_345' title='bbox 1193 2740 1362 2793; x_wconf 89' lang='lat' dir='ltr'>etiam</span> <span class='ocrx_word' id='word_1_346' title='bbox 1413 2758 1513 2795; x_wconf 90' lang='lat' dir='ltr'>nec</span> <span class='ocrx_word' id='word_1_347' title='bbox 1545 2759 1610 2796; x_wconf 84' lang='lat' dir='ltr'>ex</span> <span class='ocrx_word' id='word_1_348' title='bbox 1640 2750 1843 2798; x_wconf 88' lang='lat' dir='ltr'>natura</span> 
     </span>
    </p>
   </div>
   <div class='ocr_carea' id='block_1_46' title="bbox 240 2815 1841 2898">
    <p class='ocr_par' dir='ltr' id='par_1_46' title="bbox 240 2815 1841 2898">
     <span class='ocr_line' id='line_1_46' title="bbox 240 2815 1841 2898; baseline 0.012 -30"><span class='ocrx_word' id='word_1_349' title='bbox 240 2815 425 2887; x_wconf 90' lang='lat' dir='ltr'>prima</span> <span class='ocrx_word' id='word_1_350' title='bbox 451 2819 684 2889; x_wconf 87' lang='lat' dir='ltr'>originis</span> <span class='ocrx_word' id='word_1_351' title='bbox 705 2823 900 2888; x_wconf 85' lang='lat' dir='ltr'>filium,</span> <span class='ocrx_word' id='word_1_352' title='bbox 935 2842 1116 2897; x_wconf 90' lang='lat' dir='ltr'>neque</span> <span class='ocrx_word' id='word_1_353' title='bbox 1145 2845 1209 2882; x_wconf 87' lang='lat' dir='ltr'>ex</span> <span class='ocrx_word' id='word_1_354' title='bbox 1239 2831 1454 2884; x_wconf 88' lang='lat' dir='ltr'>semine</span> <span class='ocrx_word' id='word_1_355' title='bbox 1482 2831 1605 2898; x_wconf 89' lang='lat' dir='ltr'>viri,</span> <span class='ocrx_word' id='word_1_356' title='bbox 1646 2834 1743 2887; x_wconf 90' lang='lat' dir='ltr'>sed</span> <span class='ocrx_word' id='word_1_357' title='bbox 1773 2835 1841 2889; x_wconf 93' lang='lat' dir='ltr'>de</span> 
     </span>
    </p>
   </div>
   <div class='ocr_carea' id='block_1_47' title="bbox 243 2905 1843 2990">
    <p class='ocr_par' dir='ltr' id='par_1_47' title="bbox 243 2905 1843 2990">
     <span class='ocr_line' id='line_1_47' title="bbox 243 2905 1843 2990; baseline 0.013 -33"><span class='ocrx_word' id='word_1_358' title='bbox 243 2905 458 2975; x_wconf 89' lang='lat' dir='ltr'>Spiritu</span> <span class='ocrx_word' id='word_1_359' title='bbox 475 2914 667 2962; x_wconf 88' lang='lat' dir='ltr'>sancto</span> <span class='ocrx_word' id='word_1_360' title='bbox 683 2927 748 2964; x_wconf 81' lang='lat' dir='ltr'>ex</span> <span class='ocrx_word' id='word_1_361' title='bbox 765 2928 864 2966; x_wconf 89' lang='lat' dir='ltr'>sua</span> <span class='ocrx_word' id='word_1_362' title='bbox 876 2931 1044 2968; x_wconf 88' lang='lat' dir='ltr'>carne</span> <span class='ocrx_word' id='word_1_363' title='bbox 1061 2917 1326 2972; x_wconf 89' lang='lat' dir='ltr'>divinitus</span> <span class='ocrx_word' id='word_1_364' title='bbox 1338 2923 1843 2990; x_wconf 83' lang='lat' dir='ltr'>procreatum,sine</span> 
     </span>
    </p>
   </div>
   <div class='ocr_carea' id='block_1_48' title="bbox 1928 1857 3528 1929">
    <p class='ocr_par' dir='ltr' id='par_1_48' title="bbox 1928 1857 3528 1929">
     <span class='ocr_line' id='line_1_48' title="bbox 1928 1857 3528 1929; baseline -0.002 -16"><span class='ocrx_word' id='word_1_365' title='bbox 1928 1860 2178 1929; x_wconf 88' lang='lat' dir='ltr'>Epistola</span> <span class='ocrx_word' id='word_1_366' title='bbox 2199 1859 2268 1912; x_wconf 84' lang='lat' dir='ltr'>ad</span> <span class='ocrx_word' id='word_1_367' title='bbox 2299 1859 2639 1923; x_wconf 86' lang='lat' dir='ltr'>Nestorium,</span> <span class='ocrx_word' id='word_1_368' title='bbox 2661 1874 2772 1912; x_wconf 89' lang='lat' dir='ltr'>non</span> <span class='ocrx_word' id='word_1_369' title='bbox 2794 1864 2880 1912; x_wconf 91' lang='lat' dir='ltr'>est</span> <span class='ocrx_word' id='word_1_370' title='bbox 2909 1864 3074 1910; x_wconf 90' lang='lat' dir='ltr'>natus</span> <span class='ocrx_word' id='word_1_371' title='bbox 3102 1857 3417 1910; x_wconf 87' lang='lat' dir='ltr'>communis</span> <span class='ocrx_word' id='word_1_372' title='bbox 3431 1857 3528 1910; x_wconf 89' lang='lat' dir='ltr'>ho-</span> 
     </span>
    </p>
   </div>
   <div class='ocr_carea' id='block_1_49' title="bbox 1928 1945 3518 2017">
    <p class='ocr_par' dir='ltr' id='par_1_49' title="bbox 1928 1945 3518 2017">
     <span class='ocr_line' id='line_1_49' title="bbox 1928 1945 3518 2017; baseline -0.003 -15"><span class='ocrx_word' id='word_1_373' title='bbox 1928 1965 2020 2002; x_wconf 92' lang='lat' dir='ltr'>mo</span> <span class='ocrx_word' id='word_1_374' title='bbox 2050 1949 2119 2002; x_wconf 95' lang='lat' dir='ltr'>de</span> <span class='ocrx_word' id='word_1_375' title='bbox 2148 1959 2341 2002; x_wconf 81' lang='lat' dir='ltr'>sancta</span> <span class='ocrx_word' id='word_1_376' title='bbox 2361 1949 2610 2017; x_wconf 80' lang='lat' dir='ltr'>Virgine,</span> <span class='ocrx_word' id='word_1_377' title='bbox 2645 1947 2778 2017; x_wconf 87' lang='lat' dir='ltr'>quia</span> <span class='ocrx_word' id='word_1_378' title='bbox 2817 1947 2875 2000; x_wconf 91' lang='lat' dir='ltr'>in</span> <span class='ocrx_word' id='word_1_379' title='bbox 2920 1947 3043 2016; x_wconf 88' lang='lat' dir='ltr'>ipsa</span> <span class='ocrx_word' id='word_1_380' title='bbox 3080 1946 3238 1998; x_wconf 85' lang='lat' dir='ltr'>vulva</span> <span class='ocrx_word' id='word_1_381' title='bbox 3269 1945 3518 2014; x_wconf 85' lang='lat' dir='ltr'>virginis,</span> 
     </span>
    </p>
   </div>
   <div class='ocr_carea' id='block_1_50' title="bbox 1926 2033 3523 2107">
    <p class='ocr_par' dir='ltr' id='par_1_50' title="bbox 1926 2033 3523 2107">
     <span class='ocr_line' id='line_1_50' title="bbox 1926 2033 3523 2107; baseline -0.003 -17"><span class='ocrx_word' id='word_1_382' title='bbox 1926 2043 1990 2090; x_wconf 89' lang='lat' dir='ltr'>ut</span> <span class='ocrx_word' id='word_1_383' title='bbox 2017 2036 2136 2107; x_wconf 89' lang='lat' dir='ltr'>ipse</span> <span class='ocrx_word' id='word_1_384' title='bbox 2161 2038 2386 2101; x_wconf 81' lang='lat' dir='ltr'>fatetur,</span> <span class='ocrx_word' id='word_1_385' title='bbox 2411 2043 2572 2090; x_wconf 85' lang='lat' dir='ltr'>utero</span> <span class='ocrx_word' id='word_1_386' title='bbox 2594 2035 2850 2105; x_wconf 86' lang='lat' dir='ltr'>virginali</span> <span class='ocrx_word' id='word_1_387' title='bbox 2870 2052 2929 2088; x_wconf 91' lang='lat' dir='ltr'>se</span> <span class='ocrx_word' id='word_1_388' title='bbox 2949 2033 3194 2087; x_wconf 89' lang='lat' dir='ltr'>Verbum</span> <span class='ocrx_word' id='word_1_389' title='bbox 3209 2050 3336 2086; x_wconf 91' lang='lat' dir='ltr'>cum</span> <span class='ocrx_word' id='word_1_390' title='bbox 3355 2049 3523 2087; x_wconf 82' lang='lat' dir='ltr'>carne</span> 
     </span>
    </p>
   </div>
   <div class='ocr_carea' id='block_1_51' title="bbox 1927 2121 3521 2195">
    <p class='ocr_par' dir='ltr' id='par_1_51' title="bbox 1927 2121 3521 2195">
     <span class='ocr_line' id='line_1_51' title="bbox 1927 2121 3521 2195; baseline -0.003 -16"><span class='ocrx_word' id='word_1_391' title='bbox 1927 2126 2232 2195; x_wconf 84' lang='lat' dir='ltr'>conjunxit,</span> <span class='ocrx_word' id='word_1_392' title='bbox 2250 2132 2307 2179; x_wconf 86' lang='lat' dir='ltr'>et</span> <span class='ocrx_word' id='word_1_393' title='bbox 2335 2125 2604 2178; x_wconf 85' lang='lat' dir='ltr'>sustinuit</span> <span class='ocrx_word' id='word_1_394' title='bbox 2634 2123 3056 2192; x_wconf 84' lang='lat' dir='ltr'>generationem</span> <span class='ocrx_word' id='word_1_395' title='bbox 3079 2121 3521 2191; x_wconf 88' lang='lat' dir='ltr'>carnalem,quia</span> 
     </span>
    </p>
   </div>
   <div class='ocr_carea' id='block_1_52' title="bbox 1926 2211 3520 2281">
    <p class='ocr_par' dir='ltr' id='par_1_52' title="bbox 1926 2211 3520 2281">
     <span class='ocr_line' id='line_1_52' title="bbox 1926 2211 3520 2281; baseline -0.004 -13"><span class='ocrx_word' id='word_1_396' title='bbox 1926 2215 2234 2268; x_wconf 85' lang='lat' dir='ltr'>carnissua</span> <span class='ocrx_word' id='word_1_397' title='bbox 2263 2213 2611 2267; x_wconf 89' lang='lat' dir='ltr'>nativitatem</span> <span class='ocrx_word' id='word_1_398' title='bbox 2643 2229 2802 2266; x_wconf 87' lang='lat' dir='ltr'>suam</span> <span class='ocrx_word' id='word_1_399' title='bbox 2832 2212 2983 2278; x_wconf 88' lang='lat' dir='ltr'>fecit,</span> <span class='ocrx_word' id='word_1_400' title='bbox 3010 2217 3068 2265; x_wconf 91' lang='lat' dir='ltr'>et</span> <span class='ocrx_word' id='word_1_401' title='bbox 3095 2211 3191 2281; x_wconf 91' lang='lat' dir='ltr'>qui</span> <span class='ocrx_word' id='word_1_402' title='bbox 3238 2211 3295 2263; x_wconf 88' lang='lat' dir='ltr'>in</span> <span class='ocrx_word' id='word_1_403' title='bbox 3341 2212 3520 2263; x_wconf 84' lang='lat' dir='ltr'>forma</span> 
     </span>
    </p>
   </div>
   <div class='ocr_carea' id='block_1_53' title="bbox 1926 2300 3520 2366">
    <p class='ocr_par' dir='ltr' id='par_1_53' title="bbox 1926 2300 3520 2366">
     <span class='ocr_line' id='line_1_53' title="bbox 1926 2300 3520 2366; baseline -0.003 -10"><span class='ocrx_word' id='word_1_404' title='bbox 1926 2303 2027 2356; x_wconf 90' lang='lat' dir='ltr'>Dei</span> <span class='ocrx_word' id='word_1_405' title='bbox 2048 2303 2177 2356; x_wconf 85' lang='lat' dir='ltr'>fecit</span> <span class='ocrx_word' id='word_1_406' title='bbox 2199 2303 2502 2366; x_wconf 89' lang='lat' dir='ltr'>hominem,</span> <span class='ocrx_word' id='word_1_407' title='bbox 2537 2302 2594 2355; x_wconf 89' lang='lat' dir='ltr'>in</span> <span class='ocrx_word' id='word_1_408' title='bbox 2622 2302 2804 2354; x_wconf 88' lang='lat' dir='ltr'>forma</span> <span class='ocrx_word' id='word_1_409' title='bbox 2831 2301 2974 2354; x_wconf 83' lang='lat' dir='ltr'>servi</span> <span class='ocrx_word' id='word_1_410' title='bbox 3005 2301 3183 2353; x_wconf 88' lang='lat' dir='ltr'>factus</span> <span class='ocrx_word' id='word_1_411' title='bbox 3202 2305 3287 2352; x_wconf 91' lang='lat' dir='ltr'>est</span> <span class='ocrx_word' id='word_1_412' title='bbox 3310 2300 3479 2353; x_wconf 89' lang='lat' dir='ltr'>homo</span> <span class='ocrx_word' id='word_1_413' title='bbox 3508 2316 3520 2352; x_wconf 92' lang='lat'><strong>:</strong></span> 
     </span>
    </p>
   </div>
   <div class='ocr_carea' id='block_1_54' title="bbox 1927 2388 3524 2462">
    <p class='ocr_par' dir='ltr' id='par_1_54' title="bbox 1927 2388 3524 2462">
     <span class='ocr_line' id='line_1_54' title="bbox 1927 2388 3524 2462; baseline -0.003 -17"><span class='ocrx_word' id='word_1_414' title='bbox 1927 2392 2025 2445; x_wconf 90' lang='lat' dir='ltr'>sed</span> <span class='ocrx_word' id='word_1_415' title='bbox 2061 2398 2364 2462; x_wconf 88' lang='lat' dir='ltr'>utrumque</span> <span class='ocrx_word' id='word_1_416' title='bbox 2413 2391 2560 2445; x_wconf 90' lang='lat' dir='ltr'>Deus</span> <span class='ocrx_word' id='word_1_417' title='bbox 2619 2391 2687 2443; x_wconf 90' lang='lat' dir='ltr'>de</span> <span class='ocrx_word' id='word_1_418' title='bbox 2741 2389 2994 2460; x_wconf 86' lang='lat' dir='ltr'>potentia</span> <span class='ocrx_word' id='word_1_419' title='bbox 3044 2388 3413 2459; x_wconf 88' lang='lat' dir='ltr'>suscipientis,</span> <span class='ocrx_word' id='word_1_420' title='bbox 3466 2393 3524 2440; x_wconf 92' lang='lat' dir='ltr'>et</span> 
     </span>
    </p>
   </div>
   <div class='ocr_carea' id='block_1_55' title="bbox 1927 2478 3516 2552">
    <p class='ocr_par' dir='ltr' id='par_1_55' title="bbox 1927 2478 3516 2552">
     <span class='ocr_line' id='line_1_55' title="bbox 1927 2478 3516 2552; baseline -0.002 -17"><span class='ocrx_word' id='word_1_421' title='bbox 1927 2489 2229 2552; x_wconf 91' lang='lat' dir='ltr'>utrumque</span> <span class='ocrx_word' id='word_1_422' title='bbox 2256 2483 2422 2534; x_wconf 88' lang='lat' dir='ltr'>homo</span> <span class='ocrx_word' id='word_1_423' title='bbox 2451 2481 2519 2534; x_wconf 86' lang='lat' dir='ltr'>de</span> <span class='ocrx_word' id='word_1_424' title='bbox 2545 2480 2866 2533; x_wconf 87' lang='lat' dir='ltr'>humilitate</span> <span class='ocrx_word' id='word_1_425' title='bbox 2895 2479 3169 2549; x_wconf 87' lang='lat' dir='ltr'>suscepti;</span> <span class='ocrx_word' id='word_1_426' title='bbox 3204 2495 3268 2531; x_wconf 86' lang='lat' dir='ltr'>ac</span> <span class='ocrx_word' id='word_1_427' title='bbox 3289 2495 3389 2548; x_wconf 89' lang='lat' dir='ltr'>per</span> <span class='ocrx_word' id='word_1_428' title='bbox 3410 2478 3516 2532; x_wconf 87' lang='lat' dir='ltr'>hoc</span> 
     </span>
    </p>
   </div>
   <div class='ocr_carea' id='block_1_56' title="bbox 1927 2565 3521 2638">
    <p class='ocr_par' dir='ltr' id='par_1_56' title="bbox 1927 2565 3521 2638">
     <span class='ocr_line' id='line_1_56' title="bbox 1927 2565 3521 2638; baseline -0.003 -16"><span class='ocrx_word' id='word_1_429' title='bbox 1927 2569 2054 2622; x_wconf 88' lang='lat' dir='ltr'>talis</span> <span class='ocrx_word' id='word_1_430' title='bbox 2077 2575 2270 2638; x_wconf 89' lang='lat' dir='ltr'>partus</span> <span class='ocrx_word' id='word_1_431' title='bbox 2291 2585 2401 2622; x_wconf 90' lang='lat' dir='ltr'>non</span> <span class='ocrx_word' id='word_1_432' title='bbox 2419 2574 2506 2621; x_wconf 93' lang='lat' dir='ltr'>est</span> <span class='ocrx_word' id='word_1_433' title='bbox 2531 2567 2843 2620; x_wconf 87' lang='lat' dir='ltr'>communis</span> <span class='ocrx_word' id='word_1_434' title='bbox 2865 2567 2987 2634; x_wconf 85' lang='lat' dir='ltr'>lege</span> <span class='ocrx_word' id='word_1_435' title='bbox 3007 2574 3240 2624; x_wconf 80' lang='lat' dir='ltr'>natura.</span> <span class='ocrx_word' id='word_1_436' title='bbox 3267 2566 3363 2618; x_wconf 91' lang='lat' dir='ltr'>sed</span> <span class='ocrx_word' id='word_1_437' title='bbox 3377 2565 3521 2618; x_wconf 90' lang='lat' dir='ltr'>sicut</span> 
     </span>
    </p>
   </div>
   <div class='ocr_carea' id='block_1_57' title="bbox 1928 2653 3519 2726">
    <p class='ocr_par' dir='ltr' id='par_1_57' title="bbox 1928 2653 3519 2726">
     <span class='ocr_line' id='line_1_57' title="bbox 1928 2653 3519 2726; baseline -0.003 -16"><span class='ocrx_word' id='word_1_438' title='bbox 1928 2657 2260 2712; x_wconf 87' lang='lat' dir='ltr'>mirabiliter</span> <span class='ocrx_word' id='word_1_439' title='bbox 2290 2663 2607 2726; x_wconf 92' lang='lat' dir='ltr'>conceptus,</span> <span class='ocrx_word' id='word_1_440' title='bbox 2641 2657 2722 2708; x_wconf 88' lang='lat' dir='ltr'>ita</span> <span class='ocrx_word' id='word_1_441' title='bbox 2749 2655 3084 2708; x_wconf 86' lang='lat' dir='ltr'>mirabiliter</span> <span class='ocrx_word' id='word_1_442' title='bbox 3105 2655 3253 2707; x_wconf 92' lang='lat' dir='ltr'>Deus</span> <span class='ocrx_word' id='word_1_443' title='bbox 3267 2660 3325 2706; x_wconf 87' lang='lat' dir='ltr'>et</span> <span class='ocrx_word' id='word_1_444' title='bbox 3352 2653 3519 2706; x_wconf 91' lang='lat' dir='ltr'>homo</span> 
     </span>
    </p>
   </div>
   <div class='ocr_carea' id='block_1_58' title="bbox 1925 2739 3514 2814">
    <p class='ocr_par' dir='ltr' id='par_1_58' title="bbox 1925 2739 3514 2814">
     <span class='ocr_line' id='line_1_58' title="bbox 1925 2739 3514 2814; baseline -0.004 -16"><span class='ocrx_word' id='word_1_445' title='bbox 1925 2752 2110 2800; x_wconf 91' lang='lat' dir='ltr'>natus.</span> <span class='ocrx_word' id='word_1_446' title='bbox 2137 2746 2280 2814; x_wconf 87' lang='lat' dir='ltr'>Ergo</span> <span class='ocrx_word' id='word_1_447' title='bbox 2304 2761 2415 2798; x_wconf 89' lang='lat' dir='ltr'>non</span> <span class='ocrx_word' id='word_1_448' title='bbox 2438 2745 2614 2808; x_wconf 92' lang='lat' dir='ltr'>illum,</span> <span class='ocrx_word' id='word_1_449' title='bbox 2641 2749 2705 2796; x_wconf 88' lang='lat' dir='ltr'>ut</span> <span class='ocrx_word' id='word_1_450' title='bbox 2722 2751 2951 2796; x_wconf 88' lang='lat' dir='ltr'>cateros</span> <span class='ocrx_word' id='word_1_451' title='bbox 2985 2741 3212 2811; x_wconf 89' lang='lat' dir='ltr'>adoptio</span> <span class='ocrx_word' id='word_1_452' title='bbox 3232 2740 3375 2793; x_wconf 84' lang='lat' dir='ltr'>ﬁlios</span> <span class='ocrx_word' id='word_1_453' title='bbox 3397 2739 3514 2805; x_wconf 88' lang='lat' dir='ltr'>Dei,</span> 
     </span>
    </p>
   </div>
   <div class='ocr_carea' id='block_1_59' title="bbox 1923 2828 3521 2899">
    <p class='ocr_par' dir='ltr' id='par_1_59' title="bbox 1923 2828 3521 2899">
     <span class='ocr_line' id='line_1_59' title="bbox 1923 2828 3521 2899; baseline -0.004 -12"><span class='ocrx_word' id='word_1_454' title='bbox 1923 2835 2056 2888; x_wconf 84' lang='lat' dir='ltr'>fecit</span> <span class='ocrx_word' id='word_1_455' title='bbox 2084 2833 2384 2898; x_wconf 83' lang='lat' dir='ltr'>ﬁlium,sed</span> <span class='ocrx_word' id='word_1_456' title='bbox 2412 2832 2718 2886; x_wconf 86' lang='lat' dir='ltr'>divinitatis</span> <span class='ocrx_word' id='word_1_457' title='bbox 2742 2838 2946 2885; x_wconf 89' lang='lat' dir='ltr'>natura</span> <span class='ocrx_word' id='word_1_458' title='bbox 2969 2831 3126 2884; x_wconf 91' lang='lat' dir='ltr'>illum</span> <span class='ocrx_word' id='word_1_459' title='bbox 3152 2830 3209 2882; x_wconf 91' lang='lat' dir='ltr'>in</span> <span class='ocrx_word' id='word_1_460' title='bbox 3230 2828 3521 2899; x_wconf 85' lang='lat' dir='ltr'>proprium</span> 
     </span>
    </p>
   </div>
   <div class='ocr_carea' id='block_1_60' title="bbox 1925 2917 3521 2987">
    <p class='ocr_par' dir='ltr' id='par_1_60' title="bbox 1925 2917 3521 2987">
     <span class='ocr_line' id='line_1_60' title="bbox 1925 2917 3521 2987; baseline -0.005 -9"><span class='ocrx_word' id='word_1_461' title='bbox 1925 2923 2026 2978; x_wconf 91' lang='lat' dir='ltr'>Dei</span> <span class='ocrx_word' id='word_1_462' title='bbox 2056 2923 2259 2977; x_wconf 87' lang='lat' dir='ltr'>Filium</span> <span class='ocrx_word' id='word_1_463' title='bbox 2289 2921 2573 2984; x_wconf 85' lang='lat' dir='ltr'>exaltavit,</span> <span class='ocrx_word' id='word_1_464' title='bbox 2609 2927 2665 2974; x_wconf 85' lang='lat' dir='ltr'>et</span> <span class='ocrx_word' id='word_1_465' title='bbox 2712 2921 2941 2974; x_wconf 90' lang='lat' dir='ltr'>donavit</span> <span class='ocrx_word' id='word_1_466' title='bbox 2987 2919 3069 2973; x_wconf 90' lang='lat' dir='ltr'>illi</span> <span class='ocrx_word' id='word_1_467' title='bbox 3115 2935 3338 2984; x_wconf 90' lang='lat' dir='ltr'>nomen,</span> <span class='ocrx_word' id='word_1_468' title='bbox 3371 2917 3521 2987; x_wconf 91' lang='lat' dir='ltr'>quod</span> 
     </span>
    </p>
   </div>
   <div class='ocr_carea' id='block_1_61' title="bbox 241 2994 3520 3082">
    <p class='ocr_par' dir='ltr' id='par_1_61' title="bbox 241 2994 3520 3082">
     <span class='ocr_line' id='line_1_61' title="bbox 241 2994 3520 3082; baseline 0.004 -37"><span class='ocrx_word' id='word_1_469' title='bbox 241 2994 360 3082; x_wconf 86' lang='lat' dir='ltr'>ulla</span> <span class='ocrx_word' id='word_1_470' title='bbox 387 2995 647 3051; x_wconf 87' lang='lat' dir='ltr'>vitiorum</span> <span class='ocrx_word' id='word_1_471' title='bbox 680 3001 989 3057; x_wconf 89' lang='lat' dir='ltr'>colluvione</span> <span class='ocrx_word' id='word_1_472' title='bbox 1039 3005 1217 3060; x_wconf 91' lang='lat' dir='ltr'>Deum</span> <span class='ocrx_word' id='word_1_473' title='bbox 1261 3014 1317 3061; x_wconf 92' lang='lat' dir='ltr'>et</span> <span class='ocrx_word' id='word_1_474' title='bbox 1346 3008 1629 3064; x_wconf 91' lang='lat' dir='ltr'>hominem</span> <span class='ocrx_word' id='word_1_475' title='bbox 1661 3012 1900 3082; x_wconf 49' lang='lat' dir='ltr'>profu-ﬂ</span> <span class='ocrx_word' id='word_1_476' title='bbox 1927 3018 2012 3066; x_wconf 90' lang='lat' dir='ltr'>est</span> <span class='ocrx_word' id='word_1_477' title='bbox 2040 3028 2210 3082; x_wconf 86' lang='lat' dir='ltr'>super</span> <span class='ocrx_word' id='word_1_478' title='bbox 2237 3027 2400 3064; x_wconf 91' lang='lat' dir='ltr'>omne</span> <span class='ocrx_word' id='word_1_479' title='bbox 2452 3025 2654 3064; x_wconf 88' lang='lat' dir='ltr'>nomen</span> <span class='ocrx_word' id='word_1_480' title='bbox 2683 3010 2904 3077; x_wconf 76' lang='lat' dir='ltr'>(Philip.</span> <span class='ocrx_word' id='word_1_481' title='bbox 2937 3009 3019 3078; x_wconf 85' lang='lat' dir='ltr'>II),</span> <span class='ocrx_word' id='word_1_482' title='bbox 3069 3013 3134 3060; x_wconf 91' lang='lat' dir='ltr'>ut</span> <span class='ocrx_word' id='word_1_483' title='bbox 3175 3012 3324 3060; x_wconf 91' lang='lat' dir='ltr'>esset</span> <span class='ocrx_word' id='word_1_484' title='bbox 3367 3011 3520 3059; x_wconf 90' lang='lat' dir='ltr'>totus</span> 
     </span>
    </p>
   </div>
   <div class='ocr_carea' id='block_1_62' title="bbox 239 3071 3516 3168">
    <p class='ocr_par' dir='ltr' id='par_1_62' title="bbox 239 3071 3516 3168">
     <span class='ocr_line' id='line_1_62' title="bbox 239 3071 3516 3168; baseline 0.004 -33"><span class='ocrx_word' id='word_1_485' title='bbox 239 3081 345 3136; x_wconf 89' lang='lat' dir='ltr'>dit.</span> <span class='ocrx_word' id='word_1_486' title='bbox 379 3084 448 3138; x_wconf 86' lang='lat' dir='ltr'>Et</span> <span class='ocrx_word' id='word_1_487' title='bbox 466 3085 590 3140; x_wconf 91' lang='lat' dir='ltr'>ideo</span> <span class='ocrx_word' id='word_1_488' title='bbox 619 3095 814 3158; x_wconf 88' lang='lat' dir='ltr'>partus</span> <span class='ocrx_word' id='word_1_489' title='bbox 843 3092 964 3160; x_wconf 87' lang='lat' dir='ltr'>ejus</span> <span class='ocrx_word' id='word_1_490' title='bbox 1019 3109 1131 3148; x_wconf 92' lang='lat' dir='ltr'>non</span> <span class='ocrx_word' id='word_1_491' title='bbox 1161 3095 1240 3148; x_wconf 92' lang='lat' dir='ltr'>sic</span> <span class='ocrx_word' id='word_1_492' title='bbox 1295 3099 1622 3154; x_wconf 90' lang='lat' dir='ltr'>tractandus</span> <span class='ocrx_word' id='word_1_493' title='bbox 1661 3071 1759 3154; x_wconf 49' lang='grc' dir='ltr'>ἐει</span> <span class='ocrx_word' id='word_1_494' title='bbox 1780 3071 1902 3155; x_wconf 82' lang='lat' dir='ltr'>utC</span> <span class='ocrx_word' id='word_1_495' title='bbox 1927 3101 2028 3154; x_wconf 93' lang='lat' dir='ltr'>Dei</span> <span class='ocrx_word' id='word_1_496' title='bbox 2054 3071 2228 3154; x_wconf 74' lang='lat' dir='ltr'>Filius</span> <span class='ocrx_word' id='word_1_497' title='bbox 2262 3101 2428 3153; x_wconf 89' lang='lat' dir='ltr'>homo</span> <span class='ocrx_word' id='word_1_498' title='bbox 2485 3104 2541 3152; x_wconf 92' lang='lat' dir='ltr'>et</span> <span class='ocrx_word' id='word_1_499' title='bbox 2587 3071 2864 3162; x_wconf 63' lang='lat' dir='ltr'>Verbum,</span> <span class='ocrx_word' id='word_1_500' title='bbox 2891 3071 3023 3168; x_wconf 78' lang='lat' dir='ltr'>quia</span> <span class='ocrx_word' id='word_1_501' title='bbox 3061 3112 3352 3166; x_wconf 88' lang='lat' dir='ltr'>nunquam</span> <span class='ocrx_word' id='word_1_502' title='bbox 3404 3110 3516 3148; x_wconf 90' lang='lat' dir='ltr'>non</span> 
     </span>
    </p>
   </div>
   <div class='ocr_carea' id='block_1_63' title="bbox 239 3172 1842 3259">
    <p class='ocr_par' dir='ltr' id='par_1_63' title="bbox 239 3172 1842 3259">
     <span class='ocr_line' id='line_1_63' title="bbox 239 3172 1842 3259; baseline 0.012 -35"><span class='ocrx_word' id='word_1_503' title='bbox 239 3172 429 3226; x_wconf 81' lang='lat' dir='ltr'>cateri</span> <span class='ocrx_word' id='word_1_504' title='bbox 470 3183 779 3232; x_wconf 90' lang='lat' dir='ltr'>nascuntur</span> <span class='ocrx_word' id='word_1_505' title='bbox 821 3181 1086 3249; x_wconf 91' lang='lat' dir='ltr'>quoniam</span> <span class='ocrx_word' id='word_1_506' title='bbox 1135 3184 1281 3238; x_wconf 88' lang='lat' dir='ltr'>sicut</span> <span class='ocrx_word' id='word_1_507' title='bbox 1335 3187 1530 3240; x_wconf 87' lang='lat' dir='ltr'>doctor</span> <span class='ocrx_word' id='word_1_508' title='bbox 1585 3190 1842 3259; x_wconf 86' lang='lat' dir='ltr'>egregius</span> 
     </span>
    </p>
   </div>
   <div class='ocr_carea' id='block_1_64' title="bbox 238 3261 1837 3343">
    <p class='ocr_par' dir='ltr' id='par_1_64' title="bbox 238 3261 1837 3343">
     <span class='ocr_line' id='line_1_64' title="bbox 238 3261 1837 3343; baseline 0.012 -31"><span class='ocrx_word' id='word_1_509' title='bbox 238 3261 585 3317; x_wconf 81' lang='lat' dir='ltr'>Athanasius</span> <span class='ocrx_word' id='word_1_510' title='bbox 614 3265 694 3318; x_wconf 88' lang='lat' dir='ltr'>ait</span> <span class='ocrx_word' id='word_1_511' title='bbox 714 3266 863 3320; x_wconf 88' lang='lat' dir='ltr'>inter</span> <span class='ocrx_word' id='word_1_512' title='bbox 883 3275 1082 3323; x_wconf 83' lang='lat' dir='ltr'>catera</span> <span class='ocrx_word' id='word_1_513' title='bbox 1111 3271 1169 3325; x_wconf 92' lang='lat' dir='ltr'>in</span> <span class='ocrx_word' id='word_1_514' title='bbox 1189 3272 1376 3327; x_wconf 92' lang='lat' dir='ltr'>libello</span> <span class='ocrx_word' id='word_1_515' title='bbox 1407 3276 1563 3330; x_wconf 88' lang='lat' dir='ltr'>Fidei</span> <span class='ocrx_word' id='word_1_516' title='bbox 1586 3295 1700 3330; x_wconf 82' lang='lat' dir='ltr'>sua</span> <span class='ocrx_word' id='word_1_517' title='bbox 1720 3280 1837 3343; x_wconf 75' lang='lat' dir='ltr'>(lib.</span> 
     </span>
    </p>
   </div>
   <div class='ocr_carea' id='block_1_65' title="bbox 242 3351 1843 3428">
    <p class='ocr_par' dir='ltr' id='par_1_65' title="bbox 242 3351 1843 3428">
     <span class='ocr_line' id='line_1_65' title="bbox 242 3351 1843 3428; baseline 0.011 -26"><span class='ocrx_word' id='word_1_518' title='bbox 242 3351 317 3417; x_wconf 85' lang='lat' dir='ltr'>1x)</span> <span class='ocrx_word' id='word_1_519' title='bbox 336 3366 503 3420; x_wconf 89' lang='lat' dir='ltr'>quem</span> <span class='ocrx_word' id='word_1_520' title='bbox 525 3354 681 3422; x_wconf 88' lang='lat' dir='ltr'>quasi</span> <span class='ocrx_word' id='word_1_521' title='bbox 705 3355 809 3409; x_wconf 91' lang='lat' dir='ltr'>sub</span> <span class='ocrx_word' id='word_1_522' title='bbox 830 3356 1050 3428; x_wconf 85' lang='lat' dir='ltr'>dialogo</span> <span class='ocrx_word' id='word_1_523' title='bbox 1073 3359 1272 3414; x_wconf 90' lang='lat' dir='ltr'>edidit:</span> <span class='ocrx_word' id='word_1_524' title='bbox 1292 3363 1623 3418; x_wconf 89' lang='lat' dir='ltr'>Incarnatus</span> <span class='ocrx_word' id='word_1_525' title='bbox 1635 3372 1692 3418; x_wconf 92' lang='lat' dir='ltr'>et</span> <span class='ocrx_word' id='word_1_526' title='bbox 1713 3367 1843 3419; x_wconf 91' lang='lat' dir='ltr'>Uni-</span> 
     </span>
    </p>
   </div>
   <div class='ocr_carea' id='block_1_66' title="bbox 237 3439 1840 3521">
    <p class='ocr_par' dir='ltr' id='par_1_66' title="bbox 237 3439 1840 3521">
     <span class='ocr_line' id='line_1_66' title="bbox 237 3439 1840 3521; baseline 0.011 -31"><span class='ocrx_word' id='word_1_527' title='bbox 237 3439 466 3507; x_wconf 85' lang='lat' dir='ltr'>genitus</span> <span class='ocrx_word' id='word_1_528' title='bbox 494 3448 706 3496; x_wconf 90' lang='lat' dir='ltr'>secreto</span> <span class='ocrx_word' id='word_1_529' title='bbox 731 3461 832 3498; x_wconf 92' lang='lat' dir='ltr'>suo</span> <span class='ocrx_word' id='word_1_530' title='bbox 859 3448 1128 3517; x_wconf 90' lang='lat' dir='ltr'>mysterio</span> <span class='ocrx_word' id='word_1_531' title='bbox 1159 3451 1306 3518; x_wconf 93' lang='lat' dir='ltr'>quod</span> <span class='ocrx_word' id='word_1_532' title='bbox 1337 3451 1455 3521; x_wconf 91' lang='lat' dir='ltr'>ipse</span> <span class='ocrx_word' id='word_1_533' title='bbox 1486 3454 1656 3506; x_wconf 90' lang='lat' dir='ltr'>novit.</span> <span class='ocrx_word' id='word_1_534' title='bbox 1682 3455 1840 3508; x_wconf 91' lang='lat' dir='ltr'>Unde</span> 
     </span>
    </p>
   </div>
   <div class='ocr_carea' id='block_1_67' title="bbox 239 3528 1839 3606">
    <p class='ocr_par' dir='ltr' id='par_1_67' title="bbox 239 3528 1839 3606">
     <span class='ocr_line' id='line_1_67' title="bbox 239 3528 1839 3606; baseline 0.011 -28"><span class='ocrx_word' id='word_1_535' title='bbox 239 3528 632 3597; x_wconf 90' lang='lat' dir='ltr'>prosequitur:</span> <span class='ocrx_word' id='word_1_536' title='bbox 662 3531 927 3586; x_wconf 90' lang='lat' dir='ltr'>Nostrum</span> <span class='ocrx_word' id='word_1_537' title='bbox 960 3541 1061 3599; x_wconf 83' lang='lat' dir='ltr'>est,</span> <span class='ocrx_word' id='word_1_538' title='bbox 1098 3535 1301 3606; x_wconf 88' lang='lat' dir='ltr'>inquit,</span> <span class='ocrx_word' id='word_1_539' title='bbox 1335 3539 1581 3604; x_wconf 90' lang='lat' dir='ltr'>credere,</span> <span class='ocrx_word' id='word_1_540' title='bbox 1611 3547 1668 3594; x_wconf 90' lang='lat' dir='ltr'>et</span> <span class='ocrx_word' id='word_1_541' title='bbox 1689 3541 1839 3595; x_wconf 91' lang='lat' dir='ltr'>illius</span> 
     </span>
    </p>
   </div>
   <div class='ocr_carea' id='block_1_68' title="bbox 238 3618 1839 3694">
    <p class='ocr_par' dir='ltr' id='par_1_68' title="bbox 238 3618 1839 3694">
     <span class='ocr_line' id='line_1_68' title="bbox 238 3618 1839 3694; baseline 0.011 -28"><span class='ocrx_word' id='word_1_542' title='bbox 238 3629 426 3669; x_wconf 90' lang='lat' dir='ltr'>nosse.</span> <span class='ocrx_word' id='word_1_543' title='bbox 467 3618 716 3672; x_wconf 82' lang='lat' dir='ltr'>Audiant</span> <span class='ocrx_word' id='word_1_544' title='bbox 745 3630 1088 3693; x_wconf 86' lang='lat' dir='ltr'>quaprOpter</span> <span class='ocrx_word' id='word_1_545' title='bbox 1133 3625 1265 3694; x_wconf 87' lang='lat' dir='ltr'>quia</span> <span class='ocrx_word' id='word_1_546' title='bbox 1309 3627 1659 3682; x_wconf 92' lang='lat' dir='ltr'>solummodo</span> <span class='ocrx_word' id='word_1_547' title='bbox 1689 3629 1839 3684; x_wconf 90' lang='lat' dir='ltr'>illius</span> 
     </span>
    </p>
   </div>
   <div class='ocr_carea' id='block_1_69' title="bbox 239 3709 1838 3784">
    <p class='ocr_par' dir='ltr' id='par_1_69' title="bbox 239 3709 1838 3784">
     <span class='ocr_line' id='line_1_69' title="bbox 239 3709 1838 3784; baseline 0.01 -29"><span class='ocrx_word' id='word_1_548' title='bbox 239 3709 328 3756; x_wconf 90' lang='lat' dir='ltr'>est</span> <span class='ocrx_word' id='word_1_549' title='bbox 354 3720 516 3758; x_wconf 92' lang='lat' dir='ltr'>nosse</span> <span class='ocrx_word' id='word_1_550' title='bbox 565 3711 842 3776; x_wconf 91' lang='lat' dir='ltr'>quomodo</span> <span class='ocrx_word' id='word_1_551' title='bbox 897 3725 1215 3782; x_wconf 88' lang='lat' dir='ltr'>conceptus,</span> <span class='ocrx_word' id='word_1_552' title='bbox 1246 3716 1525 3784; x_wconf 90' lang='lat' dir='ltr'>quomodo</span> <span class='ocrx_word' id='word_1_553' title='bbox 1574 3717 1630 3770; x_wconf 90' lang='lat' dir='ltr'>in</span> <span class='ocrx_word' id='word_1_554' title='bbox 1679 3723 1838 3771; x_wconf 86' lang='lat' dir='ltr'>utero</span> 
     </span>
    </p>
   </div>
   <div class='ocr_carea' id='block_1_70' title="bbox 239 3800 1839 3868">
    <p class='ocr_par' dir='ltr' id='par_1_70' title="bbox 239 3800 1839 3868">
     <span class='ocr_line' id='line_1_70' title="bbox 239 3800 1839 3868; baseline 0.011 -25"><span class='ocrx_word' id='word_1_555' title='bbox 239 3801 620 3858; x_wconf 88' lang='lat' dir='ltr'>conversatus,</span> <span class='ocrx_word' id='word_1_556' title='bbox 672 3800 951 3868; x_wconf 91' lang='lat' dir='ltr'>quomodo</span> <span class='ocrx_word' id='word_1_557' title='bbox 1007 3802 1251 3856; x_wconf 89' lang='lat' dir='ltr'>Verbum</span> <span class='ocrx_word' id='word_1_558' title='bbox 1283 3805 1430 3858; x_wconf 90' lang='lat' dir='ltr'>Deus</span> <span class='ocrx_word' id='word_1_559' title='bbox 1460 3812 1516 3858; x_wconf 92' lang='lat' dir='ltr'>et</span> <span class='ocrx_word' id='word_1_560' title='bbox 1567 3806 1732 3860; x_wconf 92' lang='lat' dir='ltr'>homo</span> <span class='ocrx_word' id='word_1_561' title='bbox 1770 3807 1839 3859; x_wconf 90' lang='lat' dir='ltr'>de</span> 
     </span>
    </p>
   </div>
   <div class='ocr_carea' id='block_1_71' title="bbox 239 3881 1834 3965">
    <p class='ocr_par' dir='ltr' id='par_1_71' title="bbox 239 3881 1834 3965">
     <span class='ocr_line' id='line_1_71' title="bbox 239 3881 1834 3965; baseline 0.01 -32"><span class='ocrx_word' id='word_1_562' title='bbox 239 3881 454 3951; x_wconf 89' lang='lat' dir='ltr'>virgine</span> <span class='ocrx_word' id='word_1_563' title='bbox 483 3895 650 3938; x_wconf 89' lang='lat' dir='ltr'>natus</span> <span class='ocrx_word' id='word_1_564' title='bbox 680 3887 754 3940; x_wconf 90' lang='lat' dir='ltr'>sit</span> <span class='ocrx_word' id='word_1_565' title='bbox 781 3904 926 3942; x_wconf 85' lang='lat' dir='ltr'>unus</span> <span class='ocrx_word' id='word_1_566' title='bbox 981 3891 1238 3965; x_wconf 78' lang='lat' dir='ltr'>Christus</span> <span class='ocrx_word' id='word_1_567' title='bbox 1272 3911 1282 3944; x_wconf 90' lang='lat'><strong>:</strong></span> <span class='ocrx_word' id='word_1_568' title='bbox 1315 3893 1466 3962; x_wconf 87' lang='lat' dir='ltr'>quia,</span> <span class='ocrx_word' id='word_1_569' title='bbox 1500 3900 1563 3947; x_wconf 92' lang='lat' dir='ltr'>ut</span> <span class='ocrx_word' id='word_1_570' title='bbox 1588 3895 1706 3964; x_wconf 89' lang='lat' dir='ltr'>ipse</span> <span class='ocrx_word' id='word_1_571' title='bbox 1735 3895 1834 3961; x_wconf 89' lang='lat' dir='ltr'>ait,</span> 
     </span>
    </p>
   </div>
   <div class='ocr_carea' id='block_1_72' title="bbox 239 3971 1840 4051">
    <p class='ocr_par' dir='ltr' id='par_1_72' title="bbox 239 3971 1840 4051">
     <span class='ocr_line' id='line_1_72' title="bbox 239 3971 1840 4051; baseline 0.009 -28"><span class='ocrx_word' id='word_1_572' title='bbox 239 3971 390 4024; x_wconf 92' lang='lat' dir='ltr'>Deus</span> <span class='ocrx_word' id='word_1_573' title='bbox 411 3972 655 4027; x_wconf 90' lang='lat' dir='ltr'>Verbum</span> <span class='ocrx_word' id='word_1_574' title='bbox 678 3982 858 4030; x_wconf 91' lang='lat' dir='ltr'>totum</span> <span class='ocrx_word' id='word_1_575' title='bbox 881 3980 1192 4050; x_wconf 91' lang='lat' dir='ltr'>suscipiens</span> <span class='ocrx_word' id='word_1_576' title='bbox 1211 3983 1358 4051; x_wconf 90' lang='lat' dir='ltr'>quod</span> <span class='ocrx_word' id='word_1_577' title='bbox 1381 3989 1465 4036; x_wconf 82' lang='lat' dir='ltr'>est</span> <span class='ocrx_word' id='word_1_578' title='bbox 1481 3982 1741 4048; x_wconf 89' lang='lat' dir='ltr'>hominis,</span> <span class='ocrx_word' id='word_1_579' title='bbox 1775 3990 1840 4038; x_wconf 91' lang='lat' dir='ltr'>ut</span> 
     </span>
    </p>
   </div>
   <div class='ocr_carea' id='block_1_73' title="bbox 237 4059 1840 4142">
    <p class='ocr_par' dir='ltr' id='par_1_73' title="bbox 237 4059 1840 4142">
     <span class='ocr_line' id='line_1_73' title="bbox 237 4059 1840 4142; baseline 0.009 -30"><span class='ocrx_word' id='word_1_580' title='bbox 237 4059 410 4113; x_wconf 86' lang='lat' dir='ltr'>homo</span> <span class='ocrx_word' id='word_1_581' title='bbox 434 4062 528 4125; x_wconf 91' lang='lat' dir='ltr'>sit,</span> <span class='ocrx_word' id='word_1_582' title='bbox 559 4069 616 4116; x_wconf 90' lang='lat' dir='ltr'>et</span> <span class='ocrx_word' id='word_1_583' title='bbox 633 4074 953 4136; x_wconf 86' lang='lat' dir='ltr'>assumptus</span> <span class='ocrx_word' id='word_1_584' title='bbox 973 4069 1137 4122; x_wconf 91' lang='lat' dir='ltr'>homo</span> <span class='ocrx_word' id='word_1_585' title='bbox 1159 4076 1338 4123; x_wconf 90' lang='lat' dir='ltr'>totum</span> <span class='ocrx_word' id='word_1_586' title='bbox 1359 4072 1679 4141; x_wconf 90' lang='lat' dir='ltr'>accipiendo</span> <span class='ocrx_word' id='word_1_587' title='bbox 1692 4073 1840 4142; x_wconf 93' lang='lat' dir='ltr'>quod</span> 
     </span>
    </p>
   </div>
   <div class='ocr_carea' id='block_1_74' title="bbox 239 4148 1839 4223">
    <p class='ocr_par' dir='ltr' id='par_1_74' title="bbox 239 4148 1839 4223">
     <span class='ocr_line' id='line_1_74' title="bbox 239 4148 1839 4223; baseline 0.008 -22"><span class='ocrx_word' id='word_1_588' title='bbox 239 4148 341 4202; x_wconf 88' lang='lat' dir='ltr'>Dei</span> <span class='ocrx_word' id='word_1_589' title='bbox 367 4156 470 4215; x_wconf 91' lang='lat' dir='ltr'>est,</span> <span class='ocrx_word' id='word_1_590' title='bbox 506 4152 700 4222; x_wconf 91' lang='lat' dir='ltr'>utique</span> <span class='ocrx_word' id='word_1_591' title='bbox 752 4155 900 4209; x_wconf 92' lang='lat' dir='ltr'>Deus</span> <span class='ocrx_word' id='word_1_592' title='bbox 953 4164 1055 4210; x_wconf 93' lang='lat' dir='ltr'>est.</span> <span class='ocrx_word' id='word_1_593' title='bbox 1090 4157 1250 4222; x_wconf 87' lang='lat' dir='ltr'>Quod</span> <span class='ocrx_word' id='word_1_594' title='bbox 1305 4159 1352 4212; x_wconf 93' lang='lat' dir='ltr'>si</span> <span class='ocrx_word' id='word_1_595' title='bbox 1396 4159 1477 4212; x_wconf 91' lang='lat' dir='ltr'>ita</span> <span class='ocrx_word' id='word_1_596' title='bbox 1507 4167 1609 4223; x_wconf 90' lang='lat' dir='ltr'>est,</span> <span class='ocrx_word' id='word_1_597' title='bbox 1642 4167 1705 4213; x_wconf 91' lang='lat' dir='ltr'>ut</span> <span class='ocrx_word' id='word_1_598' title='bbox 1733 4161 1839 4214; x_wconf 91' lang='lat' dir='ltr'>iste</span> 
     </span>
    </p>
   </div>
   <div class='ocr_carea' id='block_1_75' title="bbox 239 4237 1838 4316">
    <p class='ocr_par' dir='ltr' id='par_1_75' title="bbox 239 4237 1838 4316">
     <span class='ocr_line' id='line_1_75' title="bbox 239 4237 1838 4316; baseline 0.008 -26"><span class='ocrx_word' id='word_1_599' title='bbox 239 4237 528 4293; x_wconf 83' lang='lat' dir='ltr'>confessus</span> <span class='ocrx_word' id='word_1_600' title='bbox 548 4247 650 4304; x_wconf 89' lang='lat' dir='ltr'>est,</span> <span class='ocrx_word' id='word_1_601' title='bbox 687 4241 800 4296; x_wconf 89' lang='lat' dir='ltr'>imo</span> <span class='ocrx_word' id='word_1_602' title='bbox 832 4245 964 4314; x_wconf 89' lang='lat' dir='ltr'>quia</span> <span class='ocrx_word' id='word_1_603' title='bbox 994 4252 1099 4309; x_wconf 90' lang='lat' dir='ltr'>est,</span> <span class='ocrx_word' id='word_1_604' title='bbox 1138 4245 1257 4310; x_wconf 91' lang='lat' dir='ltr'>ubi,</span> <span class='ocrx_word' id='word_1_605' title='bbox 1289 4263 1494 4316; x_wconf 88' lang='lat' dir='ltr'>quaso,</span> <span class='ocrx_word' id='word_1_606' title='bbox 1527 4249 1838 4302; x_wconf 91' lang='lat' dir='ltr'>communis</span> 
     </span>
    </p>
   </div>
   <div class='ocr_carea' id='block_1_76' title="bbox 241 4327 1835 4397">
    <p class='ocr_par' dir='ltr' id='par_1_76' title="bbox 241 4327 1835 4397">
     <span class='ocr_line' id='line_1_76' title="bbox 241 4327 1835 4397; baseline 0.007 -17"><span class='ocrx_word' id='word_1_607' title='bbox 241 4333 327 4380; x_wconf 90' lang='lat' dir='ltr'>est</span> <span class='ocrx_word' id='word_1_608' title='bbox 356 4327 443 4380; x_wconf 73' lang='lat' dir='ltr'>lex</span> <span class='ocrx_word' id='word_1_609' title='bbox 473 4327 531 4382; x_wconf 91' lang='lat' dir='ltr'>in</span> <span class='ocrx_word' id='word_1_610' title='bbox 575 4333 872 4397; x_wconf 91' lang='lat' dir='ltr'>nascendo,</span> <span class='ocrx_word' id='word_1_611' title='bbox 924 4333 1018 4386; x_wconf 92' lang='lat' dir='ltr'>ubi</span> <span class='ocrx_word' id='word_1_612' title='bbox 1051 4334 1288 4388; x_wconf 92' lang='lat' dir='ltr'>colluvio</span> <span class='ocrx_word' id='word_1_613' title='bbox 1346 4335 1651 4389; x_wconf 78' lang='lat' dir='ltr'>vitiorum?</span> <span class='ocrx_word' id='word_1_614' title='bbox 1691 4337 1835 4391; x_wconf 84' lang='lat' dir='ltr'>Nam</span> 
     </span>
    </p>
   </div>
   <div class='ocr_carea' id='block_1_77' title="bbox 243 4419 1842 4498">
    <p class='ocr_par' dir='ltr' id='par_1_77' title="bbox 243 4419 1842 4498">
     <span class='ocr_line' id='line_1_77' title="bbox 243 4419 1842 4498; baseline 0.008 -27"><span class='ocrx_word' id='word_1_615' title='bbox 243 4419 503 4473; x_wconf 87' lang='lat' dir='ltr'>Christus</span> <span class='ocrx_word' id='word_1_616' title='bbox 534 4421 700 4487; x_wconf 90' lang='lat' dir='ltr'>Deus,</span> <span class='ocrx_word' id='word_1_617' title='bbox 727 4424 821 4494; x_wconf 91' lang='lat' dir='ltr'>qui</span> <span class='ocrx_word' id='word_1_618' title='bbox 853 4441 1137 4496; x_wconf 88' lang='lat' dir='ltr'>nunquam</span> <span class='ocrx_word' id='word_1_619' title='bbox 1171 4443 1281 4480; x_wconf 91' lang='lat' dir='ltr'>non</span> <span class='ocrx_word' id='word_1_620' title='bbox 1310 4426 1431 4493; x_wconf 83' lang='lat' dir='ltr'>fuit,</span> <span class='ocrx_word' id='word_1_621' title='bbox 1448 4444 1513 4480; x_wconf 87' lang='lat' dir='ltr'>ex</span> <span class='ocrx_word' id='word_1_622' title='bbox 1534 4445 1643 4498; x_wconf 91' lang='lat' dir='ltr'>quo</span> <span class='ocrx_word' id='word_1_623' title='bbox 1676 4429 1842 4484; x_wconf 91' lang='lat' dir='ltr'>homo</span> 
     </span>
    </p>
   </div>
   <div class='ocr_carea' id='block_1_78' title="bbox 243 4507 1845 4588">
    <p class='ocr_par' dir='ltr' id='par_1_78' title="bbox 243 4507 1845 4588">
     <span class='ocr_line' id='line_1_78' title="bbox 243 4507 1845 4588; baseline 0.007 -28"><span class='ocrx_word' id='word_1_624' title='bbox 243 4507 426 4562; x_wconf 86' lang='lat' dir='ltr'>factus</span> <span class='ocrx_word' id='word_1_625' title='bbox 455 4517 540 4564; x_wconf 92' lang='lat' dir='ltr'>est</span> <span class='ocrx_word' id='word_1_626' title='bbox 567 4517 621 4564; x_wconf 90' lang='lat' dir='ltr'>et</span> <span class='ocrx_word' id='word_1_627' title='bbox 659 4521 981 4584; x_wconf 88' lang='lat' dir='ltr'>assumptus</span> <span class='ocrx_word' id='word_1_628' title='bbox 1008 4515 1065 4568; x_wconf 92' lang='lat' dir='ltr'>in</span> <span class='ocrx_word' id='word_1_629' title='bbox 1097 4515 1313 4568; x_wconf 90' lang='lat' dir='ltr'>unitate</span> <span class='ocrx_word' id='word_1_630' title='bbox 1338 4533 1604 4586; x_wconf 87' lang='lat' dir='ltr'>persona,</span> <span class='ocrx_word' id='word_1_631' title='bbox 1623 4534 1845 4588; x_wconf 89' lang='lat' dir='ltr'>semper</span> 
     </span>
    </p>
   </div>
   <div class='ocr_carea' id='block_1_79' title="bbox 243 4599 1842 4670">
    <p class='ocr_par' dir='ltr' id='par_1_79' title="bbox 243 4599 1842 4670">
     <span class='ocr_line' id='line_1_79' title="bbox 243 4599 1842 4670; baseline 0.005 -19"><span class='ocrx_word' id='word_1_632' title='bbox 243 4599 455 4653; x_wconf 86' lang='lat' dir='ltr'>mansit</span> <span class='ocrx_word' id='word_1_633' title='bbox 483 4606 541 4653; x_wconf 90' lang='lat' dir='ltr'>et</span> <span class='ocrx_word' id='word_1_634' title='bbox 569 4610 862 4670; x_wconf 89' lang='lat' dir='ltr'>permanet</span> <span class='ocrx_word' id='word_1_635' title='bbox 891 4621 1052 4657; x_wconf 90' lang='lat' dir='ltr'>verus</span> <span class='ocrx_word' id='word_1_636' title='bbox 1082 4605 1230 4658; x_wconf 92' lang='lat' dir='ltr'>Deus</span> <span class='ocrx_word' id='word_1_637' title='bbox 1279 4611 1335 4658; x_wconf 92' lang='lat' dir='ltr'>et</span> <span class='ocrx_word' id='word_1_638' title='bbox 1366 4605 1552 4670; x_wconf 88' lang='lat' dir='ltr'>homo,</span> <span class='ocrx_word' id='word_1_639' title='bbox 1593 4622 1705 4658; x_wconf 91' lang='lat' dir='ltr'>non</span> <span class='ocrx_word' id='word_1_640' title='bbox 1732 4606 1842 4659; x_wconf 91' lang='lat' dir='ltr'>duo</span> 
     </span>
    </p>
   </div>
   <div class='ocr_carea' id='block_1_80' title="bbox 243 4689 1841 4758">
    <p class='ocr_par' dir='ltr' id='par_1_80' title="bbox 243 4689 1841 4758">
     <span class='ocr_line' id='line_1_80' title="bbox 243 4689 1841 4758; baseline 0.004 -17"><span class='ocrx_word' id='word_1_641' title='bbox 243 4689 473 4758; x_wconf 87' lang='lat' dir='ltr'>quidem</span> <span class='ocrx_word' id='word_1_642' title='bbox 533 4696 597 4743; x_wconf 91' lang='lat' dir='ltr'>ut</span> <span class='ocrx_word' id='word_1_643' title='bbox 651 4698 799 4745; x_wconf 92' lang='lat' dir='ltr'>esset</span> <span class='ocrx_word' id='word_1_644' title='bbox 855 4693 998 4746; x_wconf 86' lang='lat' dir='ltr'>alter</span> <span class='ocrx_word' id='word_1_645' title='bbox 1052 4693 1219 4754; x_wconf 87' lang='lat' dir='ltr'>Deus,</span> <span class='ocrx_word' id='word_1_646' title='bbox 1253 4699 1310 4746; x_wconf 91' lang='lat' dir='ltr'>et</span> <span class='ocrx_word' id='word_1_647' title='bbox 1333 4694 1476 4747; x_wconf 90' lang='lat' dir='ltr'>alter</span> <span class='ocrx_word' id='word_1_648' title='bbox 1523 4694 1708 4754; x_wconf 85' lang='lat' dir='ltr'>homo,</span> <span class='ocrx_word' id='word_1_649' title='bbox 1744 4695 1841 4748; x_wconf 93' lang='lat' dir='ltr'>sed</span> 
     </span>
    </p>
   </div>
   <div class='ocr_carea' id='block_1_81' title="bbox 245 4777 1840 4850">
    <p class='ocr_par' dir='ltr' id='par_1_81' title="bbox 245 4777 1840 4850">
     <span class='ocr_line' id='line_1_81' title="bbox 245 4777 1840 4850; baseline 0.003 -20"><span class='ocrx_word' id='word_1_650' title='bbox 245 4793 392 4830; x_wconf 90' lang='lat' dir='ltr'>unus</span> <span class='ocrx_word' id='word_1_651' title='bbox 423 4777 685 4850; x_wconf 89' lang='lat' dir='ltr'>idemque</span> <span class='ocrx_word' id='word_1_652' title='bbox 716 4781 862 4833; x_wconf 91' lang='lat' dir='ltr'>Deus</span> <span class='ocrx_word' id='word_1_653' title='bbox 891 4787 947 4834; x_wconf 91' lang='lat' dir='ltr'>et</span> <span class='ocrx_word' id='word_1_654' title='bbox 977 4781 1163 4835; x_wconf 90' lang='lat' dir='ltr'>homo.</span> <span class='ocrx_word' id='word_1_655' title='bbox 1199 4782 1463 4845; x_wconf 87' lang='lat' dir='ltr'>Quamvis</span> <span class='ocrx_word' id='word_1_656' title='bbox 1511 4783 1660 4835; x_wconf 91' lang='lat' dir='ltr'>enim</span> <span class='ocrx_word' id='word_1_657' title='bbox 1689 4783 1840 4836; x_wconf 90' lang='lat' dir='ltr'>aliud</span> 
     </span>
    </p>
   </div>
   <div class='ocr_carea' id='block_1_82' title="bbox 242 4868 1841 4941">
    <p class='ocr_par' dir='ltr' id='par_1_82' title="bbox 242 4868 1841 4941">
     <span class='ocr_line' id='line_1_82' title="bbox 242 4868 1841 4941; baseline 0.004 -23"><span class='ocrx_word' id='word_1_658' title='bbox 242 4883 345 4936; x_wconf 90' lang='lat' dir='ltr'>per</span> <span class='ocrx_word' id='word_1_659' title='bbox 375 4868 523 4936; x_wconf 91' lang='lat' dir='ltr'>quod</span> <span class='ocrx_word' id='word_1_660' title='bbox 552 4868 722 4934; x_wconf 92' lang='lat' dir='ltr'>Deus,</span> <span class='ocrx_word' id='word_1_661' title='bbox 754 4875 810 4922; x_wconf 93' lang='lat' dir='ltr'>et</span> <span class='ocrx_word' id='word_1_662' title='bbox 838 4869 989 4923; x_wconf 89' lang='lat' dir='ltr'>aliud</span> <span class='ocrx_word' id='word_1_663' title='bbox 1020 4887 1120 4940; x_wconf 90' lang='lat' dir='ltr'>per</span> <span class='ocrx_word' id='word_1_664' title='bbox 1139 4871 1286 4940; x_wconf 89' lang='lat' dir='ltr'>quod</span> <span class='ocrx_word' id='word_1_665' title='bbox 1309 4871 1494 4935; x_wconf 91' lang='lat' dir='ltr'>homo,</span> <span class='ocrx_word' id='word_1_666' title='bbox 1512 4870 1568 4922; x_wconf 92' lang='lat' dir='ltr'>in</span> <span class='ocrx_word' id='word_1_667' title='bbox 1602 4877 1841 4941; x_wconf 90' lang='lat' dir='ltr'>utroque</span> 
     </span>
    </p>
   </div>
   <div class='ocr_carea' id='block_1_83' title="bbox 243 4957 1840 5030">
    <p class='ocr_par' dir='ltr' id='par_1_83' title="bbox 243 4957 1840 5030">
     <span class='ocr_line' id='line_1_83' title="bbox 243 4957 1840 5030; baseline 0.004 -23"><span class='ocrx_word' id='word_1_668' title='bbox 243 4961 437 5008; x_wconf 89' lang='lat' dir='ltr'>tamen</span> <span class='ocrx_word' id='word_1_669' title='bbox 459 4973 605 5010; x_wconf 92' lang='lat' dir='ltr'>unus</span> <span class='ocrx_word' id='word_1_670' title='bbox 630 4957 779 5011; x_wconf 91' lang='lat' dir='ltr'>Deus</span> <span class='ocrx_word' id='word_1_671' title='bbox 811 4964 868 5012; x_wconf 91' lang='lat' dir='ltr'>et</span> <span class='ocrx_word' id='word_1_672' title='bbox 896 4959 1080 5023; x_wconf 91' lang='lat' dir='ltr'>homo,</span> <span class='ocrx_word' id='word_1_673' title='bbox 1116 4958 1248 5029; x_wconf 89' lang='lat' dir='ltr'>quia</span> <span class='ocrx_word' id='word_1_674' title='bbox 1267 4975 1380 5012; x_wconf 91' lang='lat' dir='ltr'>non</span> <span class='ocrx_word' id='word_1_675' title='bbox 1411 4959 1517 5011; x_wconf 82' lang='lat' dir='ltr'>fuit</span> <span class='ocrx_word' id='word_1_676' title='bbox 1537 4959 1840 5030; x_wconf 87' lang='lat' dir='ltr'>aliquando</span> 
     </span>
    </p>
   </div>
   <div class='ocr_carea' id='block_1_84' title="bbox 243 5045 1839 5118">
    <p class='ocr_par' dir='ltr' id='par_1_84' title="bbox 243 5045 1839 5118">
     <span class='ocr_line' id='line_1_84' title="bbox 243 5045 1839 5118; baseline 0.001 -20"><span class='ocrx_word' id='word_1_677' title='bbox 243 5061 421 5114; x_wconf 89' lang='lat' dir='ltr'>purus</span> <span class='ocrx_word' id='word_1_678' title='bbox 441 5045 563 5098; x_wconf 90' lang='lat' dir='ltr'>sine</span> <span class='ocrx_word' id='word_1_679' title='bbox 589 5046 704 5099; x_wconf 91' lang='lat' dir='ltr'>Deo</span> <span class='ocrx_word' id='word_1_680' title='bbox 725 5054 1025 5117; x_wconf 88' lang='lat' dir='ltr'>conceptus</span> <span class='ocrx_word' id='word_1_681' title='bbox 1055 5047 1137 5100; x_wconf 89' lang='lat' dir='ltr'>vel</span> <span class='ocrx_word' id='word_1_682' title='bbox 1167 5053 1334 5100; x_wconf 90' lang='lat' dir='ltr'>natus</span> <span class='ocrx_word' id='word_1_683' title='bbox 1365 5047 1548 5100; x_wconf 92' lang='lat' dir='ltr'>homo.</span> <span class='ocrx_word' id='word_1_684' title='bbox 1578 5047 1682 5100; x_wconf 88' lang='lat' dir='ltr'>Sed</span> <span class='ocrx_word' id='word_1_685' title='bbox 1705 5048 1839 5118; x_wconf 90' lang='lat' dir='ltr'>quia</span> 
     </span>
    </p>
   </div>
   <div class='ocr_carea' id='block_1_85' title="bbox 241 5135 1838 5204">
    <p class='ocr_par' dir='ltr' id='par_1_85' title="bbox 241 5135 1838 5204">
     <span class='ocr_line' id='line_1_85' title="bbox 241 5135 1838 5204; baseline 0.001 -18"><span class='ocrx_word' id='word_1_686' title='bbox 241 5139 545 5203; x_wconf 87' lang='lat' dir='ltr'>conceptus</span> <span class='ocrx_word' id='word_1_687' title='bbox 577 5139 662 5186; x_wconf 90' lang='lat' dir='ltr'>est</span> <span class='ocrx_word' id='word_1_688' title='bbox 710 5135 779 5188; x_wconf 87' lang='lat' dir='ltr'>de</span> <span class='ocrx_word' id='word_1_689' title='bbox 811 5136 1022 5204; x_wconf 88' lang='lat' dir='ltr'>Spiritu</span> <span class='ocrx_word' id='word_1_690' title='bbox 1053 5141 1244 5188; x_wconf 88' lang='lat' dir='ltr'>sancto</span> <span class='ocrx_word' id='word_1_691' title='bbox 1275 5151 1340 5187; x_wconf 87' lang='lat' dir='ltr'>ex</span> <span class='ocrx_word' id='word_1_692' title='bbox 1371 5135 1620 5204; x_wconf 83' lang='lat' dir='ltr'>virginea</span> <span class='ocrx_word' id='word_1_693' title='bbox 1649 5152 1838 5199; x_wconf 89' lang='lat' dir='ltr'>carne,</span> 
     </span>
    </p>
   </div>
   <div class='ocr_carea' id='block_1_86' title="bbox 243 5223 1837 5294">
    <p class='ocr_par' dir='ltr' id='par_1_86' title="bbox 243 5223 1837 5294">
     <span class='ocr_line' id='line_1_86' title="bbox 243 5223 1837 5294; baseline 0.001 -19"><span class='ocrx_word' id='word_1_694' title='bbox 243 5227 300 5275; x_wconf 88' lang='lat' dir='ltr'>et</span> <span class='ocrx_word' id='word_1_695' title='bbox 324 5229 491 5276; x_wconf 92' lang='lat' dir='ltr'>natus</span> <span class='ocrx_word' id='word_1_696' title='bbox 521 5223 689 5276; x_wconf 90' lang='lat' dir='ltr'>homo</span> <span class='ocrx_word' id='word_1_697' title='bbox 714 5240 861 5289; x_wconf 82' lang='lat' dir='ltr'>vere,</span> <span class='ocrx_word' id='word_1_698' title='bbox 889 5241 1015 5278; x_wconf 84' lang='lat' dir='ltr'>mox</span> <span class='ocrx_word' id='word_1_699' title='bbox 1037 5241 1100 5278; x_wconf 85' lang='lat' dir='ltr'>ex</span> <span class='ocrx_word' id='word_1_700' title='bbox 1128 5224 1248 5293; x_wconf 87' lang='lat' dir='ltr'>ipsa</span> <span class='ocrx_word' id='word_1_701' title='bbox 1277 5223 1635 5294; x_wconf 90' lang='lat' dir='ltr'>conceptione</span> <span class='ocrx_word' id='word_1_702' title='bbox 1654 5224 1837 5277; x_wconf 77' lang='lat' dir='ltr'>inetl&#39;a-</span> 
     </span>
    </p>
   </div>
   <div class='ocr_carea' id='block_1_87' title="bbox 243 5311 1842 5383">
    <p class='ocr_par' dir='ltr' id='par_1_87' title="bbox 243 5311 1842 5383">
     <span class='ocr_line' id='line_1_87' title="bbox 243 5311 1842 5383; baseline 0.001 -19"><span class='ocrx_word' id='word_1_703' title='bbox 243 5311 341 5365; x_wconf 89' lang='lat' dir='ltr'>bili</span> <span class='ocrx_word' id='word_1_704' title='bbox 373 5313 664 5366; x_wconf 88' lang='lat' dir='ltr'>nativitate</span> <span class='ocrx_word' id='word_1_705' title='bbox 714 5315 864 5367; x_wconf 92' lang='lat' dir='ltr'>Deus</span> <span class='ocrx_word' id='word_1_706' title='bbox 911 5330 1073 5366; x_wconf 89' lang='lat' dir='ltr'>verus</span> <span class='ocrx_word' id='word_1_707' title='bbox 1132 5313 1422 5383; x_wconf 80' lang='lat' dir='ltr'>processit,</span> <span class='ocrx_word' id='word_1_708' title='bbox 1453 5319 1510 5365; x_wconf 89' lang='lat' dir='ltr'>et</span> <span class='ocrx_word' id='word_1_709' title='bbox 1561 5322 1726 5366; x_wconf 88' lang='lat' dir='ltr'>natus</span> <span class='ocrx_word' id='word_1_710' title='bbox 1756 5319 1842 5366; x_wconf 86' lang='lat' dir='ltr'>est</span> 
     </span>
    </p>
   </div>
   <div class='ocr_carea' id='block_1_88' title="bbox 244 5401 1844 5473">
    <p class='ocr_par' dir='ltr' id='par_1_88' title="bbox 244 5401 1844 5473">
     <span class='ocr_line' id='line_1_88' title="bbox 244 5401 1844 5473; baseline 0.001 -19"><span class='ocrx_word' id='word_1_711' title='bbox 244 5403 433 5454; x_wconf 91' lang='lat' dir='ltr'>homo.</span> <span class='ocrx_word' id='word_1_712' title='bbox 461 5402 752 5466; x_wconf 89' lang='lat' dir='ltr'>Quomodo</span> <span class='ocrx_word' id='word_1_713' title='bbox 803 5418 936 5473; x_wconf 89' lang='lat' dir='ltr'>ergo</span> <span class='ocrx_word' id='word_1_714' title='bbox 980 5418 1278 5455; x_wconf 89' lang='lat' dir='ltr'>commune</span> <span class='ocrx_word' id='word_1_715' title='bbox 1330 5401 1537 5454; x_wconf 90' lang='lat' dir='ltr'>dicitur</span> <span class='ocrx_word' id='word_1_716' title='bbox 1563 5402 1710 5471; x_wconf 89' lang='lat' dir='ltr'>quod</span> <span class='ocrx_word' id='word_1_717' title='bbox 1757 5408 1844 5455; x_wconf 86' lang='lat' dir='ltr'>cst</span> 
     </span>
    </p>
   </div>
   <div class='ocr_carea' id='block_1_89' title="bbox 245 5490 1844 5562">
    <p class='ocr_par' dir='ltr' id='par_1_89' title="bbox 245 5490 1844 5562">
     <span class='ocr_line' id='line_1_89' title="bbox 245 5490 1844 5562; baseline 0 -18"><span class='ocrx_word' id='word_1_718' title='bbox 245 5490 568 5544; x_wconf 72' lang='lat' dir='ltr'>ineffabile?</span> <span class='ocrx_word' id='word_1_719' title='bbox 599 5492 698 5545; x_wconf 89' lang='lat' dir='ltr'>Vel</span> <span class='ocrx_word' id='word_1_720' title='bbox 722 5492 1002 5562; x_wconf 91' lang='lat' dir='ltr'>quomodo</span> <span class='ocrx_word' id='word_1_721' title='bbox 1021 5508 1132 5545; x_wconf 89' lang='lat' dir='ltr'>non</span> <span class='ocrx_word' id='word_1_722' title='bbox 1156 5507 1378 5561; x_wconf 89' lang='lat' dir='ltr'>semper</span> <span class='ocrx_word' id='word_1_723' title='bbox 1405 5496 1559 5544; x_wconf 87' lang='lat' dir='ltr'>totus</span> <span class='ocrx_word' id='word_1_724' title='bbox 1581 5496 1666 5544; x_wconf 92' lang='lat' dir='ltr'>est</span> <span class='ocrx_word' id='word_1_725' title='bbox 1682 5507 1844 5544; x_wconf 90' lang='lat' dir='ltr'>verus</span> 
     </span>
    </p>
   </div>
   <div class='ocr_carea' id='block_1_90' title="bbox 246 5579 1846 5651">
    <p class='ocr_par' dir='ltr' id='par_1_90' title="bbox 246 5579 1846 5651">
     <span class='ocr_line' id='line_1_90' title="bbox 246 5579 1846 5651; baseline -0.002 -16"><span class='ocrx_word' id='word_1_726' title='bbox 246 5579 399 5635; x_wconf 89' lang='lat' dir='ltr'>Deus</span> <span class='ocrx_word' id='word_1_727' title='bbox 424 5581 700 5646; x_wconf 86' lang='lat' dir='ltr'>Christus,</span> <span class='ocrx_word' id='word_1_728' title='bbox 736 5581 1053 5651; x_wconf 90' lang='lat' dir='ltr'>quicunque</span> <span class='ocrx_word' id='word_1_729' title='bbox 1109 5581 1230 5633; x_wconf 89' lang='lat' dir='ltr'>sine</span> <span class='ocrx_word' id='word_1_730' title='bbox 1287 5596 1415 5632; x_wconf 91' lang='lat' dir='ltr'>vero</span> <span class='ocrx_word' id='word_1_731' title='bbox 1447 5580 1561 5633; x_wconf 92' lang='lat' dir='ltr'>Deo</span> <span class='ocrx_word' id='word_1_732' title='bbox 1589 5595 1690 5634; x_wconf 90' lang='lat' dir='ltr'>nec</span> <span class='ocrx_word' id='word_1_733' title='bbox 1717 5595 1846 5633; x_wconf 89' lang='lat' dir='ltr'>con-</span> 
     </span>
    </p>
   </div>
   <div class='ocr_carea' id='block_1_91' title="bbox 1924 3184 3527 3258">
    <p class='ocr_par' dir='ltr' id='par_1_91' title="bbox 1924 3184 3527 3258">
     <span class='ocr_line' id='line_1_91' title="bbox 1924 3184 3527 3258; baseline -0.004 -16"><span class='ocrx_word' id='word_1_734' title='bbox 1924 3189 2031 3242; x_wconf 89' lang='lat' dir='ltr'>fuit</span> <span class='ocrx_word' id='word_1_735' title='bbox 2058 3189 2158 3242; x_wconf 92' lang='lat' dir='ltr'>Dei</span> <span class='ocrx_word' id='word_1_736' title='bbox 2189 3188 2381 3253; x_wconf 88' lang='lat' dir='ltr'>Filius,</span> <span class='ocrx_word' id='word_1_737' title='bbox 2414 3187 2510 3258; x_wconf 88' lang='lat' dir='ltr'>qui</span> <span class='ocrx_word' id='word_1_738' title='bbox 2539 3187 2914 3258; x_wconf 88' lang='lat' dir='ltr'>sempiternus</span> <span class='ocrx_word' id='word_1_739' title='bbox 2946 3190 3240 3257; x_wconf 88' lang='lat' dir='ltr'>permanet</span> <span class='ocrx_word' id='word_1_740' title='bbox 3265 3184 3415 3237; x_wconf 91' lang='lat' dir='ltr'>unici</span> <span class='ocrx_word' id='word_1_741' title='bbox 3432 3199 3527 3252; x_wconf 87' lang='lat' dir='ltr'>ge-</span> 
     </span>
    </p>
   </div>
   <div class='ocr_carea' id='block_1_92' title="bbox 1925 3272 3522 3346">
    <p class='ocr_par' dir='ltr' id='par_1_92' title="bbox 1925 3272 3522 3346">
     <span class='ocr_line' id='line_1_92' title="bbox 1925 3272 3522 3346; baseline -0.004 -16"><span class='ocrx_word' id='word_1_742' title='bbox 1925 3277 2125 3331; x_wconf 91' lang='lat' dir='ltr'>nitoris</span> <span class='ocrx_word' id='word_1_743' title='bbox 2151 3276 2493 3346; x_wconf 86' lang='lat' dir='ltr'>unigenitus.</span> <span class='ocrx_word' id='word_1_744' title='bbox 2520 3276 2824 3346; x_wconf 87' lang='lat' dir='ltr'>Nunquam</span> <span class='ocrx_word' id='word_1_745' title='bbox 2863 3275 3040 3344; x_wconf 81' lang='lat' dir='ltr'>igitur</span> <span class='ocrx_word' id='word_1_746' title='bbox 3065 3274 3184 3344; x_wconf 89' lang='lat' dir='ltr'>ipse</span> <span class='ocrx_word' id='word_1_747' title='bbox 3214 3288 3390 3342; x_wconf 91' lang='lat' dir='ltr'>purus</span> <span class='ocrx_word' id='word_1_748' title='bbox 3421 3272 3522 3324; x_wconf 91' lang='lat' dir='ltr'>ho—</span> 
     </span>
    </p>
   </div>
   <div class='ocr_carea' id='block_1_93' title="bbox 1924 3362 3524 3435">
    <p class='ocr_par' dir='ltr' id='par_1_93' title="bbox 1924 3362 3524 3435">
     <span class='ocr_line' id='line_1_93' title="bbox 1924 3362 3524 3435; baseline -0.004 -16"><span class='ocrx_word' id='word_1_749' title='bbox 1924 3382 2018 3420; x_wconf 88' lang='lat' dir='ltr'>mo</span> <span class='ocrx_word' id='word_1_750' title='bbox 2049 3371 2368 3435; x_wconf 89' lang='lat' dir='ltr'>conceptus,</span> <span class='ocrx_word' id='word_1_751' title='bbox 2395 3381 2577 3434; x_wconf 90' lang='lat' dir='ltr'>neque</span> <span class='ocrx_word' id='word_1_752' title='bbox 2608 3370 2775 3417; x_wconf 91' lang='lat' dir='ltr'>natus</span> <span class='ocrx_word' id='word_1_753' title='bbox 2811 3364 2956 3416; x_wconf 89' lang='lat' dir='ltr'>sicut</span> <span class='ocrx_word' id='word_1_754' title='bbox 3003 3362 3188 3416; x_wconf 82' lang='lat' dir='ltr'>cateri</span> <span class='ocrx_word' id='word_1_755' title='bbox 3214 3365 3524 3414; x_wconf 89' lang='lat' dir='ltr'>nascuntur</span> 
     </span>
    </p>
   </div>
   <div class='ocr_carea' id='block_1_94' title="bbox 1922 3449 3525 3522">
    <p class='ocr_par' dir='ltr' id='par_1_94' title="bbox 1922 3449 3525 3522">
     <span class='ocr_line' id='line_1_94' title="bbox 1922 3449 3525 3522; baseline -0.004 -15"><span class='ocrx_word' id='word_1_756' title='bbox 1922 3453 2185 3520; x_wconf 90' lang='lat' dir='ltr'>infantes,</span> <span class='ocrx_word' id='word_1_757' title='bbox 2219 3462 2280 3507; x_wconf 93' lang='lat' dir='ltr'>ut</span> <span class='ocrx_word' id='word_1_758' title='bbox 2316 3453 2366 3506; x_wconf 93' lang='lat' dir='ltr'>ei</span> <span class='ocrx_word' id='word_1_759' title='bbox 2418 3469 2483 3506; x_wconf 86' lang='lat' dir='ltr'>ex</span> <span class='ocrx_word' id='word_1_760' title='bbox 2539 3452 2855 3522; x_wconf 81' lang='lat' dir='ltr'>adoptionis</span> <span class='ocrx_word' id='word_1_761' title='bbox 2879 3452 3063 3520; x_wconf 88' lang='lat' dir='ltr'>gratia</span> <span class='ocrx_word' id='word_1_762' title='bbox 3092 3457 3191 3505; x_wconf 88' lang='lat' dir='ltr'>aut</span> <span class='ocrx_word' id='word_1_763' title='bbox 3220 3467 3286 3502; x_wconf 85' lang='lat' dir='ltr'>ex</span> <span class='ocrx_word' id='word_1_764' title='bbox 3316 3449 3525 3502; x_wconf 85' lang='lat' dir='ltr'>emolu-</span> 
     </span>
    </p>
   </div>
   <div class='ocr_carea' id='block_1_95' title="bbox 1923 3537 3520 3611">
    <p class='ocr_par' dir='ltr' id='par_1_95' title="bbox 1923 3537 3520 3611">
     <span class='ocr_line' id='line_1_95' title="bbox 1923 3537 3520 3611; baseline -0.004 -15"><span class='ocrx_word' id='word_1_765' title='bbox 1923 3549 2112 3596; x_wconf 88' lang='lat' dir='ltr'>mento</span> <span class='ocrx_word' id='word_1_766' title='bbox 2146 3543 2417 3595; x_wconf 90' lang='lat' dir='ltr'>virtutum</span> <span class='ocrx_word' id='word_1_767' title='bbox 2459 3541 2826 3611; x_wconf 68' lang='lat' dir='ltr'>praerogativa</span> <span class='ocrx_word' id='word_1_768' title='bbox 2853 3541 2952 3592; x_wconf 84' lang='lat' dir='ltr'>ﬁlii</span> <span class='ocrx_word' id='word_1_769' title='bbox 2983 3545 3382 3609; x_wconf 63' lang='lat' dir='ltr'>praestaretur;</span> <span class='ocrx_word' id='word_1_770' title='bbox 3424 3537 3520 3590; x_wconf 90' lang='lat' dir='ltr'>sed</span> 
     </span>
    </p>
   </div>
   <div class='ocr_carea' id='block_1_96' title="bbox 1923 3626 3521 3702">
    <p class='ocr_par' dir='ltr' id='par_1_96' title="bbox 1923 3626 3521 3702">
     <span class='ocr_line' id='line_1_96' title="bbox 1923 3626 3521 3702; baseline -0.006 -16"><span class='ocrx_word' id='word_1_771' title='bbox 1923 3633 2024 3686; x_wconf 90' lang='lat' dir='ltr'>Dei</span> <span class='ocrx_word' id='word_1_772' title='bbox 2041 3631 2411 3702; x_wconf 86' lang='lat' dir='ltr'>Vcrbum,qui</span> <span class='ocrx_word' id='word_1_773' title='bbox 2431 3648 2560 3684; x_wconf 86' lang='lat' dir='ltr'>caro</span> <span class='ocrx_word' id='word_1_774' title='bbox 2582 3630 2790 3683; x_wconf 84' lang='lat' dir='ltr'>factum</span> <span class='ocrx_word' id='word_1_775' title='bbox 2812 3626 3521 3697; x_wconf 84' lang='lat' dir='ltr'>est,assumpsithominem</span> 
     </span>
    </p>
   </div>
   <div class='ocr_carea' id='block_1_97' title="bbox 1923 3714 3520 3791">
    <p class='ocr_par' dir='ltr' id='par_1_97' title="bbox 1923 3714 3520 3791">
     <span class='ocr_line' id='line_1_97' title="bbox 1923 3714 3520 3791; baseline -0.006 -16"><span class='ocrx_word' id='word_1_776' title='bbox 1923 3722 1980 3775; x_wconf 90' lang='lat' dir='ltr'>in</span> <span class='ocrx_word' id='word_1_777' title='bbox 2007 3739 2067 3775; x_wconf 91' lang='lat' dir='ltr'>se</span> <span class='ocrx_word' id='word_1_778' title='bbox 2092 3722 2213 3775; x_wconf 91' lang='lat' dir='ltr'>sine</span> <span class='ocrx_word' id='word_1_779' title='bbox 2241 3737 2480 3791; x_wconf 89' lang='lat' dir='ltr'>persona</span> <span class='ocrx_word' id='word_1_780' title='bbox 2510 3719 2773 3781; x_wconf 89' lang='lat' dir='ltr'>hominis,</span> <span class='ocrx_word' id='word_1_781' title='bbox 2799 3724 2859 3771; x_wconf 88' lang='lat' dir='ltr'>ut</span> <span class='ocrx_word' id='word_1_782' title='bbox 2887 3723 3040 3770; x_wconf 89' lang='lat' dir='ltr'>totus</span> <span class='ocrx_word' id='word_1_783' title='bbox 3068 3723 3215 3768; x_wconf 88' lang='lat' dir='ltr'>esset</span> <span class='ocrx_word' id='word_1_784' title='bbox 3263 3714 3520 3768; x_wconf 90' lang='lat' dir='ltr'>Christus</span> 
     </span>
    </p>
   </div>
   <div class='ocr_carea' id='block_1_98' title="bbox 1922 3801 3517 3881">
    <p class='ocr_par' dir='ltr' id='par_1_98' title="bbox 1922 3801 3517 3881">
     <span class='ocr_line' id='line_1_98' title="bbox 1922 3801 3517 3881; baseline -0.007 -16"><span class='ocrx_word' id='word_1_785' title='bbox 1922 3811 2204 3881; x_wconf 89' lang='lat' dir='ltr'>proprius,</span> <span class='ocrx_word' id='word_1_786' title='bbox 2237 3826 2350 3862; x_wconf 92' lang='lat' dir='ltr'>non</span> <span class='ocrx_word' id='word_1_787' title='bbox 2379 3825 2444 3862; x_wconf 87' lang='lat' dir='ltr'>ex</span> <span class='ocrx_word' id='word_1_788' title='bbox 2474 3808 2619 3860; x_wconf 90' lang='lat' dir='ltr'>dono</span> <span class='ocrx_word' id='word_1_789' title='bbox 2643 3806 2840 3876; x_wconf 85' lang='lat' dir='ltr'>gratia</span> <span class='ocrx_word' id='word_1_790' title='bbox 2871 3804 3209 3858; x_wconf 82' lang='lat' dir='ltr'>renascendo</span> <span class='ocrx_word' id='word_1_791' title='bbox 3231 3809 3296 3856; x_wconf 93' lang='lat' dir='ltr'>ut</span> <span class='ocrx_word' id='word_1_792' title='bbox 3310 3801 3517 3866; x_wconf 85' lang='lat' dir='ltr'>cateri,</span> 
     </span>
    </p>
   </div>
   <div class='ocr_carea' id='block_1_99' title="bbox 1922 3893 3522 3968">
    <p class='ocr_par' dir='ltr' id='par_1_99' title="bbox 1922 3893 3522 3968">
     <span class='ocr_line' id='line_1_99' title="bbox 1922 3893 3522 3968; baseline -0.006 -15"><span class='ocrx_word' id='word_1_793' title='bbox 1922 3899 2020 3953; x_wconf 93' lang='lat' dir='ltr'>sed</span> <span class='ocrx_word' id='word_1_794' title='bbox 2047 3900 2207 3952; x_wconf 88' lang='lat' dir='ltr'>salva</span> <span class='ocrx_word' id='word_1_795' title='bbox 2236 3897 2578 3968; x_wconf 89' lang='lat' dir='ltr'>proprietate</span> <span class='ocrx_word' id='word_1_796' title='bbox 2607 3895 2899 3964; x_wconf 89' lang='lat' dir='ltr'>utriusque</span> <span class='ocrx_word' id='word_1_797' title='bbox 2947 3899 3180 3947; x_wconf 78' lang='lat' dir='ltr'>natura.</span> <span class='ocrx_word' id='word_1_798' title='bbox 3215 3893 3522 3946; x_wconf 88' lang='lat' dir='ltr'>Personam</span> 
     </span>
    </p>
   </div>
   <div class='ocr_carea' id='block_1_100' title="bbox 1923 3979 3521 4053">
    <p class='ocr_par' dir='ltr' id='par_1_100' title="bbox 1923 3979 3521 4053">
     <span class='ocr_line' id='line_1_100' title="bbox 1923 3979 3521 4053; baseline -0.004 -15"><span class='ocrx_word' id='word_1_799' title='bbox 1923 4003 2052 4039; x_wconf 91' lang='lat' dir='ltr'>vero</span> <span class='ocrx_word' id='word_1_800' title='bbox 2074 3985 2318 4040; x_wconf 91' lang='lat' dir='ltr'>hominis</span> <span class='ocrx_word' id='word_1_801' title='bbox 2332 3985 2456 4038; x_wconf 92' lang='lat' dir='ltr'>ideo</span> <span class='ocrx_word' id='word_1_802' title='bbox 2487 4000 2599 4037; x_wconf 90' lang='lat' dir='ltr'>non</span> <span class='ocrx_word' id='word_1_803' title='bbox 2631 3983 2952 4053; x_wconf 89' lang='lat' dir='ltr'>assumpsit,</span> <span class='ocrx_word' id='word_1_804' title='bbox 2976 3983 3072 4035; x_wconf 87' lang='lat' dir='ltr'>sed</span> <span class='ocrx_word' id='word_1_805' title='bbox 3102 3987 3324 4034; x_wconf 90' lang='lat' dir='ltr'>tantum</span> <span class='ocrx_word' id='word_1_806' title='bbox 3343 3979 3521 4032; x_wconf 89' lang='lat' dir='ltr'>homi-</span> 
     </span>
    </p>
   </div>
   <div class='ocr_carea' id='block_1_101' title="bbox 1923 4067 3518 4144">
    <p class='ocr_par' dir='ltr' id='par_1_101' title="bbox 1923 4067 3518 4144">
     <span class='ocr_line' id='line_1_101' title="bbox 1923 4067 3518 4144; baseline -0.005 -16"><span class='ocrx_word' id='word_1_807' title='bbox 1923 4073 2357 4144; x_wconf 89' lang='lat' dir='ltr'>nem,quiaipse</span> <span class='ocrx_word' id='word_1_808' title='bbox 2396 4089 2634 4143; x_wconf 89' lang='lat' dir='ltr'>persona</span> <span class='ocrx_word' id='word_1_809' title='bbox 2662 4073 2830 4125; x_wconf 86' lang='lat' dir='ltr'>tertia</span> <span class='ocrx_word' id='word_1_810' title='bbox 2859 4088 2985 4124; x_wconf 91' lang='lat' dir='ltr'>cum</span> <span class='ocrx_word' id='word_1_811' title='bbox 3019 4071 3182 4124; x_wconf 88' lang='lat' dir='ltr'>Patre</span> <span class='ocrx_word' id='word_1_812' title='bbox 3218 4075 3276 4122; x_wconf 93' lang='lat' dir='ltr'>et</span> <span class='ocrx_word' id='word_1_813' title='bbox 3304 4067 3518 4138; x_wconf 90' lang='lat' dir='ltr'>Spiritu</span> 
     </span>
    </p>
   </div>
   <div class='ocr_carea' id='block_1_102' title="bbox 1922 4158 3521 4230">
    <p class='ocr_par' dir='ltr' id='par_1_102' title="bbox 1922 4158 3521 4230">
     <span class='ocr_line' id='line_1_102' title="bbox 1922 4158 3521 4230; baseline -0.004 -14"><span class='ocrx_word' id='word_1_814' title='bbox 1922 4164 1980 4217; x_wconf 91' lang='lat' dir='ltr'>in</span> <span class='ocrx_word' id='word_1_815' title='bbox 2013 4163 2287 4216; x_wconf 89' lang='lat' dir='ltr'>Trinitate</span> <span class='ocrx_word' id='word_1_816' title='bbox 2315 4163 2462 4216; x_wconf 93' lang='lat' dir='ltr'>Deus</span> <span class='ocrx_word' id='word_1_817' title='bbox 2518 4178 2663 4214; x_wconf 92' lang='lat' dir='ltr'>unus</span> <span class='ocrx_word' id='word_1_818' title='bbox 2717 4177 2938 4230; x_wconf 90' lang='lat' dir='ltr'>semper</span> <span class='ocrx_word' id='word_1_819' title='bbox 2985 4159 3109 4213; x_wconf 90' lang='lat' dir='ltr'>fuit.</span> <span class='ocrx_word' id='word_1_820' title='bbox 3157 4158 3367 4212; x_wconf 88' lang='lat' dir='ltr'>Idcirco</span> <span class='ocrx_word' id='word_1_821' title='bbox 3393 4158 3521 4226; x_wconf 91' lang='lat' dir='ltr'>jure</span> 
     </span>
    </p>
   </div>
   <div class='ocr_carea' id='block_1_103' title="bbox 1921 4245 3518 4322">
    <p class='ocr_par' dir='ltr' id='par_1_103' title="bbox 1921 4245 3518 4322">
     <span class='ocr_line' id='line_1_103' title="bbox 1921 4245 3518 4322; baseline -0.004 -17"><span class='ocrx_word' id='word_1_822' title='bbox 1921 4251 2067 4322; x_wconf 91' lang='lat' dir='ltr'>quod</span> <span class='ocrx_word' id='word_1_823' title='bbox 2083 4251 2351 4304; x_wconf 88' lang='lat' dir='ltr'>habuitin</span> <span class='ocrx_word' id='word_1_824' title='bbox 2390 4250 2704 4304; x_wconf 75' lang='lat' dir='ltr'>aeternitate</span> <span class='ocrx_word' id='word_1_825' title='bbox 2727 4265 3025 4319; x_wconf 76' lang='lat' dir='ltr'>personam</span> <span class='ocrx_word' id='word_1_826' title='bbox 3067 4264 3177 4302; x_wconf 90' lang='lat' dir='ltr'>non</span> <span class='ocrx_word' id='word_1_827' title='bbox 3191 4245 3518 4316; x_wconf 89' lang='lat' dir='ltr'>assumpsit,</span> 
     </span>
    </p>
   </div>
   <div class='ocr_carea' id='block_1_104' title="bbox 1927 4335 3527 4410">
    <p class='ocr_par' dir='ltr' id='par_1_104' title="bbox 1927 4335 3527 4410">
     <span class='ocr_line' id='line_1_104' title="bbox 1927 4335 3527 4410; baseline -0.003 -16"><span class='ocrx_word' id='word_1_828' title='bbox 1927 4341 2023 4394; x_wconf 91' lang='lat' dir='ltr'>sed</span> <span class='ocrx_word' id='word_1_829' title='bbox 2043 4341 2328 4394; x_wconf 87' lang='lat' dir='ltr'>hominem</span> <span class='ocrx_word' id='word_1_830' title='bbox 2359 4341 2416 4393; x_wconf 91' lang='lat' dir='ltr'>in</span> <span class='ocrx_word' id='word_1_831' title='bbox 2447 4347 2698 4410; x_wconf 90' lang='lat' dir='ltr'>tempore</span> <span class='ocrx_word' id='word_1_832' title='bbox 2718 4345 2886 4392; x_wconf 87' lang='lat' dir='ltr'>antea</span> <span class='ocrx_word' id='word_1_833' title='bbox 2904 4355 3066 4409; x_wconf 92' lang='lat' dir='ltr'>quem</span> <span class='ocrx_word' id='word_1_834' title='bbox 3083 4354 3193 4391; x_wconf 90' lang='lat' dir='ltr'>non</span> <span class='ocrx_word' id='word_1_835' title='bbox 3224 4335 3527 4400; x_wconf 87' lang='lat' dir='ltr'>habuit,ita</span> 
     </span>
    </p>
   </div>
   <div class='ocr_carea' id='block_1_105' title="bbox 1927 4424 3523 4499">
    <p class='ocr_par' dir='ltr' id='par_1_105' title="bbox 1927 4424 3523 4499">
     <span class='ocr_line' id='line_1_105' title="bbox 1927 4424 3523 4499; baseline -0.004 -17"><span class='ocrx_word' id='word_1_836' title='bbox 1927 4437 1991 4483; x_wconf 93' lang='lat' dir='ltr'>ut</span> <span class='ocrx_word' id='word_1_837' title='bbox 2017 4429 2112 4498; x_wconf 92' lang='lat' dir='ltr'>qui</span> <span class='ocrx_word' id='word_1_838' title='bbox 2144 4429 2406 4499; x_wconf 91' lang='lat' dir='ltr'>suscepit,</span> <span class='ocrx_word' id='word_1_839' title='bbox 2440 4434 2497 4482; x_wconf 91' lang='lat' dir='ltr'>et</span> <span class='ocrx_word' id='word_1_840' title='bbox 2552 4429 2700 4498; x_wconf 91' lang='lat' dir='ltr'>quod</span> <span class='ocrx_word' id='word_1_841' title='bbox 2759 4435 3078 4498; x_wconf 89' lang='lat' dir='ltr'>susceptum</span> <span class='ocrx_word' id='word_1_842' title='bbox 3132 4431 3236 4490; x_wconf 90' lang='lat' dir='ltr'>est,</span> <span class='ocrx_word' id='word_1_843' title='bbox 3269 4424 3414 4478; x_wconf 91' lang='lat' dir='ltr'>sicut</span> <span class='ocrx_word' id='word_1_844' title='bbox 3442 4424 3523 4476; x_wconf 89' lang='lat' dir='ltr'>ait</span> 
     </span>
    </p>
   </div>
   <div class='ocr_carea' id='block_1_106' title="bbox 1925 4513 3522 4586">
    <p class='ocr_par' dir='ltr' id='par_1_106' title="bbox 1925 4513 3522 4586">
     <span class='ocr_line' id='line_1_106' title="bbox 1925 4513 3522 4586; baseline -0.004 -16"><span class='ocrx_word' id='word_1_845' title='bbox 1925 4517 2123 4570; x_wconf 87' lang='lat' dir='ltr'>beatus</span> <span class='ocrx_word' id='word_1_846' title='bbox 2149 4518 2498 4586; x_wconf 86' lang='lat' dir='ltr'>Augustinus</span> <span class='ocrx_word' id='word_1_847' title='bbox 2528 4517 2585 4570; x_wconf 91' lang='lat' dir='ltr'>in</span> <span class='ocrx_word' id='word_1_848' title='bbox 2618 4517 2758 4571; x_wconf 93' lang='lat' dir='ltr'>libro</span> <span class='ocrx_word' id='word_1_849' title='bbox 2787 4518 2856 4570; x_wconf 90' lang='lat' dir='ltr'>de</span> <span class='ocrx_word' id='word_1_850' title='bbox 2877 4513 3522 4576; x_wconf 82' lang='lat' dir='ltr'>Pradestinatione.una</span> 
     </span>
    </p>
   </div>
   <div class='ocr_carea' id='block_1_107' title="bbox 1926 4599 3522 4675">
    <p class='ocr_par' dir='ltr' id='par_1_107' title="bbox 1926 4599 3522 4675">
     <span class='ocr_line' id='line_1_107' title="bbox 1926 4599 3522 4675; baseline -0.004 -16"><span class='ocrx_word' id='word_1_851' title='bbox 1926 4612 2073 4659; x_wconf 90' lang='lat' dir='ltr'>esset</span> <span class='ocrx_word' id='word_1_852' title='bbox 2103 4606 2160 4659; x_wconf 89' lang='lat' dir='ltr'>in</span> <span class='ocrx_word' id='word_1_853' title='bbox 2220 4606 2496 4659; x_wconf 88' lang='lat' dir='ltr'>Trinitate</span> <span class='ocrx_word' id='word_1_854' title='bbox 2550 4623 2824 4675; x_wconf 88' lang='lat' dir='ltr'>persona;</span> <span class='ocrx_word' id='word_1_855' title='bbox 2858 4605 3006 4674; x_wconf 91' lang='lat' dir='ltr'>quia,</span> <span class='ocrx_word' id='word_1_856' title='bbox 3041 4603 3185 4655; x_wconf 91' lang='lat' dir='ltr'>sicut</span> <span class='ocrx_word' id='word_1_857' title='bbox 3237 4601 3358 4671; x_wconf 92' lang='lat' dir='ltr'>ipse</span> <span class='ocrx_word' id='word_1_858' title='bbox 3388 4599 3522 4654; x_wconf 88' lang='lat' dir='ltr'>alibi</span> 
     </span>
    </p>
   </div>
   <div class='ocr_carea' id='block_1_108' title="bbox 1925 4690 3520 4759">
    <p class='ocr_par' dir='ltr' id='par_1_108' title="bbox 1925 4690 3520 4759">
     <span class='ocr_line' id='line_1_108' title="bbox 1925 4690 3520 4759; baseline -0.003 -11"><span class='ocrx_word' id='word_1_859' title='bbox 1925 4695 2024 4759; x_wconf 90' lang='lat' dir='ltr'>ait,</span> <span class='ocrx_word' id='word_1_860' title='bbox 2058 4699 2225 4748; x_wconf 91' lang='lat' dir='ltr'>natus</span> <span class='ocrx_word' id='word_1_861' title='bbox 2256 4701 2341 4748; x_wconf 89' lang='lat' dir='ltr'>est</span> <span class='ocrx_word' id='word_1_862' title='bbox 2369 4695 2436 4747; x_wconf 94' lang='lat' dir='ltr'>de</span> <span class='ocrx_word' id='word_1_863' title='bbox 2468 4695 2634 4747; x_wconf 88' lang='lat' dir='ltr'>Patre</span> <span class='ocrx_word' id='word_1_864' title='bbox 2663 4695 2812 4746; x_wconf 90' lang='lat' dir='ltr'>Deus</span> <span class='ocrx_word' id='word_1_865' title='bbox 2856 4692 3113 4753; x_wconf 84' lang='lat' dir='ltr'>Verbum,</span> <span class='ocrx_word' id='word_1_866' title='bbox 3149 4696 3319 4744; x_wconf 87' lang='lat' dir='ltr'>natus</span> <span class='ocrx_word' id='word_1_867' title='bbox 3338 4696 3424 4744; x_wconf 91' lang='lat' dir='ltr'>est</span> <span class='ocrx_word' id='word_1_868' title='bbox 3451 4690 3520 4744; x_wconf 92' lang='lat' dir='ltr'>de</span> 
     </span>
    </p>
   </div>
   <div class='ocr_carea' id='block_1_109' title="bbox 1923 4780 3518 4850">
    <p class='ocr_par' dir='ltr' id='par_1_109' title="bbox 1923 4780 3518 4850">
     <span class='ocr_line' id='line_1_109' title="bbox 1923 4780 3518 4850; baseline -0.003 -13"><span class='ocrx_word' id='word_1_869' title='bbox 1923 4789 2104 4838; x_wconf 89' lang='lat' dir='ltr'>matre</span> <span class='ocrx_word' id='word_1_870' title='bbox 2124 4782 2370 4836; x_wconf 89' lang='lat' dir='ltr'>Verbum</span> <span class='ocrx_word' id='word_1_871' title='bbox 2403 4799 2532 4835; x_wconf 87' lang='lat' dir='ltr'>caro</span> <span class='ocrx_word' id='word_1_872' title='bbox 2559 4782 2788 4846; x_wconf 87' lang='lat' dir='ltr'>factum,</span> <span class='ocrx_word' id='word_1_873' title='bbox 2822 4797 2966 4834; x_wconf 93' lang='lat' dir='ltr'>unus</span> <span class='ocrx_word' id='word_1_874' title='bbox 2996 4787 3165 4850; x_wconf 89' lang='lat' dir='ltr'>atque</span> <span class='ocrx_word' id='word_1_875' title='bbox 3194 4780 3345 4832; x_wconf 91' lang='lat' dir='ltr'>idem</span> <span class='ocrx_word' id='word_1_876' title='bbox 3371 4781 3518 4833; x_wconf 94' lang='lat' dir='ltr'>Deus</span> 
     </span>
    </p>
   </div>
   <div class='ocr_carea' id='block_1_110' title="bbox 1924 4869 3522 4936">
    <p class='ocr_par' dir='ltr' id='par_1_110' title="bbox 1924 4869 3522 4936">
     <span class='ocr_line' id='line_1_110' title="bbox 1924 4869 3522 4936; baseline -0.003 -10"><span class='ocrx_word' id='word_1_877' title='bbox 1924 4872 2024 4926; x_wconf 90' lang='lat' dir='ltr'>Dei</span> <span class='ocrx_word' id='word_1_878' title='bbox 2041 4872 2214 4926; x_wconf 89' lang='lat' dir='ltr'>Filius</span> <span class='ocrx_word' id='word_1_879' title='bbox 2243 4877 2408 4924; x_wconf 91' lang='lat' dir='ltr'>natus</span> <span class='ocrx_word' id='word_1_880' title='bbox 2429 4876 2558 4922; x_wconf 91' lang='lat' dir='ltr'>ante</span> <span class='ocrx_word' id='word_1_881' title='bbox 2588 4870 2806 4933; x_wconf 86' lang='lat' dir='ltr'>sacula,</span> <span class='ocrx_word' id='word_1_882' title='bbox 2839 4875 2896 4922; x_wconf 91' lang='lat' dir='ltr'>et</span> <span class='ocrx_word' id='word_1_883' title='bbox 2934 4877 3101 4922; x_wconf 85' lang='lat' dir='ltr'>natus</span> <span class='ocrx_word' id='word_1_884' title='bbox 3128 4869 3186 4922; x_wconf 91' lang='lat' dir='ltr'>in</span> <span class='ocrx_word' id='word_1_885' title='bbox 3215 4869 3436 4936; x_wconf 87' lang='lat' dir='ltr'>saculo,</span> <span class='ocrx_word' id='word_1_886' title='bbox 3465 4875 3522 4922; x_wconf 91' lang='lat' dir='ltr'>et</span> 
     </span>
    </p>
   </div>
   <div class='ocr_carea' id='block_1_111' title="bbox 1923 4957 3521 5030">
    <p class='ocr_par' dir='ltr' id='par_1_111' title="bbox 1923 4957 3521 5030">
     <span class='ocr_line' id='line_1_111' title="bbox 1923 4957 3521 5030; baseline -0.002 -17"><span class='ocrx_word' id='word_1_887' title='bbox 1923 4966 2163 5030; x_wconf 86' lang='lat' dir='ltr'>utraque</span> <span class='ocrx_word' id='word_1_888' title='bbox 2187 4959 2450 5013; x_wconf 88' lang='lat' dir='ltr'>nativitas</span> <span class='ocrx_word' id='word_1_889' title='bbox 2496 4958 2660 5010; x_wconf 91' lang='lat' dir='ltr'>unius</span> <span class='ocrx_word' id='word_1_890' title='bbox 2716 4964 2801 5010; x_wconf 88' lang='lat' dir='ltr'>est</span> <span class='ocrx_word' id='word_1_891' title='bbox 2853 4957 2977 5010; x_wconf 89' lang='lat' dir='ltr'>Filii</span> <span class='ocrx_word' id='word_1_892' title='bbox 3009 4957 3146 5023; x_wconf 89' lang='lat' dir='ltr'>Dei;</span> <span class='ocrx_word' id='word_1_893' title='bbox 3182 4974 3247 5011; x_wconf 90' lang='lat' dir='ltr'>ac</span> <span class='ocrx_word' id='word_1_894' title='bbox 3276 4975 3378 5028; x_wconf 91' lang='lat' dir='ltr'>per</span> <span class='ocrx_word' id='word_1_895' title='bbox 3417 4958 3521 5010; x_wconf 90' lang='lat' dir='ltr'>hoc</span> 
     </span>
    </p>
   </div>
   <div class='ocr_carea' id='block_1_112' title="bbox 1922 5043 3518 5116">
    <p class='ocr_par' dir='ltr' id='par_1_112' title="bbox 1922 5043 3518 5116">
     <span class='ocr_line' id='line_1_112' title="bbox 1922 5043 3518 5116; baseline -0.003 -16"><span class='ocrx_word' id='word_1_896' title='bbox 1922 5048 2093 5116; x_wconf 82' lang='lat' dir='ltr'>Virgo</span> <span class='ocrx_word' id='word_1_897' title='bbox 2122 5048 2300 5102; x_wconf 88' lang='lat' dir='ltr'>Maria</span> <span class='ocrx_word' id='word_1_898' title='bbox 2322 5048 2450 5116; x_wconf 91' lang='lat' dir='ltr'>jure</span> <span class='ocrx_word' id='word_1_899' title='bbox 2471 5046 2569 5099; x_wconf 88' lang='lat' dir='ltr'>Dei</span> <span class='ocrx_word' id='word_1_900' title='bbox 2601 5045 2858 5099; x_wconf 83' lang='lat' dir='ltr'>Genitrix</span> <span class='ocrx_word' id='word_1_901' title='bbox 2889 5052 3135 5112; x_wconf 88' lang='lat' dir='ltr'>vocatur,</span> <span class='ocrx_word' id='word_1_902' title='bbox 3173 5046 3305 5116; x_wconf 89' lang='lat' dir='ltr'>quia</span> <span class='ocrx_word' id='word_1_903' title='bbox 3321 5043 3518 5115; x_wconf 86' lang='lat' dir='ltr'>genuit</span> 
     </span>
    </p>
   </div>
   <div class='ocr_carea' id='block_1_113' title="bbox 1924 5134 3519 5200">
    <p class='ocr_par' dir='ltr' id='par_1_113' title="bbox 1924 5134 3519 5200">
     <span class='ocr_line' id='line_1_113' title="bbox 1924 5134 3519 5200; baseline -0.003 -10"><span class='ocrx_word' id='word_1_904' title='bbox 1924 5137 2102 5190; x_wconf 91' lang='lat' dir='ltr'>Deum</span> <span class='ocrx_word' id='word_1_905' title='bbox 2114 5141 2171 5189; x_wconf 90' lang='lat' dir='ltr'>et</span> <span class='ocrx_word' id='word_1_906' title='bbox 2190 5135 2494 5188; x_wconf 78' lang='lat' dir='ltr'>hominem.</span> <span class='ocrx_word' id='word_1_907' title='bbox 2522 5134 2767 5188; x_wconf 87' lang='lat' dir='ltr'>Verbum</span> <span class='ocrx_word' id='word_1_908' title='bbox 2791 5151 2920 5188; x_wconf 89' lang='lat' dir='ltr'>caro</span> <span class='ocrx_word' id='word_1_909' title='bbox 2946 5136 3176 5200; x_wconf 86' lang='lat' dir='ltr'>factum,</span> <span class='ocrx_word' id='word_1_910' title='bbox 3200 5151 3311 5187; x_wconf 92' lang='lat' dir='ltr'>non</span> <span class='ocrx_word' id='word_1_911' title='bbox 3328 5141 3390 5186; x_wconf 93' lang='lat' dir='ltr'>ut</span> <span class='ocrx_word' id='word_1_912' title='bbox 3419 5149 3519 5186; x_wconf 84' lang='lat' dir='ltr'>ca-</span> 
     </span>
    </p>
   </div>
   <div class='ocr_carea' id='block_1_114' title="bbox 1926 5222 3517 5292">
    <p class='ocr_par' dir='ltr' id='par_1_114' title="bbox 1926 5222 3517 5292">
     <span class='ocr_line' id='line_1_114' title="bbox 1926 5222 3517 5292; baseline -0.003 -15"><span class='ocrx_word' id='word_1_913' title='bbox 1926 5225 2032 5277; x_wconf 91' lang='lat' dir='ltr'>teri</span> <span class='ocrx_word' id='word_1_914' title='bbox 2066 5229 2372 5277; x_wconf 90' lang='lat' dir='ltr'>nascuntur</span> <span class='ocrx_word' id='word_1_915' title='bbox 2391 5223 2652 5286; x_wconf 81' lang='lat' dir='ltr'>infantes,</span> <span class='ocrx_word' id='word_1_916' title='bbox 2685 5230 2783 5278; x_wconf 87' lang='lat' dir='ltr'>aut</span> <span class='ocrx_word' id='word_1_917' title='bbox 2804 5230 2866 5278; x_wconf 92' lang='lat' dir='ltr'>ut</span> <span class='ocrx_word' id='word_1_918' title='bbox 2886 5242 2949 5278; x_wconf 89' lang='lat' dir='ltr'>ex</span> <span class='ocrx_word' id='word_1_919' title='bbox 2979 5225 3126 5278; x_wconf 89' lang='lat' dir='ltr'>dono</span> <span class='ocrx_word' id='word_1_920' title='bbox 3145 5222 3338 5292; x_wconf 85' lang='lat' dir='ltr'>gratia</span> <span class='ocrx_word' id='word_1_921' title='bbox 3374 5222 3517 5274; x_wconf 84' lang='lat' dir='ltr'>ﬁunt</span> 
     </span>
    </p>
   </div>
   <div class='ocr_carea' id='block_1_115' title="bbox 1925 5310 3514 5383">
    <p class='ocr_par' dir='ltr' id='par_1_115' title="bbox 1925 5310 3514 5383">
     <span class='ocr_line' id='line_1_115' title="bbox 1925 5310 3514 5383; baseline -0.003 -17"><span class='ocrx_word' id='word_1_922' title='bbox 1925 5313 2199 5377; x_wconf 90' lang='lat' dir='ltr'>homines,</span> <span class='ocrx_word' id='word_1_923' title='bbox 2217 5313 2334 5376; x_wconf 91' lang='lat' dir='ltr'>sed,</span> <span class='ocrx_word' id='word_1_924' title='bbox 2363 5312 2505 5366; x_wconf 91' lang='lat' dir='ltr'>sicut</span> <span class='ocrx_word' id='word_1_925' title='bbox 2534 5311 2732 5366; x_wconf 87' lang='lat' dir='ltr'>beatus</span> <span class='ocrx_word' id='word_1_926' title='bbox 2763 5314 3064 5383; x_wconf 79' lang='lat' dir='ltr'>Gregorius</span> <span class='ocrx_word' id='word_1_927' title='bbox 3091 5311 3171 5364; x_wconf 88' lang='lat' dir='ltr'>ait</span> <span class='ocrx_word' id='word_1_928' title='bbox 3199 5310 3257 5363; x_wconf 89' lang='lat' dir='ltr'>in</span> <span class='ocrx_word' id='word_1_929' title='bbox 3288 5310 3514 5364; x_wconf 87' lang='lat' dir='ltr'>Morali-</span> 
     </span>
    </p>
   </div>
   <div class='ocr_carea' id='block_1_116' title="bbox 1924 5399 3518 5472">
    <p class='ocr_par' dir='ltr' id='par_1_116' title="bbox 1924 5399 3518 5472">
     <span class='ocr_line' id='line_1_116' title="bbox 1924 5399 3518 5472; baseline -0.001 -19"><span class='ocrx_word' id='word_1_930' title='bbox 1924 5401 2046 5466; x_wconf 91' lang='lat' dir='ltr'>bus,</span> <span class='ocrx_word' id='word_1_931' title='bbox 2067 5402 2217 5454; x_wconf 87' lang='lat' dir='ltr'>salva</span> <span class='ocrx_word' id='word_1_932' title='bbox 2236 5401 2577 5472; x_wconf 85' lang='lat' dir='ltr'>proprietate</span> <span class='ocrx_word' id='word_1_933' title='bbox 2598 5401 2890 5472; x_wconf 89' lang='lat' dir='ltr'>utriusque</span> <span class='ocrx_word' id='word_1_934' title='bbox 2910 5408 3122 5454; x_wconf 86' lang='lat' dir='ltr'>natura</span> <span class='ocrx_word' id='word_1_935' title='bbox 3142 5399 3518 5453; x_wconf 88' lang='lat' dir='ltr'>essentialiter</span> 
     </span>
    </p>
   </div>
   <div class='ocr_carea' id='block_1_117' title="bbox 1924 5487 3515 5562">
    <p class='ocr_par' dir='ltr' id='par_1_117' title="bbox 1924 5487 3515 5562">
     <span class='ocr_line' id='line_1_117' title="bbox 1924 5487 3515 5562; baseline -0.003 -18"><span class='ocrx_word' id='word_1_936' title='bbox 1924 5491 1984 5544; x_wconf 90' lang='lat' dir='ltr'>in</span> <span class='ocrx_word' id='word_1_937' title='bbox 2009 5508 2169 5545; x_wconf 92' lang='lat' dir='ltr'>suam</span> <span class='ocrx_word' id='word_1_938' title='bbox 2199 5491 2505 5561; x_wconf 89' lang='lat' dir='ltr'>assumpsit</span> <span class='ocrx_word' id='word_1_939' title='bbox 2551 5507 2846 5562; x_wconf 86' lang='lat' dir='ltr'>personam</span> <span class='ocrx_word' id='word_1_940' title='bbox 2902 5488 3207 5553; x_wconf 89' lang='lat' dir='ltr'>hominem,</span> <span class='ocrx_word' id='word_1_941' title='bbox 3240 5505 3340 5558; x_wconf 90' lang='lat' dir='ltr'>per</span> <span class='ocrx_word' id='word_1_942' title='bbox 3367 5487 3515 5558; x_wconf 92' lang='lat' dir='ltr'>quod</span> 
     </span>
    </p>
   </div>
   <div class='ocr_carea' id='block_1_118' title="bbox 1926 5577 3514 5634">
    <p class='ocr_par' dir='ltr' id='par_1_118' title="bbox 1926 5577 3514 5634">
     <span class='ocr_line' id='line_1_118' title="bbox 1926 5577 3514 5634; baseline -0.003 -2"><span class='ocrx_word' id='word_1_943' title='bbox 1926 5579 2181 5633; x_wconf 90' lang='lat' dir='ltr'>mirabile</span> <span class='ocrx_word' id='word_1_944' title='bbox 2200 5587 2615 5634; x_wconf 90' lang='lat' dir='ltr'>sacramentum</span> <span class='ocrx_word' id='word_1_945' title='bbox 2647 5586 2703 5631; x_wconf 92' lang='lat' dir='ltr'>et</span> <span class='ocrx_word' id='word_1_946' title='bbox 2727 5585 2967 5631; x_wconf 75' lang='lat' dir='ltr'>aeternus</span> <span class='ocrx_word' id='word_1_947' title='bbox 3017 5593 3084 5628; x_wconf 89' lang='lat' dir='ltr'>ex</span> <span class='ocrx_word' id='word_1_948' title='bbox 3109 5577 3276 5629; x_wconf 87' lang='lat' dir='ltr'>Patre</span> <span class='ocrx_word' id='word_1_949' title='bbox 3297 5583 3354 5629; x_wconf 90' lang='lat' dir='ltr'>et</span> <span class='ocrx_word' id='word_1_950' title='bbox 3380 5583 3514 5630; x_wconf 90' lang='lat' dir='ltr'>tem-</span> 
     </span>
    </p>
   </div>
  </div>
