3992 6166
441 280 577 338 1371

1198 282 1257 336 s.
1297 280 1677 338 PASCHASH
1714 282 2078 341 RADBERTI
2102 244 2419 340 lassam
2458 282 2960 339 eoasEIENSIs.

3580 281 3733 342 1372

442 407 653 478 poralis
678 422 743 464 ex
773 412 974 475 matre,
996 424 1145 465 unus
1172 408 1433 479 idemque
1450 416 1598 464 esset
1625 427 1789 465 verus
1813 411 1911 465 Dei
1934 412 2037 466 ho-
2055 417 2094 473 Α
2118 413 2303 468 ctione
2326 429 2429 468 sua
2474 410 2640 469 beata
2666 412 2836 483 Virgo
2878 412 3059 469 Maria
3104 412 3352 469 illum
3388 412 3729 471 Ecclesium

443 498 727 569 minisque
757 499 942 566 filius;
974 500 1259 569 quoniam,
1287 499 1432 552 sicut
1467 499 1582 569 ipse
1612 499 1692 554 ait
1720 501 1780 554 in
1829 501 2039 554 eisdem

444 588 768 645 Moralibus.
782 590 934 644 aliud
953 595 1040 644 est
1064 598 1227 643 natos
1256 589 1509 643 homines
1529 590 1768 659 gratiam
1791 590 2041 661 adoptio-

448 677 536 730 nis
562 695 662 748 per
680 694 809 733 eum
839 679 1107 748 accipere,
1150 678 1303 731 aliud
1335 694 1507 732 unum
1538 678 1900 749 singulariter
1942 696 2042 749 per

448 766 756 821 divinitatis
784 767 1092 837 potentiam
1126 767 1300 820 Deum
1333 783 1397 820 ex
1440 767 1561 837 ipso
1609 775 1880 838 conceptu
1909 784 2038 839 pro-

445 854 612 910 disse.

516 946 892 1014 Quapropter,
924 961 1132 1014 quaeso,
1163 952 1383 999 cessent
1412 944 1506 999 isti
1554 945 1738 999 dicere
1787 946 1866 1001 sic
1914 964 2042 1001 eum

444 1047 567 1087 esse
586 1038 783 1086 natum
812 1039 877 1087 ut
902 1034 1088 1088 eaateri
1143 1040 1479 1097 nascuntur;
1512 1035 1649 1105 quia
1692 1052 1801 1088 non
1845 1035 2044 1103 genuit

445 1137 574 1176 eum
587 1122 742 1190 virgo
758 1122 856 1177 Dei
878 1123 1131 1177 Genitrix
1160 1140 1228 1177 ex
1256 1123 1469 1193 origine
1506 1124 1698 1194 prima:
1715 1142 1848 1194 pm".
1865 1126 2043 1178 .u-ica-

446 1210 615 1263 tionis
635 1217 698 1264 ut
723 1218 1070 1270 renascatur.
1090 1212 1188 1266 sed
1234 1212 1304 1265 de
1339 1213 1550 1282 Spiritu
1582 1218 1775 1267 sancto
1799 1219 1866 1267 ut
1895 1214 2043 1267 Deus

445 1300 728 1364 credatur,
761 1300 883 1354 sine
905 1300 1095 1354 dolore
1123 1306 1177 1354 et
1205 1300 1324 1354 sine
1351 1302 1587 1370 gemitu,
1633 1301 1756 1356 sine
1790 1304 2047 1356 molestia

446 1393 503 1441 et
529 1402 800 1452 aerumna,
817 1389 937 1442 sine
965 1372 1197 1443 tristitia
1217 1394 1273 1442 et
1291 1390 1893 1460 afﬂictione,quoniam
1927 1392 2045 1445 hec

448 1477 639 1532 omnia
658 1477 969 1546 justissime
998 1478 1276 1532 damnatae
1304 1478 1488 1532 carnis
1532 1479 1588 1532 in
1619 1479 1802 1549 prima
1830 1480 2045 1549 origine

448 1566 844 1620 retributiones
863 1572 997 1620 sunt
1018 1573 1075 1621 et
1106 1567 1379 1623 vindictae.
1413 1570 1487 1621 At
1514 1585 1644 1621 vero
1672 1568 1834 1623 beata
1866 1570 2041 1623 Maria

444 1655 578 1709 licet
600 1655 723 1725 ipsa
750 1654 818 1707 de
848 1672 1015 1709 carne
1036 1656 1247 1726 peccati
1266 1656 1343 1709 sit
1370 1663 1504 1710 nata
1533 1663 1589 1710 et
1618 1664 1927 1727 procreata,
1953 1658 2039 1728 ip-

2121 518 2256 555 num
2288 502 2486 556 merito
2539 502 2886 556 sanctificata
2932 502 2990 556 in
3023 503 3236 573 Spiritu
3293 504 3486 557 sancto
3515 502 3736 556 statim

2121 591 2717 645 veneranda?Nullius
2772 592 2945 661 igitur
2989 593 3252 646 nativitas
3306 591 3627 646 celebratur
3670 591 3733 643 in

2122 680 2331 734 mundo
2352 680 2459 734 nisi
2485 681 2715 737 Christi.
2744 688 2802 734 et
2822 682 2943 750 ejus
2972 687 3143 751 atque
3170 680 3319 735 beati
3348 680 3602 735 Joannis.
3634 680 3735 733 Sic

2122 774 2179 822 et
2206 768 2367 822 beata
2397 769 2566 838 Virgo
2595 769 2783 829 Maria,
2815 770 2923 823 nisi
2977 770 3037 823 in
3082 777 3243 824 utero
3277 770 3473 823 matris
3511 769 3736 822 sancti-

2125 858 2290 911 ficata
2312 862 2477 921 esset,
2512 858 2744 911 minime
2802 858 3067 912 nativitas
3121 860 3243 931 ejus
3294 858 3733 911 colendaesset.

2124 946 2287 1000 Nunc
2313 952 2499 999 autem
2533 946 2665 1015 quia
2692 962 2757 999 ex
2777 947 3112 1000 auctoritate
3139 946 3314 999 totius
3343 945 3604 999 Ecclesiae
3632 961 3737 997 ve-

2125 1041 2376 1094 neratur,
2414 1040 2635 1089 constat
2662 1051 2785 1088 eam
2808 1034 2879 1089 ab
2909 1035 3062 1088 omni
3082 1035 3341 1105 originali
3371 1039 3602 1104 peccato
3625 1033 3739 1085 im.

2127 1139 2354 1176 munem
2376 1122 2567 1178 fuisse.
2590 1139 2691 1193 per
2720 1134 2887 1192 quam
2905 1139 3017 1177 non
3039 1123 3219 1176 solum
3252 1122 3579 1175 maledictio
3612 1137 3741 1174 rna-

2125 1211 2230 1265 tris
2252 1212 2374 1265 Eva}
2395 1212 2578 1265 soluta
2616 1216 2719 1275 est,
2753 1224 2942 1264 verum
2977 1211 3146 1264 etiam
3203 1210 3520 1265 benedictio
3550 1210 3741 1263 omni-

2126 1299 2230 1354 bus
2249 1300 2780 1363 condonatur.Quod
2803 1300 2850 1352 si
2878 1300 3143 1370 praeclara
3164 1299 3563 1353 sacratissiinc
3588 1297 3739 1351 Vir-

2125 1388 2274 1458 ginis
2304 1388 2565 1442 nativitas
2590 1388 2983 1443 universaliter
3001 1395 3116 1443 tam
3144 1395 3338 1443 Sancta
3366 1393 3425 1441 et
3451 1395 3573 1442 tam
3610 1388 3740 1456 glo-

2128 1482 2278 1530 riosa
2303 1478 2430 1547 jure
2459 1477 2661 1531 colitur
2700 1482 2758 1531 et
2792 1482 3110 1539 veneratur,
3138 1482 3348 1547 quanto
3390 1476 3578 1545 magis
3604 1476 3743 1546 ipsa

2128 1566 2351 1636 quando
2369 1566 2441 1620 ab
2466 1567 2664 1636 angelo
2684 1567 2800 1634 jam
2825 1566 3009 1635 gratia
3031 1566 3195 1635 plena
3217 1565 3629 1619 oﬂicibsissime
3650 1580 3744 1618 sa-

2123 1655 2376 1709 lutatur?
2411 1656 2553 1709 Nam
2583 1671 2708 1708 cum
2732 1655 2869 1708 dicit
2894 1654 2947 1707 ei
2970 1656 3123 1723 (Luc.
3156 1667 3196 1717 ι,
3219 1653 3306 1721 ‘28)
3347 1654 3480 1717 Ave;
3500 1654 3741 1707 cteleste

444 1758 619 1813 eaque
648 1744 904 1813 quamvis
949 1759 1079 1797 caro
1132 1744 1343 1813 peccati
1392 1745 1578 1808 fuerit,
1614 1762 1725 1799 non
1772 1752 1904 1799 tunc
1922 1729 2105 1814 jamB
2128 1743 2504 1798 venerationis
2532 1744 2863 1821 obsequium
2891 1742 3140 1807 exhibet,
3172 1758 3298 1796 cum
3350 1748 3543 1796 autem
3592 1742 3745 1795 dicit

448 1832 673 1903 quando
698 1832 1070 1903 praeveniente
1092 1833 1335 1904 Spiritus
1355 1834 1531 1888 sancti
1545 1835 1730 1904 gratia
1751 1835 1823 1889 ab
1842 1836 2041 1905 angelo

444 1936 560 1993 prie
584 1921 844 1976 omnibus
862 1922 1192 1977 mulieribus
1215 1922 1510 1977 benedicta
1528 1931 1772 1978 vocatur.
1798 1925 2043 1992 Spiritus

445 2017 689 2075 sanctus,
717 2011 921 2082 inquit,
954 2014 1293 2079 superveniet
1315 2015 1375 2065 in
1409 2018 1473 2073 te,
1493 2019 1540 2065 et
1572 2016 1749 2067 virtus
1768 2014 2045 2068 Altissimi

447 2102 797 2154 obumbrabit
828 2102 930 2154 tibi
950 2103 1098 2163 (Luc.
1132 2114 1170 2163 ι,
1207 2098 1316 2168 35).
1349 2102 1613 2172 Alioquin
1638 2102 1685 2156 si
1717 2119 1826 2156 non
1847 2103 2043 2156 eodem

448 2188 663 2259 Spiritu
690 2194 883 2244 sancto
908 2189 1254 2243 sanctiﬁcata
1308 2195 1395 2244 est
1448 2196 1506 2244 et
1554 2191 1879 2256 emundata,
1912 2208 2043 2262 quo-

447 2277 615 2331 modo
645 2293 774 2330 caro
803 2278 927 2347 ejus
964 2292 1075 2331 non
1103 2295 1232 2332 caro
1280 2279 1491 2349 peccati
1540 2279 1677 2333 fuit?
1733 2285 1791 2334 et
1824 2280 1870 2334 si
1914 2297 2043 2334 caro

450 2366 574 2434 ejus
599 2365 670 2418 de
696 2378 880 2419 massa
904 2366 1098 2436 prima;
1126 2368 1600 2437 praevaricationis
1628 2368 1798 2431 venit,
1815 2386 2043 2439 quomo-

448 2452 521 2506 do
552 2453 805 2507 Christus
826 2454 1072 2507 Verbum
1094 2472 1225 2509 caro
1273 2457 1395 2510 sine
1435 2462 1661 2527 peccato
1683 2457 1805 2516 iuit.
1838 2458 1933 2527 qui
1975 2459 2044 2512 de

448 2556 616 2594 carne
643 2542 853 2611 peccati
882 2559 1048 2597 carne
1073 2545 1453 2615 massumpsit,
1478 2546 1585 2599 nisi
1606 2546 1774 2616 quia'
1797 2547 2041 2611 Verbum

452 2630 601 2699 quod
633 2646 764 2683 caro
792 2630 1000 2685 factum
1024 2638 1109 2685 est
1135 2650 1260 2687 eam
1293 2634 1537 2703 primum
1574 2632 1949 2699 ubumbravit,
1983 2635 2042 2689 in

452 2732 620 2787 quam
650 2720 895 2790 Spiritus
915 2727 1143 2774 sanctus
1164 2723 1486 2792 supervenit
1505 2729 1562 2775 et
1580 2724 1757 2777 \irtus
1772 2725 2046 2778 Altissimi

452 2824 576 2863 eam
591 2814 768 2863 totam
803 2810 1093 2880 possedit?
1122 2811 1425 2881 PrOpterea
1452 2828 1581 2865 vere
1612 2828 1743 2865 caro
1793 2814 1909 2881 jam
1933 2830 2046 2868 non

450 2913 581 2951 caro
609 2900 816 2968 peccati
846 2898 981 2963 fuit;
1009 2900 1065 2953 in
1089 2916 1201 2969 qua
1253 2900 1403 2953 Deus
1458 2918 1518 2953 se
1546 2906 1728 2953 totum
1761 2901 1963 2955 infudit
1991 2908 2048 2955 et

455 2985 699 3039 Verbum
732 2987 879 3055 quod
909 3003 1038 3039 caro
1068 2987 1277 3041 factum
1311 2993 1397 3040 est
1441 2987 1561 3041 sine
1592 2994 1817 3057 peccato
1847 2990 1915 3043 ad
1946 3007 2046 3044 nos

2125 1832 2320 1888 Gratia
2344 1837 2526 1901 plena,
2550 1848 2614 1886 ex
2636 1833 2855 1901 integro
2885 1833 3029 1886 iram
3051 1833 3338 1903 expulsam
3370 1831 3646 1893 ostendit,
3682 1838 3745 1885 et

2125 1903 2441 1975 restitutam
2461 1922 2705 1989 gratiam
2736 1922 3020 1987 declarat;
3073 1937 3203 1975 cum
3246 1920 3400 1985 dicit,
3437 1922 3739 1974 Benedicta

2128 2015 2208 2074 tu,
2233 2011 2478 2065 fructum
2508 2009 2911 2063 benedictionis
2941 2010 3312 2071 demonstrat,
3337 2009 3471 2079 quia
3498 2008 3741 2078 quando

2128 2099 2371 2169 Spiritus
2398 2106 2625 2153 sanctus
2653 2099 2712 2152 in
2739 2108 2864 2152 eam
2890 2098 3135 2161 advenit,
3169 2104 3349 2152 totam
3377 2097 3683 2151 defecavit
3709 2114 3746 2150 ι

2127 2187 2387 2251 sordibus
2408 2188 2679 2257 virginem
2702 2193 2758 2241 et
2776 2187 3016 2251 decoxit,
3039 2193 3104 2241 ut
3123 2193 3272 2242 esset
3284 2187 3536 2240 sanctior
3560 2203 3746 2257 quam

2125 2282 2279 2330 astra
2306 2277 2455 2351 coeli.
2504 2278 2677 2331 Porro
2731 2276 2954 2351 quando
3012 2276 3189 2330 virtus
3246 2275 3523 2330 Altissimi
3552 2282 3745 2329 totum

2124 2382 2249 2420 eam
2275 2350 2648 2430 obumbravit,
2703 2350 2895 2420 statim
2950 2367 3073 2435 ejus
3102 2365 3130 2405 δ
3178 2366 3236 2418 in
3279 2372 3444 2419 utero
3500 2364 3746 2418 veniens

2128 2454 2393 2517 Verbum,
2426 2454 2574 2525 quod
2603 2461 2727 2508 erat
2753 2454 2809 2508 in
2836 2454 3109 2524 principio
3139 2454 3553 2524 sempiternum
3581 2454 3745 2524 apud

2126 2544 2373 2607 Patrem,
2398 2550 2463 2598 ut
2515 2559 2645 2597 caro
2690 2545 2852 2597 fieret
2881 2553 2948 2596 ex
2976 2548 3230 2613 tempore
3260 2547 3317 2595 et
3361 2541 3657 2596 habitaret
3683 2543 3747 2596 in

2123 2632 2301 2686 nobis.

2198 2722 2448 2775 Audiant
2466 2722 2640 2791 igitur
2670 2721 2796 2774 novi
2823 2721 3201 2791 disputatores
3219 2726 3275 2774 et
3300 2721 3750 2790 investigator-es

2128 2812 2256 2864 novi
2285 2816 2343 2864 et
2371 2811 2609 2865 inauditi
2640 2815 2837 2880 partus
2863 2828 2875 2871 ;
2901 2810 3137 2864 audiant
3165 2814 3223 2864 et
3268 2810 3593 2879 intelligant
3618 2811 3745 2880 pri-

2130 2915 2284 2952 mum
2311 2900 2446 2969 quia
2469 2899 2571 2953 viri
2597 2906 2747 2955 sunt.
2763 2898 3042 2968 quomodo
3065 2898 3501 2969 benedisputare
3519 2903 3747 2967 queant

2128 2988 2197 3041 de
2227 2996 2430 3043 natura
2460 2994 2519 3042 et
2540 3005 2672 3043 sexu
2706 2988 3004 3042 mulierum
3060 2988 3273 3042 Deinde
3304 2988 3639 3057 recogitent,
3676 2996 3749 3041 nt

455 3076 622 3137 venit,
648 3074 742 3142 qui
769 3076 898 3143 jure
929 3091 1039 3129 non
1066 3076 1245 3129 solum
1294 3076 1475 3143 legem
1516 3083 1731 3130 natura)
1762 3077 1965 3133 vitiatae
1995 3070 2226 3147 ianui
2258 3084 2517 3133 naturam
2564 3078 2858 3147 requirunt
2884 3083 2938 3131 et
2985 3092 3336 3131 communem
3382 3077 3569 3146 legem
3600 3093 3745 3131 nas-

453 3161 736 3213 nascendo
768 3177 880 3215 non
906 3163 1108 3227 tenuit,
1139 3178 1332 3216 verum
1362 3181 1465 3217 nec
1503 3165 1680 3233 legem
1715 3165 1908 3235 prima:
1940 3169 2049 3222 ori-

447 3247 599 3316 ginis
620 3265 789 3318 quam
813 3248 1086 3304 haberent
1114 3252 1352 3316 feminas,
1381 3253 1426 3306 si
1458 3254 1785 3308 mandatum
1832 3270 2049 3311 servas-

451 3342 540 3390 set
562 3343 746 3391 mater
764 3338 1016 3392 omnium
1034 3340 1146 3394 Eva
1175 3341 1232 3394 in
1254 3342 1692 3411 paradiso.Alias
1713 3352 1899 3400 autem
1919 3364 2053 3416 quo-

450 3425 617 3479 modo
649 3426 859 3496 Spiritu
888 3435 1080 3482 sancto
1100 3446 1225 3483 eam
1250 3432 1501 3500 replente
1521 3448 1633 3486 non
1663 3433 1783 3487 sine
1803 3435 2051 3503 origina-

451 3513 491 3566 li
520 3520 747 3583 peecato
767 3515 890 3578 fuit,
908 3518 1066 3585 cujus
1095 3517 1266 3571 etiam
1301 3519 1566 3573 nativitas
1585 3521 1824 3589 gloriosa
1856 3524 2048 3577 catho-

448 3601 556 3656 lica
570 3602 629 3655 in
648 3604 802 3658 omni
826 3605 1069 3659 Ecclesia
1089 3607 1296 3661 Christi
1324 3607 1394 3661 ab
1415 3610 1677 3662 omnibus
1694 3611 1823 3663 felix
1845 3618 1901 3665 et
1918 3612 2048 3665 bea-

450 3696 509 3744 ta
536 3692 904 3761 praedicatur;
939 3695 1222 3749 enimvero
1252 3697 1299 3750 si
1330 3712 1440 3750 non
1476 3697 1639 3751 beata
1671 3706 1818 3752 esset
1844 3706 1900 3753 et
1926 3702 2048 3769 glo-

450 3780 981 3853 riosa,nequaquam
1004 3785 1123 3853 ejus
1148 3784 1419 3838 festivitas
1446 3785 1825 3841 celebraretur
1843 3788 2049 3859 ubique

452 3868 524 3922 ab
552 3870 831 3924 omnibus.
870 3872 977 3925 Sed
999 3872 1133 3942 quia
1158 3882 1272 3927 tam
1306 3875 1633 3929 solemniter
1667 3876 1889 3940 colitur,
1921 3894 2049 3932 con-

454 3963 569 4012 stat
600 3975 667 4012 ex
711 3960 1048 4014 auctoritate
1088 3962 1343 4016 Ecclesiae
1401 3964 1549 4033 quod
1602 3950 1789 4029 nullis,
1824 3967 2047 4035 quando

452 4055 585 4101 nata
598 4055 702 4111 est,
726 4049 1010 4118 subjaeuit
1037 4050 1272 4115 delictis,
1308 4069 1487 4121 neque
1506 4053 1781 4107 contraxit
1798 4054 1855 4108 in
1886 4062 2047 4109 utero

455 4137 800 4190 sanctiﬁcata
830 4139 1106 4207 originale
1120 4146 1406 4210 peccatum
1447 4142 1601 4195 Unde
1631 4148 1687 4195 et
1715 4143 1762 4195 si
1791 4144 2047 4197 Jeremiae

453 4223 572 4276 dies
586 4230 754 4293 atque
768 4225 870 4279 Job
886 4228 1183 4282 maledicta
1203 4231 1615 4300 pronuntiatur,
1633 4231 1771 4294 dies,
1795 4232 2043 4301 inquam,

452 4312 762 4367 nativitatis
792 4330 1007 4371 eorum.
1040 4316 1158 4371 dies
1179 4322 1387 4381 tamen,
1422 4320 1644 4388 quando
1670 4320 1931 4375 inchoata
1962 4328 2047 4376 est

2130 3166 2413 3221 cendi.ubi
2435 3173 2616 3221 totum
2630 3167 2879 3220 divinum
2905 3172 2992 3220 est
3010 3172 3069 3220 et
3084 3166 3382 3229 ineffabile,
3397 3166 3591 3219 divina
3619 3167 3744 3220 vir-

2131 3262 2225 3308 tus
2245 3256 2391 3326 quod
2420 3261 2687 3326 operatur
2712 3274 2723 3308 :
2748 3256 3158 3310 General-ianua
3192 3260 3328 3323 ejus,
3370 3254 3579 3324 inquit,
3608 3260 3744 3324 quis

2133 3347 2419 3399 enarrabit
2439 3352 2462 3397 Ρ
2477 3346 2601 3409 Usa.
2629 3344 2716 3406 53,
2738 3344 2809 3407 8).
2827 3345 2970 3398 Nam
2990 3348 3114 3412 quis
3131 3344 3234 3397 hoc
3262 3344 3382 3398 loco
3404 3360 3504 3414 pro
3515 3346 3746 3415 impos-

2132 3433 2278 3487 sibili
2308 3434 2582 3504 accipitur
2607 3453 2619 3497 ;
2653 3433 2787 3503 quia
2808 3448 2973 3488 nemo
2994 3439 3317 3486 sanctorum
3347 3439 3453 3495 est,
3474 3449 3591 3486 non
3608 3434 3742 3488 dico

2132 3522 2395 3581 divinam,
2418 3538 2607 3575 verum
2630 3523 2801 3575 etiam
2827 3522 2921 3591 qui
2951 3522 3319 3576 humanitatis
3351 3523 3476 3591 ejus
3495 3540 3746 3593 genera-

2131 3611 2341 3665 tionem
2372 3610 2441 3663 ad
2466 3610 2740 3679 liquidum
2766 3616 2934 3680 queat
2949 3627 3234 3673 enarrare,
3268 3612 3522 3680 quamvis
3553 3622 3746 3666 utras-

2131 3716 2239 3769 que
2261 3712 2458 3753 omnes
2505 3699 2743 3752 debeant
2796 3700 3059 3753 credere?
3098 3700 3239 3753 llinc
3266 3715 3400 3768 ergo
3448 3700 3745 3768 colligitur

2131 3789 2276 3858 quod
2300 3788 2690 3858 superstitiosa
2736 3789 2811 3842 sit
2841 3789 3073 3842 istorum
3132 3789 3412 3842 cunctatio
3454 3796 3510 3842 et
3540 3805 3748 3859 super-

2132 3878 2245 3932 ﬂua
2272 3878 2599 3948 disputatio,
2632 3879 2765 3947 quia
2809 3877 3005 3932 dicunt
3032 3877 3175 3932 ostia
3202 3878 3411 3931 ventris
3468 3883 3527 3931 et
3558 3878 3743 3931 vulva:

2128 3983 2257 4020 eum
2287 3966 2593 4037 aperuisse,
2627 3973 2684 4020 et
2711 3967 3080 4021 colluvionem
3125 3966 3416 4036 sanguinis
3451 3969 3518 4019 ut
3543 3969 3743 4021 caeteri

2128 4072 2341 4119 omnes,
2374 4056 2809 4110 etfecundarum
2839 4056 3140 4125 spurcitias
3170 4056 3636 4125 postsetraxisse.
3675 4058 3737 4110 in

2130 4145 2333 4214 quibus
2348 4144 2608 4198 omnibus
2622 4145 2869 4214 gemitus
2884 4150 2941 4198 et
2954 4144 3114 4198 dolor
3150 4144 3582 4214 multiplicatur.
3605 4144 3739 4198 tris~

2130 4234 2252 4287 titia
2285 4240 2343 4286 et
2369 4250 2633 4287 aerumna:
2656 4240 2955 4302 augentur,
2990 4239 3054 4287 ut
3082 4250 3246 4288 nemo
3271 4233 3394 4286 sine
3427 4233 3517 4286 his
3547 4235 3738 4304 pariat

2130 4322 2329 4376 filium.
2348 4323 2457 4375 Sed
2479 4321 2625 4375 absit
2650 4338 2682 4375 a
2702 4322 2963 4376 'cordibus
3006 4322 3256 4375 ﬁdelium
3282 4328 3348 4375 ut
3372 4324 3488 4376 tale
3518 4323 3736 4393 aliquid

451 4401 580 4456 felix
602 4402 791 4456 Mariae
820 4404 1100 4465 nativitas,
1136 4405 1297 4459 beata
1327 4378 1741 4475 pronuntiatur,
1768 4416 1825 4464 et
1842 4411 2045 4465 colitur
2064 4378 2111 4451 D
2129 4412 2484 4481 suspicentur
2511 4412 2579 4466 de
2609 4412 2786 4465 Maria
2816 4411 3049 4479 virgine,
3067 4424 3190 4481 quae
3215 4428 3315 4481 pro
3336 4378 3736 4467 maledicti‘one

453 4492 714 4562 religiose
736 4492 891 4546 satis.
923 4492 1083 4556 Quod
1109 4495 1156 4546 si
1181 4494 1235 4547 in
1262 4502 1486 4564 peccato
1517 4504 1681 4562 esset,
1717 4500 1845 4567 jure
1878 4502 2045 4554 male-

451 4580 601 4635 dicta
627 4581 926 4647 diceretur,
960 4588 1017 4636 et
1042 4582 1396 4653 gemebunda
1427 4586 1609 4654 potius
1639 4603 1807 4656 quam
1824 4590 2045 4644 benedi-

453 4672 562 4731 cta,
599 4672 821 4739 quando
847 4673 1170 4728 nuntiatum
1187 4679 1272 4726 est
1303 4674 1447 4743 patri
1468 4676 1591 4743 ejus
1621 4677 1767 4745 quod
1800 4685 1931 4732 nata
1962 4697 2043 4733 es-

455 4761 541 4808 set
567 4756 626 4810 in
645 4760 865 4814 saeculo.
901 4763 1062 4815 Nunc
1086 4769 1275 4816 autem
1307 4763 1439 4832 quia
1472 4764 1788 4819 universam
1823 4765 2045 4821 benedi-

524 4942 550 4970 δ
575 4933 700 5013 Nisi
722 4936 926 5013 qm‘qE
955 4937 1171 5013 duabus
1191 4940 1523 5013 lectionibus
1553 4958 1676 4996 eam
1698 4944 2047 5013 praetulimus

457 5019 625 5085 quam
657 5004 927 5085 Aeherius
954 5008 1013 5085 in
1036 5011 1344 5085 inarginem
1393 5004 1848 5085 ablegaret-lcum
1883 5016 2047 5070 edere

454 5070 747 5153 maluisset
770 5092 882 5153 non
915 5081 1071 5153 (ι-ιίία.Δ
1100 5070 1218 5153 Hic,
1248 5070 1621 5136 necessarium
1655 5080 1737 5137 est
1784 5082 2047 5139 lectorem

454 5144 702 5221 monere,
727 5146 816 5199 hic
840 5142 1113 5221 (ie—Maria
1160 5152 1386 5221 Virgine
1416 5153 1581 5207 aliter
1628 5155 1792 5208 scribi
1830 5172 1953 5210 cum
1980 5159 2047 5211 de

452 5218 660 5295 Christi
687 5218 1285 5295 conceptioneagitur:
1304 5225 1483 5282 aliter.
1517 5234 1640 5279 cum
1692 5227 1809 5295 ejus
1846 5228 2047 5281 nativi-

454 5289 873 5368 tatisconditio
889 5291 1240 5368 describitur.
1259 5295 1400 5347 Nam
1420 5313 1545 5349 cum
1564 5289 2049 5368 prius'scripsisset

453 5360 805 5435 Paschasius,
822 5362 1055 5417 Mariam
1087 5370 1144 5415 et
1168 5365 1236 5417 de
1268 5383 1432 5419 carne
1452 5360 1865 5435 pec-catillatum
1901 5388 2041 5431 esse.

454 5434 510 5482 et
539 5430 716 5511 ipsam
748 5450 969 5511 carne";
1001 5438 1202 5501 peccati
1230 5434 1401 5511 fuisse
1431 5430 1606 5511 donec
1643 5456 1766 5492 eam
1801 5441 2042 5511 Spiritus

449 5498 628 5555 sancti
657 5498 1011 5558 obumbratio
1058 5508 1402 5569 amandarat,
1437 5509 1628 5562 statim
1673 5498 1899 5564 additur
1922 5522 2045 5566 eam

449 5584 564 5627 non
579 5574 760 5629 solum
772 5576 941 5630 nullis
957 5577 1181 5647 quando
1198 5582 1333 5632 nata
1352 5584 1439 5634 est
1455 5580 1797 5649 subjacuisse
1807 5583 2041 5651 delictis,

2125 4500 2207 4571 pri
2217 4517 2318 4554 mae
2336 4500 2570 4567 originis
2592 4500 3034 4554 benedictionem
3050 4499 3244 4553 attulit
3258 4501 3658 4556 mundo.Unde
3675 4509 3737 4555 et

2125 4588 2246 4658 ipsa
2265 4588 2311 4641 si
2336 4590 2581 4658 quidem,
2615 4596 2679 4643 ut
2701 4588 2833 4647 dixi.
2866 4588 2937 4640 ab
2960 4590 3161 4657 angelo
3195 4588 3495 4643 benedicta
3526 4592 3736 4660 praedi-

2124 4684 2286 4731 catur
2310 4677 2366 4730 in
2393 4677 2803 4741 mulieribus,et
2819 4678 3100 4731 salutatur
3114 4678 3522 4733 ofﬁciosissime
3538 4685 3601 4733 ut
3618 4698 3737 4734 ma-

2126 4771 2214 4819 ter
2227 4766 2447 4819 Domini
2472 4783 2588 4836 prae
2609 4766 2870 4820 omnibus
2894 4766 3159 4835 gloriosa,
3193 4776 3410 4821 necnon
3438 4776 3497 4822 et
3514 4769 3589 4822 ab
3616 4770 3735 4823 Eli-

2131 4944 2229 4997 sed
2256 4961 2327 4997 ne
2356 4944 2411 4999 in
2438 4950 2599 4999 utero
2616 4945 2843 5016 quidem
2869 4951 3124 5001 materno
3144 4945 3419 5014 originale
3438 4954 3735 5016 peccatum

2131 5016 2505 5082 contraxisse;
2538 5015 2872 5088 deindeque.
2899 5017 3168 5088 Spiritum
3200 5015 3481 5088 sanctum,
3507 5021 3737 5087 quando

2131 5089 2188 5138 in
2221 5103 2334 5137 cam
2366 5090 2607 5143 advenit.
2636 5084 3082 5141 defaecasse'eam
3117 5103 3149 5139 a
3178 5084 3438 5140 sordibus
3489 5084 3545 5141 et
3576 5090 3739 5143 deed.

2129 5158 2292 5210 xisse.
2316 5159 2512 5210 Nullus
2524 5162 2771 5228 uanam
2802 5159 3057 5228 scriptdr,
3082 5165 3145 5211 ut
3161 5158 3423 5229 equidem
3448 5156 3729 5225 existimo,

2131 5230 2314 5301 magis
2345 5229 2463 5298 ipse
2484 5229 2593 5301 isibi
2616 5230 2943 5282 adversatus
2969 5236 3082 5291 est;
3127 5238 3201 5281 an
3225 5244 3353 5281 vero
3378 5230 3523 5283 adeo
3549 5232 3734 5301 turpis

2129 5299 2324 5353 levitas
2357 5300 2636 5365 Radberto
2656 5301 2857 5354 ascribi
2888 5308 3075 5371 queat,
3108 5302 3375 5354 lectorem
3420 5308 3487 5355 ut
3515 5318 3580 5356 ex
3607 5299 3736 5356 reli-

2127 5387 2237 5443 quo
2256 5388 2426 5443 opere
2441 5372 2687 5443 judicet.
2710 5389 2862 5443 rogo.

2200 5441 2441 5516 bStatim
2471 5446 2603 5510 ejus.
2637 5442 2726 5496 Sic
2746 5440 3165 5516 emendavimus
3204 5458 3329 5516 eum
3363 5443 3627 5516 corrupte
3654 5442 3732 5498 le~

2124 5520 2354 5587 geretur
2374 5515 2583 5579 factum
2614 5516 2747 5587 eius,
2769 5528 2841 5587 ac
2873 5510 3073 5568 deinde
3093 5514 3341 5568 voculam
3374 5514 3460 5582 ut,
3490 5510 3615 5587 quae
3634 5518 3731 5569 ne.

2125 5583 2368 5637 cessaris
2386 5586 2527 5649 erat,
2551 5585 2930 5655 ascripsimus.
