3992 6166
282 304 427 375 i3‘73
1369 310 1465 376 DE
1500 312 1740 378 mare
1774 314 1858 376 vr

1984 316 2120 377 HIS.
2168 328 2233 364 —‘-‘
2272 321 2411 379 LIB.
2452 322 2498 379 Ι.
3427 329 3560 388 1374

281 435 487 499 sabéth
506 432 566 499 in
593 438 795 515 spiritu
815 432 1127 514 prophetia?
1144 442 1437 499 benedicta
1455 440 1868 516 pronuntiatur,
1893 446 1937 504 Α
1958 460 2083 500 rum
2112 446 2358 518 pertulit,
2378 447 2513 518 quia
2532 453 2808 519 quantum
2834 451 3018 505 aiiéria
3037 452 3147 507 fuit
3166 469 3202 507 a
3219 453 3402 525 culpa,
3426 455 3555 526 Spi-

282 541 343 589 et
368 533 697 589 benedictus
724 530 940 586 fructus
980 534 1183 586 ventris
1211 535 1331 603 ejus
1362 535 1612 589 creditur
1640 542 1696 589 et
1720 552 1885 589 vene-
1969 536 2080 588 ritu
2100 543 2291 589 sancto
2313 538 2369 590 in
2390 553 2458 591 ea
2476 540 2812 607 cooperante
2839 542 2899 594 et
2925 541 3128 596 virtute
3148 542 3423 597 Altissimi
3453 559 3563 615 qua

282 630 465 678 ratur.
497 620 643 691 Ergo
670 616 728 675 in
774 638 883 691 qua
916 624 971 675 et
1015 622 1116 691 per
1152 638 1321 691 quam
1379 627 1538 676 tanta
1576 624 1887 677 benedictio
1969 624 2429 683 adumbrabatur.
2446 626 2500 679 in
2532 632 2751 680 tantum
2774 627 3043 683 extranea
3068 646 3103 683 a
3130 631 3425 686 maledicto
3454 632 3566 702 pri-

285 712 535 767 efﬂoruit
553 714 610 765 et
634 711 820 779 gratia
842 710 1105 774 manavit,
1132 726 1242 763 non
1266 714 1351 764 est
1371 712 1709 765 credendum
1740 713 1886 782 quod
1972 729 2073 767 mae
2103 714 2498 778 damnationis,
2523 731 2622 769 nec
2649 732 2762 769 non
2793 722 2848 770 et
2875 731 2909 770 α
2934 719 3150 788 gemitu
3171 722 3229 773 et
3254 721 3561 780 doloribus.

282 802 410 873 ejus
441 798 796 872 puerperium
827 797 1114 853 doloribus
1148 805 1205 852 et
1232 800 1536 868 gemitibus
1559 817 1713 853 more
1732 801 1891 853 femi-
1973 801 2175 869 quibus
2189 810 2456 856 vexantur
2478 820 2673 858 omnes
2696 806 2820 859 tiliae
2848 807 2972 860 Evae
2992 823 3119 861 cum
3141 809 3388 878 pariunt.
3406 810 3564 863 Unde

282 902 488 945 narum
511 888 871 959 subjacuerit.
898 886 971 940 Et
986 887 1118 957 quia
1140 887 1303 941 beata
1326 888 1424 942 Dei
1445 889 1696 943 Genitrix
1714 890 1887 943 tristi-
1968 890 2249 960 Propheta
2272 891 2330 944 in
2350 907 2589 962 persona
2619 892 2824 948 Christi
2861 896 2929 948 ad
2963 894 3190 951 Patrem
3215 915 3227 949 :
3267 897 3348 951 Tu
3376 914 3445 962 cs,
3475 901 3563 951 in-

278 978 378 1032 tiis
398 994 511 1032 non
535 977 816 1048 subjacuit
833 981 889 1030 et
910 976 1194 1039 aerumnis,
1227 976 1404 1030 libera
1427 977 1498 1031 ab
1527 979 1679 1031 omni
1709 978 1886 1032 male-
1968 978 2108 1046 quit,
2125 982 2223 1047 qui
2240 974 2539 1034 extruxisti
2555 999 2642 1035 me
2656 978 2718 1035 de
2736 988 3079 1046 vcntrc:spes
3092 998 3211 1038 mea
3224 988 3294 1038 ab
3305 986 3563 1039 uberibus

281 1064 547 1121 dictionis
569 1081 721 1119 nazvo
744 1064 866 1122 fuit.
889 1080 1057 1135 quam
1089 1065 1332 1135 Spiritus
1356 1072 1582 1120 sanctus
1611 1068 1883 1138 adimple-
1970 1070 2168 1120 matris
2187 1080 2316 1121 mea
2337 1072 2500 1131 (Ps‘at.
2522 1071 2757 1140 xx1,10).
2776 1072 2919 1142 Ergo
2947 1087 3075 1126 cum
3105 1073 3257 1138 dicit,
3285 1079 3346 1127 tu
3377 1088 3436 1128 es
3466 1075 3563 1144 qui

280 1156 368 1226 vit
408 1160 467 1209 et
497 1160 675 1208 totam
706 1154 945 1208 Domino
990 1154 1284 1219 dedicavit,
1318 1162 1487 1225 quam
1514 1156 1688 1210 virtus
1709 1157 1880 1209 Altis-
1966 1155 2249 1209 extruxisti
2269 1154 2730 1226 me,singularem
2745 1174 2903 1214 suam
2922 1160 3168 1216 declarat
3185 1162 3560 1229 nativitatem,

279 1243 413 1298 simi
441 1242 814 1305 obumbravit,
849 1248 907 1296 et
948 1258 1013 1296 ex
1046 1244 1394 1297 sanctiﬁcata
1438 1261 1605 1298 carne
1655 1245 1884 1315 virginis
1966 1244 2299 1298 suavitatem
2330 1247 2399 1299 de
2422 1254 2579 1300 utero
2601 1248 2987 1303 enixus.Alias
3010 1256 3218 1312 autem,
3254 1252 3436 1305 omnis
3465 1251 3563 1322 qui

280 1332 532 1387 Verbum
549 1347 771 1385 carnem
794 1333 1099 1403 assumpsit
1114 1339 1170 1385 et
1185 1334 1432 1386 counivit
1448 1333 1503 1386 in
1530 1334 1745 1387 unitate
1766 1351 1887 1405 per—
1967 1332 2035 1385 de
2058 1339 2251 1387 ventre
2274 1335 2469 1388 matris
2488 1336 2639 1388 venit
2659 1337 2729 1389 ad
2751 1338 2933 1391 lucem
2965 1338 3022 1391 in
3049 1340 3278 1404 mundo,
3310 1354 3421 1393 non
3454 1339 3563 1393 nisi

280 1439 453 1476 sonas.
477 1420 546 1474 Et
572 1421 678 1473 hoc
699 1426 784 1473 est
809 1420 957 1491 quod
982 1420 1207 1487 dicitur,
1247 1420 1487 1475 Verbum
1518 1439 1647 1475 caro
1677 1424 1884 1477 factum
1967 1428 2107 1475 nutu
2139 1428 2197 1476 et
2243 1424 2564 1493 operatione
2594 1426 2691 1478 Dei
2738 1434 3061 1495 procreatus
3093 1428 3260 1482 venit.
3303 1429 3561 1482 Christus

282 1517 390 1569 est.
421 1524 534 1564 non
581 1509 971 1564 commistione
1002 1515 1237 1571 naturae,
1275 1510 1371 1564 sed
1420 1528 1484 1564 ex
1514 1511 1728 1565 unitate
1757 1526 1883 1582 per-
1967 1517 2155 1565 autem
2183 1512 2253 1564 de
2284 1510 2507 1581 Virgine
2536 1514 2763 1583 speciali
2793 1521 2851 1568 et
2878 1512 3144 1569 ineti‘abili
3177 1517 3418 1586 quodam
3448 1530 3561 1571 mo-

282 1612 454 1654 sonaa.
490 1598 558 1652 Et
576 1598 700 1652 ideo
724 1599 893 1651 etiam
925 1598 994 1653 de
1021 1598 1126 1652 hac
1151 1599 1462 1663 nativitate,
1496 1604 1560 1653 ut
1600 1601 1733 1665 dixi,
1757 1602 1885 1670 jure
1966 1599 2037 1651 do
2067 1606 2408 1669 procreatus,
2442 1600 2652 1671 absque
2690 1602 2979 1656 vexatione
3024 1605 3221 1657 matris
3274 1605 3561 1674 ingressus

282 1688 495 1742 dictum
513 1686 818 1741 credimus:
846 1688 1259 1742 Generationem
1274 1692 1390 1754 eius
1411 1692 1535 1757 quis
1556 1691 1849 1743 enarrabit
1863 1697 1886 1743 ?
1912 1752 1923 1762 τ
1967 1694 2053 1740 est
2080 1689 2353 1742 mundum
2396 1684 2463 1743 Et
2491 1690 2617 1743 ideo
2637 1691 2789 1760 pium
2808 1698 2896 1744 est
2922 1693 3167 1759 credere,
3192 1693 3341 1762 quod
3358 1708 3469 1746 non
3491 1693 3564 1746 si-

283 1777 432 1841 Quia
445 1781 503 1830 et
524 1776 633 1829 ista
658 1775 956 1829 ineii'abilis
983 1781 1069 1829 est
1092 1776 1235 1830 mira
1254 1752 1521 1830 nativitas
1547 1778 1748 1841 carnis,
1774 1752 2059 1833 nonBcut
2087 1779 2294 1839 caeteri,
2324 1778 2419 1832 sed
2468 1794 2609 1832 novo
2638 1752 2713 1833 ἐι
2751 1779 3070 1834 admirabili
3101 1752 3297 1836 ordine
3326 1783 3476 1836 Deus
3507 1788 3565 1837 et

283 1866 430 1919 sicut
467 1863 562 1918 isti
603 1865 902 1918 caecutiunt
930 1865 1243 1919 communis
1271 1883 1335 1918 ex
1365 1866 1488 1935 lege
1522 1871 1754 1931 naturae,
1787 1868 1881 1921 sed
1967 1866 2135 1919 homo
2156 1872 2321 1920 natus
2341 1867 2503 1920 estin
2525 1868 2748 1921 mundo.
2786 1867 2933 1922 Hinc
2959 1886 3091 1939 ergo
3122 1875 3209 1924 est
3227 1871 3374 1940 quod
3402 1873 3561 1925 Jer'e-

282 1956 638 2009 sacramento
666 1956 879 2023 gratiae.
914 1954 1059 2008 Nam
1091 1954 1237 2023 quod
1265 1954 1512 2008 nascitur
1542 1955 1689 2009 Deus
1718 1957 1884 2010 homo
1969 1954 2109 2008 mias
2130 1960 2396 2009 testatur:
2424 1957 2600 2015 Faciet
2625 1958 2894 2010 Dominus
2916 1973 3119 2013 novum
3140 1974 3305 2025 super
3325 1964 3557 2022 terram;

282 2061 349 2098 ex
368 2042 601 2114 Virgine
623 2058 732 2095 non
757 2048 841 2096 est
860 2043 1222 2108 consuetudo,
1246 2043 1343 2096 sed
1379 2045 1707 2114 mysterium
1734 2063 1746 2111 ;
1770 2061 1884 2099 non
1966 2047 2175 2097 mulier
2203 2046 2567 2097 circumdabit
2596 2048 2785 2097 virum
2835 2046 2961 2105 (Jer.
2994 2044 3142 2108 XXXI,
3175 2044 3282 2115 ‘22).
3320 2042 3482 2110 Qubd
3510 2048 3560 2101 si

281 2137 369 2187 est
396 2140 620 2196 natura,
670 2130 764 2185 sed
797 2130 988 2195 virtus,
1020 2132 1116 2184 sed
1163 2131 1445 2202 dignatio;
1479 2149 1590 2186 non
1633 2139 1719 2187 est
1747 2135 1882 2188 ordo
1966 2127 2161 2203 utique
2182 2146 2383 2186 novum
2406 2133 2514 2186 fuit
2534 2141 2591 2186 et
2608 2132 2938 2187 admirabile
2959 2135 3104 2203 quod
3127 2134 3280 2205 virgo
3303 2136 3561 2206 concepit

281 2222 570 2287 nascendi,
594 2218 689 2274 sed
722 2227 985 2291 potestas.
1009 2221 1078 2274 Et
1106 2221 1231 2275 ideo
1262 2237 1373 2274 non
1402 2228 1488 2276 est
1514 2223 1660 2292 quod
1692 2224 1882 2293 requi-
1964 2222 2086 2275 sine
2102 2222 2313 2275 semine
2325 2221 2514 2275 etsine
2527 2222 2884 2292 corruptione
2900 2221 3023 2287 viri,
3042 2228 3290 2277 vetustas
3309 2239 3431 2277 esse
3444 2226 3557 2277 non

280 2318 371 2364 rat
398 2309 647 2365 humana
677 2310 953 2380 sapientia
999 2309 1057 2362 in
1102 2310 1207 2363 hac
1253 2311 1562 2375 nativitate,
1591 2311 1699 2364 nisi
1751 2312 1884 2382 quia
1964 2310 2216 2381 potuitin
2234 2316 2416 2380 partu,
2434 2316 2488 2363 et
2505 2311 2629 2363 ideo
2655 2308 3019 2365 nihilominus
3044 2310 3385 2367 credendum
3407 2312 3557 2382 quod

285 2398 531 2453 Verbum
565 2412 693 2452 caro
722 2394 932 2452 factum
962 2403 1049 2452 est
1076 2403 1130 2452 et
1163 2404 1329 2452 natus
1368 2402 1452 2452 est
1483 2405 1543 2452 ut
1572 2401 1765 2464 voluit,
1797 2402 1883 2454 vel
1964 2400 2134 2452 imili
2158 2400 2341 2462 modo,
2377 2415 2518 2452 novo
2544 2406 2605 2453 et
2630 2400 2950 2453 admirabili
2980 2401 3175 2454 ordine
3205 2397 3373 2455 natus
3397 2401 3471 2454 sit
3502 2401 3562 2454 in

280 2487 504 2559 quando
527 2494 584 2541 et
598 2486 877 2558 quomodo
896 2487 1088 2541 voluit.
1103 2487 1363 2558 Alioquin
1389 2488 1514 2558 quis
1530 2488 1714 2558 capiat
1734 2490 1882 2558 quod
1966 2488 2173 2541 mundo
2194 2486 2313 2540 sine
2336 2488 2547 2551 dolore,
2572 2494 2630 2541 et
2653 2488 2772 2541 sine
2798 2490 3034 2558 gemitu,
3055 2495 3112 2543 et
3139 2490 3260 2543 sine
3290 2491 3405 2544 ulla
3433 2502 3556 2544 cor-

276 2576 597 2632 inauditum
646 2581 703 2630 et
741 2576 1021 2630 ineffabile
1059 2582 1163 2639 est,
1197 2578 1280 2629 vel
1336 2577 1467 2646 quid
1509 2577 1882 2645 intelligentia
1964 2577 2224 2646 ruptione
2264 2575 2466 2629 carnis.
2501 2577 2569 2629 Et
2606 2577 2735 2630 hinc
2781 2584 2867 2631 est
2896 2578 2984 2647 [ac
3013 2576 3083 2649 si]
3113 2588 3213 2648 pro
3241 2579 3587 2648 gratiarum:

280 2664 464 2721 carnis
488 2666 619 2736 jure
645 2665 704 2719 i'n
736 2682 800 2719 eo
833 2666 1088 2736 requirit,
1113 2665 1204 2718 ubi
1236 2671 1415 2718 totum
1467 2671 1522 2718 et
1550 2656 1798 2718 divinum
1824 2671 1881 2719 et
1962 2665 2199 2726 actione,
2233 2665 2381 2734 quod
2410 2665 2633 2735 speciali
2668 2666 2833 2719 modo
2871 2666 2929 2719 in
2958 2667 3191 2736 psalmo,
3217 2666 3313 2737 Qui
3339 2668 3408 2720 de
3436 2674 3558 2737 ipso

276 2752 841 2826 incomprehensibiie
855 2755 1003 2824 quod
1025 2752 1434 2807 narratur?Ait
1448 2768 1690 2824 namque
1706 2755 1880 2807 Evan-
1961 2758 2113 2806 totus
2138 2759 2240 2817 est,
2263 2754 2335 2806 ad
2363 2754 2583 2808 Patrem
2616 2752 2697 2807 ait
2720 2772 2730 2806 :
2765 2756 2841 2807 Tu
2868 2769 2919 2808 es
2948 2758 3047 2822 qui
3064 2750 3362 2808 extruxisti
3390 2752 3475 2807 me
3494 2755 3557 2807 dc

274 2846 520 2917 gelista:
552 2845 838 2899 Generatio
887 2844 1095 2897 Christi
1138 2846 1216 2895 sic
1272 2848 1391 2894 erat
1429 2844 1624 2908 (Matth
1681 2856 1719 2905 ι,
1760 2833 1872 2905 i8).
1959 2848 2164 2905 rcntrc,
2198 2856 2264 2895 ac
2309 2842 2355 2896 si
2388 2848 2645 2912 patenter
2699 2844 2894 2896 dicat:
2932 2842 3228 2897 Estraxisti
3278 2858 3386 2905 me,
3423 2843 3557 2913 quia

274 2933 483 3004 Utique
508 2930 798 3004 generatio
828 2930 936 2985 ista
974 2930 1211 2984 carnalis
1239 2931 1320 2983 sic
1350 2936 1491 2996 erat,
1523 2931 1593 2983 de
1624 2946 1734 3000 qua
1763 2947 1877 2985 non
1957 2947 2069 2985 non
2094 2948 2158 2984 eo
2183 2931 2378 2984 ordine
2407 2947 2533 2984 sum
2560 2946 2820 3001 egressus
2847 2932 2917 2985 de
2946 2936 3104 2985 utero
3125 2938 3189 2985 ut
3213 2928 3399 2985 caeteri
3427 2944 3554 2985 nas-

273 3022 415 3076 dixit
435 3023 513 3075 sic
532 3022 680 3074 facta
701 3024 813 3087 est;
845 3019 941 3072 sed
962 3019 1039 3071 sic
1055 3024 1196 3083 erat,
1213 3018 1345 3087 quia
1361 3017 1566 3072 Christi
1586 3020 1875 3088 generatio
1957 3026 2163 3074 cuntur
2213 3036 2339 3074 cum
2388 3021 2605 3090 ingenti
2663 3016 2952 3074 vexatione
3000 3019 3211 3085 matris,
3266 3021 3364 3074 sed
3413 3034 3553 3074 novo

272 3114 399 3164 erat
424 3108 573 3180 apud
596 3106 820 3162 Patrem
841 3106 1155 3165 inetfabilis,
1192 3107 1415 3176 quando
1439 3123 1540 3177 per
1568 3108 1711 3160 hanc
1741 3100 1933 3181 pm-C
1958 3124 2184 3179 egressu
2202 3110 2322 3162 sine
2342 3109 2700 3180 corruptione
2722 3106 2971 3180 pudoris.
2993 3110 3292 3163 Extrakisti
3317 3119 3405 3162 me
3435 3108 3556 3179 qui-

272 3200 542 3270 scriptam
564 3203 621 3251 et
641 3195 974 3249 ineffabilem
991 3200 1294 3266 generatus
1314 3202 1400 3249 est
1416 3212 1482 3249 ex
1504 3203 1701 3249 matre.
1719 3197 1877 3251 Unde
1960 3199 2084 3252 dem
2108 3199 2177 3252 de
2195 3205 2388 3252 ventre
2411 3200 2625 3259 matris,
2647 3204 2703 3253 et
2723 3210 2836 3253 non
2857 3215 2959 3269 ego
2988 3199 3202 3253 viscera
3222 3199 3444 3269 corrupi
3474 3199 3557 3252 in-

272 3288 425 3359 quod
445 3292 585 3346 erat.
605 3284 798 3355 Utique
827 3288 1051 3355 semper
1075 3290 1213 3338 erat.
1245 3286 1314 3338 Et
1342 3286 1490 3355 quod
1510 3300 1734 3356 semper
1757 3292 1879 3339 erat
1958 3288 2333 3357 tegritatis.Et
2347 3304 2416 3341 ne
2428 3295 2755 3358 putaremus
2768 3285 3382 3358 pharitasmafuissemt
3395 3288 3561 3343 multi

270 3393 337 3431 ex
369 3370 682 3430 zeiernitate
705 3373 887 3444 potuit
906 3373 1026 3427 ﬁeri
1055 3380 1121 3426 ex
1141 3380 1426 3444 tempore;
1461 3375 1734 3444 quidquid
1761 3376 1877 3428 fac—
1958 3375 2349 3429 haereticorum
2380 3376 2660 3440 dixerunt,
2694 3374 2945 3429 addidit:
2981 3376 3107 3443 Spes
3138 3378 3256 3430 mea
3277 3376 3345 3428 ab
3370 3379 3559 3430 uberi-

259 3460 394 3520 ‘tum
427 3471 513 3518 est
532 3462 589 3517 in
613 3480 677 3517 eo
698 3480 811 3516 non
841 3460 1114 3516 mirabile.
1961 3466 2056 3516 bus
2080 3467 2279 3517 matris
2302 3479 2445 3516 mea.
2463 3464 2606 3533 Ergo
2625 3461 2719 3517 ubi
2740 3472 2922 3517 mater
2948 3469 3007 3517 et
3035 3464 3210 3518 ubera
3232 3471 3552 3530 narrantur,

340 3552 504 3609 Unde
518 3552 823 3625 plurimum
838 3552 1243 3623 desipiunt.qui
1256 3551 1873 3605 dicunteumcommuni
1956 3552 2164 3606 veritas
2182 3552 2368 3605 carnis
2384 3560 2440 3606 et
2458 3569 2566 3605 non
2586 3554 2921 3622 phantasma
2942 3554 3294 3622 prmdicatur.
3313 3555 3412 3623 qui
3431 3553 3560 3609 licet

268 3645 395 3714 lege
416 3648 633 3696 natura;
654 3658 776 3695 esse
796 3646 987 3694 natum
1017 3641 1110 3712 qui
1142 3656 1252 3694 non
1276 3642 1478 3709 ealege
1507 3646 1726 3694 constat
1754 3658 1874 3695 esse
1957 3642 2145 3695 clauso
2177 3647 2336 3694 utero
2356 3642 2432 3695 sit
2463 3648 2644 3703 natus.
2670 3656 2835 3711 quem
2861 3642 2979 3711 ipse
3007 3642 3113 3694 sibi
3143 3642 3394 3711 pervium
3427 3644 3561 3697 fecit

267 3738 602 3802 conceptus;
637 3730 898 3801 quoniam
944 3730 1061 3783 haec
1113 3730 1198 3782 lex
1249 3730 1532 3793 nascendi,
1567 3746 1688 3799 qua:
1728 3745 1875 3783 nunc
1957 3731 2110 3784 salvo
2139 3731 2322 3799 sigillo
2369 3730 2618 3800 pudoris,
2651 3731 2799 3784 sicut
2826 3737 2884 3783 et
2910 3734 3230 3800 conceptus,
3266 3736 3456 3784 tamen
3486 3731 3555 3784 de

266 3821 361 3874 lex
384 3829 602 3874 natura:
623 3824 867 3877 vocatur,
893 3835 958 3872 ex
980 3818 1112 3871 vitio
1139 3819 1335 3888 primae
1365 3819 1743 3872 damnationis
1767 3824 1873 3873 est.
1957 3824 2124 3873 carne
2156 3819 2403 3889 Virginis
2430 3824 2751 3889 procreatus
2782 3824 2883 3881 est,
2903 3824 2960 3872 et
2984 3818 3109 3871 ideo
3138 3817 3404 3871 uberibus
3427 3819 3556 3887 jure

268 3910 341 3963 Et
363 3910 488 3963 ideo
521 3909 601 3963 ait
625 3908 926 3979 Apostolus
952 3927 963 3960 :
989 3910 1217 3961 Fuimus
1248 3924 1344 3962 nos
1370 3917 1552 3961 omnes
1573 3910 1876 3977 aliquando
1959 3909 2198 3961 iactatus
2230 3915 2721 3961 commemoratur.
2759 3908 2849 3962 Sic
2896 3909 3087 3977 itaque
3116 3912 3300 3961 totum
3345 3907 3556 3961 factum

269 4002 385 4067 ﬁlii
419 4002 520 4051 ira:
549 4001 689 4051 sicut
720 4002 766 4050 et
795 3998 975 4050 ceteri
1010 3998 1161 4064 cEph.
1187 4006 1244 4060 II,
1270 3996 1343 4060 3).
1379 3988 1483 4050 Sed
1516 3995 1663 4050 absit
1683 4014 1716 4050 a
1745 3997 1878 4050 iide-
1959 4003 2061 4057 est,
2087 4002 2152 4050 ut
2181 3998 2342 4049 ﬁeret
2370 4013 2574 4049 novum
2607 4013 2776 4066 super
2813 4002 3023 4050 terram
3054 3997 3276 4067 quando
3306 3996 3555 4049 Verbum

266 4088 407 4142 lium
426 4086 1872 4152 cordibusutitaChristusnatuscredaturilliusirae,
1959 4102 2086 4139 caro
2124 4086 2331 4139 factum
2374 4092 2476 4144 est,
2507 4091 2760 4138 vocatum
2796 4092 2883 4139 est
2913 4087 3261 4151 Emmanuel,
3296 4086 3444 4156 quod
3472 4091 3558 4139 est

267 4177 419 4231 sicut
447 4175 632 4230 caeteri
663 4179 975 4229 nascuntur
1002 4174 1058 4227 in
1088 4174 1222 4227 vitio
1245 4174 1639 4245 corruptionis.
1665 4176 1734 4227 de
1764 4184 1875 4244 qua
1958 4178 2237 4227 nobiscum
2268 4175 2401 4226 Deus
2429 4172 2645 4237 (Matth.
2682 4187 2720 4238 1,
2751 4173 2862 4236 23).
2896 4174 2999 4227 Hic
3027 4172 3113 4227 est
3136 4175 3329 4244 itaque
3357 4175 3553 4227 hortus

266 4266 630 4336 corruptione
659 4265 819 4317 dolor
872 4269 926 4317 et
970 4263 1213 4333 gemitus
1265 4262 1689 4333 multiplicatur.
1724 4264 1875 4316 Alias
1956 4262 2049 4315 ille
2077 4263 2372 4315 conclusus
2398 4261 2455 4315 in
2483 4261 2746 4327 Canticis,
2780 4264 2902 4315 fons
2930 4262 3185 4331 signatus
3216 4265 3393 4331 (0am.
3429 4272 3500 4323 Ivi
3538 4282 3549 4316 :

269 4358 464 4407 autem
492 4352 799 4407 secundum
820 4368 1042 4406 carnem
1068 4368 1167 4404 nec
1181 4354 1446 4421 gemitus,
1463 4368 1564 4405 nec
1583 4353 1741 4405 dolor
1753 4352 1874 4405 sine
1893 4389 1937 4421 ᾗ
1956 4352 2154 4404 hortus
2170 4348 2446 4420 siquidem
2462 4350 2776 4415 conclusus,
2792 4350 2925 4421 quia
2943 4351 3166 4420 quando
3182 4351 3330 4404 Deus
3344 4351 3556 4420 ingres-

270 4438 631 4513 corruptione
654 4440 948 4502 viscerum,
987 4448 1088 4493 nec
1119 4439 1401 4510 corruptio
1431 4438 1550 4493 sine
1581 4440 1772 4492 dolore
1819 4446 1874 4492 et
1897 4438 1935 4453 "
1956 4456 2052 4493 sus
2073 4446 2159 4492 est
2178 4445 2235 4492 et
2259 4446 2380 4492 eam
2414 4439 2795 4508 incorruptam
2826 4439 3063 4504 invenit;
3088 4440 3181 4493 sed
3215 4440 3336 4493 fons
3364 4439 3554 4508 signa-

268 4532 489 4602 gemitu
519 4551 531 4585 :
564 4530 808 4601 gemitus
853 4536 911 4583 et
937 4530 1222 4599 corruptio
1255 4528 1309 4581 in
1339 4535 1503 4598 partu
1536 4528 1874 4581 feminarum
1954 4535 2048 4582 tus
2071 4528 2399 4598 permansit.
2419 4528 2642 4597 quando
2668 4529 2815 4581 Deus
2836 4534 2891 4581 et
2913 4527 3079 4580 homo
3102 4533 3267 4580 natus
3282 4534 3368 4581 est
3387 4544 3551 4595 exea;

270 4637 386 4674 non
417 4619 524 4673 nisi
556 4637 619 4673 ex
666 4620 867 4673 delicto
898 4625 953 4672 et
1000 4614 1390 4671 maledictione
1420 4617 1613 4687 primae
1642 4616 1876 4685 originis
1956 4633 2059 4670 nec
2088 4624 2275 4670 tamen
2305 4617 2517 4670 fontem
2550 4616 2778 4685 pudoris
2806 4622 2904 4669 aut
2941 4616 3230 4685 sanguinis
3259 4617 3556 4687 integrita-

271 4709 527 4762 veniunt.
554 4708 712 4762 Unde
740 4708 1154 4776 interrogemus
1175 4707 1311 4760 istos
1342 4723 1606 4776 sequaces
1636 4706 1875 4760 llelvidii
1955 4712 2070 4759 tem
2104 4706 2341 4758 violavit.
2377 4707 2520 4758 Nam
2551 4705 2780 4775 sanguis
2809 4713 2867 4757 et
2892 4704 3015 4757 fons
3050 4705 3276 4774 pudoris
3301 4707 3398 4775 qui
3430 4720 3557 4761 cor-

272 4797 543 4855 hzer'etici.
568 4797 682 4868 qui,
706 4797 810 4851 etsi
840 4796 1109 4865 virginem
1140 4804 1262 4849 eam
1294 4811 1406 4849 non
1429 4797 1713 4866 denegant
1748 4812 1876 4866 per-
1960 4802 2159 4864 ruptus
2190 4810 2301 4847 non
2326 4794 2431 4847 fuit
2458 4794 2515 4847 in
2554 4795 2916 4863 conceptione
2946 4794 3118 4863 prolis
3157 4806 3221 4847 ex
3251 4794 3405 4850 coitu
3430 4796 3554 4862 viri,

271 4887 569 4951 mansisse,
588 4886 913 4957 pudicitiam
927 4890 1119 4939 tamen
1134 4887 1546 4939 commaculant
1566 4891 1618 4938 et
1634 4886 1877 4955 gratiam
1961 4898 2070 4938 non
2086 4883 2253 4936 credo
2271 4883 2419 4952 quod
2435 4882 2718 4952 corrumpi
2733 4882 2992 4936 debuerit
3006 4883 3061 4936 in
3080 4884 3393 4952 nativitate,
3408 4886 3559 4956 quod

272 4992 389 5047 qua
403 4973 571 5047 plena
593 4973 946 5044 praedicatur,
974 4975 1198 5044 quando
1219 4974 1503 5027 communi
1529 4974 1650 5042 lege
1673 4973 1877 5026 vitiatae
1960 4976 2360 5029 cruciationem
2390 4974 2588 5031 matris
2611 4979 2669 5027 et
2686 4974 3219 5029 contaminationem
3249 4976 3558 5031 honestatis

271 5072 491 5118 naturae
521 5062 713 5116 dicunt
742 5068 867 5115 eam
921 5062 1223 5133 peperisse.
1248 5063 1406 5126 Quod
1437 5063 1485 5116 si
1528 5063 1607 5115 ita
1638 5062 1870 5132 peperit,
1963 5064 2242 5117 habuerit.
2277 5064 2419 5116 Hinc
2447 5069 2532 5116 est
2579 5076 2714 5116 sane
2744 5063 2892 5132 quod
2944 5060 3188 5118 Ecclesia
3216 5078 3282 5118 ex
3311 5063 3555 5118 auctori-

273 5169 410 5222 ergo
457 5149 641 5204 adhuc
685 5152 775 5220 [ac
806 5150 874 5219 si]
908 5150 967 5203 in
1021 5162 1205 5204 massa
1261 5152 1452 5222 primae
1501 5150 1877 5204 damnationis
1959 5158 2075 5206 tate
2105 5158 2424 5205 sanctorum
2452 5152 2683 5204 Patrum
2705 5152 2858 5205 canit
2881 5152 2949 5206 de
2977 5153 3266 5207 nativitate
3298 5153 3454 5220 ejus:
3488 5152 3556 5204 Et

271 5247 471 5295 contra
496 5240 680 5309 angeli
708 5254 899 5292 vocem
928 5240 1305 5293 maledictioni
1336 5240 1631 5310 subjacuit,
1668 5248 1725 5295 et
1752 5241 1880 5293 Ver—
1960 5244 2231 5309 gaudium
2252 5243 2452 5294 matris
2474 5241 2647 5306 habet,
2671 5240 2873 5310 inquit.
2897 5252 3023 5294 cum
3044 5243 3365 5307 virginitate
3384 5242 3554 5307 pudo-

272 5330 410 5383 bum
443 5326 627 5382 Patris
675 5327 743 5381 de
773 5340 940 5381 carne
988 5330 1221 5399 peccati.
1251 5330 1398 5398 quod
1438 5330 1603 5393 absit,
1636 5337 1701 5383 ut
1748 5350 1878 5387 caro
1963 5334 2059 5384 ris.
2096 5331 2199 5383 Ubi
2255 5330 2351 5383 alii
2407 5344 2573 5399 quam
2621 5329 2831 5400 egregii
2863 5330 2964 5382 viri
3006 5328 3394 5392 emendarunt,
3427 5342 3555 5382 cum

273 5420 441 5472 ﬁeret
493 5418 776 5470 hominem
808 5418 1130 5488 assumpsit.
1161 5418 1267 5472 Sed
1300 5419 1430 5488 quia
1468 5430 1662 5474 contra
1710 5423 1879 5477 ﬁdem
1962 5419 2281 5489 virginitate
2314 5414 2558 5472 honoris.
2592 5418 2944 5487 Virginitatis
2985 5423 3171 5470 autem
3203 5416 3385 5471 honor
3424 5432 3554 5488 per-

272 5505 612 5561 catholicam
636 5512 722 5559 est
742 5507 823 5560 sic
852 5516 1070 5577 Sapere,
1104 5506 1269 5561 beata
1298 5508 1467 5577 Virgo
1498 5509 1665 5579 plena
1693 5513 1880 5582 gratia
1961 5511 2239 5564 maximus
2270 5515 2377 5573 est,
2410 5508 2459 5562 si
2484 5512 2540 5561 et
2568 5508 2728 5577 virgo
2745 5508 2920 5561 Deu'm
2951 5506 3137 5577 pariat
3162 5511 3221 5559 et
3246 5507 3548 5574 hominem,

277 5612 464 5669 neque
491 5592 741 5650 dolorem
788 5594 986 5662 sensit,
1030 5594 1213 5667 neque
1266 5597 1683 5670 corruptiOnem
1710 5600 1881 5656 visce-
1959 5605 2014 5655 et
2040 5604 2231 5655 tamen
2261 5614 2327 5655 ex
2352 5599 2581 5654 homine
2610 5602 2743 5651 nato
2760 5595 2932 5652 nullis
2956 5594 3247 5664 diligatur
3264 5595 3447 5650 kakiis
3474 5597 3553 5650 si-
