3992 6166
462 305 600 363 1375
1234 308 1292 362 S.
1330 304 1707 361 PASCHASII
1747 272 2107 361 RADBERTl
2144 300 2449 359 ABBATIS
2487 298 2983 358 CORBEIENSIS.
3609 286 3752 344 1375

458 430 659 501 gillum
679 430 929 503 pudoris.
944 432 1123 485 Kakia
1140 446 1383 502 namque
1403 430 1668 486 dicuntur
1686 431 1877 485 Graece
1897 444 2053 483 veza-
2067 428 2119 487 A
2134 428 2362 497 gatione
2386 426 2605 499 eguerit
2624 424 2797 480 ullius
2811 423 3023 487 delicti,
3041 420 3174 493 quia
3197 418 3418 492 peperit
3434 415 3753 473 Dominum

461 522 650 586 tiones,
672 520 873 592 quibus
890 537 1057 591 quam
1081 521 1201 574 dire
1221 520 1495 591 aflligitur
1516 536 1717 591 corpus
1739 525 1796 573 et
1811 520 2050 574 animus.
2138 517 2165 570 J
2172 532 2329 571 esum
2350 517 2638 572 Christum
2669 514 2741 568 de
2766 512 3202 604 Spiritu—sancto
3228 511 3619 604 procreatum,

462 608 570 663 Sed
585 608 752 664 beata
770 609 1312 663 Marianihilhorum
1328 608 1708 679 pertulitque;
1721 607 2058 678 etgaudium
2140 605 2272 675 quia
2293 606 2416 677 ipsa
2439 604 2541 660 sub
2565 620 2697 673 rege
2726 607 2868 665 erat,
2900 607 2958 655 et
2985 599 3258 655 Dominus
3289 598 3452 651 Jesus
3482 593 3756 649 Christus

462 696 659 751 habuit
692 699 750 751 in
780 698 985 763 fructu,
1019 703 1075 751 et
1113 697 1384 750 honorem
1427 697 1486 750 in
1533 702 1719 767 partu.
1752 697 1896 751 Hinc
1924 712 2056 767 quo-
2140 693 2244 748 sub
2270 695 2392 765 lege
2436 695 2636 757 factus,
2668 692 2847 745 iactus
2884 690 2955 743 de
3003 688 3260 752 muliere,
3293 684 3434 756 legis
3462 686 3755 754 precepts

464 800 570 855 que
595 785 801 839 dicitur
823 785 1141 856 concepisse
1160 784 1331 855 Virgo
1352 791 1410 839 et
1423 784 1702 855 peperisse
1723 790 1781 839 et
1797 801 2057 855 perman-
2136 787 2194 834 et
2208 781 2467 835 instituta
2491 786 2743 835 veterum
2764 778 2824 832 in
2843 795 2908 832 eo
2929 781 3226 832 servantur
3248 777 3379 844 jure
3395 773 3467 827 ad
3493 778 3750 842 tempus,

462 872 619 926 sisse.
652 873 832 942 Equa
860 872 1035 942 igitur
1062 872 1382 927 conditione
1410 872 1616 926 dicitur
1642 872 1960 943 concepisse
1991 889 2057 927 ac
2138 886 2428 941 quousque
2458 874 2713 924 cessante
2743 868 2869 938 lege
2913 866 3103 937 gratia
3149 863 3495 919 succederet.
3529 861 3602 917 Et
3632 861 3755 914 haec

459 958 760 1029 peperisse,
784 975 945 1030 aequa
966 965 1024 1013 et
1052 959 1445 1030 permansisse.
1470 960 1595 1013 Non
1629 959 1779 1013 enim
1809 959 1866 1013 in
1890 965 2055 1030 partu
2138 966 2224 1014 est
2272 959 2572 1031 completio
2628 957 2850 1011 dierum
2908 954 3218 1009 secundum
3272 951 3755 1006 consuetudinem

462 1046 646 1100 solent
676 1046 824 1101 coire
863 1064 1152 1119 puerperae
1178 1064 1303 1102 cum
1341 1048 1494 1113 viris,
1528 1054 1594 1102 ut
1614 1048 1767 1117 virgo
1795 1053 1930 1101 tunc
1955 1064 2056 1102 ne-
2138 1049 2275 1118 legis
2304 1055 2361 1102 et
2388 1065 2502 1103 non
2530 1046 2839 1103 secundum
2863 1044 3252 1100 necessitatem
3308 1038 3756 1112 puriﬁcationis.

459 1141 627 1204 getur
652 1135 1032 1205 virginitatem
1058 1137 1383 1207 perdidisse,
1408 1137 1633 1208 quando
1654 1137 1842 1191 nullus
1860 1142 1946 1190 est
1964 1154 2058 1209 ap-
2140 1138 2273 1208 quia
2319 1138 2485 1193 beata
2512 1143 2569 1193 et
2597 1137 2937 1191 intemerata
2976 1133 3267 1204 virginitas
3298 1130 3677 1185 immaculata
3701 1138 3761 1183 et

458 1223 684 1293 petitus,
704 1241 886 1296 neque
914 1226 1031 1280 ulla
1049 1226 1389 1296 possibilitas
1413 1226 1666 1291 coeundi,
1689 1226 1787 1279 sed
1817 1226 2055 1296 integri-
2137 1227 2463 1298 incorrupta
2528 1225 2860 1298 permansit,
2919 1223 3090 1277 nullis
3146 1220 3513 1291 coinquinata
3567 1218 3763 1271 sordi-

457 1314 988 1369 tascommendatur
1006 1315 2055 1385 virginis,ethonoratqueincorruptio
2136 1314 2261 1380 bus,
2320 1315 2489 1370 nullis
2543 1320 2737 1368 vexata
2794 1313 2916 1367 Eva:
2966 1309 3329 1365 cruciatibus.
3370 1309 3501 1362 Non
3558 1312 3763 1377 potest

459 1401 662 1455 carnis.
711 1403 975 1474 Alioquin
1046 1420 1148 1458 nos
1214 1404 1316 1458 viri
1378 1404 1511 1475 quia
1568 1404 1846 1458 nescimus
1905 1403 2056 1458 illius
2138 1403 2280 1468 ﬁeri,
2306 1404 2469 1473 juxta
2498 1403 2683 1473 angeli
2708 1417 2899 1455 vocem
2927 1399 3023 1471 qui
3051 1398 3322 1470 gaudium
3346 1396 3761 1451 universorum

459 1504 623 1543 sexus
678 1497 960 1557 naturam,
994 1492 1405 1562 interrogemus
1449 1492 1709 1563 virgines,
1741 1492 2057 1562 interroge-
2137 1490 2320 1555 affert,
2350 1496 2412 1543 ut
2443 1490 2563 1561 ipse
2593 1490 2848 1544 Christus
2885 1492 3166 1542 tormenta
3194 1485 3251 1539 in
3280 1490 3410 1539 ortu
3437 1500 3543 1539 suo
3574 1482 3763 1536 matri

459 1595 587 1633 mus
618 1596 776 1649 aeque
838 1585 895 1633 et
940 1585 1229 1635 matronas
1273 1581 1534 1651 eonjugio
1583 1581 1892 1651 copulatas.
1928 1581 2057 1634 Vir-
2137 1579 2408 1633 attulerit.
2427 1579 2924 1649 Interangelorum
2946 1573 3765 1631 excubiasetlaudesnonere-

460 1666 619 1736 gines
649 1667 895 1737 quidem,
930 1674 991 1722 ut
1021 1669 1263 1724 sciamus
1287 1669 1421 1740 quid
1450 1670 1525 1724 sit
1552 1670 1847 1739 integritas
1871 1670 2057 1724 carnis
2137 1668 2209 1723 do
2238 1669 2384 1739 quod
2412 1668 2579 1723 matri
2609 1668 2854 1737 gemitus
2892 1671 2949 1720 et
2972 1666 3192 1719 dolores
3214 1662 3590 1731 tristitiasque
3616 1658 3762 1714 Eva:

458 1759 519 1807 et
545 1754 865 1824 sanguinis;
907 1758 1234 1827 conjugatas
1258 1739 1411 1823 vero,
1443 1757 1490 1810 si
1520 1763 1607 1811 est
1629 1759 1745 1812 ulla
1772 1739 2117 1830 corruptioB
2138 1756 2504 1823 contraxerit;
2539 1762 2597 1811 et
2624 1756 2749 1810 ideo
2787 1755 2900 1809 alia
2932 1757 3056 1807 erat
3083 1751 3341 1825 purgatio
3371 1750 3472 1804 illa
3507 1748 3767 1802 femina-

459 1841 517 1895 in
544 1849 709 1913 partu
728 1849 830 1898 aut
848 1844 1025 1911 dolor,
1048 1846 1157 1900 nisi
1188 1845 1521 1917 processerit
1547 1846 1837 1916 sanguinis
1860 1853 2056 1901 conta-
2139 1845 2356 1907 rum,in
2382 1861 2492 1917 qua
2517 1844 2910 1916 purgabantur
2937 1858 3051 1897 non
3080 1841 3268 1895 minus
3290 1840 3494 1893 delicta
3522 1837 3762 1891 anima-

459 1930 697 1986 minatio
738 1938 796 1985 et
841 1934 1071 1988 seminis
1099 1936 1395 2006 susceptio.
1432 1936 1557 1989 Non
1613 1936 1762 1989 enim
1820 1935 2057 1990 libenter
2137 1951 2263 1988 rum
2283 1950 2451 2004 quam
2467 1934 2671 1988 etvitia
2685 1949 3012 2004 corporum;
3041 1936 3098 1985 et
3114 1930 3225 1983 alia
3243 1928 3506 2000 purgatio
3533 1926 3757 1991 Mariae,

457 2018 613 2074 vobis
640 2023 1031 2077 verecundiam
1077 2023 1398 2090 incutimus,
1435 2024 1780 2087 charissime,
1815 2025 1911 2095 qui
1940 2042 2052 2079 non
2135 2023 2194 2076 in
2223 2038 2335 2093 qua
2355 2038 2467 2076 non
2496 2021 2566 2075 ob
2587 2021 2739 2075 aliud
2766 2037 2934 2092 quam
2966 2037 3067 2091 pro
3097 2018 3363 2091 mysterio
3391 2014 3762 2069 consuetudo

458 2106 580 2162 sine
600 2126 802 2180 magno
834 2112 1044 2182 pudore
1056 2113 1125 2166 de
1155 2112 1243 2166 bis
1259 2113 1561 2184 loquimur,
1580 2113 1677 2167 sed
1699 2113 1917 2167 eximiae
1940 2113 2053 2183 pie-
2135 2111 2276 2181 legis
2304 2116 2590 2173 servatur,
2614 2110 2748 2181 quia
2774 2110 2947 2164 nullis
2974 2107 3176 2179 egebat
3201 2104 3593 2179 purgamentis
3622 2119 3764 2173 qua:

457 2197 594 2251 tatis
624 2199 801 2253 honor
831 2208 916 2255 est
944 2201 1095 2255 vobis
1124 2207 1183 2255 et
1221 2202 1393 2256 decus
1440 2202 1682 2267 virtutis,
1719 2201 2052 2256 beatissima;
2135 2201 2314 2255 Deum
2340 2200 2408 2253 de
2432 2216 2492 2253 se
2521 2200 2780 2253 omnium
2814 2199 3230 2270 puriﬁcatorem
3258 2194 3455 2267 genuit
3480 2192 3761 2247 incarna-

459 2283 709 2355 Virginis
758 2289 1084 2358 pudicitiam
1138 2290 1439 2361 praedicare
1468 2291 1849 2362 incorruptam
1879 2296 1935 2345 et
1962 2291 2052 2344 in-
2133 2295 2275 2343 tum.
2300 2290 2474 2344 Porro
2500 2290 2799 2360 completio
2828 2288 3042 2343 dierum
3065 2283 3412 2359 purgationis
3436 2284 3567 2352 ejus
3585 2281 3763 2335 nulla

460 2374 921 2439 contaminatam.
949 2387 1007 2430 et
1029 2377 1099 2430 ab
1146 2378 1297 2432 omni
1340 2378 1671 2448 contagione
1714 2386 1908 2449 primae
1946 2379 2053 2432 ori-
2133 2378 2245 2432 alia
2272 2394 2440 2433 causa
2484 2383 2572 2433 est
2609 2394 2776 2449 quam
2826 2377 3063 2449 expletio
3092 2382 3152 2430 et
3186 2372 3533 2429 consuetudo
3576 2370 3759 2440 legis.

456 2459 605 2529 ginis
630 2465 880 2518 confiteri
909 2466 1172 2520 alienam.
1206 2468 1285 2522 De
1315 2484 1426 2539 qua
1455 2468 1499 2521 si
1524 2469 1932 2539 interrogemus
1948 2469 2052 2522 vir—
2132 2468 2400 2538 Purgatio
2441 2484 2571 2522 vero
2597 2474 2655 2522 et
2687 2467 2969 2538 separatio
3011 2466 3353 2536 reliquarum
3391 2462 3761 2516 feminarum

458 2548 640 2620 gines,
667 2559 877 2607 norunt
907 2554 1340 2627 incorruptionis
1365 2558 1627 2627 gratiam,
1658 2558 1757 2612 sed
1796 2558 2053 2612 nesciunt
2131 2557 2303 2611 mutis
2333 2573 2398 2610 ex
2427 2558 2611 2612 causis
2638 2564 2743 2623 est,
2759 2558 2817 2611 in
2839 2572 2949 2628 qua
2961 2554 3159 2610 etvitia
3181 2558 3496 2625 purgantur
3525 2550 3767 2604 anima-

460 2636 860 2696 fecunditatem
891 2644 1080 2715 prolis.
1116 2646 1173 2700 Si
1205 2662 1335 2700 vero
1374 2663 1690 2717 quaeramus
1720 2647 1868 2717 apud
1916 2663 2051 2700 con-
2132 2662 2257 2701 rum
2297 2652 2354 2700 et
2381 2647 2516 2700 vitia
2560 2664 2883 2718 corporum.
2931 2645 3090 2699 Unde
3136 2648 3351 2713 septem
3392 2641 3768 2711 deputantur

453 2726 612 2798 jugio
640 2729 945 2797 dedicatas,
979 2734 1165 2788 sciunt
1212 2735 1437 2805 quidem
1488 2736 1896 2790 maledictionis
1928 2736 2050 2790 Eva:
2132 2735 2250 2789 dies
2278 2736 2573 2801 immundi,
2601 2734 2805 2807 quibus
2831 2734 3027 2789 sedere
3045 2733 3277 2804 jubetur
3293 2731 3496 2785 mulier
3516 2730 3577 2783 in
3608 2745 3765 2783 san-

458 2832 750 2886 pressuras
778 2826 837 2874 et
877 2823 1140 2892 gemitus,
1174 2825 1357 2878 sciunt
1410 2830 1467 2878 et
1512 2824 1660 2878 inter
1689 2841 1968 2879 aerumnas
1997 2829 2055 2878 et
2131 2824 2303 2895 guine
2324 2822 3091 2886 immundo,immundissima
3107 2823 3266 2892 juxta
3281 2821 3402 2873 dies
3429 2819 3767 2889 separatio-

456 2905 717 2962 tristitias
733 2910 1129 2966 fecunditatem
1151 2913 1399 2974 seminis,
1417 2913 1513 2967 sed
1544 2914 1799 2967 nesciunt
1826 2914 2055 2983 integri-
2135 2913 2223 2967 nis
2247 2914 2389 2983 ejus,
2423 2920 2481 2967 et
2502 2914 2736 2984 triginta
2756 2919 2870 2967 tres
2899 2918 2964 2967 ut
2989 2911 3183 2966 sedeat
3201 2911 3256 2964 in
3279 2907 3557 2979 sanguine
3575 2924 3764 2977 puro.

456 2998 635 3049 tatem
678 2996 1032 3067 virginitatis,
1062 3017 1165 3054 nec
1212 3001 1269 3055 in
1307 3007 1576 3071 conceptu
1608 3019 1711 3056 nec
1759 3002 1817 3055 in
1865 3010 2048 3072 partu.
2080 3066 2112 3072 _
2137 3002 2411 3056 Omnibus
2428 3008 2618 3056 tamen
2638 3002 2836 3056 diebus
2855 3001 2979 3055 istis
2999 3000 3204 3055 mulier
3222 2996 3517 3053 immunda
3539 3002 3675 3050 erat
3700 3002 3767 3051 et

459 3082 634 3137 Beata
662 3066 794 3139 vero
816 3087 996 3141 Mater
1022 3089 1246 3142 Domini
1271 3089 1330 3142 in
1345 3066 1585 3159 utroque
1614 3090 1769 3160 virgo
1798 3066 2053 3161 perman-
2069 3066 2115 3128 Ο
2135 3091 2361 3144 sordida
2375 3092 2564 3145 multis
2585 3108 2651 3145 ex
2669 3091 2837 3157 vitiis,
2858 3091 3035 3145 donec
3059 3088 3544 3158 redintegraretur
3556 3093 3761 3139 status

456 3170 549 3233 sit,
607 3171 665 3224 id
725 3178 811 3226 est
857 3180 915 3226 et
968 3175 1026 3229 in
1082 3182 1353 3248 conceptu
1402 3184 1602 3241 mater,
1665 3186 1723 3233 et
1771 3178 1828 3232 in
1884 3185 2048 3250 partu
2133 3179 2306 3232 totius
2347 3180 2614 3251 corporis,
2650 3185 2707 3234 et
2735 3186 3074 3233 sanarentur
3104 3192 3339 3249 corpora
3392 3174 3762 3245 sanguisque

458 3256 633 3328 virgo,
652 3255 865 3330 quia'in
895 3263 1050 3317 nullo
1082 3265 1282 3319 horum
1305 3266 1685 3321 contaminata
1705 3268 2050 3338 reliquarum
2133 3274 2376 3322 cessaret
2407 3286 2440 3322 a
2468 3269 2683 3322 fervore
2717 3268 2974 3335 vitiatus;
3005 3268 3195 3337 sicque
3214 3264 3538 3320 emundatis
3568 3265 3765 3318 sordi-

459 3348 711 3419 exemplo
740 3350 1075 3407 feminarum
1101 3354 1225 3415 fuit,
1259 3372 1381 3425 qua:
1427 3371 1530 3409 nec
1550 3356 1727 3410 Adam
1758 3357 1827 3410 ad
1853 3374 1913 3411 se
1950 3358 2051 3411 ad-
2133 3355 2259 3423 bus,
2285 3356 2488 3411 mulier
2509 3357 2710 3411 divinis
2731 3362 3068 3428 purgaretur
3084 3354 3281 3409 hostiis
3309 3359 3365 3408 et
3386 3351 3758 3407 muneribus.

459 3436 637 3506 misit,
662 3454 764 3492 nec
814 3456 881 3493 ex
925 3440 1049 3495 Eva:
1093 3442 1403 3497 colluvione
1441 3444 1620 3498 ﬁlium
1658 3446 1917 3516 suscepit,
1952 3463 2055 3500 nec
2137 3445 2244 3499 Sed
2275 3444 2441 3499 beata
2475 3446 2655 3500 Maria
2700 3462 2810 3499 non
2852 3444 3059 3500 talibus
3089 3446 3245 3515 eguit
3278 3442 3590 3504 sacrificiis,
3618 3458 3761 3512 qua:

457 3526 562 3578 sub
593 3527 890 3582 maledicto
938 3530 995 3584 in
1026 3530 1311 3586 doloribus
1342 3538 1398 3586 et
1442 3534 1717 3604 angustiis
1748 3535 1910 3588 enixa
1938 3534 2052 3589 Do-
2136 3539 2387 3588 sanctam
2418 3535 2487 3588 de
2515 3552 2575 3588 se
2602 3535 2802 3605 genuit
2832 3534 3098 3599 hostiam,
3134 3550 3234 3604 per
3269 3548 3443 3603 quam
3492 3532 3757 3585 mundus

457 3613 671 3669 minum
693 3618 927 3688 peperit.
958 3619 1115 3674 Unde
1144 3626 1363 3675 constat
1391 3622 1523 3693 quia
1551 3623 1695 3676 sicut
1711 3624 1898 3677 clauso
1927 3629 2051 3677 utc-
2138 3630 2408 3694 purgatus
2427 3630 2529 3677 est.
2552 3625 2695 3678 Nam
2719 3624 2866 3695 quod
2888 3624 3024 3678 dicit
3044 3621 3405 3691 evangelista,
3423 3621 3569 3687 Quia
3583 3636 3758 3673 omne

458 3718 520 3756 ro
540 3700 812 3776 co'ncepit,
831 3707 911 3761 ita
932 3713 986 3761 et
1005 3709 1195 3763 clauso
1224 3710 1462 3781 peperit,
1488 3728 1600 3764 non
1622 3712 1907 3765 communi
1930 3712 2051 3781 lege
2136 3715 2533 3779 masculinum,
2547 3714 2871 3782 adaperiens
2883 3716 3390 3777 vulcam,sanclum
3406 3710 3648 3762 Domino
3662 3725 3759 3761 vo-

456 3797 673 3848 naturze
686 3795 891 3850 vitiatae
907 3801 964 3850 et
983 3798 1465 3853 maledictionibus
1487 3800 1783 3863 damnatae,
1806 3801 1898 3854 sed
1932 3802 2052 3872 Spi-
2135 3803 2375 3864 cabitur,
2415 3817 2529 3855 non
2576 3801 2701 3855 ideo
2729 3800 2882 3866 dicit,
2916 3805 2981 3854 ut
3007 3816 3108 3853 nos
3137 3804 3300 3869 cogat
3329 3796 3562 3851 credere
3593 3797 3753 3866 quod

455 3881 600 3935 ritus
626 3884 803 3938 sancti
832 3886 1036 3954 gratia,
1064 3892 1121 3939 et
1150 3887 1355 3942 virtute
1383 3888 1658 3943 Altissimi
1695 3905 1807 3959 qua
1843 3890 2053 3960 legitur
2134 3889 2391 3944 Christus
2428 3891 2647 3944 vulvam
2689 3890 2887 3943 matris
2909 3888 3149 3961 aperuit,
3172 3893 3237 3941 ut
3265 3887 3382 3951 alii,
3415 3886 3515 3939 sed
3547 3891 3611 3939 ut
3641 3885 3755 3939 do-

455 3970 809 4027 adumbrata.
2131 3984 2282 4032 ceret
2301 3978 2448 4049 quod
2468 3978 2594 4032 ideo
2626 3979 2836 4032 sistunt
2862 3995 2991 4032 eum
3013 3976 3251 4031 Domino
3281 3982 3347 4029 ut
3376 3976 3628 4043 facerent
3658 3991 3748 4027 sr-

523 4061 597 4114 At
616 4077 745 4115 vero
775 4062 867 4117 isti
892 4062 1016 4119 nisu
1040 4081 1150 4135 quo
1179 4072 1417 4136 possunt
1435 4072 1712 4121 conantur
1739 4068 2046 4140 astipulare
2130 4070 2375 4121 cundum
2388 4070 2836 4121 consuetudinem
2856 4069 2985 4135 legis
2995 4082 3097 4135 pro
3110 4083 3184 4129 eo;
3200 4068 3335 4134 quia
3346 4080 3509 4117 omne
3526 4078 3751 4117 mascu-

451 4148 741 4218 Virginem
764 4150 824 4204 in
857 4151 991 4206 vitio
1020 4154 1320 4224 peperisse,
1356 4161 1413 4209 et
1439 4156 1721 4226 pudicitiae
1746 4164 2033 4211 contume-
2125 4154 3737 4224 linum,adaperiensvulvam,sanctumDominovocabitur,

454 4235 559 4289 lias
584 4236 974 4294 inferre.Unde
991 4248 1289 4296 assumunt
1312 4244 1447 4298 illud
1472 4261 1537 4298 ex
1554 4245 1878 4316 Evangelio:
1904 4246 2041 4301 Cum
2124 4243 2182 4297 in
2212 4244 2477 4314 mysterio
2507 4245 2646 4314 legis
2666 4249 2724 4297 et
2743 4250 3094 4299 sacramento
3124 4260 3295 4297 sacrm
3316 4242 3739 4314 praevaricatio-

449 4328 665 4393 impleti
689 4334 860 4381 essent
886 4330 997 4382 dies
1012 4336 1370 4397 purgationes
1391 4337 1526 4400 ejus,
1548 4334 1697 4403 quod
1721 4336 2041 4388 obtulerunt
2058 4378 2109 4403 η
2127 4332 2231 4386 nis.
2256 4334 2381 4387 Non
2408 4333 2557 4387 enim
2588 4334 2927 4403 evangelista
2956 4334 3061 4387 hoc
3084 4333 3473 4387 testimonium
3502 4331 3575 4384 de
3606 4332 3738 4400 lege

528 4378 543 4393 ,
574 4378 579 4379 ν
650 4378 653 4379 ν
890 4378 1366 4397 ήη--τ--.σπ---.-,-.
1392 4378 1526 4400 ηπ,
1551 4378 1697 4403 ηπ..
1722 4378 1914 4388 omne.
2129 4378 2231 4386 η.-.
2256 4378 2381 4387 -.-η
2411 4378 2557 4387 -...-..
2590 4378 2927 4403 ν.....ον-..,...
2958 4378 3061 4387 ..νν
3088 4378 3473 4387 -ν-...-.ν--...-..
3506 4378 3574 4384 _-
3606 4378 3725 4400 --ε-

444 4415 631 4468 Jesum
658 4417 721 4469 in
761 4418 1067 4471 Jerusalem
1096 4424 1155 4471 υι
1185 4422 1436 4473 sisterent
1461 4438 1587 4473 eum
1617 4423 1868 4489 Domino,
1900 4378 2251 4481 sicutDideo
2281 4421 2552 4482 adhibuit.
2585 4428 2650 4475 ut
2678 4427 3019 4477 monstraret
3044 4422 3332 4476 Christum
3357 4421 3583 4475 vulvam
3614 4420 3739 4473 vir-

444 4507 710 4573 scriptum
729 4511 803 4559 est
826 4508 889 4560 in
907 4510 1016 4575 lege
1036 4508 1293 4560 Domini:
1326 4509 1466 4575 Quia
1485 4526 1644 4563 omne
1663 4516 2041 4568 masculinum
2124 4510 2271 4580 ginis
2282 4527 2578 4575 reserasse,
2592 4511 2929 4566 sicutcmteri
2947 4511 3327 4582 primogeniti,
3343 4510 3443 4564 sed
3466 4516 3532 4563 ut
3544 4516 3741 4564 osten-

444 4594 769 4660 adaperiens
797 4599 1017 4649 vulvam
1045 4601 1299 4650 sanctum
1324 4599 1557 4651 Domino
1585 4601 1870 4653 vocabitur
1892 4604 2039 4667 (Luc.
2124 4600 2283 4652 deret
2310 4616 2440 4653 eum
2481 4599 2584 4653 δαὶ)
2632 4600 2754 4670 lege
2801 4601 3031 4665 factum»
3064 4606 3124 4655 εἴ
3161 4600 3231 4654 de
3281 4602 3448 4654 “Ilva
3493 4600 3740 4671 virginis

446 4692 506 4742 ιι,
529 4678 618 4743 22.
644 4681 751 4749 ‘23).
772 4684 929 4747 Ecce,
952 4685 1234 4757 inquiunt.
1267 4702 1393 4740 eum
1425 4686 1561 4740 dicit
1591 4688 1894 4759 completos
1922 4690 2042 4742 dies
2124 4686 2394 4756 prodisse,
2428 4704 2540 4741 non
2569 4688 2665 4759 qui
2703 4696 2997 4744 vocaretur
3022 4695 3265 4756 tantum,
3301 4690 3401 4744 sed
3455 4690 3551 4760 qui
3583 4697 3741 4744 esset

446 4770 797 4836 purgationis
840 4774 980 4842 ejus,
1014 4775 1262 4830 ostendit
1307 4776 1647 4846 evangelista
1680 4777 1793 4847 legi
1826 4785 2041 4833 naturae
2125 4775 2498 4829 essentialiter
2524 4781 2769 4843 sanctus,
2790 4778 2893 4831 cui
2915 4780 3045 4848 jure
3076 4784 3230 4850 patet
3258 4795 3427 4832 omne
3448 4779 3737 4833 clausum.

447 4870 573 4909 eam
604 4856 964 4926 subjacuisse,
997 4869 1055 4916 et
1095 4864 1352 4919 sordibus
1382 4865 1799 4935 coinquinatam
1848 4866 2038 4933 fuisse,
2126 4864 2286 4926 Quod
2313 4864 2700 4919 testimonium
2740 4866 2939 4921 beatus
2970 4867 3304 4921 Ambrosius
3351 4884 3641 4938 exponens
3672 4868 3737 4921 in

446 4943 614 4998 simul
644 4950 702 4997 et
737 4944 928 5000 Jesum
954 4950 1172 5004 vulvam
1222 4953 1419 5006 matris
1446 4953 1750 5023 aperuisse.
1784 4953 1891 5016 Qui
1920 4970 2045 5023 pro-
2126 4952 2423 5022 Evangelia
2454 4953 2534 5007 ait
2559 4956 2681 5022 (lib.
2706 4968 2767 5019 II,
2794 4971 2909 5023 cap.
2937 4954 2970 5012 2
2996 4959 3057 5009 in
3088 4958 3239 5023 Luc.)
3266 4974 3277 5007 :
3303 4962 3321 4983 '
3358 4974 3383 5007 (ι
3418 4956 3548 5010 Non
3578 4956 3737 5010 enim

448 5034 593 5089 fecto
650 5036 938 5088 temerarii
984 5046 1290 5094 assertores
1346 5042 1477 5097 dum
1518 5042 1599 5096 ita
1651 5041 1920 5103 sentiunt,
1953 5047 2043 5094 to-
2124 5041 2298 5094 virilis
2326 5043 2509 5095 coitus
2551 5043 2727 5096 vulva:
2769 5043 2998 5113 virginis
3043 5051 3259 5098 secreta
3306 5045 3601 5109 reseravit,
3633 5046 3739 5099 sed

447 5128 568 5177 tum
599 5122 886 5194 desipiunt
934 5130 991 5178 et
1030 5126 1329 5184 destruunt
1374 5131 1521 5201 quod
1577 5147 1726 5184 same
1777 5130 2043 5184 doctrinas
2124 5130 2551 5185 immaculatum
2581 5148 2774 5185 semen
2797 5131 3100 5186 inviolabili
3137 5140 3298 5186 utero
3329 5134 3578 5204 Spiritus
3605 5151 3741 5188 san-

450 5218 553 5278 est,
607 5212 754 5285 quod
814 5213 1136 5268 rudimenta
1204 5218 1331 5270 ﬁdei
1389 5219 1460 5273 de
1516 5220 1737 5275 Christo
1798 5219 2043 5273 ecclesiis
2125 5223 2249 5272 ctus
2274 5218 2498 5272 infudit.
2526 5220 2685 5283 Quod
2712 5236 2848 5274 sane
2876 5237 3068 5274 semen
3093 5222 3358 5292 praefatus
3387 5222 3588 5277 doctor
3616 5239 3734 5276 non

450 5301 936 5368 commendarunt,
972 5303 1119 5373 quod
1148 5305 1332 5374 gratia
1364 5307 1602 5377 Spiritus
1624 5308 1801 5361 sancti
1830 5307 1889 5361 in
1920 5324 2043 5379 my-
2126 5307 2203 5360 sic
2225 5306 2359 5360 dicit
2381 5306 2647 5369 infusum,
2674 5313 2738 5360 ut
2770 5307 2996 5363 aliunde
3025 5309 3100 5363 sit
3126 5325 3297 5378 quam
3323 5326 3393 5363 ex
3410 5326 3583 5364 carne
3606 5310 3734 5364 Vir-

449 5390 620 5444 sterio
640 5392 1032 5463 promulgavit.
1057 5393 1182 5446 Non
1202 5392 1351 5446 enim
1382 5395 1461 5448 sic
1489 5397 1749 5466 completi
1770 5397 1888 5451 dies
1918 5413 2046 5467 pur—
2124 5396 2271 5465 ginis
2294 5401 2351 5449 et
2374 5396 2665 5467 sanguine,
2687 5412 2869 5467 neque
2899 5404 2962 5451 ut
2982 5398 3222 5469 Spiritus
3249 5406 3483 5453 sanctus
3509 5417 3732 5455 semen—

449 5478 694 5549 gationis
751 5482 872 5550 ejus
929 5482 1207 5547 dicuntur,
1259 5483 1421 5552 quasi
1475 5483 1640 5539 beata
1691 5485 1855 5557 Virgo
1908 5502 2046 5557 pur-
2126 5485 2303 5538 tivum
2329 5500 2449 5537 esse
2480 5484 2743 5538 credatur
2760 5484 2963 5551 carnis,
2997 5486 3323 5540 utlrenaaus
3344 5487 3484 5553 vult,
3506 5489 3607 5543 sed
3628 5505 3733 5560 per

522 5573 539 5595 '
573 5568 694 5622 Non
739 5572 908 5624 enim.
965 5570 1099 5635 Quae
1129 5576 1461 5643 sequuntur,
1492 5572 1561 5629 de
1606 5574 1772 5629 verbo
1822 5579 2048 5630 exstant
2128 5573 2277 5646 apud
2299 5573 2685 5628 Hildefonsum
2712 5574 2934 5628 serm.i
2969 5574 3038 5629 de
3066 5574 3480 5630 Purificatione.
