  <div class='ocr_page' id='page_1' title='image "/cluster/home/n/w/nwhite01/storage/ocr_20150623/120/hvd.32044054759824/694.png"; bbox 0 0 3992 6166; ppageno 0'>
   <div class='ocr_carea' id='block_1_1' title="bbox 242 200 380 259">
    <p class='ocr_par' dir='ltr' id='par_1_1' title="bbox 242 200 380 259">
     <span class='ocr_line' id='line_1_1' title="bbox 242 200 380 259; baseline -0.014 0"><span class='ocrx_word' id='word_1_1' title='bbox 242 200 380 259; x_wconf 85' lang='grc'>1377</span> 
     </span>
    </p>
   </div>
   <div class='ocr_carea' id='block_1_2' title="bbox 1321 196 2454 261">
    <p class='ocr_par' dir='ltr' id='par_1_2' title="bbox 1321 196 2454 261">
     <span class='ocr_line' id='line_1_2' title="bbox 1321 196 2454 261; baseline -0.001 0"><span class='ocrx_word' id='word_1_2' title='bbox 1321 206 1417 261; x_wconf 91' lang='lat' dir='ltr'>DE</span> <span class='ocrx_word' id='word_1_3' title='bbox 1453 204 1690 261; x_wconf 81' lang='lat' dir='ltr'>PARTU</span> <span class='ocrx_word' id='word_1_4' title='bbox 1728 201 2075 260; x_wconf 84' lang='lat' dir='ltr'>VIRGINIS.</span> <span class='ocrx_word' id='word_1_5' title='bbox 2120 196 2186 244; x_wconf 59' lang='grc' dir='ltr'>-ὲ-</span> <span class='ocrx_word' id='word_1_6' title='bbox 2222 204 2365 261; x_wconf 90' lang='lat' dir='ltr'>LIB.</span> <span class='ocrx_word' id='word_1_7' title='bbox 2406 205 2454 260; x_wconf 91' lang='grc' dir='ltr'><strong>Ι.</strong></span> 
     </span>
    </p>
   </div>
   <div class='ocr_carea' id='block_1_3' title="bbox 3379 217 3521 274">
    <p class='ocr_par' dir='ltr' id='par_1_3' title="bbox 3379 217 3521 274">
     <span class='ocr_line' id='line_1_3' title="bbox 3379 217 3521 274; baseline 0.014 -2"><span class='ocrx_word' id='word_1_8' title='bbox 3379 217 3521 274; x_wconf 88' lang='grc'>1378</span> 
     </span>
    </p>
   </div>
   <div class='ocr_carea' id='block_1_4' title="bbox 237 327 3515 409">
    <p class='ocr_par' dir='ltr' id='par_1_4' title="bbox 237 327 3515 409">
     <span class='ocr_line' id='line_1_4' title="bbox 237 327 3515 409; baseline 0.004 -23"><span class='ocrx_word' id='word_1_9' title='bbox 237 330 347 387; x_wconf 91' lang='lat' dir='ltr'>hoc</span> <span class='ocrx_word' id='word_1_10' title='bbox 400 327 636 385; x_wconf 82' lang='lat' dir='ltr'>verbum</span> <span class='ocrx_word' id='word_1_11' title='bbox 667 328 909 403; x_wconf 86' lang='lat' dir='ltr'>Spiritus</span> <span class='ocrx_word' id='word_1_12' title='bbox 964 331 1145 386; x_wconf 83' lang='lat' dir='ltr'>sancti</span> <span class='ocrx_word' id='word_1_13' title='bbox 1190 330 1442 403; x_wconf 84' lang='lat' dir='ltr'>operatio</span> <span class='ocrx_word' id='word_1_14' title='bbox 1490 332 1839 402; x_wconf 84' lang='lat' dir='ltr'>designatur.</span> <span class='ocrx_word' id='word_1_15' title='bbox 1864 330 1907 389; x_wconf 83' lang='lat' dir='ltr'><strong>A</strong></span> <span class='ocrx_word' id='word_1_16' title='bbox 1925 327 2250 399; x_wconf 60' lang='lat' dir='ltr'>gis‘divinae</span> <span class='ocrx_word' id='word_1_17' title='bbox 2263 329 2576 401; x_wconf 85' lang='lat' dir='ltr'>prescripta</span> <span class='ocrx_word' id='word_1_18' title='bbox 2587 331 2965 402; x_wconf 88' lang='lat' dir='ltr'>signabantin</span> <span class='ocrx_word' id='word_1_19' title='bbox 2984 336 3515 409; x_wconf 87' lang='lat' dir='ltr'>primogenitissuis.</span> 
     </span>
    </p>
   </div>
   <div class='ocr_carea' id='block_1_5' title="bbox 236 420 1839 491">
    <p class='ocr_par' dir='ltr' id='par_1_5' title="bbox 236 420 1839 491">
     <span class='ocr_line' id='line_1_5' title="bbox 236 420 1839 491; baseline 0 -16"><span class='ocrx_word' id='word_1_20' title='bbox 236 420 456 476; x_wconf 83' lang='lat' dir='ltr'>Deinde</span> <span class='ocrx_word' id='word_1_21' title='bbox 480 420 699 474; x_wconf 81' lang='lat' dir='ltr'>addidit</span> <span class='ocrx_word' id='word_1_22' title='bbox 728 438 740 473; x_wconf 89' lang='lat'><strong>:</strong></span> <span class='ocrx_word' id='word_1_23' title='bbox 785 420 946 475; x_wconf 91' lang='lat' dir='ltr'>Solus</span> <span class='ocrx_word' id='word_1_24' title='bbox 972 420 1119 474; x_wconf 92' lang='lat' dir='ltr'>enim</span> <span class='ocrx_word' id='word_1_25' title='bbox 1147 437 1247 491; x_wconf 88' lang='lat' dir='ltr'>per</span> <span class='ocrx_word' id='word_1_26' title='bbox 1267 421 1457 475; x_wconf 87' lang='lat' dir='ltr'>omnia</span> <span class='ocrx_word' id='word_1_27' title='bbox 1495 438 1562 475; x_wconf 79' lang='lat' dir='ltr'>ex</span> <span class='ocrx_word' id='word_1_28' title='bbox 1597 422 1746 475; x_wconf 89' lang='lat' dir='ltr'>natis</span> <span class='ocrx_word' id='word_1_29' title='bbox 1771 421 1839 475; x_wconf 91' lang='lat' dir='ltr'>de</span> 
     </span>
    </p>
   </div>
   <div class='ocr_carea' id='block_1_6' title="bbox 236 509 1838 583">
    <p class='ocr_par' dir='ltr' id='par_1_6' title="bbox 236 509 1838 583">
     <span class='ocr_line' id='line_1_6' title="bbox 236 509 1838 583; baseline -0.001 -19"><span class='ocrx_word' id='word_1_30' title='bbox 236 510 452 565; x_wconf 84' lang='lat' dir='ltr'>femina</span> <span class='ocrx_word' id='word_1_31' title='bbox 480 515 708 564; x_wconf 89' lang='lat' dir='ltr'>sanctus</span> <span class='ocrx_word' id='word_1_32' title='bbox 738 509 1010 563; x_wconf 89' lang='lat' dir='ltr'>Dominus</span> <span class='ocrx_word' id='word_1_33' title='bbox 1037 510 1219 583; x_wconf 84' lang='lat' dir='ltr'>Jesus,</span> <span class='ocrx_word' id='word_1_34' title='bbox 1253 510 1349 580; x_wconf 85' lang='lat' dir='ltr'>qui</span> <span class='ocrx_word' id='word_1_35' title='bbox 1378 515 1616 564; x_wconf 89' lang='lat' dir='ltr'>terrenae</span> <span class='ocrx_word' id='word_1_36' title='bbox 1646 515 1838 563; x_wconf 89' lang='lat' dir='ltr'>conta-</span> 
     </span>
    </p>
   </div>
   <div class='ocr_carea' id='block_1_7' title="bbox 233 597 1840 670">
    <p class='ocr_par' dir='ltr' id='par_1_7' title="bbox 233 597 1840 670">
     <span class='ocr_line' id='line_1_7' title="bbox 233 597 1840 670; baseline -0.001 -17"><span class='ocrx_word' id='word_1_37' title='bbox 233 600 335 670; x_wconf 88' lang='lat' dir='ltr'>gia</span> <span class='ocrx_word' id='word_1_38' title='bbox 355 598 686 669; x_wconf 68' lang='lat' dir='ltr'>corruptelae</span> <span class='ocrx_word' id='word_1_39' title='bbox 704 597 1051 652; x_wconf 91' lang='lat' dir='ltr'>immaculati</span> <span class='ocrx_word' id='word_1_40' title='bbox 1079 604 1275 669; x_wconf 89' lang='lat' dir='ltr'>partus</span> <span class='ocrx_word' id='word_1_41' title='bbox 1297 599 1541 652; x_wconf 81' lang='lat' dir='ltr'>novitate</span> <span class='ocrx_word' id='word_1_42' title='bbox 1567 615 1679 653; x_wconf 91' lang='lat' dir='ltr'>non</span> <span class='ocrx_word' id='word_1_43' title='bbox 1708 614 1840 651; x_wconf 91' lang='lat' dir='ltr'>sen-</span> 
     </span>
    </p>
   </div>
   <div class='ocr_carea' id='block_1_8' title="bbox 236 686 1835 757">
    <p class='ocr_par' dir='ltr' id='par_1_8' title="bbox 236 686 1835 757">
     <span class='ocr_line' id='line_1_8' title="bbox 236 686 1835 757; baseline -0.001 -15"><span class='ocrx_word' id='word_1_44' title='bbox 236 689 397 754; x_wconf 85' lang='lat' dir='ltr'>serit,</span> <span class='ocrx_word' id='word_1_45' title='bbox 422 693 481 741; x_wconf 91' lang='lat' dir='ltr'>et</span> <span class='ocrx_word' id='word_1_46' title='bbox 500 686 712 741; x_wconf 67' lang='lat' dir='ltr'>caelesti</span> <span class='ocrx_word' id='word_1_47' title='bbox 740 687 1036 756; x_wconf 83' lang='lat' dir='ltr'>majestate</span> <span class='ocrx_word' id='word_1_48' title='bbox 1066 686 1365 757; x_wconf 87' lang='lat' dir='ltr'>depulerit.</span> <span class='ocrx_word' id='word_1_49' title='bbox 1383 687 1451 741; x_wconf 90' lang='lat' dir='ltr'>Et</span> <span class='ocrx_word' id='word_1_50' title='bbox 1479 687 1646 757; x_wconf 90' lang='lat' dir='ltr'>paulo</span> <span class='ocrx_word' id='word_1_51' title='bbox 1676 693 1835 757; x_wconf 89' lang='lat' dir='ltr'>post:</span> 
     </span>
    </p>
   </div>
   <div class='ocr_carea' id='block_1_9' title="bbox 237 774 1839 847">
    <p class='ocr_par' dir='ltr' id='par_1_9' title="bbox 237 774 1839 847">
     <span class='ocr_line' id='line_1_9' title="bbox 237 774 1839 847; baseline -0.002 -16"><span class='ocrx_word' id='word_1_52' title='bbox 237 777 348 831; x_wconf 90' lang='lat' dir='ltr'>Hic</span> <span class='ocrx_word' id='word_1_53' title='bbox 374 793 528 846; x_wconf 90' lang='lat' dir='ltr'>ergo,</span> <span class='ocrx_word' id='word_1_54' title='bbox 551 776 756 847; x_wconf 88' lang='lat' dir='ltr'>inquit,</span> <span class='ocrx_word' id='word_1_55' title='bbox 772 776 926 830; x_wconf 91' lang='lat' dir='ltr'>solus</span> <span class='ocrx_word' id='word_1_56' title='bbox 948 775 1053 829; x_wconf 88' lang='lat' dir='ltr'>sibi</span> <span class='ocrx_word' id='word_1_57' title='bbox 1082 775 1307 846; x_wconf 89' lang='lat' dir='ltr'>aperuit</span> <span class='ocrx_word' id='word_1_58' title='bbox 1326 776 1581 843; x_wconf 88' lang='lat' dir='ltr'>vulvam;</span> <span class='ocrx_word' id='word_1_59' title='bbox 1606 791 1708 829; x_wconf 92' lang='lat' dir='ltr'>nec</span> <span class='ocrx_word' id='word_1_60' title='bbox 1731 774 1839 827; x_wconf 87' lang='lat' dir='ltr'>mi-</span> 
     </span>
    </p>
   </div>
   <div class='ocr_carea' id='block_1_10' title="bbox 236 852 1841 935">
    <p class='ocr_par' dir='ltr' id='par_1_10' title="bbox 236 852 1841 935">
     <span class='ocr_line' id='line_1_10' title="bbox 236 852 1841 935; baseline -0.002 -16"><span class='ocrx_word' id='word_1_61' title='bbox 236 881 390 919; x_wconf 86' lang='lat' dir='ltr'>rum.</span> <span class='ocrx_word' id='word_1_62' title='bbox 423 865 531 929; x_wconf 88' lang='lat' dir='ltr'>Qui</span> <span class='ocrx_word' id='word_1_63' title='bbox 560 865 709 920; x_wconf 87' lang='lat' dir='ltr'>enim</span> <span class='ocrx_word' id='word_1_64' title='bbox 736 864 957 919; x_wconf 83' lang='lat' dir='ltr'>dixerat</span> <span class='ocrx_word' id='word_1_65' title='bbox 982 852 1054 918; x_wconf 81' lang='lat' dir='ltr'>ad</span> <span class='ocrx_word' id='word_1_66' title='bbox 1087 865 1419 935; x_wconf 82' lang='lat' dir='ltr'>prophetam</span> <span class='ocrx_word' id='word_1_67' title='bbox 1453 883 1465 918; x_wconf 90' lang='lat'><strong>:</strong></span> <span class='ocrx_word' id='word_1_68' title='bbox 1500 866 1841 933; x_wconf 75' lang='lat' dir='ltr'>Priusquam</span> 
     </span>
    </p>
   </div>
   <div class='ocr_carea' id='block_1_11' title="bbox 239 953 1841 1021">
    <p class='ocr_par' dir='ltr' id='par_1_11' title="bbox 239 953 1841 1021">
     <span class='ocr_line' id='line_1_11' title="bbox 239 953 1841 1021; baseline -0.003 -13"><span class='ocrx_word' id='word_1_69' title='bbox 239 961 290 1008; x_wconf 84' lang='lat' dir='ltr'>te</span> <span class='ocrx_word' id='word_1_70' title='bbox 333 956 641 1021; x_wconf 72' lang='lat' dir='ltr'>formarem</span> <span class='ocrx_word' id='word_1_71' title='bbox 670 957 735 1008; x_wconf 87' lang='lat' dir='ltr'>in</span> <span class='ocrx_word' id='word_1_72' title='bbox 775 960 949 1020; x_wconf 81' lang='lat' dir='ltr'>utero,</span> <span class='ocrx_word' id='word_1_73' title='bbox 983 957 1113 1008; x_wconf 76' lang='lat' dir='ltr'>novi</span> <span class='ocrx_word' id='word_1_74' title='bbox 1145 959 1211 1019; x_wconf 87' lang='lat' dir='ltr'>te,</span> <span class='ocrx_word' id='word_1_75' title='bbox 1251 958 1302 1007; x_wconf 87' lang='lat' dir='ltr'>et</span> <span class='ocrx_word' id='word_1_76' title='bbox 1346 956 1411 1007; x_wconf 87' lang='lat' dir='ltr'>in</span> <span class='ocrx_word' id='word_1_77' title='bbox 1444 956 1610 1007; x_wconf 83' lang='lat' dir='ltr'>vulva</span> <span class='ocrx_word' id='word_1_78' title='bbox 1638 953 1841 1005; x_wconf 83' lang='lat' dir='ltr'>matr-is</span> 
     </span>
    </p>
   </div>
   <div class='ocr_carea' id='block_1_12' title="bbox 234 1041 1839 1114">
    <p class='ocr_par' dir='ltr' id='par_1_12' title="bbox 234 1041 1839 1114">
     <span class='ocr_line' id='line_1_12' title="bbox 234 1041 1839 1114; baseline -0.002 -17"><span class='ocrx_word' id='word_1_79' title='bbox 234 1045 587 1111; x_wconf 64' lang='lat' dir='ltr'>sancti/ﬁcari</span> <span class='ocrx_word' id='word_1_80' title='bbox 614 1047 662 1097; x_wconf 86' lang='lat' dir='ltr'>te</span> <span class='ocrx_word' id='word_1_81' title='bbox 683 1046 812 1114; x_wconf 87' lang='lat' dir='ltr'>(Jer.</span> <span class='ocrx_word' id='word_1_82' title='bbox 834 1057 873 1109; x_wconf 80' lang='grc' dir='ltr'>ι,</span> <span class='ocrx_word' id='word_1_83' title='bbox 892 1043 966 1110; x_wconf 84' lang='grc'>5).</span> <span class='ocrx_word' id='word_1_84' title='bbox 987 1042 1094 1107; x_wconf 86' lang='lat' dir='ltr'>Qui</span> <span class='ocrx_word' id='word_1_85' title='bbox 1116 1059 1249 1113; x_wconf 90' lang='lat' dir='ltr'>ergo</span> <span class='ocrx_word' id='word_1_86' title='bbox 1274 1043 1494 1097; x_wconf 83' lang='lat' dir='ltr'>vulvam</span> <span class='ocrx_word' id='word_1_87' title='bbox 1522 1041 1839 1095; x_wconf 85' lang='lat' dir='ltr'>sanctiﬁca-</span> 
     </span>
    </p>
   </div>
   <div class='ocr_carea' id='block_1_13' title="bbox 234 1130 1846 1203">
    <p class='ocr_par' dir='ltr' id='par_1_13' title="bbox 234 1130 1846 1203">
     <span class='ocr_line' id='line_1_13' title="bbox 234 1130 1846 1203; baseline -0.001 -19"><span class='ocrx_word' id='word_1_88' title='bbox 234 1132 320 1186; x_wconf 88' lang='lat' dir='ltr'>vit</span> <span class='ocrx_word' id='word_1_89' title='bbox 346 1132 610 1194; x_wconf 86' lang='lat' dir='ltr'>alienam,</span> <span class='ocrx_word' id='word_1_90' title='bbox 626 1136 691 1186; x_wconf 92' lang='lat' dir='ltr'>ut</span> <span class='ocrx_word' id='word_1_91' title='bbox 713 1138 1039 1186; x_wconf 90' lang='lat' dir='ltr'>nasceretur</span> <span class='ocrx_word' id='word_1_92' title='bbox 1056 1133 1347 1203; x_wconf 85' lang='lat' dir='ltr'>propheta,</span> <span class='ocrx_word' id='word_1_93' title='bbox 1367 1131 1459 1186; x_wconf 91' lang='lat' dir='ltr'>hic</span> <span class='ocrx_word' id='word_1_94' title='bbox 1483 1136 1569 1185; x_wconf 88' lang='lat' dir='ltr'>est</span> <span class='ocrx_word' id='word_1_95' title='bbox 1598 1130 1693 1201; x_wconf 89' lang='lat' dir='ltr'>qui</span> <span class='ocrx_word' id='word_1_96' title='bbox 1718 1146 1846 1201; x_wconf 86' lang='lat' dir='ltr'>ape-</span> 
     </span>
    </p>
   </div>
   <div class='ocr_carea' id='block_1_14' title="bbox 235 1220 1717 1287">
    <p class='ocr_par' dir='ltr' id='par_1_14' title="bbox 235 1220 1717 1287">
     <span class='ocr_line' id='line_1_14' title="bbox 235 1220 1717 1287; baseline -0.001 -12"><span class='ocrx_word' id='word_1_97' title='bbox 235 1222 359 1276; x_wconf 84' lang='lat' dir='ltr'>ruit</span> <span class='ocrx_word' id='word_1_98' title='bbox 385 1221 583 1275; x_wconf 85' lang='lat' dir='ltr'>matris</span> <span class='ocrx_word' id='word_1_99' title='bbox 611 1237 726 1276; x_wconf 70' lang='lat' dir='ltr'>suaa</span> <span class='ocrx_word' id='word_1_100' title='bbox 747 1222 987 1287; x_wconf 88' lang='lat' dir='ltr'>vulvam,</span> <span class='ocrx_word' id='word_1_101' title='bbox 1011 1226 1077 1275; x_wconf 90' lang='lat' dir='ltr'>ut</span> <span class='ocrx_word' id='word_1_102' title='bbox 1103 1221 1501 1275; x_wconf 89' lang='lat' dir='ltr'>immaculatus</span> <span class='ocrx_word' id='word_1_103' title='bbox 1524 1220 1717 1274; x_wconf 84' lang='lat' dir='ltr'>exiret.</span> 
     </span>
    </p>
   </div>
   <div class='ocr_carea' id='block_1_15' title="bbox 314 1310 1843 1382">
    <p class='ocr_par' dir='ltr' id='par_1_15' title="bbox 314 1310 1843 1382">
     <span class='ocr_line' id='line_1_15' title="bbox 314 1310 1843 1382; baseline 0 -17"><span class='ocrx_word' id='word_1_104' title='bbox 314 1311 529 1375; x_wconf 89' lang='lat' dir='ltr'>Quibus</span> <span class='ocrx_word' id='word_1_105' title='bbox 559 1311 807 1382; x_wconf 89' lang='lat' dir='ltr'>profecto</span> <span class='ocrx_word' id='word_1_106' title='bbox 830 1311 1010 1365; x_wconf 86' lang='lat' dir='ltr'>verbis</span> <span class='ocrx_word' id='word_1_107' title='bbox 1040 1327 1153 1365; x_wconf 90' lang='lat' dir='ltr'>non</span> <span class='ocrx_word' id='word_1_108' title='bbox 1181 1310 1318 1364; x_wconf 90' lang='lat' dir='ltr'>mihi</span> <span class='ocrx_word' id='word_1_109' title='bbox 1342 1310 1563 1365; x_wconf 75' lang='lat' dir='ltr'>videtur</span> <span class='ocrx_word' id='word_1_110' title='bbox 1588 1310 1694 1364; x_wconf 90' lang='lat' dir='ltr'>sibi</span> <span class='ocrx_word' id='word_1_111' title='bbox 1716 1327 1843 1365; x_wconf 89' lang='lat' dir='ltr'>eon-</span> 
     </span>
    </p>
   </div>
   <div class='ocr_carea' id='block_1_16' title="bbox 234 1399 1843 1470">
    <p class='ocr_par' dir='ltr' id='par_1_16' title="bbox 234 1399 1843 1470">
     <span class='ocr_line' id='line_1_16' title="bbox 234 1399 1843 1470; baseline -0.002 -15"><span class='ocrx_word' id='word_1_112' title='bbox 234 1400 470 1465; x_wconf 90' lang='lat' dir='ltr'>trarius,</span> <span class='ocrx_word' id='word_1_113' title='bbox 518 1405 619 1454; x_wconf 89' lang='lat' dir='ltr'>aut</span> <span class='ocrx_word' id='word_1_114' title='bbox 653 1400 867 1454; x_wconf 83' lang='lat' dir='ltr'>caeteris</span> <span class='ocrx_word' id='word_1_115' title='bbox 909 1399 1234 1454; x_wconf 90' lang='lat' dir='ltr'>doctoribus</span> <span class='ocrx_word' id='word_1_116' title='bbox 1273 1400 1504 1465; x_wconf 86' lang='lat' dir='ltr'>sanctis,</span> <span class='ocrx_word' id='word_1_117' title='bbox 1537 1399 1670 1470; x_wconf 88' lang='lat' dir='ltr'>quia</span> <span class='ocrx_word' id='word_1_118' title='bbox 1705 1399 1843 1453; x_wconf 87' lang='lat' dir='ltr'>dicit</span> 
     </span>
    </p>
   </div>
   <div class='ocr_carea' id='block_1_17' title="bbox 239 1487 1841 1561">
    <p class='ocr_par' dir='ltr' id='par_1_17' title="bbox 239 1487 1841 1561">
     <span class='ocr_line' id='line_1_17' title="bbox 239 1487 1841 1561; baseline -0.002 -18"><span class='ocrx_word' id='word_1_119' title='bbox 239 1489 392 1561; x_wconf 90' lang='lat' dir='ltr'>quod</span> <span class='ocrx_word' id='word_1_120' title='bbox 434 1489 588 1543; x_wconf 87' lang='lat' dir='ltr'>solus</span> <span class='ocrx_word' id='word_1_121' title='bbox 627 1488 732 1542; x_wconf 84' lang='lat' dir='ltr'>sibi</span> <span class='ocrx_word' id='word_1_122' title='bbox 759 1488 985 1560; x_wconf 89' lang='lat' dir='ltr'>aperuit</span> <span class='ocrx_word' id='word_1_123' title='bbox 1011 1489 1253 1542; x_wconf 87' lang='lat' dir='ltr'>vulvam.</span> <span class='ocrx_word' id='word_1_124' title='bbox 1296 1487 1533 1559; x_wconf 86' lang='lat' dir='ltr'>Aperuit</span> <span class='ocrx_word' id='word_1_125' title='bbox 1561 1487 1841 1558; x_wconf 86' lang='lat' dir='ltr'>siquidem</span> 
     </span>
    </p>
   </div>
   <div class='ocr_carea' id='block_1_18' title="bbox 237 1576 1841 1649">
    <p class='ocr_par' dir='ltr' id='par_1_18' title="bbox 237 1576 1841 1649">
     <span class='ocr_line' id='line_1_18' title="bbox 237 1576 1841 1649; baseline -0.002 -17"><span class='ocrx_word' id='word_1_126' title='bbox 237 1577 348 1632; x_wconf 90' lang='lat' dir='ltr'>sibi</span> <span class='ocrx_word' id='word_1_127' title='bbox 394 1594 500 1632; x_wconf 90' lang='lat' dir='ltr'>sua</span> <span class='ocrx_word' id='word_1_128' title='bbox 540 1578 793 1649; x_wconf 89' lang='lat' dir='ltr'>potentia</span> <span class='ocrx_word' id='word_1_129' title='bbox 834 1576 1187 1645; x_wconf 81' lang='lat' dir='ltr'>mirabiliter,</span> <span class='ocrx_word' id='word_1_130' title='bbox 1222 1582 1287 1633; x_wconf 89' lang='lat' dir='ltr'>ut</span> <span class='ocrx_word' id='word_1_131' title='bbox 1316 1583 1464 1631; x_wconf 88' lang='lat' dir='ltr'>esset</span> <span class='ocrx_word' id='word_1_132' title='bbox 1492 1580 1549 1630; x_wconf 89' lang='lat' dir='ltr'>et</span> <span class='ocrx_word' id='word_1_133' title='bbox 1586 1576 1841 1647; x_wconf 89' lang='lat' dir='ltr'>pervium</span> 
     </span>
    </p>
   </div>
   <div class='ocr_carea' id='block_1_19' title="bbox 1921 418 3518 494">
    <p class='ocr_par' dir='ltr' id='par_1_19' title="bbox 1921 418 3518 494">
     <span class='ocr_line' id='line_1_19' title="bbox 1921 418 3518 494; baseline 0.01 -24"><span class='ocrx_word' id='word_1_134' title='bbox 1921 418 2045 471; x_wconf 91' lang='lat' dir='ltr'>Non</span> <span class='ocrx_word' id='word_1_135' title='bbox 2077 418 2225 488; x_wconf 92' lang='lat' dir='ltr'>quod</span> <span class='ocrx_word' id='word_1_136' title='bbox 2247 424 2437 472; x_wconf 81' lang='lat' dir='ltr'>essent</span> <span class='ocrx_word' id='word_1_137' title='bbox 2459 434 2585 473; x_wconf 86' lang='lat' dir='ltr'>vere</span> <span class='ocrx_word' id='word_1_138' title='bbox 2601 427 2814 487; x_wconf 89' lang='lat' dir='ltr'>sancta,</span> <span class='ocrx_word' id='word_1_139' title='bbox 2828 422 2926 477; x_wconf 90' lang='lat' dir='ltr'>sed</span> <span class='ocrx_word' id='word_1_140' title='bbox 2949 425 3083 494; x_wconf 87' lang='lat' dir='ltr'>quia</span> <span class='ocrx_word' id='word_1_141' title='bbox 3099 426 3437 484; x_wconf 84' lang='lat' dir='ltr'>vocabantur</span> <span class='ocrx_word' id='word_1_142' title='bbox 3453 448 3518 486; x_wconf 78' lang='lat' dir='ltr'>ex</span> 
     </span>
    </p>
   </div>
   <div class='ocr_carea' id='block_1_20' title="bbox 1921 507 3519 588">
    <p class='ocr_par' dir='ltr' id='par_1_20' title="bbox 1921 507 3519 588">
     <span class='ocr_line' id='line_1_20' title="bbox 1921 507 3519 588; baseline 0.009 -29"><span class='ocrx_word' id='word_1_143' title='bbox 1921 507 2188 577; x_wconf 83' lang='lat' dir='ltr'>mysterio</span> <span class='ocrx_word' id='word_1_144' title='bbox 2204 508 2630 579; x_wconf 88' lang='lat' dir='ltr'>legis.Alioquin</span> <span class='ocrx_word' id='word_1_145' title='bbox 2644 510 2692 564; x_wconf 92' lang='lat' dir='ltr'>si</span> <span class='ocrx_word' id='word_1_146' title='bbox 2710 511 2955 567; x_wconf 89' lang='lat' dir='ltr'>litteram</span> <span class='ocrx_word' id='word_1_147' title='bbox 2970 514 3276 585; x_wconf 89' lang='lat' dir='ltr'>sequimur,</span> <span class='ocrx_word' id='word_1_148' title='bbox 3285 534 3519 588; x_wconf 92' lang='lat' dir='ltr'>quomo-</span> 
     </span>
    </p>
   </div>
   <div class='ocr_carea' id='block_1_21' title="bbox 1921 595 3521 673">
    <p class='ocr_par' dir='ltr' id='par_1_21' title="bbox 1921 595 3521 673">
     <span class='ocr_line' id='line_1_21' title="bbox 1921 595 3521 673; baseline 0.009 -25"><span class='ocrx_word' id='word_1_149' title='bbox 1921 595 1992 649; x_wconf 89' lang='lat' dir='ltr'>do</span> <span class='ocrx_word' id='word_1_150' title='bbox 2002 604 2230 650; x_wconf 88' lang='lat' dir='ltr'>sanctus</span> <span class='ocrx_word' id='word_1_151' title='bbox 2248 602 2371 651; x_wconf 90' lang='lat' dir='ltr'>erat</span> <span class='ocrx_word' id='word_1_152' title='bbox 2387 598 2569 651; x_wconf 90' lang='lat' dir='ltr'>omnis</span> <span class='ocrx_word' id='word_1_153' title='bbox 2584 600 2863 654; x_wconf 88' lang='lat' dir='ltr'>masculus</span> <span class='ocrx_word' id='word_1_154' title='bbox 2876 604 3135 673; x_wconf 84' lang='lat' dir='ltr'>aperiens</span> <span class='ocrx_word' id='word_1_155' title='bbox 3147 605 3521 672; x_wconf 87' lang='lat' dir='ltr'>vulvam,eum</span> 
     </span>
    </p>
   </div>
   <div class='ocr_carea' id='block_1_22' title="bbox 1921 686 3521 768">
    <p class='ocr_par' dir='ltr' id='par_1_22' title="bbox 1921 686 3521 768">
     <span class='ocr_line' id='line_1_22' title="bbox 1921 686 3521 768; baseline 0.009 -30"><span class='ocrx_word' id='word_1_156' title='bbox 1921 686 2131 739; x_wconf 91' lang='lat' dir='ltr'>multos</span> <span class='ocrx_word' id='word_1_157' title='bbox 2160 687 2619 743; x_wconf 87' lang='lat' dir='ltr'>sceleratissimos</span> <span class='ocrx_word' id='word_1_158' title='bbox 2647 689 2820 744; x_wconf 85' lang='lat' dir='ltr'>fuisse</span> <span class='ocrx_word' id='word_1_159' title='bbox 2850 708 2964 746; x_wconf 91' lang='lat' dir='ltr'>non</span> <span class='ocrx_word' id='word_1_160' title='bbox 3003 693 3203 751; x_wconf 88' lang='lat' dir='ltr'>lateat.</span> <span class='ocrx_word' id='word_1_161' title='bbox 3251 696 3521 768; x_wconf 87' lang='lat' dir='ltr'>Nunquid</span> 
     </span>
    </p>
   </div>
   <div class='ocr_carea' id='block_1_23' title="bbox 1922 775 3522 856">
    <p class='ocr_par' dir='ltr' id='par_1_23' title="bbox 1922 775 3522 856">
     <span class='ocr_line' id='line_1_23' title="bbox 1922 775 3522 856; baseline 0.009 -30"><span class='ocrx_word' id='word_1_162' title='bbox 1922 779 2151 827; x_wconf 91' lang='lat' dir='ltr'>sanctus</span> <span class='ocrx_word' id='word_1_163' title='bbox 2190 775 2400 841; x_wconf 82' lang='lat' dir='ltr'>Achab,</span> <span class='ocrx_word' id='word_1_164' title='bbox 2453 783 2553 830; x_wconf 88' lang='lat' dir='ltr'>aut</span> <span class='ocrx_word' id='word_1_165' title='bbox 2598 779 2811 843; x_wconf 89' lang='lat' dir='ltr'>Joram,</span> <span class='ocrx_word' id='word_1_166' title='bbox 2846 795 2946 833; x_wconf 91' lang='lat' dir='ltr'>seu</span> <span class='ocrx_word' id='word_1_167' title='bbox 2975 782 3161 835; x_wconf 73' lang='lat' dir='ltr'>caeteri</span> <span class='ocrx_word' id='word_1_168' title='bbox 3191 783 3214 835; x_wconf 87' lang='lat'><strong>?</strong></span> <span class='ocrx_word' id='word_1_169' title='bbox 3252 784 3522 856; x_wconf 87' lang='lat' dir='ltr'>Nunquid</span> 
     </span>
    </p>
   </div>
   <div class='ocr_carea' id='block_1_24' title="bbox 1922 861 3519 938">
    <p class='ocr_par' dir='ltr' id='par_1_24' title="bbox 1922 861 3519 938">
     <span class='ocr_line' id='line_1_24' title="bbox 1922 861 3519 938; baseline 0.008 -24"><span class='ocrx_word' id='word_1_170' title='bbox 1922 861 2424 933; x_wconf 68' lang='lat' dir='ltr'>pseudoprophetae</span> <span class='ocrx_word' id='word_1_171' title='bbox 2444 865 2591 935; x_wconf 91' lang='lat' dir='ltr'>quod</span> <span class='ocrx_word' id='word_1_172' title='bbox 2613 866 2683 919; x_wconf 89' lang='lat' dir='ltr'>ad</span> <span class='ocrx_word' id='word_1_173' title='bbox 2717 866 2849 921; x_wconf 84' lang='lat' dir='ltr'>Eliae</span> <span class='ocrx_word' id='word_1_174' title='bbox 2879 885 3070 938; x_wconf 88' lang='lat' dir='ltr'>preces</span> <span class='ocrx_word' id='word_1_175' title='bbox 3100 871 3251 924; x_wconf 91' lang='lat' dir='ltr'>ultor</span> <span class='ocrx_word' id='word_1_176' title='bbox 3277 873 3519 927; x_wconf 70' lang='lat' dir='ltr'>caelestis</span> 
     </span>
    </p>
   </div>
   <div class='ocr_carea' id='block_1_25' title="bbox 1921 949 3522 1028">
    <p class='ocr_par' dir='ltr' id='par_1_25' title="bbox 1921 949 3522 1028">
     <span class='ocr_line' id='line_1_25' title="bbox 1921 949 3522 1028; baseline 0.009 -26"><span class='ocrx_word' id='word_1_177' title='bbox 1921 949 2143 1020; x_wconf 63' lang='lat' dir='ltr'>injuriae</span> <span class='ocrx_word' id='word_1_178' title='bbox 2180 950 2326 1021; x_wconf 86' lang='lat' dir='ltr'>ignis</span> <span class='ocrx_word' id='word_1_179' title='bbox 2355 952 2703 1024; x_wconf 85' lang='lat' dir='ltr'>absumpsit?</span> <span class='ocrx_word' id='word_1_180' title='bbox 2735 955 2860 1009; x_wconf 92' lang='lat' dir='ltr'>Non</span> <span class='ocrx_word' id='word_1_181' title='bbox 2889 957 3115 1028; x_wconf 89' lang='lat' dir='ltr'>utique;</span> <span class='ocrx_word' id='word_1_182' title='bbox 3146 959 3243 1013; x_wconf 92' lang='lat' dir='ltr'>sed</span> <span class='ocrx_word' id='word_1_183' title='bbox 3262 959 3319 1013; x_wconf 89' lang='lat' dir='ltr'>in</span> <span class='ocrx_word' id='word_1_184' title='bbox 3340 977 3522 1016; x_wconf 88' lang='lat' dir='ltr'>sacra-</span> 
     </span>
    </p>
   </div>
   <div class='ocr_carea' id='block_1_26' title="bbox 1922 1039 3524 1112">
    <p class='ocr_par' dir='ltr' id='par_1_26' title="bbox 1922 1039 3524 1112">
     <span class='ocr_line' id='line_1_26' title="bbox 1922 1039 3524 1112; baseline 0.008 -21"><span class='ocrx_word' id='word_1_185' title='bbox 1922 1046 2113 1092; x_wconf 89' lang='lat' dir='ltr'>mento</span> <span class='ocrx_word' id='word_1_186' title='bbox 2129 1039 2331 1094; x_wconf 68' lang='lat' dir='ltr'>fatum</span> <span class='ocrx_word' id='word_1_187' title='bbox 2352 1042 2821 1112; x_wconf 70' lang='lat' dir='ltr'>prmﬁgurationis</span> <span class='ocrx_word' id='word_1_188' title='bbox 2844 1044 3191 1101; x_wconf 89' lang='lat' dir='ltr'>vocabantur</span> <span class='ocrx_word' id='word_1_189' title='bbox 3202 1049 3380 1103; x_wconf 90' lang='lat' dir='ltr'>sancti</span> <span class='ocrx_word' id='word_1_190' title='bbox 3394 1066 3524 1105; x_wconf 89' lang='lat' dir='ltr'>cum</span> 
     </span>
    </p>
   </div>
   <div class='ocr_carea' id='block_1_27' title="bbox 1926 1129 3521 1194">
    <p class='ocr_par' dir='ltr' id='par_1_27' title="bbox 1926 1129 3521 1194">
     <span class='ocr_line' id='line_1_27' title="bbox 1926 1129 3521 1194; baseline 0.008 -14"><span class='ocrx_word' id='word_1_191' title='bbox 1926 1143 2038 1181; x_wconf 88' lang='lat' dir='ltr'>non</span> <span class='ocrx_word' id='word_1_192' title='bbox 2071 1135 2276 1194; x_wconf 91' lang='lat' dir='ltr'>essent,</span> <span class='ocrx_word' id='word_1_193' title='bbox 2293 1129 2469 1183; x_wconf 93' lang='lat' dir='ltr'>donec</span> <span class='ocrx_word' id='word_1_194' title='bbox 2490 1130 2706 1184; x_wconf 90' lang='lat' dir='ltr'>veniret</span> <span class='ocrx_word' id='word_1_195' title='bbox 2725 1131 2983 1187; x_wconf 88' lang='lat' dir='ltr'>Christus</span> <span class='ocrx_word' id='word_1_196' title='bbox 3003 1135 3379 1191; x_wconf 88' lang='lat' dir='ltr'>essentialiter</span> <span class='ocrx_word' id='word_1_197' title='bbox 3396 1154 3521 1193; x_wconf 89' lang='lat' dir='ltr'>san-</span> 
     </span>
    </p>
   </div>
   <div class='ocr_carea' id='block_1_28' title="bbox 1925 1217 3520 1292">
    <p class='ocr_par' dir='ltr' id='par_1_28' title="bbox 1925 1217 3520 1292">
     <span class='ocr_line' id='line_1_28' title="bbox 1925 1217 3520 1292; baseline 0.008 -24"><span class='ocrx_word' id='word_1_198' title='bbox 1925 1220 2066 1282; x_wconf 91' lang='lat' dir='ltr'>ctus,</span> <span class='ocrx_word' id='word_1_199' title='bbox 2101 1217 2197 1287; x_wconf 92' lang='lat' dir='ltr'>qui</span> <span class='ocrx_word' id='word_1_200' title='bbox 2226 1224 2284 1271; x_wconf 91' lang='lat' dir='ltr'>et</span> <span class='ocrx_word' id='word_1_201' title='bbox 2312 1234 2529 1288; x_wconf 70' lang='lat' dir='ltr'>sponsae</span> <span class='ocrx_word' id='word_1_202' title='bbox 2557 1235 2670 1273; x_wconf 74' lang='lat' dir='ltr'>suae</span> <span class='ocrx_word' id='word_1_203' title='bbox 2702 1221 2919 1273; x_wconf 85' lang='lat' dir='ltr'>vulvam</span> <span class='ocrx_word' id='word_1_204' title='bbox 2949 1223 3213 1292; x_wconf 88' lang='lat' dir='ltr'>aperiret,</span> <span class='ocrx_word' id='word_1_205' title='bbox 3267 1225 3520 1280; x_wconf 80' lang='lat' dir='ltr'>fecundi-</span> 
     </span>
    </p>
   </div>
   <div class='ocr_carea' id='block_1_29' title="bbox 1924 1305 3519 1385">
    <p class='ocr_par' dir='ltr' id='par_1_29' title="bbox 1924 1305 3519 1385">
     <span class='ocr_line' id='line_1_29' title="bbox 1924 1305 3519 1385; baseline 0.008 -29"><span class='ocrx_word' id='word_1_206' title='bbox 1924 1307 2212 1374; x_wconf 90' lang='lat' dir='ltr'>tatemque</span> <span class='ocrx_word' id='word_1_207' title='bbox 2243 1305 2495 1375; x_wconf 90' lang='lat' dir='ltr'>pariendi</span> <span class='ocrx_word' id='word_1_208' title='bbox 2542 1306 2685 1360; x_wconf 76' lang='lat' dir='ltr'>filios</span> <span class='ocrx_word' id='word_1_209' title='bbox 2712 1307 3054 1363; x_wconf 80' lang='lat' dir='ltr'>refunderet.</span> <span class='ocrx_word' id='word_1_210' title='bbox 3102 1311 3229 1382; x_wconf 90' lang='lat' dir='ltr'>Ipse</span> <span class='ocrx_word' id='word_1_211' title='bbox 3275 1329 3519 1385; x_wconf 86' lang='lat' dir='ltr'>namque</span> 
     </span>
    </p>
   </div>
   <div class='ocr_carea' id='block_1_30' title="bbox 1925 1392 3521 1466">
    <p class='ocr_par' dir='ltr' id='par_1_30' title="bbox 1925 1392 3521 1466">
     <span class='ocr_line' id='line_1_30' title="bbox 1925 1392 3521 1466; baseline 0.008 -21"><span class='ocrx_word' id='word_1_212' title='bbox 1925 1392 2215 1447; x_wconf 91' lang='lat' dir='ltr'>Dominico</span> <span class='ocrx_word' id='word_1_213' title='bbox 2237 1393 2438 1463; x_wconf 88' lang='lat' dir='ltr'>dignus</span> <span class='ocrx_word' id='word_1_214' title='bbox 2461 1394 2747 1464; x_wconf 86' lang='lat' dir='ltr'>judicatus</span> <span class='ocrx_word' id='word_1_215' title='bbox 2771 1402 2857 1449; x_wconf 90' lang='lat' dir='ltr'>est</span> <span class='ocrx_word' id='word_1_216' title='bbox 2886 1397 3113 1466; x_wconf 89' lang='lat' dir='ltr'>obtutu;</span> <span class='ocrx_word' id='word_1_217' title='bbox 3139 1405 3368 1456; x_wconf 65' lang='lat' dir='ltr'>caeteros</span> <span class='ocrx_word' id='word_1_218' title='bbox 3396 1420 3521 1456; x_wconf 91' lang='lat' dir='ltr'>om-</span> 
     </span>
    </p>
   </div>
   <div class='ocr_carea' id='block_1_31' title="bbox 1923 1482 3522 1561">
    <p class='ocr_par' dir='ltr' id='par_1_31' title="bbox 1923 1482 3522 1561">
     <span class='ocr_line' id='line_1_31' title="bbox 1923 1482 3522 1561; baseline 0.007 -27"><span class='ocrx_word' id='word_1_219' title='bbox 1923 1496 2024 1534; x_wconf 87' lang='lat' dir='ltr'>nes</span> <span class='ocrx_word' id='word_1_220' title='bbox 2051 1482 2213 1551; x_wconf 88' lang='lat' dir='ltr'>juxta</span> <span class='ocrx_word' id='word_1_221' title='bbox 2240 1482 2379 1552; x_wconf 85' lang='lat' dir='ltr'>legis</span> <span class='ocrx_word' id='word_1_222' title='bbox 2406 1483 2609 1536; x_wconf 90' lang='lat' dir='ltr'>seriem</span> <span class='ocrx_word' id='word_1_223' title='bbox 2639 1489 2835 1555; x_wconf 89' lang='lat' dir='ltr'>typum</span> <span class='ocrx_word' id='word_1_224' title='bbox 2857 1485 3029 1540; x_wconf 82' lang='lat' dir='ltr'>fuisse</span> <span class='ocrx_word' id='word_1_225' title='bbox 3044 1487 3219 1542; x_wconf 86' lang='lat' dir='ltr'>futuri</span> <span class='ocrx_word' id='word_1_226' title='bbox 3240 1506 3404 1544; x_wconf 91' lang='lat' dir='ltr'>nemo</span> <span class='ocrx_word' id='word_1_227' title='bbox 3425 1492 3522 1561; x_wconf 90' lang='lat' dir='ltr'>qui</span> 
     </span>
    </p>
   </div>
   <div class='ocr_carea' id='block_1_32' title="bbox 1923 1568 3523 1646">
    <p class='ocr_par' dir='ltr' id='par_1_32' title="bbox 1923 1568 3523 1646">
     <span class='ocr_line' id='line_1_32' title="bbox 1923 1568 3523 1646; baseline 0.008 -25"><span class='ocrx_word' id='word_1_228' title='bbox 1923 1568 2193 1639; x_wconf 84' lang='lat' dir='ltr'>ambigat.</span> <span class='ocrx_word' id='word_1_229' title='bbox 2252 1571 2321 1624; x_wconf 89' lang='lat' dir='ltr'>Et</span> <span class='ocrx_word' id='word_1_230' title='bbox 2366 1571 2492 1624; x_wconf 91' lang='lat' dir='ltr'>ideo</span> <span class='ocrx_word' id='word_1_231' title='bbox 2542 1573 2749 1627; x_wconf 87' lang='lat' dir='ltr'>sistunt</span> <span class='ocrx_word' id='word_1_232' title='bbox 2777 1590 2904 1627; x_wconf 92' lang='lat' dir='ltr'>eum</span> <span class='ocrx_word' id='word_1_233' title='bbox 2945 1574 3201 1642; x_wconf 88' lang='lat' dir='ltr'>Domino,</span> <span class='ocrx_word' id='word_1_234' title='bbox 3255 1578 3523 1646; x_wconf 91' lang='lat' dir='ltr'>quoniam</span> 
     </span>
    </p>
   </div>
   <div class='ocr_carea' id='block_1_33' title="bbox 238 1642 3524 1736">
    <p class='ocr_par' dir='ltr' id='par_1_33' title="bbox 238 1642 3524 1736">
     <span class='ocr_line' id='line_1_33' title="bbox 238 1642 3524 1736; baseline -0.001 -15"><span class='ocrx_word' id='word_1_235' title='bbox 238 1667 369 1731; x_wconf 86' lang='lat' dir='ltr'>iter,</span> <span class='ocrx_word' id='word_1_236' title='bbox 403 1666 484 1720; x_wconf 88' lang='lat' dir='ltr'>ita</span> <span class='ocrx_word' id='word_1_237' title='bbox 512 1671 579 1721; x_wconf 90' lang='lat' dir='ltr'>ut</span> <span class='ocrx_word' id='word_1_238' title='bbox 598 1666 881 1736; x_wconf 89' lang='lat' dir='ltr'>virgineus</span> <span class='ocrx_word' id='word_1_239' title='bbox 909 1666 1130 1720; x_wconf 90' lang='lat' dir='ltr'>clausus</span> <span class='ocrx_word' id='word_1_240' title='bbox 1159 1671 1414 1720; x_wconf 89' lang='lat' dir='ltr'>maneret</span> <span class='ocrx_word' id='word_1_241' title='bbox 1448 1671 1663 1732; x_wconf 88' lang='lat' dir='ltr'>uterus,</span> <span class='ocrx_word' id='word_1_242' title='bbox 1695 1642 2044 1727; x_wconf 78' lang='lat' dir='ltr'>sicutBipse</span> <span class='ocrx_word' id='word_1_243' title='bbox 2101 1663 2187 1712; x_wconf 81' lang='lat' dir='ltr'>est</span> <span class='ocrx_word' id='word_1_244' title='bbox 2242 1660 2502 1730; x_wconf 75' lang='lat' dir='ltr'>purgatio</span> <span class='ocrx_word' id='word_1_245' title='bbox 2543 1678 2641 1730; x_wconf 85' lang='lat' dir='ltr'>per</span> <span class='ocrx_word' id='word_1_246' title='bbox 2679 1662 3150 1717; x_wconf 79' lang='lat' dir='ltr'>resurrectionem</span> <span class='ocrx_word' id='word_1_247' title='bbox 3194 1666 3373 1719; x_wconf 88' lang='lat' dir='ltr'>octavi</span> <span class='ocrx_word' id='word_1_248' title='bbox 3409 1667 3524 1723; x_wconf 90' lang='lat' dir='ltr'>diei</span> 
     </span>
    </p>
   </div>
   <div class='ocr_carea' id='block_1_34' title="bbox 238 1753 1838 1825">
    <p class='ocr_par' dir='ltr' id='par_1_34' title="bbox 238 1753 1838 1825">
     <span class='ocr_line' id='line_1_34' title="bbox 238 1753 1838 1825; baseline -0.001 -18"><span class='ocrx_word' id='word_1_249' title='bbox 238 1754 472 1809; x_wconf 80' lang='lat' dir='ltr'>fuerunt</span> <span class='ocrx_word' id='word_1_250' title='bbox 488 1755 679 1824; x_wconf 71' lang='lat' dir='ltr'>januze</span> <span class='ocrx_word' id='word_1_251' title='bbox 703 1754 925 1819; x_wconf 84' lang='lat' dir='ltr'>clausae,</span> <span class='ocrx_word' id='word_1_252' title='bbox 943 1759 1000 1808; x_wconf 90' lang='lat' dir='ltr'>et</span> <span class='ocrx_word' id='word_1_253' title='bbox 1018 1760 1210 1809; x_wconf 87' lang='lat' dir='ltr'>tamen</span> <span class='ocrx_word' id='word_1_254' title='bbox 1239 1771 1340 1825; x_wconf 89' lang='lat' dir='ltr'>per</span> <span class='ocrx_word' id='word_1_255' title='bbox 1364 1754 1593 1808; x_wconf 90' lang='lat' dir='ltr'>easdem</span> <span class='ocrx_word' id='word_1_256' title='bbox 1620 1753 1838 1823; x_wconf 85' lang='lat' dir='ltr'>ingres-</span> 
     </span>
    </p>
   </div>
   <div class='ocr_carea' id='block_1_35' title="bbox 238 1842 1840 1914">
    <p class='ocr_par' dir='ltr' id='par_1_35' title="bbox 238 1842 1840 1914">
     <span class='ocr_line' id='line_1_35' title="bbox 238 1842 1840 1914; baseline -0.002 -15"><span class='ocrx_word' id='word_1_257' title='bbox 238 1861 339 1899; x_wconf 90' lang='lat' dir='ltr'>sus</span> <span class='ocrx_word' id='word_1_258' title='bbox 368 1848 455 1898; x_wconf 90' lang='lat' dir='ltr'>est</span> <span class='ocrx_word' id='word_1_259' title='bbox 480 1843 553 1897; x_wconf 87' lang='lat' dir='ltr'>ad</span> <span class='ocrx_word' id='word_1_260' title='bbox 581 1843 902 1914; x_wconf 90' lang='lat' dir='ltr'>discipulos,</span> <span class='ocrx_word' id='word_1_261' title='bbox 934 1843 1082 1898; x_wconf 89' lang='lat' dir='ltr'>sicut</span> <span class='ocrx_word' id='word_1_262' title='bbox 1110 1844 1279 1898; x_wconf 88' lang='lat' dir='ltr'>etiam</span> <span class='ocrx_word' id='word_1_263' title='bbox 1304 1844 1624 1914; x_wconf 89' lang='lat' dir='ltr'>sepulcrum</span> <span class='ocrx_word' id='word_1_264' title='bbox 1652 1842 1840 1912; x_wconf 86' lang='lat' dir='ltr'>signa-</span> 
     </span>
    </p>
   </div>
   <div class='ocr_carea' id='block_1_36' title="bbox 237 1932 1842 2004">
    <p class='ocr_par' dir='ltr' id='par_1_36' title="bbox 237 1932 1842 2004">
     <span class='ocr_line' id='line_1_36' title="bbox 237 1932 1842 2004; baseline -0.003 -15"><span class='ocrx_word' id='word_1_265' title='bbox 237 1941 365 1989; x_wconf 89' lang='lat' dir='ltr'>tum</span> <span class='ocrx_word' id='word_1_266' title='bbox 389 1937 447 1986; x_wconf 91' lang='lat' dir='ltr'>et</span> <span class='ocrx_word' id='word_1_267' title='bbox 476 1932 728 1987; x_wconf 89' lang='lat' dir='ltr'>clausum</span> <span class='ocrx_word' id='word_1_268' title='bbox 759 1933 983 2004; x_wconf 89' lang='lat' dir='ltr'>quando</span> <span class='ocrx_word' id='word_1_269' title='bbox 1010 1949 1313 2003; x_wconf 88' lang='lat' dir='ltr'>resurgens</span> <span class='ocrx_word' id='word_1_270' title='bbox 1340 1948 1598 2003; x_wconf 88' lang='lat' dir='ltr'>egressus</span> <span class='ocrx_word' id='word_1_271' title='bbox 1626 1937 1714 1985; x_wconf 84' lang='lat' dir='ltr'>est</span> <span class='ocrx_word' id='word_1_272' title='bbox 1740 1947 1842 2002; x_wconf 91' lang='lat' dir='ltr'>per</span> 
     </span>
    </p>
   </div>
   <div class='ocr_carea' id='block_1_37' title="bbox 241 2020 1281 2093">
    <p class='ocr_par' dir='ltr' id='par_1_37' title="bbox 241 2020 1281 2093">
     <span class='ocr_line' id='line_1_37' title="bbox 241 2020 1281 2093; baseline -0.002 -17"><span class='ocrx_word' id='word_1_273' title='bbox 241 2021 380 2077; x_wconf 88' lang='lat' dir='ltr'>illud</span> <span class='ocrx_word' id='word_1_274' title='bbox 405 2040 418 2089; x_wconf 91' lang='lat'>;</span> <span class='ocrx_word' id='word_1_275' title='bbox 450 2020 583 2076; x_wconf 84' lang='lat' dir='ltr'>hinc</span> <span class='ocrx_word' id='word_1_276' title='bbox 610 2038 832 2093; x_wconf 91' lang='lat' dir='ltr'>quoque</span> <span class='ocrx_word' id='word_1_277' title='bbox 851 2021 986 2076; x_wconf 92' lang='lat' dir='ltr'>alibi</span> <span class='ocrx_word' id='word_1_278' title='bbox 1010 2022 1131 2093; x_wconf 90' lang='lat' dir='ltr'>ipse</span> <span class='ocrx_word' id='word_1_279' title='bbox 1158 2022 1239 2076; x_wconf 90' lang='lat' dir='ltr'>ait</span> <span class='ocrx_word' id='word_1_280' title='bbox 1269 2038 1281 2073; x_wconf 92' lang='lat'><strong>:</strong></span> 
     </span>
    </p>
   </div>
   <div class='ocr_carea' id='block_1_38' title="bbox 647 2144 1290 2207">
    <p class='ocr_par' dir='ltr' id='par_1_38' title="bbox 647 2144 1290 2207">
     <span class='ocr_line' id='line_1_38' title="bbox 647 2144 1290 2207; baseline -0.002 -15"><span class='ocrx_word' id='word_1_281' title='bbox 647 2144 723 2207; x_wconf 75' lang='lat' dir='ltr'>Fit</span> <span class='ocrx_word' id='word_1_282' title='bbox 752 2150 885 2205; x_wconf 85' lang='lat' dir='ltr'>porta</span> <span class='ocrx_word' id='word_1_283' title='bbox 911 2144 1087 2193; x_wconf 85' lang='lat' dir='ltr'>Christi</span> <span class='ocrx_word' id='word_1_284' title='bbox 1116 2144 1290 2207; x_wconf 78' lang='lat' dir='ltr'>pervia.</span> 
     </span>
    </p>
   </div>
   <div class='ocr_carea' id='block_1_39' title="bbox 647 2206 1195 2269">
    <p class='ocr_par' dir='ltr' id='par_1_39' title="bbox 647 2206 1195 2269">
     <span class='ocr_line' id='line_1_39' title="bbox 647 2206 1195 2269; baseline 0 -14"><span class='ocrx_word' id='word_1_285' title='bbox 647 2206 835 2255; x_wconf 72' lang='lat' dir='ltr'>Referte</span> <span class='ocrx_word' id='word_1_286' title='bbox 860 2208 993 2269; x_wconf 80' lang='lat' dir='ltr'>plena</span> <span class='ocrx_word' id='word_1_287' title='bbox 1020 2206 1195 2267; x_wconf 75' lang='lat' dir='ltr'>gratia,</span> 
     </span>
    </p>
   </div>
   <div class='ocr_carea' id='block_1_40' title="bbox 650 2269 1376 2333">
    <p class='ocr_par' dir='ltr' id='par_1_40' title="bbox 650 2269 1376 2333">
     <span class='ocr_line' id='line_1_40' title="bbox 650 2269 1376 2333; baseline 0.003 -17"><span class='ocrx_word' id='word_1_288' title='bbox 650 2269 935 2333; x_wconf 66' lang='lat' dir='ltr'>&#39;l‘ransitque</span> <span class='ocrx_word' id='word_1_289' title='bbox 962 2283 1041 2318; x_wconf 79' lang='lat' dir='ltr'>rex</span> <span class='ocrx_word' id='word_1_290' title='bbox 1060 2273 1105 2318; x_wconf 83' lang='lat' dir='ltr'>et</span> <span class='ocrx_word' id='word_1_291' title='bbox 1132 2273 1376 2333; x_wconf 76' lang='lat' dir='ltr'>permanet</span> 
     </span>
    </p>
   </div>
   <div class='ocr_carea' id='block_1_41' title="bbox 649 2331 878 2381">
    <p class='ocr_par' dir='ltr' id='par_1_41' title="bbox 649 2331 878 2381">
     <span class='ocr_line' id='line_1_41' title="bbox 649 2331 878 2381; baseline 0.009 -2"><span class='ocrx_word' id='word_1_292' title='bbox 649 2331 878 2381; x_wconf 74' lang='lat' dir='ltr'>Clausa...</span> 
     </span>
    </p>
   </div>
   <div class='ocr_carea' id='block_1_42' title="bbox 312 2447 1841 2518">
    <p class='ocr_par' dir='ltr' id='par_1_42' title="bbox 312 2447 1841 2518">
     <span class='ocr_line' id='line_1_42' title="bbox 312 2447 1841 2518; baseline -0.005 -12"><span class='ocrx_word' id='word_1_293' title='bbox 312 2453 364 2506; x_wconf 78' lang='grc' dir='ltr'><strong>Ν</strong></span> <span class='ocrx_word' id='word_1_294' title='bbox 367 2468 438 2505; x_wconf 90' lang='lat' dir='ltr'>on</span> <span class='ocrx_word' id='word_1_295' title='bbox 470 2451 577 2506; x_wconf 86' lang='lat' dir='ltr'>hoc</span> <span class='ocrx_word' id='word_1_296' title='bbox 593 2448 673 2504; x_wconf 91' lang='lat' dir='ltr'>sic</span> <span class='ocrx_word' id='word_1_297' title='bbox 703 2448 838 2503; x_wconf 91' lang='lat' dir='ltr'>dicit</span> <span class='ocrx_word' id='word_1_298' title='bbox 850 2452 914 2502; x_wconf 93' lang='lat' dir='ltr'>ut</span> <span class='ocrx_word' id='word_1_299' title='bbox 935 2447 1219 2517; x_wconf 82' lang='lat' dir='ltr'>intelligas</span> <span class='ocrx_word' id='word_1_300' title='bbox 1243 2447 1389 2518; x_wconf 92' lang='lat' dir='ltr'>quod</span> <span class='ocrx_word' id='word_1_301' title='bbox 1408 2451 1602 2501; x_wconf 90' lang='lat' dir='ltr'>contra</span> <span class='ocrx_word' id='word_1_302' title='bbox 1632 2463 1691 2500; x_wconf 89' lang='lat' dir='ltr'>se</span> <span class='ocrx_word' id='word_1_303' title='bbox 1711 2462 1841 2500; x_wconf 89' lang='lat' dir='ltr'>sen-</span> 
     </span>
    </p>
   </div>
   <div class='ocr_carea' id='block_1_43' title="bbox 242 2536 1839 2609">
    <p class='ocr_par' dir='ltr' id='par_1_43' title="bbox 242 2536 1839 2609">
     <span class='ocr_line' id='line_1_43' title="bbox 242 2536 1839 2609; baseline -0.004 -14"><span class='ocrx_word' id='word_1_304' title='bbox 242 2542 367 2600; x_wconf 85' lang='lat' dir='ltr'>tiat.</span> <span class='ocrx_word' id='word_1_305' title='bbox 404 2539 502 2594; x_wconf 88' lang='lat' dir='ltr'>sed</span> <span class='ocrx_word' id='word_1_306' title='bbox 532 2540 610 2594; x_wconf 90' lang='lat' dir='ltr'>sic</span> <span class='ocrx_word' id='word_1_307' title='bbox 654 2537 849 2609; x_wconf 89' lang='lat' dir='ltr'>utique</span> <span class='ocrx_word' id='word_1_308' title='bbox 900 2542 965 2592; x_wconf 90' lang='lat' dir='ltr'>ut</span> <span class='ocrx_word' id='word_1_309' title='bbox 1011 2536 1335 2608; x_wconf 89' lang='lat' dir='ltr'>plenissime</span> <span class='ocrx_word' id='word_1_310' title='bbox 1380 2541 1683 2606; x_wconf 82' lang='lat' dir='ltr'>cognoscat</span> <span class='ocrx_word' id='word_1_311' title='bbox 1710 2551 1839 2589; x_wconf 90' lang='lat' dir='ltr'>eum</span> 
     </span>
    </p>
   </div>
   <div class='ocr_carea' id='block_1_44' title="bbox 241 2623 1839 2699">
    <p class='ocr_par' dir='ltr' id='par_1_44' title="bbox 241 2623 1839 2699">
     <span class='ocr_line' id='line_1_44' title="bbox 241 2623 1839 2699; baseline -0.005 -15"><span class='ocrx_word' id='word_1_312' title='bbox 241 2631 311 2685; x_wconf 92' lang='lat' dir='ltr'>de</span> <span class='ocrx_word' id='word_1_313' title='bbox 330 2635 494 2684; x_wconf 88' lang='lat' dir='ltr'>utero</span> <span class='ocrx_word' id='word_1_314' title='bbox 521 2633 579 2682; x_wconf 91' lang='lat' dir='ltr'>et</span> <span class='ocrx_word' id='word_1_315' title='bbox 604 2644 706 2699; x_wconf 91' lang='lat' dir='ltr'>per</span> <span class='ocrx_word' id='word_1_316' title='bbox 738 2632 961 2681; x_wconf 90' lang='lat' dir='ltr'>uterum</span> <span class='ocrx_word' id='word_1_317' title='bbox 992 2624 1240 2696; x_wconf 83' lang='lat' dir='ltr'>Virginis</span> <span class='ocrx_word' id='word_1_318' title='bbox 1272 2630 1489 2689; x_wconf 89' lang='lat' dir='ltr'>natum,</span> <span class='ocrx_word' id='word_1_319' title='bbox 1523 2640 1690 2695; x_wconf 91' lang='lat' dir='ltr'>quem</span> <span class='ocrx_word' id='word_1_320' title='bbox 1719 2623 1839 2694; x_wconf 90' lang='lat' dir='ltr'>ipse</span> 
     </span>
    </p>
   </div>
   <div class='ocr_carea' id='block_1_45' title="bbox 241 2712 1839 2788">
    <p class='ocr_par' dir='ltr' id='par_1_45' title="bbox 241 2712 1839 2788">
     <span class='ocr_line' id='line_1_45' title="bbox 241 2712 1839 2788; baseline -0.004 -16"><span class='ocrx_word' id='word_1_321' title='bbox 241 2717 348 2772; x_wconf 90' lang='lat' dir='ltr'>sibi</span> <span class='ocrx_word' id='word_1_322' title='bbox 375 2716 507 2771; x_wconf 88' lang='lat' dir='ltr'>fecit</span> <span class='ocrx_word' id='word_1_323' title='bbox 533 2715 803 2788; x_wconf 91' lang='lat' dir='ltr'>pervium,</span> <span class='ocrx_word' id='word_1_324' title='bbox 825 2731 888 2769; x_wconf 89' lang='lat' dir='ltr'>ac</span> <span class='ocrx_word' id='word_1_325' title='bbox 916 2731 1017 2785; x_wconf 90' lang='lat' dir='ltr'>per</span> <span class='ocrx_word' id='word_1_326' title='bbox 1045 2715 1150 2768; x_wconf 88' lang='lat' dir='ltr'>hoc</span> <span class='ocrx_word' id='word_1_327' title='bbox 1179 2713 1296 2785; x_wconf 90' lang='lat' dir='ltr'>ipse</span> <span class='ocrx_word' id='word_1_328' title='bbox 1325 2712 1431 2767; x_wconf 88' lang='lat' dir='ltr'>sibi</span> <span class='ocrx_word' id='word_1_329' title='bbox 1457 2713 1677 2766; x_wconf 86' lang='lat' dir='ltr'>vulvam</span> <span class='ocrx_word' id='word_1_330' title='bbox 1707 2729 1839 2782; x_wconf 91' lang='lat' dir='ltr'>ape-</span> 
     </span>
    </p>
   </div>
   <div class='ocr_carea' id='block_1_46' title="bbox 242 2800 1841 2875">
    <p class='ocr_par' dir='ltr' id='par_1_46' title="bbox 242 2800 1841 2875">
     <span class='ocr_line' id='line_1_46' title="bbox 242 2800 1841 2875; baseline -0.004 -15"><span class='ocrx_word' id='word_1_331' title='bbox 242 2807 378 2860; x_wconf 92' lang='lat' dir='ltr'>ruit.</span> <span class='ocrx_word' id='word_1_332' title='bbox 395 2805 513 2860; x_wconf 87' lang='lat' dir='ltr'>Sibi</span> <span class='ocrx_word' id='word_1_333' title='bbox 543 2805 789 2875; x_wconf 87' lang='lat' dir='ltr'>quidem,</span> <span class='ocrx_word' id='word_1_334' title='bbox 809 2803 941 2874; x_wconf 87' lang='lat' dir='ltr'>quia</span> <span class='ocrx_word' id='word_1_335' title='bbox 970 2804 1128 2857; x_wconf 89' lang='lat' dir='ltr'>vulva</span> <span class='ocrx_word' id='word_1_336' title='bbox 1152 2802 1384 2873; x_wconf 75' lang='lat' dir='ltr'>virginis</span> <span class='ocrx_word' id='word_1_337' title='bbox 1410 2802 1542 2856; x_wconf 91' lang='lat' dir='ltr'>licet</span> <span class='ocrx_word' id='word_1_338' title='bbox 1568 2802 1760 2855; x_wconf 90' lang='lat' dir='ltr'>clausa</span> <span class='ocrx_word' id='word_1_339' title='bbox 1790 2800 1841 2854; x_wconf 91' lang='lat' dir='ltr'>ei</span> 
     </span>
    </p>
   </div>
   <div class='ocr_carea' id='block_1_47' title="bbox 1920 1745 3523 1815">
    <p class='ocr_par' dir='ltr' id='par_1_47' title="bbox 1920 1745 3523 1815">
     <span class='ocr_line' id='line_1_47' title="bbox 1920 1745 3523 1815; baseline 0.007 -16"><span class='ocrx_word' id='word_1_340' title='bbox 1920 1745 1980 1799; x_wconf 93' lang='lat' dir='ltr'>in</span> <span class='ocrx_word' id='word_1_341' title='bbox 2008 1747 2421 1815; x_wconf 44' lang='lat' dir='ltr'>Jerusal.em,ut</span> <span class='ocrx_word' id='word_1_342' title='bbox 2442 1748 2497 1800; x_wconf 92' lang='lat' dir='ltr'>in</span> <span class='ocrx_word' id='word_1_343' title='bbox 2519 1765 2585 1802; x_wconf 90' lang='lat' dir='ltr'>eo</span> <span class='ocrx_word' id='word_1_344' title='bbox 2607 1750 2956 1804; x_wconf 90' lang='lat' dir='ltr'>condonetur</span> <span class='ocrx_word' id='word_1_345' title='bbox 2974 1757 3028 1805; x_wconf 90' lang='lat' dir='ltr'>et</span> <span class='ocrx_word' id='word_1_346' title='bbox 3059 1753 3326 1808; x_wconf 70' lang='lat' dir='ltr'>offeratur</span> <span class='ocrx_word' id='word_1_347' title='bbox 3339 1756 3523 1812; x_wconf 91' lang='lat' dir='ltr'>omnis</span> 
     </span>
    </p>
   </div>
   <div class='ocr_carea' id='block_1_48' title="bbox 1921 1833 3517 1908">
    <p class='ocr_par' dir='ltr' id='par_1_48' title="bbox 1921 1833 3517 1908">
     <span class='ocr_line' id='line_1_48' title="bbox 1921 1833 3517 1908; baseline 0.006 -22"><span class='ocrx_word' id='word_1_348' title='bbox 1921 1833 2150 1903; x_wconf 90' lang='lat' dir='ltr'>adoptio</span> <span class='ocrx_word' id='word_1_349' title='bbox 2178 1834 2422 1887; x_wconf 87' lang='lat' dir='ltr'>filiorum</span> <span class='ocrx_word' id='word_1_350' title='bbox 2453 1834 2572 1888; x_wconf 91' lang='lat' dir='ltr'>Dei.</span> <span class='ocrx_word' id='word_1_351' title='bbox 2606 1836 2671 1889; x_wconf 90' lang='lat' dir='ltr'>In</span> <span class='ocrx_word' id='word_1_352' title='bbox 2698 1852 2763 1889; x_wconf 90' lang='lat' dir='ltr'>eo</span> <span class='ocrx_word' id='word_1_353' title='bbox 2793 1852 3039 1908; x_wconf 88' lang='lat' dir='ltr'>namque</span> <span class='ocrx_word' id='word_1_354' title='bbox 3076 1840 3224 1908; x_wconf 92' lang='lat' dir='ltr'>quod</span> <span class='ocrx_word' id='word_1_355' title='bbox 3266 1840 3354 1894; x_wconf 84' lang='lat' dir='ltr'>lex</span> <span class='ocrx_word' id='word_1_356' title='bbox 3392 1842 3473 1896; x_wconf 89' lang='lat' dir='ltr'>ait</span> <span class='ocrx_word' id='word_1_357' title='bbox 3504 1860 3517 1895; x_wconf 94' lang='lat'><strong>:</strong></span> 
     </span>
    </p>
   </div>
   <div class='ocr_carea' id='block_1_49' title="bbox 1924 1922 3522 1992">
    <p class='ocr_par' dir='ltr' id='par_1_49' title="bbox 1924 1922 3522 1992">
     <span class='ocr_line' id='line_1_49' title="bbox 1924 1922 3522 1992; baseline 0.005 -16"><span class='ocrx_word' id='word_1_358' title='bbox 1924 1922 2092 1977; x_wconf 88' lang='lat' dir='ltr'>Omne</span> <span class='ocrx_word' id='word_1_359' title='bbox 2121 1925 2498 1976; x_wconf 86' lang='lat' dir='ltr'>masculinum</span> <span class='ocrx_word' id='word_1_360' title='bbox 2518 1925 2845 1991; x_wconf 84' lang='lat' dir='ltr'>adaperiens</span> <span class='ocrx_word' id='word_1_361' title='bbox 2873 1929 3385 1992; x_wconf 77' lang='lat' dir='ltr'>vulvam,sanctum</span> <span class='ocrx_word' id='word_1_362' title='bbox 3416 1932 3522 1984; x_wconf 80' lang='lat' dir='ltr'>Do-</span> 
     </span>
    </p>
   </div>
   <div class='ocr_carea' id='block_1_50' title="bbox 1922 2014 3520 2089">
    <p class='ocr_par' dir='ltr' id='par_1_50' title="bbox 1922 2014 3520 2089">
     <span class='ocr_line' id='line_1_50' title="bbox 1922 2014 3520 2089; baseline 0.006 -24"><span class='ocrx_word' id='word_1_363' title='bbox 1922 2015 2074 2066; x_wconf 87' lang='lat' dir='ltr'>mino</span> <span class='ocrx_word' id='word_1_364' title='bbox 2105 2014 2405 2079; x_wconf 77' lang='lat' dir='ltr'>vocabitur,</span> <span class='ocrx_word' id='word_1_365' title='bbox 2440 2014 2876 2083; x_wconf 89' lang='lat' dir='ltr'>promittebatur</span> <span class='ocrx_word' id='word_1_366' title='bbox 2904 2017 3152 2087; x_wconf 84' lang='lat' dir='ltr'>Virginis</span> <span class='ocrx_word' id='word_1_367' title='bbox 3174 2024 3370 2089; x_wconf 90' lang='lat' dir='ltr'>partus</span> <span class='ocrx_word' id='word_1_368' title='bbox 3392 2037 3520 2075; x_wconf 87' lang='lat' dir='ltr'>vere</span> 
     </span>
    </p>
   </div>
   <div class='ocr_carea' id='block_1_51' title="bbox 1922 2100 3520 2176">
    <p class='ocr_par' dir='ltr' id='par_1_51' title="bbox 1922 2100 3520 2176">
     <span class='ocr_line' id='line_1_51' title="bbox 1922 2100 3520 2176; baseline 0.006 -22"><span class='ocrx_word' id='word_1_369' title='bbox 1922 2105 2169 2166; x_wconf 89' lang='lat' dir='ltr'>sanctus,</span> <span class='ocrx_word' id='word_1_370' title='bbox 2190 2100 2323 2171; x_wconf 90' lang='lat' dir='ltr'>quia</span> <span class='ocrx_word' id='word_1_371' title='bbox 2353 2102 2766 2170; x_wconf 91' lang='lat' dir='ltr'>immaculatus,</span> <span class='ocrx_word' id='word_1_372' title='bbox 2793 2105 2888 2175; x_wconf 91' lang='lat' dir='ltr'>qui</span> <span class='ocrx_word' id='word_1_373' title='bbox 2913 2105 3159 2176; x_wconf 89' lang='lat' dir='ltr'>aperiret</span> <span class='ocrx_word' id='word_1_374' title='bbox 3178 2108 3395 2162; x_wconf 89' lang='lat' dir='ltr'>vulvam</span> <span class='ocrx_word' id='word_1_375' title='bbox 3415 2108 3520 2163; x_wconf 84' lang='lat' dir='ltr'>Ec-</span> 
     </span>
    </p>
   </div>
   <div class='ocr_carea' id='block_1_52' title="bbox 1923 2188 3521 2265">
    <p class='ocr_par' dir='ltr' id='par_1_52' title="bbox 1923 2188 3521 2265">
     <span class='ocr_line' id='line_1_52' title="bbox 1923 2188 3521 2265; baseline 0.006 -24"><span class='ocrx_word' id='word_1_376' title='bbox 1923 2188 2127 2253; x_wconf 88' lang='lat' dir='ltr'>clesiae,</span> <span class='ocrx_word' id='word_1_377' title='bbox 2168 2194 2233 2243; x_wconf 90' lang='lat' dir='ltr'>ut</span> <span class='ocrx_word' id='word_1_378' title='bbox 2260 2189 2315 2243; x_wconf 91' lang='lat' dir='ltr'>in</span> <span class='ocrx_word' id='word_1_379' title='bbox 2359 2206 2424 2244; x_wconf 89' lang='lat' dir='ltr'>eo</span> <span class='ocrx_word' id='word_1_380' title='bbox 2467 2191 2955 2247; x_wconf 85' lang='lat' dir='ltr'>sanctiﬁcarentur</span> <span class='ocrx_word' id='word_1_381' title='bbox 2978 2194 3195 2265; x_wconf 89' lang='lat' dir='ltr'>reliqua</span> <span class='ocrx_word' id='word_1_382' title='bbox 3223 2196 3430 2264; x_wconf 89' lang='lat' dir='ltr'>omnia,</span> <span class='ocrx_word' id='word_1_383' title='bbox 3463 2202 3521 2251; x_wconf 93' lang='lat' dir='ltr'>et</span> 
     </span>
    </p>
   </div>
   <div class='ocr_carea' id='block_1_53' title="bbox 1925 2270 3520 2356">
    <p class='ocr_par' dir='ltr' id='par_1_53' title="bbox 1925 2270 3520 2356">
     <span class='ocr_line' id='line_1_53' title="bbox 1925 2270 3520 2356; baseline 0.006 -26"><span class='ocrx_word' id='word_1_384' title='bbox 1925 2284 2114 2331; x_wconf 90' lang='lat' dir='ltr'>essent</span> <span class='ocrx_word' id='word_1_385' title='bbox 2156 2278 2551 2356; x_wconf 86' lang='lat' dir='ltr'>primogenita.</span> <span class='ocrx_word' id='word_1_386' title='bbox 2612 2281 2771 2335; x_wconf 90' lang='lat' dir='ltr'>Unde</span> <span class='ocrx_word' id='word_1_387' title='bbox 2825 2282 3118 2352; x_wconf 88' lang='lat' dir='ltr'>signanter</span> <span class='ocrx_word' id='word_1_388' title='bbox 3160 2286 3394 2355; x_wconf 86' lang='lat' dir='ltr'>angelus</span> <span class='ocrx_word' id='word_1_389' title='bbox 3446 2270 3520 2339; x_wconf 89' lang='lat' dir='ltr'>ad</span> 
     </span>
    </p>
   </div>
   <div class='ocr_carea' id='block_1_54' title="bbox 1924 2366 3513 2441">
    <p class='ocr_par' dir='ltr' id='par_1_54' title="bbox 1924 2366 3513 2441">
     <span class='ocr_line' id='line_1_54' title="bbox 1924 2366 3513 2441; baseline 0.006 -23"><span class='ocrx_word' id='word_1_390' title='bbox 1924 2366 2162 2420; x_wconf 88' lang='lat' dir='ltr'>Mariam</span> <span class='ocrx_word' id='word_1_391' title='bbox 2194 2385 2205 2419; x_wconf 92' lang='lat'>:</span> <span class='ocrx_word' id='word_1_392' title='bbox 2237 2369 2305 2421; x_wconf 86' lang='lat' dir='ltr'>Et</span> <span class='ocrx_word' id='word_1_393' title='bbox 2329 2370 2473 2436; x_wconf 84' lang='lat' dir='ltr'>quod</span> <span class='ocrx_word' id='word_1_394' title='bbox 2502 2375 2777 2435; x_wconf 80' lang='lat' dir='ltr'>nascetur,</span> <span class='ocrx_word' id='word_1_395' title='bbox 2813 2370 3016 2441; x_wconf 90' lang='lat' dir='ltr'>inquit,</span> <span class='ocrx_word' id='word_1_396' title='bbox 3056 2388 3122 2426; x_wconf 75' lang='lat' dir='ltr'>ea:</span> <span class='ocrx_word' id='word_1_397' title='bbox 3156 2378 3203 2427; x_wconf 89' lang='lat' dir='ltr'>te</span> <span class='ocrx_word' id='word_1_398' title='bbox 3236 2378 3513 2441; x_wconf 85' lang='lat' dir='ltr'>sanetum,</span> 
     </span>
    </p>
   </div>
   <div class='ocr_carea' id='block_1_55' title="bbox 1924 2456 3524 2533">
    <p class='ocr_par' dir='ltr' id='par_1_55' title="bbox 1924 2456 3524 2533">
     <span class='ocr_line' id='line_1_55' title="bbox 1924 2456 3524 2533; baseline 0.006 -26"><span class='ocrx_word' id='word_1_399' title='bbox 1924 2456 2211 2509; x_wconf 76' lang='lat' dir='ltr'>vocabitur</span> <span class='ocrx_word' id='word_1_400' title='bbox 2226 2457 2404 2510; x_wconf 81' lang='lat' dir='ltr'>Filius</span> <span class='ocrx_word' id='word_1_401' title='bbox 2421 2459 2519 2511; x_wconf 84' lang='lat' dir='ltr'>Dei</span> <span class='ocrx_word' id='word_1_402' title='bbox 2532 2459 2674 2527; x_wconf 87' lang='lat' dir='ltr'>(Luc.</span> <span class='ocrx_word' id='word_1_403' title='bbox 2692 2473 2747 2520; x_wconf 76' lang='grc' dir='ltr'>ιι,</span> <span class='ocrx_word' id='word_1_404' title='bbox 2764 2457 2871 2520; x_wconf 77' lang='grc'>53).</span> <span class='ocrx_word' id='word_1_405' title='bbox 2891 2460 3017 2514; x_wconf 88' lang='lat' dir='ltr'>Non</span> <span class='ocrx_word' id='word_1_406' title='bbox 3039 2461 3184 2531; x_wconf 92' lang='lat' dir='ltr'>quod</span> <span class='ocrx_word' id='word_1_407' title='bbox 3208 2463 3524 2533; x_wconf 90' lang='lat' dir='ltr'>corruperit</span> 
     </span>
    </p>
   </div>
   <div class='ocr_carea' id='block_1_56' title="bbox 1924 2543 3524 2619">
    <p class='ocr_par' dir='ltr' id='par_1_56' title="bbox 1924 2543 3524 2619">
     <span class='ocr_line' id='line_1_56' title="bbox 1924 2543 3524 2619; baseline 0.006 -25"><span class='ocrx_word' id='word_1_408' title='bbox 1924 2546 2162 2595; x_wconf 89' lang='lat' dir='ltr'>matrem</span> <span class='ocrx_word' id='word_1_409' title='bbox 2192 2543 2493 2611; x_wconf 77' lang='lat' dir='ltr'>nascendo,</span> <span class='ocrx_word' id='word_1_410' title='bbox 2514 2561 2681 2615; x_wconf 87' lang='lat' dir='ltr'>quam</span> <span class='ocrx_word' id='word_1_411' title='bbox 2702 2544 2979 2615; x_wconf 89' lang='lat' dir='ltr'>integram</span> <span class='ocrx_word' id='word_1_412' title='bbox 3002 2552 3059 2619; x_wconf 85' lang='lat' dir='ltr'>et</span> <span class='ocrx_word' id='word_1_413' title='bbox 3084 2548 3408 2603; x_wconf 89' lang='lat' dir='ltr'>inviolatam</span> <span class='ocrx_word' id='word_1_414' title='bbox 3437 2566 3524 2605; x_wconf 84' lang='lat' dir='ltr'>re-</span> 
     </span>
    </p>
   </div>
   <div class='ocr_carea' id='block_1_57' title="bbox 1922 2629 3520 2704">
    <p class='ocr_par' dir='ltr' id='par_1_57' title="bbox 1922 2629 3520 2704">
     <span class='ocr_line' id='line_1_57' title="bbox 1922 2629 3520 2704; baseline 0.007 -22"><span class='ocrx_word' id='word_1_415' title='bbox 1922 2629 2089 2700; x_wconf 86' lang='lat' dir='ltr'>liquit</span> <span class='ocrx_word' id='word_1_416' title='bbox 2136 2630 2429 2701; x_wconf 88' lang='lat' dir='ltr'>virginem,</span> <span class='ocrx_word' id='word_1_417' title='bbox 2465 2633 2562 2687; x_wconf 91' lang='lat' dir='ltr'>sed</span> <span class='ocrx_word' id='word_1_418' title='bbox 2611 2634 2744 2704; x_wconf 92' lang='lat' dir='ltr'>quia</span> <span class='ocrx_word' id='word_1_419' title='bbox 2774 2651 2840 2688; x_wconf 80' lang='lat' dir='ltr'>ex</span> <span class='ocrx_word' id='word_1_420' title='bbox 2875 2652 2942 2689; x_wconf 91' lang='lat' dir='ltr'>ea</span> <span class='ocrx_word' id='word_1_421' title='bbox 2969 2642 3137 2691; x_wconf 87' lang='lat' dir='ltr'>natus</span> <span class='ocrx_word' id='word_1_422' title='bbox 3172 2638 3323 2692; x_wconf 93' lang='lat' dir='ltr'>Deus</span> <span class='ocrx_word' id='word_1_423' title='bbox 3351 2638 3520 2693; x_wconf 89' lang='lat' dir='ltr'>homo</span> 
     </span>
    </p>
   </div>
   <div class='ocr_carea' id='block_1_58' title="bbox 1921 2718 3518 2796">
    <p class='ocr_par' dir='ltr' id='par_1_58' title="bbox 1921 2718 3518 2796">
     <span class='ocr_line' id='line_1_58' title="bbox 1921 2718 3518 2796; baseline 0.006 -25"><span class='ocrx_word' id='word_1_424' title='bbox 1921 2718 2143 2789; x_wconf 90' lang='lat' dir='ltr'>aperuit</span> <span class='ocrx_word' id='word_1_425' title='bbox 2158 2720 2414 2775; x_wconf 71' lang='lat' dir='ltr'>Ecclesiae</span> <span class='ocrx_word' id='word_1_426' title='bbox 2433 2722 2807 2788; x_wconf 89' lang='lat' dir='ltr'>vulvam,etin</span> <span class='ocrx_word' id='word_1_427' title='bbox 2826 2740 2995 2778; x_wconf 89' lang='lat' dir='ltr'>carne</span> <span class='ocrx_word' id='word_1_428' title='bbox 3017 2741 3120 2779; x_wconf 90' lang='lat' dir='ltr'>sua</span> <span class='ocrx_word' id='word_1_429' title='bbox 3140 2725 3393 2796; x_wconf 89' lang='lat' dir='ltr'>pervium</span> <span class='ocrx_word' id='word_1_430' title='bbox 3412 2725 3518 2780; x_wconf 90' lang='lat' dir='ltr'>sibi</span> 
     </span>
    </p>
   </div>
   <div class='ocr_carea' id='block_1_59' title="bbox 1921 2807 3517 2881">
    <p class='ocr_par' dir='ltr' id='par_1_59' title="bbox 1921 2807 3517 2881">
     <span class='ocr_line' id='line_1_59' title="bbox 1921 2807 3517 2881; baseline 0.006 -21"><span class='ocrx_word' id='word_1_431' title='bbox 1921 2807 2053 2861; x_wconf 87' lang='lat' dir='ltr'>fecit</span> <span class='ocrx_word' id='word_1_432' title='bbox 2082 2807 2208 2873; x_wconf 88' lang='lat' dir='ltr'>iter,</span> <span class='ocrx_word' id='word_1_433' title='bbox 2241 2808 2322 2862; x_wconf 92' lang='lat' dir='ltr'>ita</span> <span class='ocrx_word' id='word_1_434' title='bbox 2369 2814 2433 2863; x_wconf 91' lang='lat' dir='ltr'>ut</span> <span class='ocrx_word' id='word_1_435' title='bbox 2460 2810 2709 2880; x_wconf 85' lang='lat' dir='ltr'>Virginis</span> <span class='ocrx_word' id='word_1_436' title='bbox 2748 2812 2937 2866; x_wconf 86' lang='lat' dir='ltr'>aulam</span> <span class='ocrx_word' id='word_1_437' title='bbox 2969 2814 3217 2868; x_wconf 91' lang='lat' dir='ltr'>clausam</span> <span class='ocrx_word' id='word_1_438' title='bbox 3247 2821 3517 2881; x_wconf 89' lang='lat' dir='ltr'>servaret,</span> 
     </span>
    </p>
   </div>
   <div class='ocr_carea' id='block_1_60' title="bbox 239 2890 3522 2974">
    <p class='ocr_par' dir='ltr' id='par_1_60' title="bbox 239 2890 3522 2974">
     <span class='ocr_line' id='line_1_60' title="bbox 239 2890 3522 2974; baseline 0.003 -26"><span class='ocrx_word' id='word_1_439' title='bbox 239 2893 607 2967; x_wconf 89' lang='lat' dir='ltr'>penetrabilis</span> <span class='ocrx_word' id='word_1_440' title='bbox 629 2892 828 2964; x_wconf 89' lang='lat' dir='ltr'>patuit,</span> <span class='ocrx_word' id='word_1_441' title='bbox 849 2897 1040 2946; x_wconf 87' lang='lat' dir='ltr'>tamen</span> <span class='ocrx_word' id='word_1_442' title='bbox 1064 2908 1189 2946; x_wconf 91' lang='lat' dir='ltr'>cum</span> <span class='ocrx_word' id='word_1_443' title='bbox 1213 2890 1407 2945; x_wconf 82' lang='lat' dir='ltr'>enixus</span> <span class='ocrx_word' id='word_1_444' title='bbox 1424 2891 1664 2944; x_wconf 89' lang='lat' dir='ltr'>intraret</span> <span class='ocrx_word' id='word_1_445' title='bbox 1675 2906 1841 2944; x_wconf 89' lang='lat' dir='ltr'>mun-</span> <span class='ocrx_word' id='word_1_446' title='bbox 1865 2914 1907 2973; x_wconf 71' lang='grc' dir='ltr'><strong>ρ</strong></span> <span class='ocrx_word' id='word_1_447' title='bbox 1929 2900 2207 2965; x_wconf 90' lang='lat' dir='ltr'>quatenus</span> <span class='ocrx_word' id='word_1_448' title='bbox 2231 2913 2297 2950; x_wconf 83' lang='lat' dir='ltr'>ex</span> <span class='ocrx_word' id='word_1_449' title='bbox 2325 2903 2506 2952; x_wconf 87' lang='lat' dir='ltr'>matre</span> <span class='ocrx_word' id='word_1_450' title='bbox 2535 2899 2824 2969; x_wconf 88' lang='lat' dir='ltr'>Virginem</span> <span class='ocrx_word' id='word_1_451' title='bbox 2854 2900 2959 2954; x_wconf 89' lang='lat' dir='ltr'>sibi</span> <span class='ocrx_word' id='word_1_452' title='bbox 3004 2902 3228 2956; x_wconf 81' lang='lat' dir='ltr'>duxisse</span> <span class='ocrx_word' id='word_1_453' title='bbox 3256 2919 3522 2974; x_wconf 90' lang='lat' dir='ltr'>sponsam</span> 
     </span>
    </p>
   </div>
   <div class='ocr_carea' id='block_1_61' title="bbox 241 2979 1840 3051">
    <p class='ocr_par' dir='ltr' id='par_1_61' title="bbox 241 2979 1840 3051">
     <span class='ocr_line' id='line_1_61' title="bbox 241 2979 1840 3051; baseline -0.005 -12"><span class='ocrx_word' id='word_1_454' title='bbox 241 2985 382 3039; x_wconf 89' lang='lat' dir='ltr'>dum</span> <span class='ocrx_word' id='word_1_455' title='bbox 420 2983 672 3037; x_wconf 90' lang='lat' dir='ltr'>clausam</span> <span class='ocrx_word' id='word_1_456' title='bbox 702 2980 932 3051; x_wconf 90' lang='lat' dir='ltr'>reliquit</span> <span class='ocrx_word' id='word_1_457' title='bbox 973 2986 1030 3034; x_wconf 93' lang='lat' dir='ltr'>et</span> <span class='ocrx_word' id='word_1_458' title='bbox 1054 2980 1335 3050; x_wconf 89' lang='lat' dir='ltr'>signatam</span> <span class='ocrx_word' id='word_1_459' title='bbox 1365 2979 1549 3049; x_wconf 88' lang='lat' dir='ltr'>sigillo</span> <span class='ocrx_word' id='word_1_460' title='bbox 1580 2979 1840 3050; x_wconf 89' lang='lat' dir='ltr'>pudoris.</span> 
     </span>
    </p>
   </div>
   <div class='ocr_carea' id='block_1_62' title="bbox 241 3064 1846 3139">
    <p class='ocr_par' dir='ltr' id='par_1_62' title="bbox 241 3064 1846 3139">
     <span class='ocr_line' id='line_1_62' title="bbox 241 3064 1846 3139; baseline -0.004 -14"><span class='ocrx_word' id='word_1_461' title='bbox 241 3069 492 3126; x_wconf 90' lang='lat' dir='ltr'>Omnino</span> <span class='ocrx_word' id='word_1_462' title='bbox 516 3068 649 3139; x_wconf 91' lang='lat' dir='ltr'>quia</span> <span class='ocrx_word' id='word_1_463' title='bbox 676 3068 792 3122; x_wconf 93' lang='lat' dir='ltr'>Deo</span> <span class='ocrx_word' id='word_1_464' title='bbox 812 3067 955 3121; x_wconf 89' lang='lat' dir='ltr'>nihil</span> <span class='ocrx_word' id='word_1_465' title='bbox 975 3067 1199 3121; x_wconf 81' lang='lat' dir='ltr'>difﬁcile</span> <span class='ocrx_word' id='word_1_466' title='bbox 1230 3073 1331 3133; x_wconf 89' lang='lat' dir='ltr'>est,</span> <span class='ocrx_word' id='word_1_467' title='bbox 1357 3083 1423 3120; x_wconf 90' lang='lat' dir='ltr'>eo</span> <span class='ocrx_word' id='word_1_468' title='bbox 1442 3066 1609 3137; x_wconf 90' lang='lat' dir='ltr'>quod,</span> <span class='ocrx_word' id='word_1_469' title='bbox 1634 3071 1698 3120; x_wconf 92' lang='lat' dir='ltr'>ut</span> <span class='ocrx_word' id='word_1_470' title='bbox 1726 3064 1846 3136; x_wconf 89' lang='lat' dir='ltr'>qui-</span> 
     </span>
    </p>
   </div>
   <div class='ocr_carea' id='block_1_63' title="bbox 239 3154 1843 3226">
    <p class='ocr_par' dir='ltr' id='par_1_63' title="bbox 239 3154 1843 3226">
     <span class='ocr_line' id='line_1_63' title="bbox 239 3154 1843 3226; baseline -0.004 -12"><span class='ocrx_word' id='word_1_471' title='bbox 239 3160 375 3214; x_wconf 91' lang='lat' dir='ltr'>dam</span> <span class='ocrx_word' id='word_1_472' title='bbox 411 3159 510 3224; x_wconf 89' lang='lat' dir='ltr'>ait,</span> <span class='ocrx_word' id='word_1_473' title='bbox 541 3156 800 3211; x_wconf 83' lang='lat' dir='ltr'>subditur</span> <span class='ocrx_word' id='word_1_474' title='bbox 828 3156 1011 3210; x_wconf 91' lang='lat' dir='ltr'>omnis</span> <span class='ocrx_word' id='word_1_475' title='bbox 1039 3161 1245 3210; x_wconf 88' lang='lat' dir='ltr'>natura</span> <span class='ocrx_word' id='word_1_476' title='bbox 1283 3156 1405 3223; x_wconf 90' lang='lat' dir='ltr'>ejus</span> <span class='ocrx_word' id='word_1_477' title='bbox 1427 3154 1696 3226; x_wconf 90' lang='lat' dir='ltr'>imperiis,</span> <span class='ocrx_word' id='word_1_478' title='bbox 1730 3154 1843 3208; x_wconf 90' lang='lat' dir='ltr'>ritu</span> 
     </span>
    </p>
   </div>
   <div class='ocr_carea' id='block_1_64' title="bbox 239 3243 1844 3316">
    <p class='ocr_par' dir='ltr' id='par_1_64' title="bbox 239 3243 1844 3316">
     <span class='ocr_line' id='line_1_64' title="bbox 239 3243 1844 3316; baseline -0.004 -13"><span class='ocrx_word' id='word_1_479' title='bbox 239 3249 443 3315; x_wconf 88' lang='lat' dir='ltr'>solito;</span> <span class='ocrx_word' id='word_1_480' title='bbox 475 3246 683 3301; x_wconf 91' lang='lat' dir='ltr'>idcirco</span> <span class='ocrx_word' id='word_1_481' title='bbox 714 3250 935 3299; x_wconf 88' lang='lat' dir='ltr'>constat</span> <span class='ocrx_word' id='word_1_482' title='bbox 948 3262 1076 3299; x_wconf 90' lang='lat' dir='ltr'>eum</span> <span class='ocrx_word' id='word_1_483' title='bbox 1106 3244 1317 3316; x_wconf 90' lang='lat' dir='ltr'>absque</span> <span class='ocrx_word' id='word_1_484' title='bbox 1346 3244 1611 3314; x_wconf 88' lang='lat' dir='ltr'>ambiguo</span> <span class='ocrx_word' id='word_1_485' title='bbox 1640 3243 1722 3297; x_wconf 89' lang='lat' dir='ltr'>ita</span> <span class='ocrx_word' id='word_1_486' title='bbox 1743 3259 1844 3297; x_wconf 88' lang='lat' dir='ltr'>na-</span> 
     </span>
    </p>
   </div>
   <div class='ocr_carea' id='block_1_65' title="bbox 240 3333 1839 3405">
    <p class='ocr_par' dir='ltr' id='par_1_65' title="bbox 240 3333 1839 3405">
     <span class='ocr_line' id='line_1_65' title="bbox 240 3333 1839 3405; baseline -0.004 -13"><span class='ocrx_word' id='word_1_487' title='bbox 240 3345 389 3403; x_wconf 90' lang='lat' dir='ltr'>tum,</span> <span class='ocrx_word' id='word_1_488' title='bbox 419 3341 483 3391; x_wconf 87' lang='lat' dir='ltr'>ut</span> <span class='ocrx_word' id='word_1_489' title='bbox 510 3341 661 3390; x_wconf 91' lang='lat' dir='ltr'>esset</span> <span class='ocrx_word' id='word_1_490' title='bbox 685 3340 964 3389; x_wconf 90' lang='lat' dir='ltr'>secretum</span> <span class='ocrx_word' id='word_1_491' title='bbox 992 3333 1236 3405; x_wconf 87' lang='lat' dir='ltr'>genitale</span> <span class='ocrx_word' id='word_1_492' title='bbox 1268 3333 1463 3387; x_wconf 85' lang='lat' dir='ltr'>matris</span> <span class='ocrx_word' id='word_1_493' title='bbox 1484 3339 1541 3387; x_wconf 91' lang='lat' dir='ltr'>et</span> <span class='ocrx_word' id='word_1_494' title='bbox 1564 3333 1839 3397; x_wconf 89' lang='lat' dir='ltr'>clausum,</span> 
     </span>
    </p>
   </div>
   <div class='ocr_carea' id='block_1_66' title="bbox 240 3421 1836 3499">
    <p class='ocr_par' dir='ltr' id='par_1_66' title="bbox 240 3421 1836 3499">
     <span class='ocr_line' id='line_1_66' title="bbox 240 3421 1836 3499; baseline -0.005 -18"><span class='ocrx_word' id='word_1_495' title='bbox 240 3426 397 3499; x_wconf 91' lang='lat' dir='ltr'>quod</span> <span class='ocrx_word' id='word_1_496' title='bbox 412 3425 518 3479; x_wconf 91' lang='lat' dir='ltr'>sibi</span> <span class='ocrx_word' id='word_1_497' title='bbox 530 3424 649 3496; x_wconf 90' lang='lat' dir='ltr'>ipse</span> <span class='ocrx_word' id='word_1_498' title='bbox 662 3440 766 3478; x_wconf 90' lang='lat' dir='ltr'>sua</span> <span class='ocrx_word' id='word_1_499' title='bbox 776 3423 981 3477; x_wconf 87' lang='lat' dir='ltr'>virtute</span> <span class='ocrx_word' id='word_1_500' title='bbox 1002 3423 1131 3477; x_wconf 86' lang='lat' dir='ltr'>fecit</span> <span class='ocrx_word' id='word_1_501' title='bbox 1151 3429 1427 3494; x_wconf 89' lang='lat' dir='ltr'>apertum.</span> <span class='ocrx_word' id='word_1_502' title='bbox 1459 3421 1614 3476; x_wconf 81' lang='lat' dir='ltr'>Alias</span> <span class='ocrx_word' id='word_1_503' title='bbox 1626 3426 1836 3485; x_wconf 90' lang='lat' dir='ltr'>autem,</span> 
     </span>
    </p>
   </div>
   <div class='ocr_carea' id='block_1_67' title="bbox 239 3509 1838 3588">
    <p class='ocr_par' dir='ltr' id='par_1_67' title="bbox 239 3509 1838 3588">
     <span class='ocr_line' id='line_1_67' title="bbox 239 3509 1838 3588; baseline -0.004 -19"><span class='ocrx_word' id='word_1_504' title='bbox 239 3517 366 3588; x_wconf 89' lang='lat' dir='ltr'>ipse</span> <span class='ocrx_word' id='word_1_505' title='bbox 395 3516 548 3569; x_wconf 89' lang='lat' dir='ltr'>solus</span> <span class='ocrx_word' id='word_1_506' title='bbox 576 3519 781 3569; x_wconf 72' lang='lat' dir='ltr'>sanctae</span> <span class='ocrx_word' id='word_1_507' title='bbox 811 3510 1086 3578; x_wconf 74' lang='lat' dir='ltr'>Ecclesiae,</span> <span class='ocrx_word' id='word_1_508' title='bbox 1123 3528 1291 3582; x_wconf 90' lang='lat' dir='ltr'>quam</span> <span class='ocrx_word' id='word_1_509' title='bbox 1322 3510 1429 3564; x_wconf 91' lang='lat' dir='ltr'>sibi</span> <span class='ocrx_word' id='word_1_510' title='bbox 1445 3526 1711 3581; x_wconf 89' lang='lat' dir='ltr'>sponsam</span> <span class='ocrx_word' id='word_1_511' title='bbox 1740 3509 1838 3562; x_wconf 91' lang='lat' dir='ltr'>de-</span> 
     </span>
    </p>
   </div>
   <div class='ocr_carea' id='block_1_68' title="bbox 240 3597 1844 3672">
    <p class='ocr_par' dir='ltr' id='par_1_68' title="bbox 240 3597 1844 3672">
     <span class='ocr_line' id='line_1_68' title="bbox 240 3597 1844 3672; baseline -0.005 -15"><span class='ocrx_word' id='word_1_512' title='bbox 240 3602 452 3657; x_wconf 90' lang='lat' dir='ltr'>dicavit</span> <span class='ocrx_word' id='word_1_513' title='bbox 477 3603 548 3656; x_wconf 90' lang='lat' dir='ltr'>ad</span> <span class='ocrx_word' id='word_1_514' title='bbox 574 3602 926 3671; x_wconf 82' lang='lat' dir='ltr'>generandos</span> <span class='ocrx_word' id='word_1_515' title='bbox 950 3601 1205 3672; x_wconf 90' lang='lat' dir='ltr'>populos,</span> <span class='ocrx_word' id='word_1_516' title='bbox 1235 3600 1459 3671; x_wconf 88' lang='lat' dir='ltr'>aperuit</span> <span class='ocrx_word' id='word_1_517' title='bbox 1487 3600 1709 3653; x_wconf 88' lang='lat' dir='ltr'>vulvam</span> <span class='ocrx_word' id='word_1_518' title='bbox 1737 3597 1844 3650; x_wconf 91' lang='lat' dir='ltr'>vir-</span> 
     </span>
    </p>
   </div>
   <div class='ocr_carea' id='block_1_69' title="bbox 238 3687 1845 3763">
    <p class='ocr_par' dir='ltr' id='par_1_69' title="bbox 238 3687 1845 3763">
     <span class='ocr_line' id='line_1_69' title="bbox 238 3687 1845 3763; baseline -0.005 -16"><span class='ocrx_word' id='word_1_519' title='bbox 238 3691 519 3763; x_wconf 88' lang='lat' dir='ltr'>ginitatis.</span> <span class='ocrx_word' id='word_1_520' title='bbox 568 3691 649 3745; x_wconf 91' lang='lat' dir='ltr'>De</span> <span class='ocrx_word' id='word_1_521' title='bbox 679 3707 790 3761; x_wconf 88' lang='lat' dir='ltr'>qua</span> <span class='ocrx_word' id='word_1_522' title='bbox 828 3690 1094 3744; x_wconf 90' lang='lat' dir='ltr'>nimirum</span> <span class='ocrx_word' id='word_1_523' title='bbox 1135 3690 1298 3743; x_wconf 88' lang='lat' dir='ltr'>vulva</span> <span class='ocrx_word' id='word_1_524' title='bbox 1349 3688 1521 3743; x_wconf 87' lang='lat' dir='ltr'>David</span> <span class='ocrx_word' id='word_1_525' title='bbox 1562 3687 1845 3758; x_wconf 78' lang='lat' dir='ltr'>PrOpheta</span> 
     </span>
    </p>
   </div>
   <div class='ocr_carea' id='block_1_70' title="bbox 239 3778 1845 3847">
    <p class='ocr_par' dir='ltr' id='par_1_70' title="bbox 239 3778 1845 3847">
     <span class='ocr_line' id='line_1_70' title="bbox 239 3778 1845 3847; baseline -0.005 -11"><span class='ocrx_word' id='word_1_526' title='bbox 239 3781 398 3847; x_wconf 83' lang='lat' dir='ltr'>canit</span> <span class='ocrx_word' id='word_1_527' title='bbox 420 3781 610 3835; x_wconf 88' lang='lat' dir='ltr'>dicens</span> <span class='ocrx_word' id='word_1_528' title='bbox 643 3795 657 3835; x_wconf 92' lang='lat'><strong>:</strong></span> <span class='ocrx_word' id='word_1_529' title='bbox 688 3778 938 3834; x_wconf 81' lang='lat' dir='ltr'>Alienati</span> <span class='ocrx_word' id='word_1_530' title='bbox 964 3783 1095 3832; x_wconf 87' lang='lat' dir='ltr'>sunt</span> <span class='ocrx_word' id='word_1_531' title='bbox 1128 3784 1431 3846; x_wconf 82' lang='lat' dir='ltr'>peceatores</span> <span class='ocrx_word' id='word_1_532' title='bbox 1459 3796 1493 3832; x_wconf 75' lang='grc' dir='ltr'>ιι</span> <span class='ocrx_word' id='word_1_533' title='bbox 1517 3780 1680 3831; x_wconf 82' lang='lat' dir='ltr'>vulva</span> <span class='ocrx_word' id='word_1_534' title='bbox 1701 3795 1717 3841; x_wconf 87' lang='lat'>;</span> <span class='ocrx_word' id='word_1_535' title='bbox 1753 3792 1845 3829; x_wconf 88' lang='lat' dir='ltr'>er-</span> 
     </span>
    </p>
   </div>
   <div class='ocr_carea' id='block_1_71' title="bbox 246 3864 1839 3939">
    <p class='ocr_par' dir='ltr' id='par_1_71' title="bbox 246 3864 1839 3939">
     <span class='ocr_line' id='line_1_71' title="bbox 246 3864 1839 3939; baseline 0 -14"><span class='ocrx_word' id='word_1_536' title='bbox 246 3876 517 3926; x_wconf 73' lang='lat' dir='ltr'>raverunt</span> <span class='ocrx_word' id='word_1_537' title='bbox 539 3872 608 3924; x_wconf 89' lang='lat' dir='ltr'>ab</span> <span class='ocrx_word' id='word_1_538' title='bbox 636 3874 788 3923; x_wconf 91' lang='lat' dir='ltr'>utero</span> <span class='ocrx_word' id='word_1_539' title='bbox 810 3887 827 3933; x_wconf 87' lang='lat'>;</span> <span class='ocrx_word' id='word_1_540' title='bbox 861 3871 1032 3922; x_wconf 85' lang='lat' dir='ltr'>locuti</span> <span class='ocrx_word' id='word_1_541' title='bbox 1057 3872 1189 3921; x_wconf 86' lang='lat' dir='ltr'>sunt</span> <span class='ocrx_word' id='word_1_542' title='bbox 1217 3869 1365 3935; x_wconf 82' lang='lat' dir='ltr'>falsa</span> <span class='ocrx_word' id='word_1_543' title='bbox 1393 3869 1563 3937; x_wconf 86' lang='lat' dir='ltr'>(Psat.</span> <span class='ocrx_word' id='word_1_544' title='bbox 1600 3884 1728 3939; x_wconf 80' lang='lat' dir='ltr'>Lvu,</span> <span class='ocrx_word' id='word_1_545' title='bbox 1762 3864 1839 3937; x_wconf 61' lang='lat'>4);</span> 
     </span>
    </p>
   </div>
   <div class='ocr_carea' id='block_1_72' title="bbox 241 3956 1845 4032">
    <p class='ocr_par' dir='ltr' id='par_1_72' title="bbox 241 3956 1845 4032">
     <span class='ocr_line' id='line_1_72' title="bbox 241 3956 1845 4032; baseline 0.001 -18"><span class='ocrx_word' id='word_1_546' title='bbox 241 3976 545 4032; x_wconf 89' lang='lat' dir='ltr'>personam</span> <span class='ocrx_word' id='word_1_547' title='bbox 573 3958 963 4014; x_wconf 81' lang='lat' dir='ltr'>haereticorum</span> <span class='ocrx_word' id='word_1_548' title='bbox 994 3956 1305 4021; x_wconf 90' lang='lat' dir='ltr'>declarans,</span> <span class='ocrx_word' id='word_1_549' title='bbox 1338 3958 1434 4029; x_wconf 89' lang='lat' dir='ltr'>qui</span> <span class='ocrx_word' id='word_1_550' title='bbox 1456 3958 1774 4015; x_wconf 89' lang='lat' dir='ltr'>alienantur</span> <span class='ocrx_word' id='word_1_551' title='bbox 1810 3980 1845 4016; x_wconf 94' lang='lat' dir='ltr'>a</span> 
     </span>
    </p>
   </div>
   <div class='ocr_carea' id='block_1_73' title="bbox 242 4045 1842 4118">
    <p class='ocr_par' dir='ltr' id='par_1_73' title="bbox 242 4045 1842 4118">
     <span class='ocr_line' id='line_1_73' title="bbox 242 4045 1842 4118; baseline 0.003 -17"><span class='ocrx_word' id='word_1_552' title='bbox 242 4047 764 4118; x_wconf 86' lang='lat' dir='ltr'>vulvaintegritatis</span> <span class='ocrx_word' id='word_1_553' title='bbox 778 4045 1053 4112; x_wconf 68' lang='lat' dir='ltr'>Ecclesiae;</span> <span class='ocrx_word' id='word_1_554' title='bbox 1079 4062 1247 4117; x_wconf 90' lang='lat' dir='ltr'>quam</span> <span class='ocrx_word' id='word_1_555' title='bbox 1269 4063 1405 4101; x_wconf 90' lang='lat' dir='ltr'>sane</span> <span class='ocrx_word' id='word_1_556' title='bbox 1421 4047 1842 4105; x_wconf 90' lang='lat' dir='ltr'>immaculatam</span> 
     </span>
    </p>
   </div>
   <div class='ocr_carea' id='block_1_74' title="bbox 244 4135 1843 4209">
    <p class='ocr_par' dir='ltr' id='par_1_74' title="bbox 244 4135 1843 4209">
     <span class='ocr_line' id='line_1_74' title="bbox 244 4135 1843 4209; baseline 0.002 -16"><span class='ocrx_word' id='word_1_557' title='bbox 244 4155 472 4194; x_wconf 83' lang='lat' dir='ltr'>servare</span> <span class='ocrx_word' id='word_1_558' title='bbox 511 4136 802 4207; x_wconf 89' lang='lat' dir='ltr'>contendit</span> <span class='ocrx_word' id='word_1_559' title='bbox 827 4135 1129 4206; x_wconf 86' lang='lat' dir='ltr'>Apostolus</span> <span class='ocrx_word' id='word_1_560' title='bbox 1158 4140 1215 4189; x_wconf 90' lang='lat' dir='ltr'>et</span> <span class='ocrx_word' id='word_1_561' title='bbox 1240 4135 1513 4206; x_wconf 89' lang='lat' dir='ltr'>virginem</span> <span class='ocrx_word' id='word_1_562' title='bbox 1542 4141 1843 4209; x_wconf 89' lang='lat' dir='ltr'>custodire,</span> 
     </span>
    </p>
   </div>
   <div class='ocr_carea' id='block_1_75' title="bbox 1928 2984 3524 3059">
    <p class='ocr_par' dir='ltr' id='par_1_75' title="bbox 1928 2984 3524 3059">
     <span class='ocr_line' id='line_1_75' title="bbox 1928 2984 3524 3059; baseline 0.006 -23"><span class='ocrx_word' id='word_1_563' title='bbox 1928 2984 2271 3050; x_wconf 87' lang='lat' dir='ltr'>ostenderet,</span> <span class='ocrx_word' id='word_1_564' title='bbox 2306 3002 2476 3055; x_wconf 89' lang='lat' dir='ltr'>quam</span> <span class='ocrx_word' id='word_1_565' title='bbox 2522 2986 2623 3040; x_wconf 87' lang='lat' dir='ltr'>tali</span> <span class='ocrx_word' id='word_1_566' title='bbox 2675 2991 2946 3059; x_wconf 90' lang='lat' dir='ltr'>tantoque</span> <span class='ocrx_word' id='word_1_567' title='bbox 2999 2989 3208 3044; x_wconf 76' lang='lat' dir='ltr'>foedere</span> <span class='ocrx_word' id='word_1_568' title='bbox 3257 2990 3524 3045; x_wconf 89' lang='lat' dir='ltr'>nascendi</span> 
     </span>
    </p>
   </div>
   <div class='ocr_carea' id='block_1_76' title="bbox 1925 3073 3522 3147">
    <p class='ocr_par' dir='ltr' id='par_1_76' title="bbox 1925 3073 3522 3147">
     <span class='ocr_line' id='line_1_76' title="bbox 1925 3073 3522 3147; baseline 0.005 -20"><span class='ocrx_word' id='word_1_569' title='bbox 1925 3073 2203 3145; x_wconf 83' lang='lat' dir='ltr'>virginem</span> <span class='ocrx_word' id='word_1_570' title='bbox 2242 3092 2669 3147; x_wconf 90' lang='lat' dir='ltr'>permansuram</span> <span class='ocrx_word' id='word_1_571' title='bbox 2700 3083 2758 3132; x_wconf 90' lang='lat' dir='ltr'>et</span> <span class='ocrx_word' id='word_1_572' title='bbox 2795 3077 3217 3134; x_wconf 89' lang='lat' dir='ltr'>immaculatam</span> <span class='ocrx_word' id='word_1_573' title='bbox 3245 3084 3522 3135; x_wconf 85' lang='lat' dir='ltr'>monstra-</span> 
     </span>
    </p>
   </div>
   <div class='ocr_carea' id='block_1_77' title="bbox 1927 3162 2038 3218">
    <p class='ocr_par' dir='ltr' id='par_1_77' title="bbox 1927 3162 2038 3218">
     <span class='ocr_line' id='line_1_77' title="bbox 1927 3162 2038 3218; baseline 0.018 -2"><span class='ocrx_word' id='word_1_574' title='bbox 1927 3162 2038 3218; x_wconf 88' lang='lat' dir='ltr'>bat.</span> 
     </span>
    </p>
   </div>
   <div class='ocr_carea' id='block_1_78' title="bbox 1994 3252 3523 3325">
    <p class='ocr_par' dir='ltr' id='par_1_78' title="bbox 1994 3252 3523 3325">
     <span class='ocr_line' id='line_1_78' title="bbox 1994 3252 3523 3325; baseline 0.007 -20"><span class='ocrx_word' id='word_1_575' title='bbox 1994 3252 2154 3306; x_wconf 91' lang='lat' dir='ltr'>Unde</span> <span class='ocrx_word' id='word_1_576' title='bbox 2182 3259 2403 3308; x_wconf 92' lang='lat' dir='ltr'>constat</span> <span class='ocrx_word' id='word_1_577' title='bbox 2431 3255 2689 3325; x_wconf 89' lang='lat' dir='ltr'>legaliter</span> <span class='ocrx_word' id='word_1_578' title='bbox 2717 3273 2845 3311; x_wconf 91' lang='lat' dir='ltr'>eum</span> <span class='ocrx_word' id='word_1_579' title='bbox 2875 3257 3143 3324; x_wconf 90' lang='lat' dir='ltr'>oblatum,</span> <span class='ocrx_word' id='word_1_580' title='bbox 3164 3258 3311 3314; x_wconf 91' lang='lat' dir='ltr'>sicut</span> <span class='ocrx_word' id='word_1_581' title='bbox 3334 3265 3392 3315; x_wconf 90' lang='lat' dir='ltr'>et</span> <span class='ocrx_word' id='word_1_582' title='bbox 3418 3260 3523 3315; x_wconf 88' lang='lat' dir='ltr'>cir-</span> 
     </span>
    </p>
   </div>
   <div class='ocr_carea' id='block_1_79' title="bbox 1924 3341 3522 3420">
    <p class='ocr_par' dir='ltr' id='par_1_79' title="bbox 1924 3341 3522 3420">
     <span class='ocr_line' id='line_1_79' title="bbox 1924 3341 3522 3420; baseline 0.008 -27"><span class='ocrx_word' id='word_1_583' title='bbox 1924 3341 2267 3408; x_wconf 91' lang='lat' dir='ltr'>cumcisum;</span> <span class='ocrx_word' id='word_1_584' title='bbox 2301 3342 2552 3412; x_wconf 89' lang='lat' dir='ltr'>alioquin</span> <span class='ocrx_word' id='word_1_585' title='bbox 2581 3344 3003 3400; x_wconf 88' lang='lat' dir='ltr'>circumcisione</span> <span class='ocrx_word' id='word_1_586' title='bbox 3039 3363 3153 3401; x_wconf 88' lang='lat' dir='ltr'>non</span> <span class='ocrx_word' id='word_1_587' title='bbox 3181 3348 3354 3418; x_wconf 88' lang='lat' dir='ltr'>eguit,</span> <span class='ocrx_word' id='word_1_588' title='bbox 3389 3349 3522 3420; x_wconf 91' lang='lat' dir='ltr'>quia</span> 
     </span>
    </p>
   </div>
   <div class='ocr_carea' id='block_1_80' title="bbox 1923 3428 3524 3504">
    <p class='ocr_par' dir='ltr' id='par_1_80' title="bbox 1923 3428 3524 3504">
     <span class='ocr_line' id='line_1_80' title="bbox 1923 3428 3524 3504; baseline 0.008 -23"><span class='ocrx_word' id='word_1_589' title='bbox 1923 3428 2195 3499; x_wconf 89' lang='lat' dir='ltr'>originale</span> <span class='ocrx_word' id='word_1_590' title='bbox 2224 3436 2513 3500; x_wconf 89' lang='lat' dir='ltr'>peccatum</span> <span class='ocrx_word' id='word_1_591' title='bbox 2545 3432 2761 3485; x_wconf 89' lang='lat' dir='ltr'>nullum</span> <span class='ocrx_word' id='word_1_592' title='bbox 2786 3434 2976 3498; x_wconf 87' lang='lat' dir='ltr'>traxit,</span> <span class='ocrx_word' id='word_1_593' title='bbox 3002 3451 3111 3504; x_wconf 91' lang='lat' dir='ltr'>quo</span> <span class='ocrx_word' id='word_1_594' title='bbox 3141 3436 3412 3491; x_wconf 86' lang='lat' dir='ltr'>delendus</span> <span class='ocrx_word' id='word_1_595' title='bbox 3442 3456 3524 3494; x_wconf 87' lang='lat' dir='ltr'>es-</span> 
     </span>
    </p>
   </div>
   <div class='ocr_carea' id='block_1_81' title="bbox 1923 3517 3519 3590">
    <p class='ocr_par' dir='ltr' id='par_1_81' title="bbox 1923 3517 3519 3590">
     <span class='ocr_line' id='line_1_81' title="bbox 1923 3517 3519 3590; baseline 0.008 -20"><span class='ocrx_word' id='word_1_596' title='bbox 1923 3522 2012 3571; x_wconf 88' lang='lat' dir='ltr'>set</span> <span class='ocrx_word' id='word_1_597' title='bbox 2031 3517 2148 3588; x_wconf 89' lang='lat' dir='ltr'>ipse</span> <span class='ocrx_word' id='word_1_598' title='bbox 2165 3517 2419 3572; x_wconf 82' lang='lat' dir='ltr'>Christus</span> <span class='ocrx_word' id='word_1_599' title='bbox 2443 3519 2513 3573; x_wconf 91' lang='lat' dir='ltr'>de</span> <span class='ocrx_word' id='word_1_600' title='bbox 2533 3520 2740 3590; x_wconf 86' lang='lat' dir='ltr'>populo</span> <span class='ocrx_word' id='word_1_601' title='bbox 2766 3537 2866 3575; x_wconf 92' lang='lat' dir='ltr'>suo</span> <span class='ocrx_word' id='word_1_602' title='bbox 2880 3522 2989 3575; x_wconf 91' lang='lat' dir='ltr'>nisi</span> <span class='ocrx_word' id='word_1_603' title='bbox 3006 3522 3519 3584; x_wconf 89' lang='lat' dir='ltr'>circumcideretur.</span> 
     </span>
    </p>
   </div>
   <div class='ocr_carea' id='block_1_82' title="bbox 1926 3606 3517 3682">
    <p class='ocr_par' dir='ltr' id='par_1_82' title="bbox 1926 3606 3517 3682">
     <span class='ocr_line' id='line_1_82' title="bbox 1926 3606 3517 3682; baseline 0.006 -23"><span class='ocrx_word' id='word_1_604' title='bbox 1926 3606 1997 3660; x_wconf 89' lang='lat' dir='ltr'>Et</span> <span class='ocrx_word' id='word_1_605' title='bbox 2021 3614 2213 3660; x_wconf 89' lang='lat' dir='ltr'>tamen</span> <span class='ocrx_word' id='word_1_606' title='bbox 2242 3607 2602 3661; x_wconf 88' lang='lat' dir='ltr'>circumcisus</span> <span class='ocrx_word' id='word_1_607' title='bbox 2631 3609 2884 3678; x_wconf 89' lang='lat' dir='ltr'>est,quia</span> <span class='ocrx_word' id='word_1_608' title='bbox 2900 3609 3088 3663; x_wconf 90' lang='lat' dir='ltr'>volens</span> <span class='ocrx_word' id='word_1_609' title='bbox 3116 3611 3221 3664; x_wconf 90' lang='lat' dir='ltr'>sub</span> <span class='ocrx_word' id='word_1_610' title='bbox 3251 3612 3372 3682; x_wconf 86' lang='lat' dir='ltr'>lege</span> <span class='ocrx_word' id='word_1_611' title='bbox 3392 3614 3517 3681; x_wconf 89' lang='lat' dir='ltr'>fuit,</span> 
     </span>
    </p>
   </div>
   <div class='ocr_carea' id='block_1_83' title="bbox 1928 3695 3519 3769">
    <p class='ocr_par' dir='ltr' id='par_1_83' title="bbox 1928 3695 3519 3769">
     <span class='ocr_line' id='line_1_83' title="bbox 1928 3695 3519 3769; baseline 0.006 -21"><span class='ocrx_word' id='word_1_612' title='bbox 1928 3700 1993 3749; x_wconf 87' lang='lat' dir='ltr'>ut</span> <span class='ocrx_word' id='word_1_613' title='bbox 2019 3712 2112 3749; x_wconf 90' lang='lat' dir='ltr'>eos</span> <span class='ocrx_word' id='word_1_614' title='bbox 2128 3696 2223 3766; x_wconf 92' lang='lat' dir='ltr'>qui</span> <span class='ocrx_word' id='word_1_615' title='bbox 2253 3695 2356 3749; x_wconf 91' lang='lat' dir='ltr'>sub</span> <span class='ocrx_word' id='word_1_616' title='bbox 2386 3696 2508 3766; x_wconf 89' lang='lat' dir='ltr'>lege</span> <span class='ocrx_word' id='word_1_617' title='bbox 2530 3702 2693 3750; x_wconf 88' lang='lat' dir='ltr'>erant</span> <span class='ocrx_word' id='word_1_618' title='bbox 2708 3697 3028 3761; x_wconf 88' lang='lat' dir='ltr'>redimeret,</span> <span class='ocrx_word' id='word_1_619' title='bbox 3048 3698 3193 3753; x_wconf 90' lang='lat' dir='ltr'>sicut</span> <span class='ocrx_word' id='word_1_620' title='bbox 3206 3706 3262 3754; x_wconf 90' lang='lat' dir='ltr'>et</span> <span class='ocrx_word' id='word_1_621' title='bbox 3277 3700 3519 3769; x_wconf 83' lang='lat' dir='ltr'>oblatus,</span> 
     </span>
    </p>
   </div>
   <div class='ocr_carea' id='block_1_84' title="bbox 1926 3783 3521 3854">
    <p class='ocr_par' dir='ltr' id='par_1_84' title="bbox 1926 3783 3521 3854">
     <span class='ocr_line' id='line_1_84' title="bbox 1926 3783 3521 3854; baseline 0.003 -18"><span class='ocrx_word' id='word_1_622' title='bbox 1926 3789 1990 3837; x_wconf 92' lang='lat' dir='ltr'>ut</span> <span class='ocrx_word' id='word_1_623' title='bbox 2015 3799 2116 3837; x_wconf 92' lang='lat' dir='ltr'>nos</span> <span class='ocrx_word' id='word_1_624' title='bbox 2145 3783 2242 3854; x_wconf 90' lang='lat' dir='ltr'>qui</span> <span class='ocrx_word' id='word_1_625' title='bbox 2269 3783 2350 3838; x_wconf 90' lang='lat' dir='ltr'>rei</span> <span class='ocrx_word' id='word_1_626' title='bbox 2382 3800 2607 3839; x_wconf 89' lang='lat' dir='ltr'>eramus</span> <span class='ocrx_word' id='word_1_627' title='bbox 2628 3785 2962 3840; x_wconf 84' lang='lat' dir='ltr'>sacriﬁcium</span> <span class='ocrx_word' id='word_1_628' title='bbox 2988 3787 3103 3840; x_wconf 92' lang='lat' dir='ltr'>Deo</span> <span class='ocrx_word' id='word_1_629' title='bbox 3116 3787 3270 3841; x_wconf 83' lang='lat' dir='ltr'>Patri</span> <span class='ocrx_word' id='word_1_630' title='bbox 3292 3788 3350 3842; x_wconf 91' lang='lat' dir='ltr'>in</span> <span class='ocrx_word' id='word_1_631' title='bbox 3369 3805 3429 3842; x_wconf 90' lang='lat' dir='ltr'>se</span> <span class='ocrx_word' id='word_1_632' title='bbox 3443 3786 3521 3841; x_wconf 89' lang='lat' dir='ltr'>of-</span> 
     </span>
    </p>
   </div>
   <div class='ocr_carea' id='block_1_85' title="bbox 1926 3871 3521 3945">
    <p class='ocr_par' dir='ltr' id='par_1_85' title="bbox 1926 3871 3521 3945">
     <span class='ocr_line' id='line_1_85' title="bbox 1926 3871 3521 3945; baseline 0.004 -20"><span class='ocrx_word' id='word_1_633' title='bbox 1926 3872 2114 3926; x_wconf 89' lang='lat' dir='ltr'>ferret.</span> <span class='ocrx_word' id='word_1_634' title='bbox 2145 3871 2298 3927; x_wconf 85' lang='lat' dir='ltr'>Alias</span> <span class='ocrx_word' id='word_1_635' title='bbox 2327 3878 2517 3927; x_wconf 88' lang='lat' dir='ltr'>autem</span> <span class='ocrx_word' id='word_1_636' title='bbox 2550 3873 2597 3928; x_wconf 92' lang='lat' dir='ltr'>si</span> <span class='ocrx_word' id='word_1_637' title='bbox 2646 3873 2784 3945; x_wconf 90' lang='lat' dir='ltr'>ipse,</span> <span class='ocrx_word' id='word_1_638' title='bbox 2822 3875 2968 3945; x_wconf 90' lang='lat' dir='ltr'>quod</span> <span class='ocrx_word' id='word_1_639' title='bbox 2996 3874 3162 3941; x_wconf 86' lang='lat' dir='ltr'>absit,</span> <span class='ocrx_word' id='word_1_640' title='bbox 3193 3876 3521 3931; x_wconf 88' lang='lat' dir='ltr'>immundus</span> 
     </span>
    </p>
   </div>
   <div class='ocr_carea' id='block_1_86' title="bbox 1926 3962 3521 4033">
    <p class='ocr_par' dir='ltr' id='par_1_86' title="bbox 1926 3962 3521 4033">
     <span class='ocr_line' id='line_1_86' title="bbox 1926 3962 3521 4033; baseline 0.002 -17"><span class='ocrx_word' id='word_1_641' title='bbox 1926 3967 2072 4016; x_wconf 90' lang='lat' dir='ltr'>esset</span> <span class='ocrx_word' id='word_1_642' title='bbox 2091 3966 2154 4015; x_wconf 92' lang='lat' dir='ltr'>ut</span> <span class='ocrx_word' id='word_1_643' title='bbox 2184 3967 2421 4016; x_wconf 88' lang='lat' dir='ltr'>matrem</span> <span class='ocrx_word' id='word_1_644' title='bbox 2438 3962 2859 4033; x_wconf 77' lang='lat' dir='ltr'>‘coinquinarct,</span> <span class='ocrx_word' id='word_1_645' title='bbox 2891 3963 3171 4033; x_wconf 90' lang='lat' dir='ltr'>quomodo</span> <span class='ocrx_word' id='word_1_646' title='bbox 3199 3980 3301 4018; x_wconf 88' lang='lat' dir='ltr'>nos</span> <span class='ocrx_word' id='word_1_647' title='bbox 3321 3981 3521 4019; x_wconf 89' lang='lat' dir='ltr'>emun-</span> 
     </span>
    </p>
   </div>
   <div class='ocr_carea' id='block_1_87' title="bbox 1928 4038 3519 4117">
    <p class='ocr_par' dir='ltr' id='par_1_87' title="bbox 1928 4038 3519 4117">
     <span class='ocr_line' id='line_1_87' title="bbox 1928 4038 3519 4117; baseline 0.003 -13"><span class='ocrx_word' id='word_1_648' title='bbox 1928 4050 2088 4105; x_wconf 91' lang='lat' dir='ltr'>daret</span> <span class='ocrx_word' id='word_1_649' title='bbox 2102 4050 2159 4104; x_wconf 92' lang='lat' dir='ltr'>in</span> <span class='ocrx_word' id='word_1_650' title='bbox 2177 4067 2281 4104; x_wconf 86' lang='lat' dir='ltr'>sua</span> <span class='ocrx_word' id='word_1_651' title='bbox 2302 4050 2604 4117; x_wconf 89' lang='lat' dir='ltr'>oblatione,</span> <span class='ocrx_word' id='word_1_652' title='bbox 2627 4051 2902 4106; x_wconf 85' lang='lat' dir='ltr'>etfaceret</span> <span class='ocrx_word' id='word_1_653' title='bbox 2921 4038 3167 4106; x_wconf 84' lang='lat' dir='ltr'>hostiam</span> <span class='ocrx_word' id='word_1_654' title='bbox 3184 4053 3299 4107; x_wconf 93' lang='lat' dir='ltr'>Deo</span> <span class='ocrx_word' id='word_1_655' title='bbox 3315 4054 3370 4106; x_wconf 90' lang='lat' dir='ltr'>in</span> <span class='ocrx_word' id='word_1_656' title='bbox 3386 4054 3519 4108; x_wconf 91' lang='lat' dir='ltr'>odo-</span> 
     </span>
    </p>
   </div>
   <div class='ocr_carea' id='block_1_88' title="bbox 1927 4138 3524 4212">
    <p class='ocr_par' dir='ltr' id='par_1_88' title="bbox 1927 4138 3524 4212">
     <span class='ocr_line' id='line_1_88' title="bbox 1927 4138 3524 4212; baseline 0.003 -19"><span class='ocrx_word' id='word_1_657' title='bbox 1927 4156 2049 4193; x_wconf 90' lang='lat' dir='ltr'>rem</span> <span class='ocrx_word' id='word_1_658' title='bbox 2091 4138 2424 4193; x_wconf 80' lang='lat' dir='ltr'>suavitatis?</span> <span class='ocrx_word' id='word_1_659' title='bbox 2452 4139 2663 4194; x_wconf 90' lang='lat' dir='ltr'>Idcirco</span> <span class='ocrx_word' id='word_1_660' title='bbox 2687 4140 2793 4195; x_wconf 85' lang='lat' dir='ltr'>etsi</span> <span class='ocrx_word' id='word_1_661' title='bbox 2824 4140 2945 4212; x_wconf 91' lang='lat' dir='ltr'>ipse</span> <span class='ocrx_word' id='word_1_662' title='bbox 2973 4141 3193 4196; x_wconf 89' lang='lat' dir='ltr'>dolores</span> <span class='ocrx_word' id='word_1_663' title='bbox 3217 4148 3438 4196; x_wconf 86' lang='lat' dir='ltr'>nostros</span> <span class='ocrx_word' id='word_1_664' title='bbox 3467 4148 3524 4197; x_wconf 90' lang='lat' dir='ltr'>et</span> 
     </span>
    </p>
   </div>
   <div class='ocr_carea' id='block_1_89' title="bbox 244 4226 3526 4329">
    <p class='ocr_par' dir='ltr' id='par_1_89' title="bbox 244 4226 3526 4329">
     <span class='ocr_line' id='line_1_89' title="bbox 244 4226 3526 4329; baseline 0.001 -47"><span class='ocrx_word' id='word_1_665' title='bbox 244 4245 377 4283; x_wconf 89' lang='lat' dir='ltr'>cum</span> <span class='ocrx_word' id='word_1_666' title='bbox 396 4226 557 4281; x_wconf 91' lang='lat' dir='ltr'>dicit:</span> <span class='ocrx_word' id='word_1_667' title='bbox 590 4226 862 4294; x_wconf 75' lang='lat' dir='ltr'>Despondi</span> <span class='ocrx_word' id='word_1_668' title='bbox 874 4229 1129 4278; x_wconf 76' lang='lat' dir='ltr'>enimvos</span> <span class='ocrx_word' id='word_1_669' title='bbox 1151 4228 1257 4278; x_wconf 89' lang='lat' dir='ltr'>uni</span> <span class='ocrx_word' id='word_1_670' title='bbox 1279 4227 1400 4279; x_wconf 82' lang='lat' dir='ltr'>viro</span> <span class='ocrx_word' id='word_1_671' title='bbox 1422 4229 1700 4296; x_wconf 74' lang='lat' dir='ltr'>virginem</span> <span class='ocrx_word' id='word_1_672' title='bbox 1734 4246 1910 4329; x_wconf 84' lang='lat' dir='ltr'>cas-D</span> <span class='ocrx_word' id='word_1_673' title='bbox 1928 4228 2287 4283; x_wconf 79' lang='lat' dir='ltr'>infirmitates</span> <span class='ocrx_word' id='word_1_674' title='bbox 2317 4228 2377 4282; x_wconf 90' lang='lat' dir='ltr'>in</span> <span class='ocrx_word' id='word_1_675' title='bbox 2405 4245 2464 4282; x_wconf 90' lang='lat' dir='ltr'>se</span> <span class='ocrx_word' id='word_1_676' title='bbox 2494 4229 2728 4300; x_wconf 88' lang='lat' dir='ltr'>pertulit</span> <span class='ocrx_word' id='word_1_677' title='bbox 2748 4235 2805 4284; x_wconf 92' lang='lat' dir='ltr'>et</span> <span class='ocrx_word' id='word_1_678' title='bbox 2833 4230 3078 4301; x_wconf 87' lang='lat' dir='ltr'>portavit</span> <span class='ocrx_word' id='word_1_679' title='bbox 3104 4230 3526 4301; x_wconf 80' lang='lat' dir='ltr'>languores,ab~</span> 
     </span>
    </p>
   </div>
   <div class='ocr_carea' id='block_1_90' title="bbox 247 4311 3524 4389">
    <p class='ocr_par' dir='ltr' id='par_1_90' title="bbox 247 4311 3524 4389">
     <span class='ocr_line' id='line_1_90' title="bbox 247 4311 3524 4389; baseline 0.001 -17"><span class='ocrx_word' id='word_1_680' title='bbox 247 4324 365 4373; x_wconf 85' lang='lat' dir='ltr'>tam</span> <span class='ocrx_word' id='word_1_681' title='bbox 383 4316 634 4370; x_wconf 72' lang='lat' dir='ltr'>exhibere</span> <span class='ocrx_word' id='word_1_682' title='bbox 655 4315 868 4369; x_wconf 77' lang='lat' dir='ltr'>Christo</span> <span class='ocrx_word' id='word_1_683' title='bbox 892 4314 1188 4381; x_wconf 82' lang='lat' dir='ltr'>(IIGor.x1,</span> <span class='ocrx_word' id='word_1_684' title='bbox 1206 4311 1282 4381; x_wconf 75' lang='grc'>2).</span> <span class='ocrx_word' id='word_1_685' title='bbox 1305 4313 1479 4384; x_wconf 88' lang='lat' dir='ltr'>Cujus</span> <span class='ocrx_word' id='word_1_686' title='bbox 1496 4317 1844 4387; x_wconf 87' lang='lat' dir='ltr'>genitalese-</span> <span class='ocrx_word' id='word_1_687' title='bbox 1862 4311 1909 4329; x_wconf 70' lang='lat'><strong><em>&quot;</em></strong></span> <span class='ocrx_word' id='word_1_688' title='bbox 1929 4317 2003 4371; x_wconf 86' lang='lat' dir='ltr'>sit</span> <span class='ocrx_word' id='word_1_689' title='bbox 2030 4321 2095 4371; x_wconf 88' lang='lat' dir='ltr'>ut</span> <span class='ocrx_word' id='word_1_690' title='bbox 2140 4316 2337 4370; x_wconf 89' lang='lat' dir='ltr'>matris</span> <span class='ocrx_word' id='word_1_691' title='bbox 2366 4316 2636 4388; x_wconf 90' lang='lat' dir='ltr'>pudorem</span> <span class='ocrx_word' id='word_1_692' title='bbox 2665 4317 2795 4372; x_wconf 91' lang='lat' dir='ltr'>ullis</span> <span class='ocrx_word' id='word_1_693' title='bbox 2848 4319 3128 4373; x_wconf 85' lang='lat' dir='ltr'>vexaverit</span> <span class='ocrx_word' id='word_1_694' title='bbox 3165 4319 3524 4389; x_wconf 89' lang='lat' dir='ltr'>injuriarium</span> 
     </span>
    </p>
   </div>
   <div class='ocr_carea' id='block_1_91' title="bbox 245 4402 3525 4477">
    <p class='ocr_par' dir='ltr' id='par_1_91' title="bbox 245 4402 3525 4477">
     <span class='ocr_line' id='line_1_91' title="bbox 245 4402 3525 4477; baseline 0.001 -16"><span class='ocrx_word' id='word_1_695' title='bbox 245 4412 467 4461; x_wconf 89' lang='lat' dir='ltr'>cretum</span> <span class='ocrx_word' id='word_1_696' title='bbox 486 4410 620 4458; x_wconf 88' lang='lat' dir='ltr'>tunc</span> <span class='ocrx_word' id='word_1_697' title='bbox 648 4402 888 4475; x_wconf 90' lang='lat' dir='ltr'>aperuit,</span> <span class='ocrx_word' id='word_1_698' title='bbox 904 4402 1128 4473; x_wconf 90' lang='lat' dir='ltr'>quando</span> <span class='ocrx_word' id='word_1_699' title='bbox 1149 4419 1250 4473; x_wconf 89' lang='lat' dir='ltr'>per</span> <span class='ocrx_word' id='word_1_700' title='bbox 1271 4418 1474 4473; x_wconf 90' lang='lat' dir='ltr'>aquam</span> <span class='ocrx_word' id='word_1_701' title='bbox 1494 4411 1551 4458; x_wconf 92' lang='lat' dir='ltr'>et</span> <span class='ocrx_word' id='word_1_702' title='bbox 1572 4406 1846 4476; x_wconf 88' lang='lat' dir='ltr'>Spiritum</span> <span class='ocrx_word' id='word_1_703' title='bbox 1926 4405 2395 4459; x_wconf 86' lang='lat' dir='ltr'>molestiis.Absit</span> <span class='ocrx_word' id='word_1_704' title='bbox 2408 4422 2509 4475; x_wconf 91' lang='lat' dir='ltr'>per</span> <span class='ocrx_word' id='word_1_705' title='bbox 2528 4422 2697 4477; x_wconf 90' lang='lat' dir='ltr'>quam</span> <span class='ocrx_word' id='word_1_706' title='bbox 2720 4407 2903 4461; x_wconf 90' lang='lat' dir='ltr'>omnis</span> <span class='ocrx_word' id='word_1_707' title='bbox 2916 4408 3231 4462; x_wconf 86' lang='lat' dir='ltr'>maledictio</span> <span class='ocrx_word' id='word_1_708' title='bbox 3241 4409 3367 4463; x_wconf 74' lang='lat' dir='ltr'>Eva:</span> <span class='ocrx_word' id='word_1_709' title='bbox 3378 4410 3525 4464; x_wconf 87' lang='lat' dir='ltr'>solu-</span> 
     </span>
    </p>
   </div>
   <div class='ocr_carea' id='block_1_92' title="bbox 246 4491 3526 4567">
    <p class='ocr_par' dir='ltr' id='par_1_92' title="bbox 246 4491 3526 4567">
     <span class='ocr_line' id='line_1_92' title="bbox 246 4491 3526 4567; baseline 0.001 -17"><span class='ocrx_word' id='word_1_710' title='bbox 246 4502 508 4550; x_wconf 89' lang='lat' dir='ltr'>sanctum</span> <span class='ocrx_word' id='word_1_711' title='bbox 522 4491 851 4547; x_wconf 77' lang='lat' dir='ltr'>renascendi</span> <span class='ocrx_word' id='word_1_712' title='bbox 870 4491 1838 4565; x_wconf 83' lang='lat' dir='ltr'>gratiamconcessit.CuiPrOpheta:</span> <span class='ocrx_word' id='word_1_713' title='bbox 1926 4499 1986 4547; x_wconf 89' lang='lat' dir='ltr'>ta</span> <span class='ocrx_word' id='word_1_714' title='bbox 2007 4499 2109 4559; x_wconf 88' lang='lat' dir='ltr'>est,</span> <span class='ocrx_word' id='word_1_715' title='bbox 2144 4499 2208 4548; x_wconf 89' lang='lat' dir='ltr'>ut</span> <span class='ocrx_word' id='word_1_716' title='bbox 2235 4494 2357 4565; x_wconf 89' lang='lat' dir='ltr'>ipsa</span> <span class='ocrx_word' id='word_1_717' title='bbox 2386 4494 2442 4548; x_wconf 90' lang='lat' dir='ltr'>in</span> <span class='ocrx_word' id='word_1_718' title='bbox 2473 4502 2639 4566; x_wconf 88' lang='lat' dir='ltr'>partu</span> <span class='ocrx_word' id='word_1_719' title='bbox 2667 4496 3149 4551; x_wconf 89' lang='lat' dir='ltr'>maledictionibus</span> <span class='ocrx_word' id='word_1_720' title='bbox 3180 4496 3526 4567; x_wconf 86' lang='lat' dir='ltr'>subjacuerit</span> 
     </span>
    </p>
   </div>
   <div class='ocr_carea' id='block_1_93' title="bbox 246 4582 3524 4654">
    <p class='ocr_par' dir='ltr' id='par_1_93' title="bbox 246 4582 3524 4654">
     <span class='ocr_line' id='line_1_93' title="bbox 246 4582 3524 4654; baseline 0 -14"><span class='ocrx_word' id='word_1_721' title='bbox 246 4589 471 4651; x_wconf 66' lang='lat' dir='ltr'>thare,</span> <span class='ocrx_word' id='word_1_722' title='bbox 503 4582 709 4654; x_wconf 91' lang='lat' dir='ltr'>inquit,</span> <span class='ocrx_word' id='word_1_723' title='bbox 731 4583 943 4636; x_wconf 86' lang='lat' dir='ltr'>ste-ritis</span> <span class='ocrx_word' id='word_1_724' title='bbox 963 4597 1082 4650; x_wconf 68' lang='lat' dir='ltr'>quae</span> <span class='ocrx_word' id='word_1_725' title='bbox 1100 4596 1211 4634; x_wconf 85' lang='lat' dir='ltr'>non</span> <span class='ocrx_word' id='word_1_726' title='bbox 1220 4583 1397 4649; x_wconf 81' lang='lat' dir='ltr'>paris,</span> <span class='ocrx_word' id='word_1_727' title='bbox 1424 4598 1651 4651; x_wconf 88' lang='lat' dir='ltr'>erumpe</span> <span class='ocrx_word' id='word_1_728' title='bbox 1669 4590 1715 4637; x_wconf 90' lang='lat' dir='ltr'>et</span> <span class='ocrx_word' id='word_1_729' title='bbox 1737 4589 1846 4640; x_wconf 88' lang='lat' dir='ltr'>cla-</span> <span class='ocrx_word' id='word_1_730' title='bbox 1929 4583 2124 4653; x_wconf 63' lang='lat' dir='ltr'>prima:</span> <span class='ocrx_word' id='word_1_731' title='bbox 2166 4582 2562 4637; x_wconf 89' lang='lat' dir='ltr'>damnationis.</span> <span class='ocrx_word' id='word_1_732' title='bbox 2594 4583 2754 4638; x_wconf 87' lang='lat' dir='ltr'>Absit</span> <span class='ocrx_word' id='word_1_733' title='bbox 2797 4584 2892 4638; x_wconf 91' lang='lat' dir='ltr'>ubi</span> <span class='ocrx_word' id='word_1_734' title='bbox 2937 4585 3112 4639; x_wconf 86' lang='lat' dir='ltr'>virtus</span> <span class='ocrx_word' id='word_1_735' title='bbox 3156 4586 3427 4647; x_wconf 87' lang='lat' dir='ltr'>nascitur.</span> <span class='ocrx_word' id='word_1_736' title='bbox 3459 4594 3524 4642; x_wconf 89' lang='lat' dir='ltr'>ut</span> 
     </span>
    </p>
   </div>
   <div class='ocr_carea' id='block_1_94' title="bbox 246 4671 3524 4745">
    <p class='ocr_par' dir='ltr' id='par_1_94' title="bbox 246 4671 3524 4745">
     <span class='ocr_line' id='line_1_94' title="bbox 246 4671 3524 4745; baseline 0.001 -17"><span class='ocrx_word' id='word_1_737' title='bbox 246 4691 340 4728; x_wconf 88' lang='lat' dir='ltr'>ma</span> <span class='ocrx_word' id='word_1_738' title='bbox 359 4690 481 4742; x_wconf 68' lang='lat' dir='ltr'>quae</span> <span class='ocrx_word' id='word_1_739' title='bbox 497 4688 609 4726; x_wconf 83' lang='lat' dir='ltr'>non</span> <span class='ocrx_word' id='word_1_740' title='bbox 620 4673 892 4740; x_wconf 81' lang='lat' dir='ltr'>parturis;</span> <span class='ocrx_word' id='word_1_741' title='bbox 913 4672 1179 4740; x_wconf 84' lang='lat' dir='ltr'>quoniam</span> <span class='ocrx_word' id='word_1_742' title='bbox 1193 4671 1366 4723; x_wconf 82' lang='lat' dir='ltr'>mulli</span> <span class='ocrx_word' id='word_1_743' title='bbox 1377 4672 1488 4738; x_wconf 82' lang='lat' dir='ltr'>ﬁlii</span> <span class='ocrx_word' id='word_1_744' title='bbox 1506 4673 1850 4729; x_wconf 71' lang='lat' dir='ltr'>desertaema-</span> <span class='ocrx_word' id='word_1_745' title='bbox 1928 4671 2005 4725; x_wconf 90' lang='lat' dir='ltr'>ibi</span> <span class='ocrx_word' id='word_1_746' title='bbox 2034 4676 2194 4725; x_wconf 88' lang='lat' dir='ltr'>tanta</span> <span class='ocrx_word' id='word_1_747' title='bbox 2221 4671 2457 4725; x_wconf 90' lang='lat' dir='ltr'>colluvio</span> <span class='ocrx_word' id='word_1_748' title='bbox 2479 4672 2743 4726; x_wconf 90' lang='lat' dir='ltr'>vitiorum</span> <span class='ocrx_word' id='word_1_749' title='bbox 2777 4673 3074 4741; x_wconf 91' lang='lat' dir='ltr'>credatur;</span> <span class='ocrx_word' id='word_1_750' title='bbox 3111 4674 3208 4728; x_wconf 88' lang='lat' dir='ltr'>ubi</span> <span class='ocrx_word' id='word_1_751' title='bbox 3248 4676 3524 4745; x_wconf 89' lang='lat' dir='ltr'>gaudium</span> 
     </span>
    </p>
   </div>
   <div class='ocr_carea' id='block_1_95' title="bbox 244 4759 3524 4835">
    <p class='ocr_par' dir='ltr' id='par_1_95' title="bbox 244 4759 3524 4835">
     <span class='ocr_line' id='line_1_95' title="bbox 244 4759 3524 4835; baseline 0.002 -19"><span class='ocrx_word' id='word_1_752' title='bbox 244 4765 331 4830; x_wconf 83' lang='lat' dir='ltr'>gis</span> <span class='ocrx_word' id='word_1_753' title='bbox 342 4777 516 4831; x_wconf 86' lang='lat' dir='ltr'>quam</span> <span class='ocrx_word' id='word_1_754' title='bbox 528 4762 646 4828; x_wconf 85' lang='lat' dir='ltr'>ejus</span> <span class='ocrx_word' id='word_1_755' title='bbox 661 4776 780 4827; x_wconf 70' lang='lat' dir='ltr'>qua:</span> <span class='ocrx_word' id='word_1_756' title='bbox 808 4760 963 4812; x_wconf 82' lang='lat' dir='ltr'>habet</span> <span class='ocrx_word' id='word_1_757' title='bbox 990 4761 1180 4812; x_wconf 81' lang='lat' dir='ltr'>virum</span> <span class='ocrx_word' id='word_1_758' title='bbox 1202 4759 1330 4824; x_wconf 86' lang='lat' dir='ltr'>(Isa.</span> <span class='ocrx_word' id='word_1_759' title='bbox 1357 4772 1461 4823; x_wconf 79' lang='lat' dir='ltr'>LIV,</span> <span class='ocrx_word' id='word_1_760' title='bbox 1484 4760 1570 4829; x_wconf 78' lang='grc'>1).</span> <span class='ocrx_word' id='word_1_761' title='bbox 1611 4761 1768 4816; x_wconf 91' lang='lat' dir='ltr'>Unde</span> <span class='ocrx_word' id='word_1_762' title='bbox 1794 4769 1851 4818; x_wconf 85' lang='lat' dir='ltr'>et</span> <span class='ocrx_word' id='word_1_763' title='bbox 1931 4760 2182 4815; x_wconf 90' lang='lat' dir='ltr'>omnium</span> <span class='ocrx_word' id='word_1_764' title='bbox 2212 4760 2565 4830; x_wconf 87' lang='lat' dir='ltr'>praedicatur,</span> <span class='ocrx_word' id='word_1_765' title='bbox 2581 4761 2729 4832; x_wconf 93' lang='lat' dir='ltr'>quod</span> <span class='ocrx_word' id='word_1_766' title='bbox 2752 4768 2912 4815; x_wconf 88' lang='lat' dir='ltr'>tanta</span> <span class='ocrx_word' id='word_1_767' title='bbox 2932 4762 3165 4817; x_wconf 90' lang='lat' dir='ltr'>tristitia</span> <span class='ocrx_word' id='word_1_768' title='bbox 3192 4769 3251 4818; x_wconf 90' lang='lat' dir='ltr'>et</span> <span class='ocrx_word' id='word_1_769' title='bbox 3276 4766 3524 4835; x_wconf 88' lang='lat' dir='ltr'>gemitus</span> 
     </span>
    </p>
   </div>
   <div class='ocr_carea' id='block_1_96' title="bbox 240 4846 3523 4924">
    <p class='ocr_par' dir='ltr' id='par_1_96' title="bbox 240 4846 3523 4924">
     <span class='ocr_line' id='line_1_96' title="bbox 240 4846 3523 4924; baseline 0.001 -19"><span class='ocrx_word' id='word_1_770' title='bbox 240 4853 414 4906; x_wconf 81' lang='lat' dir='ltr'>Anna</span> <span class='ocrx_word' id='word_1_771' title='bbox 446 4848 503 4905; x_wconf 91' lang='lat' dir='ltr'>in</span> <span class='ocrx_word' id='word_1_772' title='bbox 535 4846 764 4903; x_wconf 85' lang='lat' dir='ltr'>Cantico</span> <span class='ocrx_word' id='word_1_773' title='bbox 792 4863 930 4901; x_wconf 86' lang='lat' dir='ltr'>suo:</span> <span class='ocrx_word' id='word_1_774' title='bbox 962 4848 1139 4901; x_wconf 80' lang='lat' dir='ltr'>Donec</span> <span class='ocrx_word' id='word_1_775' title='bbox 1166 4848 1394 4912; x_wconf 79' lang='lat' dir='ltr'>sterilis,</span> <span class='ocrx_word' id='word_1_776' title='bbox 1422 4846 1623 4918; x_wconf 90' lang='lat' dir='ltr'>inquit,</span> <span class='ocrx_word' id='word_1_777' title='bbox 1639 4854 1851 4919; x_wconf 82' lang='lat' dir='ltr'>peperit</span> <span class='ocrx_word' id='word_1_778' title='bbox 1932 4849 2335 4915; x_wconf 88' lang='lat' dir='ltr'>intervenerit;</span> <span class='ocrx_word' id='word_1_779' title='bbox 2378 4848 2530 4902; x_wconf 90' lang='lat' dir='ltr'>inter</span> <span class='ocrx_word' id='word_1_780' title='bbox 2559 4850 2887 4919; x_wconf 89' lang='lat' dir='ltr'>angelorum</span> <span class='ocrx_word' id='word_1_781' title='bbox 2918 4850 3205 4907; x_wconf 88' lang='lat' dir='ltr'>discursus</span> <span class='ocrx_word' id='word_1_782' title='bbox 3237 4854 3385 4924; x_wconf 93' lang='lat' dir='ltr'>quod</span> <span class='ocrx_word' id='word_1_783' title='bbox 3415 4854 3523 4909; x_wconf 88' lang='lat' dir='ltr'>im-</span> 
     </span>
    </p>
   </div>
   <div class='ocr_carea' id='block_1_97' title="bbox 236 4935 3518 5010">
    <p class='ocr_par' dir='ltr' id='par_1_97' title="bbox 236 4935 3518 5010">
     <span class='ocr_line' id='line_1_97' title="bbox 236 4935 3518 5010; baseline 0 -15"><span class='ocrx_word' id='word_1_784' title='bbox 236 4941 549 5010; x_wconf 83' lang='lat' dir='ltr'>plurimos;</span> <span class='ocrx_word' id='word_1_785' title='bbox 573 4942 623 4991; x_wconf 89' lang='lat' dir='ltr'>et</span> <span class='ocrx_word' id='word_1_786' title='bbox 648 4952 769 5005; x_wconf 72' lang='lat' dir='ltr'>qua:</span> <span class='ocrx_word' id='word_1_787' title='bbox 790 4935 991 4989; x_wconf 88' lang='lat' dir='ltr'>multos</span> <span class='ocrx_word' id='word_1_788' title='bbox 1011 4935 1256 5001; x_wconf 78' lang='lat' dir='ltr'>habebat,</span> <span class='ocrx_word' id='word_1_789' title='bbox 1288 4938 1433 5002; x_wconf 83' lang='lat' dir='ltr'>ﬁlios</span> <span class='ocrx_word' id='word_1_790' title='bbox 1456 4938 1748 5003; x_wconf 80' lang='lat' dir='ltr'>inﬁrmata</span> <span class='ocrx_word' id='word_1_791' title='bbox 1776 4945 1851 4994; x_wconf 85' lang='lat' dir='ltr'>est</span> <span class='ocrx_word' id='word_1_792' title='bbox 1932 4938 2144 4993; x_wconf 88' lang='lat' dir='ltr'>munda</span> <span class='ocrx_word' id='word_1_793' title='bbox 2160 4942 2370 5009; x_wconf 87' lang='lat' dir='ltr'>septem</span> <span class='ocrx_word' id='word_1_794' title='bbox 2389 4937 2585 4993; x_wconf 89' lang='lat' dir='ltr'>diebus</span> <span class='ocrx_word' id='word_1_795' title='bbox 2607 4939 2664 4993; x_wconf 91' lang='lat' dir='ltr'>in</span> <span class='ocrx_word' id='word_1_796' title='bbox 2686 4940 2962 5010; x_wconf 87' lang='lat' dir='ltr'>sanguine</span> <span class='ocrx_word' id='word_1_797' title='bbox 2985 4940 3277 4996; x_wconf 90' lang='lat' dir='ltr'>immundo</span> <span class='ocrx_word' id='word_1_798' title='bbox 3293 4943 3518 4998; x_wconf 89' lang='lat' dir='ltr'>sederit.</span> 
     </span>
    </p>
   </div>
   <div class='ocr_carea' id='block_1_98' title="bbox 239 5023 3520 5100">
    <p class='ocr_par' dir='ltr' id='par_1_98' title="bbox 239 5023 3520 5100">
     <span class='ocr_line' id='line_1_98' title="bbox 239 5023 3520 5100; baseline 0 -17"><span class='ocrx_word' id='word_1_799' title='bbox 239 5029 302 5099; x_wconf 92' lang='grc' dir='ltr'>(Ι</span> <span class='ocrx_word' id='word_1_800' title='bbox 326 5029 455 5095; x_wconf 86' lang='lat' dir='ltr'>Reg.</span> <span class='ocrx_word' id='word_1_801' title='bbox 501 5039 565 5092; x_wconf 85' lang='lat' dir='ltr'>Il,</span> <span class='ocrx_word' id='word_1_802' title='bbox 603 5026 676 5091; x_wconf 78' lang='grc'>5).</span> <span class='ocrx_word' id='word_1_803' title='bbox 705 5024 817 5079; x_wconf 89' lang='lat' dir='ltr'>Iste</span> <span class='ocrx_word' id='word_1_804' title='bbox 846 5029 930 5077; x_wconf 89' lang='lat' dir='ltr'>est</span> <span class='ocrx_word' id='word_1_805' title='bbox 958 5039 1092 5093; x_wconf 88' lang='lat' dir='ltr'>ergo</span> <span class='ocrx_word' id='word_1_806' title='bbox 1120 5023 1273 5078; x_wconf 92' lang='lat' dir='ltr'>solus</span> <span class='ocrx_word' id='word_1_807' title='bbox 1315 5025 1691 5081; x_wconf 89' lang='lat' dir='ltr'>essentialiter</span> <span class='ocrx_word' id='word_1_808' title='bbox 1715 5046 1847 5084; x_wconf 90' lang='lat' dir='ltr'>san-</span> <span class='ocrx_word' id='word_1_809' title='bbox 1931 5028 2016 5082; x_wconf 88' lang='lat' dir='ltr'>Ad</span> <span class='ocrx_word' id='word_1_810' title='bbox 2038 5044 2206 5098; x_wconf 89' lang='lat' dir='ltr'>quam</span> <span class='ocrx_word' id='word_1_811' title='bbox 2229 5028 2277 5081; x_wconf 90' lang='lat' dir='ltr'>si</span> <span class='ocrx_word' id='word_1_812' title='bbox 2296 5027 2377 5081; x_wconf 92' lang='lat' dir='ltr'>ita</span> <span class='ocrx_word' id='word_1_813' title='bbox 2391 5033 2665 5093; x_wconf 85' lang='lat' dir='ltr'>esset,nec</span> <span class='ocrx_word' id='word_1_814' title='bbox 2684 5034 2937 5100; x_wconf 90' lang='lat' dir='ltr'>pastores</span> <span class='ocrx_word' id='word_1_815' title='bbox 2957 5046 3123 5084; x_wconf 91' lang='lat' dir='ltr'>mane</span> <span class='ocrx_word' id='word_1_816' title='bbox 3138 5031 3300 5100; x_wconf 82' lang='lat' dir='ltr'>juxta</span> <span class='ocrx_word' id='word_1_817' title='bbox 3318 5030 3520 5100; x_wconf 88' lang='lat' dir='ltr'>legem,</span> 
     </span>
    </p>
   </div>
   <div class='ocr_carea' id='block_1_99' title="bbox 243 5116 3524 5190">
    <p class='ocr_par' dir='ltr' id='par_1_99' title="bbox 243 5116 3524 5190">
     <span class='ocr_line' id='line_1_99' title="bbox 243 5116 3524 5190; baseline 0.001 -20"><span class='ocrx_word' id='word_1_818' title='bbox 243 5121 391 5182; x_wconf 91' lang='lat' dir='ltr'>ctus,</span> <span class='ocrx_word' id='word_1_819' title='bbox 423 5129 539 5168; x_wconf 89' lang='lat' dir='ltr'>non</span> <span class='ocrx_word' id='word_1_820' title='bbox 570 5129 671 5184; x_wconf 91' lang='lat' dir='ltr'>per</span> <span class='ocrx_word' id='word_1_821' title='bbox 718 5128 885 5183; x_wconf 89' lang='lat' dir='ltr'>quem</span> <span class='ocrx_word' id='word_1_822' title='bbox 932 5116 1115 5165; x_wconf 89' lang='lat' dir='ltr'>mater</span> <span class='ocrx_word' id='word_1_823' title='bbox 1157 5120 1571 5183; x_wconf 89' lang='lat' dir='ltr'>corrumpatur,</span> <span class='ocrx_word' id='word_1_824' title='bbox 1611 5118 1708 5171; x_wconf 89' lang='lat' dir='ltr'>sed</span> <span class='ocrx_word' id='word_1_825' title='bbox 1746 5136 1847 5190; x_wconf 89' lang='lat' dir='ltr'>per</span> <span class='ocrx_word' id='word_1_826' title='bbox 1929 5125 1994 5172; x_wconf 90' lang='lat' dir='ltr'>ut</span> <span class='ocrx_word' id='word_1_827' title='bbox 2024 5118 2104 5172; x_wconf 91' lang='lat' dir='ltr'>ita</span> <span class='ocrx_word' id='word_1_828' title='bbox 2136 5117 2338 5182; x_wconf 90' lang='lat' dir='ltr'>dicam,</span> <span class='ocrx_word' id='word_1_829' title='bbox 2370 5117 2591 5187; x_wconf 88' lang='lat' dir='ltr'>ingredi</span> <span class='ocrx_word' id='word_1_830' title='bbox 2620 5118 2848 5185; x_wconf 86' lang='lat' dir='ltr'>liceret;</span> <span class='ocrx_word' id='word_1_831' title='bbox 2880 5135 3031 5172; x_wconf 91' lang='lat' dir='ltr'>nunc</span> <span class='ocrx_word' id='word_1_832' title='bbox 3056 5124 3245 5173; x_wconf 87' lang='lat' dir='ltr'>autem</span> <span class='ocrx_word' id='word_1_833' title='bbox 3270 5118 3403 5187; x_wconf 89' lang='lat' dir='ltr'>quia</span> <span class='ocrx_word' id='word_1_834' title='bbox 3428 5135 3524 5172; x_wconf 87' lang='lat' dir='ltr'>an-</span> 
     </span>
    </p>
   </div>
   <div class='ocr_carea' id='block_1_100' title="bbox 242 5198 3526 5278">
    <p class='ocr_par' dir='ltr' id='par_1_100' title="bbox 242 5198 3526 5278">
     <span class='ocr_line' id='line_1_100' title="bbox 242 5198 3526 5278; baseline 0.001 -21"><span class='ocrx_word' id='word_1_835' title='bbox 242 5220 414 5275; x_wconf 90' lang='lat' dir='ltr'>quem</span> <span class='ocrx_word' id='word_1_836' title='bbox 435 5199 1175 5265; x_wconf 75' lang='lat' dir='ltr'>vulvaresereturEcclesiae,</span> <span class='ocrx_word' id='word_1_837' title='bbox 1191 5198 1602 5272; x_wconf 89' lang='lat' dir='ltr'>primogenitus</span> <span class='ocrx_word' id='word_1_838' title='bbox 1614 5221 1680 5259; x_wconf 83' lang='lat' dir='ltr'>ex</span> <span class='ocrx_word' id='word_1_839' title='bbox 1696 5207 1844 5261; x_wconf 85' lang='lat' dir='ltr'>mul—</span> <span class='ocrx_word' id='word_1_840' title='bbox 1927 5208 2087 5278; x_wconf 87' lang='lat' dir='ltr'>gelus</span> <span class='ocrx_word' id='word_1_841' title='bbox 2116 5222 2211 5261; x_wconf 91' lang='lat' dir='ltr'>eos</span> <span class='ocrx_word' id='word_1_842' title='bbox 2237 5206 2653 5275; x_wconf 90' lang='lat' dir='ltr'>evangelizandi</span> <span class='ocrx_word' id='word_1_843' title='bbox 2683 5208 2868 5278; x_wconf 89' lang='lat' dir='ltr'>gratia</span> <span class='ocrx_word' id='word_1_844' title='bbox 2895 5208 3128 5261; x_wconf 90' lang='lat' dir='ltr'>devotus</span> <span class='ocrx_word' id='word_1_845' title='bbox 3166 5205 3379 5270; x_wconf 89' lang='lat' dir='ltr'>invitat,</span> <span class='ocrx_word' id='word_1_846' title='bbox 3430 5223 3526 5261; x_wconf 85' lang='lat' dir='ltr'>ve-</span> 
     </span>
    </p>
   </div>
   <div class='ocr_carea' id='block_1_101' title="bbox 236 5287 3523 5365">
    <p class='ocr_par' dir='ltr' id='par_1_101' title="bbox 236 5287 3523 5365">
     <span class='ocr_line' id='line_1_101' title="bbox 236 5287 3523 5365; baseline 0.002 -19"><span class='ocrx_word' id='word_1_847' title='bbox 236 5292 312 5346; x_wconf 89' lang='lat' dir='ltr'>tis</span> <span class='ocrx_word' id='word_1_848' title='bbox 331 5287 881 5353; x_wconf 84' lang='lat' dir='ltr'>fratribus.Quemin</span> <span class='ocrx_word' id='word_1_849' title='bbox 894 5287 1257 5358; x_wconf 83' lang='lat' dir='ltr'>ﬁgurafuturi</span> <span class='ocrx_word' id='word_1_850' title='bbox 1272 5292 1643 5363; x_wconf 82' lang='lat' dir='ltr'>mysteriiper</span> <span class='ocrx_word' id='word_1_851' title='bbox 1658 5311 1756 5349; x_wconf 91' lang='lat' dir='ltr'>ora</span> <span class='ocrx_word' id='word_1_852' title='bbox 1770 5296 1847 5351; x_wconf 91' lang='lat' dir='ltr'>le-</span> <span class='ocrx_word' id='word_1_853' title='bbox 1927 5295 2095 5351; x_wconf 91' lang='lat' dir='ltr'>niunt</span> <span class='ocrx_word' id='word_1_854' title='bbox 2136 5299 2194 5349; x_wconf 91' lang='lat' dir='ltr'>et</span> <span class='ocrx_word' id='word_1_855' title='bbox 2225 5293 2433 5360; x_wconf 87' lang='lat' dir='ltr'>vident,</span> <span class='ocrx_word' id='word_1_856' title='bbox 2480 5294 2776 5351; x_wconf 89' lang='lat' dir='ltr'>inveniunt</span> <span class='ocrx_word' id='word_1_857' title='bbox 2798 5300 2855 5350; x_wconf 90' lang='lat' dir='ltr'>et</span> <span class='ocrx_word' id='word_1_858' title='bbox 2882 5296 3206 5365; x_wconf 87' lang='lat' dir='ltr'>intelligunt</span> <span class='ocrx_word' id='word_1_859' title='bbox 3232 5294 3301 5348; x_wconf 89' lang='lat' dir='ltr'>de</span> <span class='ocrx_word' id='word_1_860' title='bbox 3345 5294 3523 5351; x_wconf 87' lang='lat' dir='ltr'>Verbo</span> 
     </span>
    </p>
   </div>
   <div class='ocr_carea' id='block_1_102' title="bbox 310 5412 1848 5484">
    <p class='ocr_par' dir='ltr' id='par_1_102' title="bbox 310 5412 1848 5484">
     <span class='ocr_line' id='line_1_102' title="bbox 310 5412 1848 5484; baseline 0.002 -13"><span class='ocrx_word' id='word_1_861' title='bbox 310 5428 337 5458; x_wconf 73' lang='grc'>³</span> <span class='ocrx_word' id='word_1_862' title='bbox 372 5419 477 5472; x_wconf 89' lang='lat' dir='ltr'>Per</span> <span class='ocrx_word' id='word_1_863' title='bbox 505 5416 783 5483; x_wconf 71' lang='lat' dir='ltr'>oraJegis.</span> <span class='ocrx_word' id='word_1_864' title='bbox 814 5412 981 5469; x_wconf 89' lang='lat' dir='ltr'>Forte</span> <span class='ocrx_word' id='word_1_865' title='bbox 1002 5415 1200 5483; x_wconf 84' lang='lat' dir='ltr'>priora</span> <span class='ocrx_word' id='word_1_866' title='bbox 1229 5430 1246 5466; x_wconf 90' lang='lat'><em>:</em></span> <span class='ocrx_word' id='word_1_867' title='bbox 1278 5420 1378 5469; x_wconf 90' lang='lat' dir='ltr'>aut</span> <span class='ocrx_word' id='word_1_868' title='bbox 1400 5419 1515 5484; x_wconf 88' lang='lat' dir='ltr'>pia,</span> <span class='ocrx_word' id='word_1_869' title='bbox 1546 5422 1612 5471; x_wconf 88' lang='lat' dir='ltr'>ut</span> <span class='ocrx_word' id='word_1_870' title='bbox 1636 5417 1695 5472; x_wconf 91' lang='lat' dir='ltr'>in</span> <span class='ocrx_word' id='word_1_871' title='bbox 1725 5419 1848 5473; x_wconf 76' lang='lat' dir='ltr'>Ra~</span> 
     </span>
    </p>
   </div>
   <div class='ocr_carea' id='block_1_103' title="bbox 1938 5415 3529 5493">
    <p class='ocr_par' dir='ltr' id='par_1_103' title="bbox 1938 5415 3529 5493">
     <span class='ocr_line' id='line_1_103' title="bbox 1938 5415 3529 5493; baseline 0 -19"><span class='ocrx_word' id='word_1_872' title='bbox 1938 5420 2052 5493; x_wconf 88' lang='lat' dir='ltr'>lam</span> <span class='ocrx_word' id='word_1_873' title='bbox 2070 5415 2386 5492; x_wconf 89' lang='lat' dir='ltr'>negationis</span> <span class='ocrx_word' id='word_1_874' title='bbox 2414 5419 2509 5476; x_wconf 91' lang='lat' dir='ltr'>ubi</span> <span class='ocrx_word' id='word_1_875' title='bbox 2532 5421 2739 5493; x_wconf 86' lang='lat' dir='ltr'>legitur</span> <span class='ocrx_word' id='word_1_876' title='bbox 2761 5422 2941 5476; x_wconf 87' lang='lat' dir='ltr'>sancti</span> <span class='ocrx_word' id='word_1_877' title='bbox 2964 5435 3089 5474; x_wconf 84' lang='lat' dir='ltr'>eum</span> <span class='ocrx_word' id='word_1_878' title='bbox 3111 5432 3221 5471; x_wconf 86' lang='lat' dir='ltr'>non</span> <span class='ocrx_word' id='word_1_879' title='bbox 3238 5419 3529 5488; x_wconf 85' lang='lat' dir='ltr'>essent,ad-</span> 
     </span>
    </p>
   </div>
   <div class='ocr_carea' id='block_1_104' title="bbox 232 5484 1849 5562">
    <p class='ocr_par' dir='ltr' id='par_1_104' title="bbox 232 5484 1849 5562">
     <span class='ocr_line' id='line_1_104' title="bbox 232 5484 1849 5562; baseline 0.001 -17"><span class='ocrx_word' id='word_1_880' title='bbox 232 5493 465 5545; x_wconf 83' lang='lat' dir='ltr'>tramno</span> <span class='ocrx_word' id='word_1_881' title='bbox 494 5486 701 5558; x_wconf 88' lang='lat' dir='ltr'>legitur</span> <span class='ocrx_word' id='word_1_882' title='bbox 727 5501 849 5557; x_wconf 88' lang='lat' dir='ltr'>cap.</span> <span class='ocrx_word' id='word_1_883' title='bbox 881 5485 934 5551; x_wconf 84' lang='lat'>6,</span> <span class='ocrx_word' id='word_1_884' title='bbox 970 5501 1085 5541; x_wconf 91' lang='lat' dir='ltr'>non</span> <span class='ocrx_word' id='word_1_885' title='bbox 1111 5484 1192 5542; x_wconf 87' lang='lat' dir='ltr'>ita</span> <span class='ocrx_word' id='word_1_886' title='bbox 1235 5486 1416 5555; x_wconf 84' lang='lat' dir='ltr'>multo</span> <span class='ocrx_word' id='word_1_887' title='bbox 1444 5494 1574 5560; x_wconf 88' lang='lat' dir='ltr'>post</span> <span class='ocrx_word' id='word_1_888' title='bbox 1599 5489 1849 5562; x_wconf 83' lang='lat' dir='ltr'>particu-</span> 
     </span>
    </p>
   </div>
   <div class='ocr_carea' id='block_1_105' title="bbox 1928 5492 2187 5563">
    <p class='ocr_par' dir='ltr' id='par_1_105' title="bbox 1928 5492 2187 5563">
     <span class='ocr_line' id='line_1_105' title="bbox 1928 5492 2187 5563; baseline 0 -17"><span class='ocrx_word' id='word_1_889' title='bbox 1928 5492 2187 5563; x_wconf 86' lang='lat' dir='ltr'>jecimus.</span> 
     </span>
    </p>
   </div>
  </div>
