3992 6166
251 237 396 300 1881

1321 235 1418 293 ΒΕ
1453 233 1692 292 PARTU
1734 231 2084 291 WRGINIS.
2127 263 2192 275 —
2231 233 2371 289 LIB.
2411 230 2456 288 Ι.

3353 221 3568 304 isse

247 377 503 440 nitatem,
520 377 586 427 ut
597 371 932 450 resipiscam
949 375 1005 447 et
1022 371 1241 424 cessent
1254 369 1376 438 jam
1398 367 1548 446 ultra
1565 367 1718 438 loqui
1740 366 1849 420 fal-
1871 361 1914 418 Α
1933 375 2122 456 aliqua
2141 375 2272 442 laesa
2301 378 2451 450 esset
2483 373 2606 443 ejus
2639 373 2953 444 integritas.
2996 375 3105 430 Sed
3135 375 3266 461 quia
3372 379 3528 433 nullo

247 467 502 519 sitatam.

322 553 532 607 Dicunt
575 556 766 604 autem
814 549 960 622 quod
1008 565 1119 602 non
1147 548 1314 601 aliter
1349 551 1515 600 natus
1545 545 1652 599 dici
1685 549 1855 614 queat

247 641 512 696 Christus
551 639 657 694 nisi
698 655 859 710 (aqua
903 644 1052 691 sorte
1081 641 1298 690 natura
1330 640 1392 689 ut
1425 633 1648 700 caeteri;
1693 633 1854 706 quasi

247 747 415 802 aequa
447 728 767 783 conditione
796 728 854 781 in
889 725 1193 796 Scripturis
1221 723 1422 778 divinis
1460 739 1683 793 semper
1711 719 1854 793 nati-

246 820 395 872 vitas
425 835 547 872 esse
568 817 808 880 dicatur,
833 832 961 869 cum
989 815 1156 883 longe
1185 814 1297 886 alia
1335 813 1410 866 sit
1437 813 1544 866 ista
1589 811 1855 864 nativitas

1937 470 2022 518 est
2050 453 2287 517 violatus
2324 463 2506 534 pudor
2551 462 2850 533 virgineus,
2881 479 3062 534 neque
3097 453 3218 538 fons
3251 456 3309 519 in
3339 464 3529 537 aliquo

1936 553 2272 622 resignatos.
2305 552 2496 622 procul
2526 550 2694 604 dubio
2727 557 2882 621 patet
2908 569 3126 617 sensus,
3166 553 3300 624 quia
3343 555 3529 608 clauso

1936 648 2097 696 utero
2126 642 2196 695 ad
2233 658 2334 694 nos
2371 641 2540 705 venit,
2588 640 2732 694 sicut
2769 641 2960 710 januis
3003 642 3206 696 clausis
3245 641 3532 715 ingressus

1937 736 2022 784 est
2041 729 2111 782 ad
2143 729 2470 798 discipulos.
2525 727 2813 797 Siquidem
2843 735 3104 798 aspectus
3129 718 3532 801 discipulorum

1935 825 2238 888 utrumque
2295 823 2428 870 tunc
2479 817 2748 886 probavit.
2805 817 3017 870 scilicet
3071 819 3219 888 quod
3267 824 3324 872 et
3385 819 3532 874 fores

247 907 506 961 omnium
537 922 648 978 qua
675 904 779 958 sub
810 911 960 958 sorte
999 901 1410 956 maledictionis
1441 907 1767 964 nascuntur,
1799 903 1858 953 et
1935 908 2138 961 clausa
2192 911 2398 964 essent,
2453 907 2509 958 et
2537 907 2680 974 quod
2718 905 2988 960 Dominus
3032 923 3133 977 per
3180 909 3404 962 easdem
3453 910 3536 962 in-
3621 931 3632 946 ο

246 995 367 1048 alia
383 995 430 1048 si
451 995 566 1048 Eva
589 1010 698 1046 non
719 997 1000 1062 peccasset
1024 1005 1035 1039 :
1061 991 1191 1061 quia
1209 991 1318 1044 ista
1340 991 1443 1043 sud
1467 989 1758 1043 maledicto
1772 993 1854 1064 est
1935 997 2146 1050 troiens
2174 1011 2363 1056 coram
2393 996 2473 1048 eis
2514 1012 2758 1064 praesens
2787 1001 3017 1064 astaret,
3059 997 3138 1049 sic
3175 1003 3233 1050 et
3261 995 3398 1063 ﬁdes
3431 1014 3532 1050 no-

247 1089 312 1138 et
351 1099 638 1146 aerumna;
688 1081 785 1134 illa
813 1089 1000 1134 autem
1043 1087 1162 1133 tota
1201 1080 1257 1133 in
1289 1081 1426 1132 ﬂore
1457 1077 1856 1132 benedictionis
1936 1091 2054 1162 stra
2081 1089 2384 1153 utrumque
2413 1083 2482 1135 de
2513 1083 2734 1137 Christo
2759 1084 3134 1138 certissimum
3176 1074 3350 1148 tenet,
3382 1083 3532 1165 quod

246 1173 497 1226 fructum
524 1171 752 1224 ali-erret
769 1171 892 1222 sine
915 1169 1128 1238 gemitu
1147 1175 1202 1222 et
1219 1167 1616 1230 dolore.Unde,
1641 1183 1853 1236 quaeso,

245 1263 452 1316 saltem
481 1259 640 1313 iilam
679 1259 774 1312 isti
799 1259 1105 1312 concedant
1134 1257 1483 1332 nativitatem
1523 1255 1746 1308 Christo
1785 1255 1853 1308 de

245 1349 434 1404 Maria
493 1348 740 1418 Virgine,
797 1363 909 1416 qua
968 1355 1332 1399 nascerentur
1390 1343 1671 1398 communi
1728 1343 1852 1411 lege

246 1455 446 1493 omnes
476 1437 522 1490 si
569 1453 682 1490 non
725 1442 1008 1507 peccasset
1052 1436 1180 1495 Eva,
1224 1450 1346 1503 qua:
1389 1449 1540 1510 nunc
1588 1431 1852 1486 nativitas

250 1533 391 1580 nota
430 1531 518 1580 est
563 1525 665 1578 soli
715 1526 849 1588 Deo,
890 1531 947 1578 et
992 1523 1186 1594 ignota
1226 1522 1368 1600 forte
1397 1520 1748 1588 hominibus;
1797 1527 1853 1574 et

249 1631 369 1669 non
411 1613 696 1668 ascribunt
732 1613 782 1665 ei
823 1612 1138 1677 maledicta,
1173 1610 1437 1680 gemitus,
1479 1617 1537 1663 et
1573 1624 1851 1662 terumnas

1937 1181 1994 1225 et
2024 1172 2213 1242 pervia
2243 1171 2412 1224 fuerit
2441 1172 2562 1240 ejus
2592 1171 2885 1240 integritas
2916 1178 3178 1226 nascente
3202 1173 3436 1237 Domino
3469 1167 3535 1242 ex

1937 1278 2021 1318 ea.
2059 1265 2114 1314 et
2139 1265 2332 1313 tamen
2363 1264 2558 1312 uterus
2590 1276 2700 1312 non
2737 1259 2908 1312 fuerit
2935 1265 3218 1314 reseratus
3269 1261 3534 1332 Alioquin

1937 1349 2215 1418 quomodo
2236 1348 2484 1400 clausum
2517 1347 2624 1399 dici
2657 1353 2840 1416 potest
2866 1349 3237 1416 permansisse
3255 1349 3400 1420 quod
3424 1349 3536 1402 vio-

1935 1439 2114 1491 latum
2145 1443 2228 1490 est
2247 1437 2272 1489 ?
2299 1438 2412 1490 Aut
2437 1436 2716 1506 quomodo
2738 1437 2858 1489 sine
2887 1436 3077 1490 dolore
3106 1445 3162 1491 et
3183 1437 3302 1492 sine
3319 1439 3538 1508 gemitu

1935 1541 2210 1598 puerpera
2249 1525 2485 1595 peperit,
2519 1524 2566 1577 si
2613 1541 2770 1578 more
2814 1529 3140 1578 caeterorum
3198 1526 3537 1596 feminarum

1933 1616 2143 1669 vexatis
2191 1613 2492 1668 visceribus
2540 1613 2718 1666 filium
2749 1613 2970 1680 edidit?
3019 1613 3087 1666 Et
3132 1614 3178 1667 si
3219 1611 3301 1668 ita.
3330 1605 3532 1685 patuit,

249 1720 356 1774 pro
383 1702 590 1772 gaudio
624 1701 792 1754 matri
821 1701 1101 1756 attulisse.
1132 1700 1268 1762 Quae
1289 1704 1448 1752 tanto
1478 1699 1658 1768 magis
1683 1699 1854 1767 Virgo

1942 1710 2000 1758 ut
2044 1705 2222 1766 aiunt,
2265 1703 2544 1773 quomodo
2593 1687 2783 1756 clausa
2812 1703 3125 1772 permansit
3151 1708 3214 1756 ut
3240 1703 3347 1768 fuit
3377 1709 3538 1758 ante-

247 1791 432 1844 libera
456 1791 564 1844 fuit
590 1807 625 1843 a
652 1789 1008 1858 corruptione
1030 1788 1321 1858 passionis,
1355 1803 1389 1840 a
1419 1787 1610 1840 dolore
1647 1787 1848 1852 carnis,
1936 1809 2104 1862 quam
2148 1792 2405 1862 pareret?
2453 1793 2568 1845 Nec
2623 1791 2772 1844 enim
2825 1791 3013 1859 januze
3059 1791 3168 1845 illae
3223 1783 3542 1862 penetrabi-

249 1897 287 1936 a
313 1879 574 1934 sordibus
601 1877 942 1948 ignominiaa,
968 1883 1178 1948 quanto
1197 1877 1379 1946 gratia
1401 1877 1565 1948 plena
1593 1881 1650 1929 et
1677 1876 1854 1929 incor-
1937 1881 2104 1934 liores
2132 1884 2294 1933 erant
2324 1881 2546 1944 clausae,
2585 1895 2753 1950 quam
2791 1863 2986 1932 uterus
3018 1879 3246 1948 virginis
3289 1879 3539 1934 incorru-

249 1975 439 2040 rupta,
491 1974 700 2040 quanto
751 1967 964 2038 Spiritu
1003 1972 1197 2019 sancto
1238 1965 1493 2018 dedicata
1551 1971 1608 2018 et
1646 1965 1852 2019 virtute
1936 1975 2082 2044 ptus.
2117 1969 2328 2022 Idcirco
2379 1984 2489 2021 non
2547 1967 2645 2020 abs
2699 1984 2760 2021 re
2811 1968 3060 2020 creditur
3087 1967 3158 2020 ad
3201 1985 3304 2021 nos
3350 1969 3536 2022 Domi-

247 2057 442 2112 divina
477 2057 828 2111 adumbrata.
875 2054 1056 2108 Habet
1083 2054 1230 2107 enim
1263 2053 1503 2130 Spiritus
1531 2061 1756 2128 sanctus
1793 2055 1852 2108 in
1935 2075 2068 2112 num
2102 2058 2182 2110 sic
2208 2057 2404 2120 exisse,
2433 2062 2498 2110 ut
2522 2056 2784 2114 nativitas
2813 2056 3018 2110 Christi
3048 2056 3117 2110 de
3146 2073 3313 2110 carne
3355 2056 3538 2126 Virgi-

248 2162 314 2200 se
344 2161 600 2200 recessus
629 2159 781 2210 suos,
815 2141 1017 2212 quibus
1048 2141 1228 2218 modis
1257 2141 1476 2194 dicatur
1503 2142 1766 2195 nativitas
1796 2143 1854 2196 in
1938 2147 2024 2200 nis
2065 2147 2415 2218 probaretur,
2449 2151 2506 2198 et
2534 2145 2688 2216 virgo
2725 2144 2896 2198 nullis
2937 2144 3277 2199 cruciatibus
3305 2161 3534 2222 vexare-

251 2234 566 2305 Scripturis
593 2233 784 2297 sacris,
817 2239 876 2286 et
905 2231 1106 2308 quibus
1135 2230 1447 2284 occultetur
1473 2230 1688 2298 legibus
1715 2247 1858 2284 sem-
1937 2240 2048 2288 tur.
3145 2225 3150 2230 ’
3379 2223 3405 2232 ”

251 2324 517 2396 piternis.
540 2323 663 2376 Alia
684 2337 928 2392 namque
953 2326 1038 2399 est
1066 2319 1328 2373 nativitas
1357 2319 1542 2372 carnis
1569 2319 1638 2373 de
1665 2337 1854 2388 carne,
2011 2324 2176 2378 Forte
2200 2323 2402 2377 dicturi
2422 2327 2556 2376 sunt
2583 2322 2696 2400 isti,
2730 2322 2877 2392 quod
2907 2339 3108 2398 corpus
3135 2323 3248 2391 jam
3279 2323 3537 2388 incorru-

254 2414 368 2468 alia
394 2412 496 2466 Dei
525 2413 594 2466 de
623 2413 828 2476 Deo,et
857 2411 968 2464 alia
997 2409 1376 2480 quarumlibet
1395 2426 1584 2463 rerum
1603 2410 1856 2465 innume-
1937 2412 2132 2490 ptibil‘e
2169 2419 2224 2466 et
2263 2412 2584 2466 immortale
2625 2409 2822 2464 exilius
2852 2418 3000 2465 esset
3027 2411 3094 2476 ad
3127 2401 3539 2490 penetrandum

252 2500 543 2554 rabilium.
585 2501 654 2552 Et
698 2506 888 2552 tamen
936 2515 1130 2552 eorum
1175 2497 1424 2550 omnium
1456 2514 1569 2551 non
1599 2515 1744 2552 unus
1772 2506 1856 2553 est
1939 2518 2047 2571 quo
2080 2487 2260 2559 vellet,
2289 2518 2458 2571 quam
2497 2506 2646 2554 esset
2673 2501 2828 2570 prius
2857 2493 3163 2572 anteqUam
3196 2487 3536 2570 resurgeret.

250 2590 456 2643 modus
481 2587 764 2646 nascendi,
781 2603 963 2657 neque
994 2603 1139 2640 unus
1169 2601 1364 2639 eorum
1394 2586 1530 2639 ordo
1558 2587 1853 2649 existendi,
1939 2588 2306 2668 Neqqaquam
2333 2591 2510 2660 igitur
2535 2591 2640 2642 hoc
2667 2589 2803 2653 dicit
2822 2579 3058 2659 quisque
3080 2590 3173 2659 qui
3195 2607 3328 2644 sane
3350 2581 3498 2660 sapit
3522 2609 3535 2644 :

251 2678 514 2749 quamvis
555 2677 817 2730 nativitas
860 2675 917 2728 in
948 2675 1184 2745 singulis
1215 2691 1371 2745 teque
1397 2674 1620 2728 dicatur
1654 2675 1855 2746 quibus
1938 2679 2070 2748 quia
2098 2696 2164 2732 ex
2191 2696 2300 2749 quo
2324 2684 2628 2748 conceptus
2665 2685 2752 2731 est
2781 2678 2969 2738 homo,
3010 2677 3160 2732 idem
3190 2695 3412 2748 semper
3441 2679 3537 2749 qui

250 2773 341 2824 est
363 2769 496 2837 jure
519 2759 878 2830 attributum,
917 2771 982 2819 ut
1007 2765 1128 2832 nati
1166 2764 1236 2817 de
1277 2765 1454 2817 altero
1483 2764 1760 2829 dicantur,
1793 2784 1857 2820 ac
1939 2774 2069 2821 ante
2099 2769 2247 2822 Deus
2273 2767 2398 2820 fuit.
2449 2767 2608 2820 Unde
2638 2753 2861 2837 quando
2907 2783 3078 2837 super
3123 2767 3304 2820 undas
3347 2784 3537 2840 aequo-

252 2871 358 2926 per
404 2856 510 2908 hoc
558 2853 807 2924 quolibet
835 2852 999 2905 modo
1027 2852 1095 2904 de
1141 2851 1318 2904 Maria
1345 2851 1571 2920 Virgine
1601 2853 1858 2908 Christus
1941 2873 2065 2909 reas
2106 2855 2412 2909 ambulavit
2453 2860 2584 2908 ante
2621 2855 2961 2925 passionem,
3000 2871 3113 2909 non
3155 2845 3538 2910 minus-homo

251 2949 410 3011 recte
440 2949 606 3008 natus
630 2941 894 3006 creditur,
925 2940 1057 3010 quia
1080 2956 1145 2992 cx
1175 2955 1240 2993 ea
1266 2957 1490 2992 carnem
1529 2943 1854 3011 assumpsit.
1873 2965 1919 3024 ρ
1941 2961 2110 3014 quam
2147 2945 2298 2999 Deus
2333 2943 2460 2998 fuit.
2491 2943 2649 3006 Quod
2679 2943 2728 2998 si
2755 2943 2828 2996 ad
2853 2949 3118 2998 naturam
3157 2944 3420 3015 respicias
3453 2961 3542 2999 re-

254 3033 537 3086 Nativitas
567 3047 694 3084 vero
723 3031 843 3100 ipsa
861 3029 1138 3099 quomodo
1158 3028 1227 3080 ad
1251 3045 1351 3082 nos
1371 3029 1858 3088 exierit,utrumne

254 3138 325 3175 ea
351 3119 670 3174 conditione
701 3135 812 3189 qua
843 3118 953 3171 Eva
985 3117 1295 3188 peperisset
1336 3117 1381 3170 si
1411 3135 1525 3172 non
1550 3127 1852 3188 peccasset,

251 3226 328 3263 an
347 3208 644 3278 gloriosus,
681 3207 814 3277 quia
842 3207 1016 3260 Deum
1048 3211 1104 3258 et
1132 3206 1414 3260 hominem
1442 3209 1640 3276 genuit
1661 3215 1718 3262 et
1747 3209 1857 3262 vir-

251 3315 328 3367 go
371 3295 699 3368 permansit,
735 3295 882 3366 quod
921 3295 1018 3348 illa
1054 3311 1165 3348 non
1200 3303 1363 3360 esset,
1408 3313 1588 3370 neque
1627 3299 1856 3368 reliquae

253 3387 397 3439 dum
435 3377 1040 3456 parerent,'SI.ipertliie
1093 3385 1378 3454 quaeritur.
1430 3387 1495 3439 In
1538 3402 1646 3456 quo
1690 3403 1856 3458 opere

254 3491 428 3530 nemo
458 3479 780 3528 sanctorum
814 3473 988 3526 voluit
1011 3473 1288 3538 dubitare,
1317 3473 1412 3540 sed
1445 3475 1717 3528 catholica
1750 3476 1856 3530 ﬁde

256 3565 372 3618 hoc
399 3569 614 3616 certum
657 3577 853 3630 omnes
894 3562 1218 3634 praedicant,
1263 3563 1396 3632 quia
1431 3551 1534 3616 nec
1572 3563 1625 3616 in
1657 3564 1859 3617 delicto

259 3652 536 3723 concepit,
560 3668 666 3704 nec
693 3651 752 3704 in
781 3651 982 3704 delicto
1021 3657 1078 3704 et
1121 3651 1309 3704 dolore
1351 3667 1475 3704 cum
1505 3653 1860 3723 corruptione

258 3741 503 3814 peperit,
579 3757 762 3811 neque
808 3740 1064 3794 Christus
1108 3757 1171 3792 ex
1223 3756 1289 3792 ea
1340 3741 1516 3793 ullum
1573 3747 1858 3811 peccatum

256 3831 454 3886 traxit.
488 3829 648 3904 Quod
679 3829 726 3882 si
753 3845 819 3882 ex
850 3845 916 3882 ea
945 3835 1230 3898 peccatum
1263 3846 1371 3882 non
1413 3829 1600 3893 traxit,
1637 3847 1736 3883 nec
1761 3832 1862 3883 ad-

259 3920 437 3980 misit,
487 3919 620 3989 quia
663 3917 834 3972 nullis
870 3916 1208 3986 cruciatibus
1237 3917 1295 3970 in
1340 3918 1616 3974 nascendo
1667 3919 1864 3972 matris

257 4009 481 4064 vexavit
500 4008 793 4078 pudorem,
826 4021 1008 4077 neque
1036 4004 1092 4058 in
1123 4005 1311 4076 aliquo
1339 4007 1462 4076 ejus
1489 4008 1862 4066 commacula-

255 4099 343 4152 vit
363 4081 759 4167 virginitatem.
1157 4083 1170 4095 ’

334 4187 463 4240 Non
503 4185 740 4238 dicimus
782 4184 992 4256 itaque,
1018 4189 1084 4238 ut
1111 4184 1288 4249 aiunt,
1323 4185 1471 4256 quod
1511 4191 1863 4258 monstruose

258 4276 340 4330 sit
369 4281 554 4336 natus,
604 4273 701 4328 sed
750 4274 895 4328 sicut
923 4273 1324 4344 praesignatum
1354 4279 1439 4326 est
1468 4273 1600 4327 olim
1629 4275 1687 4327 in
1732 4291 1863 4345 pro-

1877 4325 1926 4383 D

1943 3050 2091 3099 rum,
2121 3040 2220 3086 aut
2250 3049 2452 3103 corpus
2473 3033 2596 3085 sine
2627 3032 2873 3102 pondere
2903 3031 3066 3095 vexit,
3099 3038 3200 3086 aut
3228 3033 3407 3086 undas
3435 3050 3541 3087 sua

1939 3122 2193 3192 potentia
2217 3138 2327 3192 quo
2353 3121 2699 3175 sustinerent
2720 3127 2738 3148 ⁴¹
2764 3121 2984 3190 pondus
3009 3121 3258 3191 corporis
3284 3121 3537 3188 solidius,

1939 3211 2307 3264 conﬁrmavit.
2339 3211 2406 3264 Et
2431 3210 2577 3276 ideo,
2592 3214 2654 3263 ut
2685 3208 2881 3264 beatus
2914 3209 3219 3279 Gregorius
3247 3209 3330 3264 ait
3357 3211 3415 3264 in
3446 3211 3546 3264 ho-

1941 3298 2108 3361 miliis
2143 3297 2260 3351 suis
2286 3289 2712 3366 (llom-z'l.xxv1),
2741 3298 3130 3368 Redemptoris
3162 3297 3340 3351 nostri
3375 3314 3546 3368 opera

1941 3403 2062 3458 quae
2083 3403 2147 3438 ex
2163 3386 2478 3464 semetipsis
2491 3387 2889 3458 comprehendi
2908 3403 3262 3460 nequaquam
3284 3392 3538 3468 possunt,

1941 3490 2004 3528 ex
2027 3475 2136 3527 alia
2147 3475 2267 3543 ejus
2283 3475 2609 3545 Operatione
2632 3474 2920 3546 pensanda
2947 3480 3176 3544 sunt.'ut
3196 3474 3363 3530 rebus
3382 3475 3548 3528 mira-

1942 3550 2144 3616 bilibus
2165 3563 2326 3615 [idem
2352 3563 2638 3634 praebeant
2653 3563 2798 3615 facta
2820 3561 3182 3616 mirabiliora.
3204 3563 3347 3616 Illud
3368 3547 3540 3628 enim,

1943 3651 2144 3722 inquit,
2166 3667 2366 3720 corpus
2393 3651 2612 3704 Domini
2647 3650 2876 3704 intravit
2903 3651 2970 3704 ad
3003 3651 3321 3721 discipulos,
3351 3650 3544 3719 januis

1945 3741 2164 3800 clausis,
2203 3741 2349 3810 quod
2381 3723 2637 3795 videlicet
2667 3741 2736 3791 ad
2763 3726 3042 3792 humanos
3073 3739 3262 3792 oculos
3309 3725 3412 3811 per
3448 3755 3544 3792 na-

1945 3816 2223 3882 tivitatem
2261 3845 2420 3882 suam
2451 3829 2638 3881 clauso
2685 3828 2818 3881 exiit
2851 3838 3009 3891 utero
3043 3827 3288 3897 virginis.
3331 3825 3545 3881 Deinde

1945 3918 2140 3972 addit:
2187 3917 2330 3982 Quid
2363 3933 2495 3988 ergo
2529 3917 2737 3970 mirum
2767 3916 2814 3970 si
2860 3917 3066 3973 clausis
3091 3909 3282 3988 januis
3309 3920 3434 3988 post
3459 3909 3545 3970 re-

1944 4006 2350 4064 surrectionem
2381 4022 2542 4060 suam
2567 4005 2624 4058 in
2647 4010 2920 4062 aeternum
2942 4007 3060 4085 jam
3092 4005 3336 4083 victurus
3364 4005 3544 4058 intra-

1944 4096 2042 4160 vit,
2086 4096 2181 4167 qui
2227 4095 2533 4151 moriturus
2576 4094 2806 4150 veniens
2853 4111 2966 4152 non
2992 4079 3212 4172 aperto.
3239 4079 3399 4149 utero
3428 4094 3545 4148 vir-

1944 4185 2091 4255 ginis
2135 4185 2343 4242 exivit?
2387 4184 2523 4238 Ecce
2570 4189 2764 4260 tantus
2805 4183 3047 4262 talisque
3079 4183 3274 4258 doctor
3298 4189 3356 4236 et
3397 4200 3546 4239 sum-

1947 4291 2073 4346 mus
2099 4273 2347 4348 pontifex
2370 4274 2438 4330 de
2464 4274 2570 4328 hoc
2601 4263 2736 4344 quid
2761 4273 3028 4348 senserit,
3065 4272 3160 4348 qui
3191 4289 3386 4346 omnes
3414 4278 3546 4326 ante

258 4364 470 4436 phctis,
504 4370 561 4417 et
593 4363 866 4416 traditum
917 4369 1003 4415 est
1049 4361 1212 4416 nobis
1259 4378 1291 4414 a
1326 4358 1533 4415 sanctis
1578 4355 1926 4443 Patribus,”
1947 4380 2007 4416 se
2045 4363 2261 4443 legerat
2285 4371 2398 4420 tam
2416 4361 2640 4442 Latinos
2658 4377 2828 4431 quam
2847 4367 2906 4414 et
2925 4359 3148 4430 Griecos
3175 4357 3406 4432 eximios
3427 4355 3545 4412 tra-

261 4453 416 4524 quod
439 4452 558 4523 ipsa
571 4453 816 4522 sitporta
835 4467 958 4522 quae
979 4456 1201 4505 ostensa
1226 4456 1311 4504 est
1347 4451 1634 4528 Ezechieli,
1661 4452 1729 4504 de
1753 4468 1865 4522 qua

263 4541 433 4597 dicit:
452 4543 570 4594 Vidi
574 4545 796 4609 portam
813 4543 874 4593 in
895 4541 1052 4592 domo
1071 4526 1372 4602 Donu’nz’,rt
1395 4541 1502 4593 haec
1517 4545 1635 4593 erat
1651 4544 1865 4608 clausa;

263 4636 314 4685 et
333 4633 424 4684 vir
445 4629 564 4683 non'
579 4633 814 4682 transiet
837 4645 938 4698 per
961 4645 1078 4682 cam
1101 4633 1264 4698 μιλιιά
1287 4631 1553 4683 Dominus
1567 4630 1704 4703 Deus
1720 4647 1868 4685 cacr-

263 4722 484 4773 cituum
527 4721 806 4785 ingressus
844 4722 918 4771 est
961 4733 1208 4785 peream
1247 4718 1454 4779 (Ezech.
1499 4731 1642 4784 XLIV,
1675 4717 1755 4788 2).
1787 4719 1866 4776 De

263 4823 382 4880 qua
411 4813 573 4877 porta
615 4805 816 4860 beatus
847 4805 1177 4860 Ambrosius
1211 4806 1270 4880 in
1301 4805 1496 4878 eodem
1529 4793 1758 4877 hymno,
1796 4807 1865 4861 de

261 4879 379 4968 quo
398 4895 704 4966 dixi,quem
723 4895 781 4948 in
805 4895 1015 4948 honore
1029 4879 1419 4971 sacratissima
1441 4895 1687 4966 Virginis
1712 4913 1865 4952 com-

258 4984 484 5057 posuit:
513 4984 602 5038 Fit
629 4983 1233 5061 porta,inquit_.Christi
1256 4983 1678 5061 pervia,reterta
1701 4985 1867 5058 plena

255 5074 468 5146 gratia,
498 5073 815 5144 transitque
851 5073 967 5126 Rex
995 5078 1052 5126 et
1083 5078 1374 5142 permanet
1402 5073 1610 5151 clausa,
1637 5077 1704 5128 ut
1739 5073 1864 5150 fuit,

257 5181 368 5235 per
393 5163 615 5232 saecula.
674 5161 818 5232 Ergo
847 5178 972 5216 cum
1001 5161 1135 5216 dicit
1163 5162 1226 5214 fit
1266 5163 1474 5232 pervia,
1501 5163 1866 5234 semetipsum

264 5251 499 5324 exponit
527 5263 583 5304 et
605 5236 852 5305 ostendit
881 5251 1182 5305 transitum
1211 5251 1518 5304 nativitatis
1559 5253 1710 5324 ejus;
1741 5268 1867 5307 cum

263 5341 406 5396 dicit
453 5349 749 5412 permanet
795 5341 1002 5414 clausa,
1035 5341 1281 5400 ostendit
1307 5341 1675 5411 adimpletum
1723 5341 1870 5425 quod

265 5434 394 5483 erat
419 5429 476 5483 in
509 5430 815 5501 prophetis.
845 5431 1049 5511 Clausa
1077 5429 1250 5500 igitur
1275 5446 1388 5483 non
1412 5430 1714 5510 diceretur,
1738 5430 1784 5484 si
1813 5431 1872 5485 in

1947 4441 2208 4511 ctatores.
2254 4450 2397 4506 Ecce
2440 4467 2507 4503 ex
2527 4437 2643 4504 'hoc
2671 4466 2782 4524 upo
2816 4449 2964 4524 quod
2993 4447 3132 4502 nulli
3161 4445 3392 4502 dubium
3425 4463 3547 4504 esse

1947 4466 2208 4511 ctatores.
2254 4466 2397 4506 hcce
2440 4467 2507 4503 ex
2539 4466 2643 4504 noc
2751 4467 2782 4502 ο
2816 4466 2964 4524 quoa
2993 4466 3132 4502 nutu
3161 4466 3392 4502 auoium
3425 4466 3543 4504 esse

1947 4540 2198 4603 credidit,
2232 4537 2505 4612 approbat
2531 4466 2846 4610 quodugrte
2868 4537 3108 4596 dubium
3152 4553 3272 4610 esse
3301 4541 3543 4606 poterat.

1936 4631 2127 4690 .Nemo
2161 4628 2335 4698 igitur
2358 4628 2454 4698 qui
2485 4615 2618 4702 sane
2643 4614 2807 4700 sapit,
2831 4627 2900 4680 de
2923 4644 2984 4680 re
3016 4626 3257 4702 multum
3278 4623 3450 4678 dubia
3468 4625 3552 4680 in-

1948 4703 2414 4793 certum'aliquid
2458 4718 2740 4770 affirmare
2788 4714 3096 4770 contendit.
3117 4703 3290 4792 .U'nde
3322 4713 3456 4793 quia
3479 4713 3550 4768 de

1949 4807 2044 4860 illo
2077 4791 2326 4877 corpore.
2351 4805 2500 4876 quod
2533 4801 2706 4858 videri
2756 4809 2996 4876 poterat,
3032 4791 3169 4860 ﬁdes
3207 4801 3550 4877 intuentium

1948 4876 2244 4950 dubitabat
2289 4894 2424 4949 dum
2467 4893 2614 4950 fores
2651 4892 2956 4962 cernebant
2989 4891 3229 4958 clausas,
3281 4876 3552 4966 magister

1948 4969 2202 5038 veritatis
2231 4984 2300 5038 ab
2330 4983 2410 5038 eis
2441 4967 2663 5036 omnem
2691 4979 2874 5056 aufert
2910 4969 3278 5056 dubietatem,
3313 4998 3438 5054 cum
3467 4979 3548 5034 eis

1949 5063 2152 5136 manus
2182 5059 2412 5130 etlatus
2442 5053 2972 5143 palpare'et'videre
2999 5053 3178 5142 jubet.
3220 5071 3306 5126 Ita
3353 5061 3410 5122 et
3457 5065 3547 5120 hic

1951 5168 2150 5216 auctor
2177 5149 2438 5232 egregius
2467 5161 2536 5214 de
2566 5156 2669 5235 hoc
2700 5159 2848 5232 quod
2877 5159 3136 5240 omnibus
3165 5159 3221 5212 in
3251 5171 3548 5226 commune

1951 5257 2166 5304 certum
2199 5266 2320 5303 esse
2348 5248 2602 5323 credidit,
2647 5265 2765 5302 rem
2794 5247 2955 5309 valde
2981 5247 3262 5323 difficilem
3307 5242 3550 5323 astruxit

1953 5347 2011 5396 et
2040 5328 2302 5414 firmavit,
2337 5321 2486 5414 quod
2536 5355 2736 5410 corpus
2765 5321 3114 5412 Dominicum
3147 5337 3272 5405 post
3299 5321 3547 5406 resurre-

1953 5411 2197 5514 ctionem
2234 5411 2431 5502 januis
2473 5428 2678 5500 clausis
2724 5425 3026 5500 introierit,
3055 5421 3333 5497 fueritque
3369 5422 3545 5506 incor-

335 5559 356 5580 ³
379 5553 496 5620 Quo
522 5540 972 5608 sustinerentlta
1003 5552 1454 5624 emendavimus;
1483 5569 1618 5609 nam
1636 5555 1900 5624 corrupet
1926 5550 2224 5624 legebatur
2256 5567 2362 5622 quo
2381 5555 2672 5608 sustinere.
