3992 6166
448 243 584 300 1383

1195 242 1255 297 S.
1294 238 1674 296 PASCHASII
1713 236 2076 293 RADBERTI
2113 236 2420 295 ABBATIS
2457 232 2957 299 CORBEIENSIS.

3591 251 3732 310 1381

441 367 708 441 ruptibile
746 368 869 440 pari
915 367 1083 422 modo
1129 372 1187 422 et
1213 364 1510 439 palpabile.
1539 365 1753 419 Tamen
1792 361 2106 434 quolibetA
2124 368 2301 418 tatem
2332 364 2555 421 debitus
2583 366 2766 423 honor
2804 369 3006 424 matris
3037 374 3096 425 et
3123 372 3443 429 reverentia
3470 374 3728 445 pudoris.

444 463 606 529 pacto
644 457 935 528 ingressus
972 473 1038 511 ex
1075 456 1374 526 Evangelio
1417 454 1488 508 ad
1524 453 1826 524 discipulos
1848 453 2040 523 januis

444 546 649 602 clausis
668 546 955 617 probatur,
986 546 1131 600 sicut
1165 550 1223 598 et
1257 544 1447 597 clauso
1478 547 1640 597 utero
1670 541 1902 611 virginis
1937 558 2039 594 na-

443 644 555 692 tus.
582 636 743 701 Quod
771 636 819 690 si
847 640 1013 689 natus
1042 634 1120 688 sic
1149 651 1249 705 per
1275 633 1496 687 vulvam
1515 632 1643 701 jure
1673 631 1783 684 dici
1813 647 1924 685 non
1945 646 2041 701 po-

442 730 571 789 test,
611 729 676 777 ut
719 723 814 776 isti
853 723 1063 785 volunt,
1096 720 1326 775 omnino
1368 736 1470 773 nec
1508 720 1793 789 ingressus
1822 735 1923 789 per
1953 720 2039 788 ja-

444 829 586 867 nuas
609 831 622 879 ;
656 816 713 865 et
726 810 1214 879 tameningressus
1235 808 1305 863 ad
1332 824 1427 863 eos
1440 807 2037 878 convincitur,quando

443 900 501 953 in
520 901 704 955 medio
724 915 919 953 eorum
934 899 1154 952 stetisse
1187 897 1411 967 legitur.
1438 897 1594 951 Sicut
1614 902 1672 950 et
1692 896 1761 950 de
1783 897 2037 967 sepulcro

443 1005 700 1059 egressus
728 988 948 1057 signato
978 991 1344 1040 monumento
1371 991 1388 1014 ‘
1418 990 1783 1049 monstratur,
1819 985 2042 1056 quando

442 1078 676 1147 angelus
698 1076 927 1130 revolvit
949 1075 1191 1147 lapidem
1222 1081 1280 1128 et
1307 1090 1542 1128 vacuum
1573 1073 1821 1127 ostendit
1849 1090 2044 1127 monu-

443 1166 719 1220 mentum.
750 1164 911 1220 Unde
949 1163 1158 1234 liquido
1179 1167 1416 1227 constat,
1449 1161 1598 1232 quod
1627 1161 1774 1215 sicut
1810 1178 2039 1215 saxeum

443 1254 581 1308 illud
611 1253 818 1307 ostium
840 1252 891 1306 ei
910 1252 1161 1323 pervium
1183 1257 1241 1305 et
1271 1249 1615 1322 penetrabile
1644 1249 1770 1316 fuit,
1807 1266 1908 1304 nec
1938 1267 2041 1321 po-

446 1345 556 1400 tuit
583 1344 839 1400 cohibere
871 1344 1053 1398 vivum
1098 1359 1264 1414 quem
1303 1341 1458 1413 prius
1501 1340 1797 1395 claudebat
1837 1341 1940 1395 sub
1970 1341 2042 1396 si-

442 1433 577 1503 gillo
608 1439 913 1497 mortuum,
944 1433 1025 1487 ita
1048 1439 1105 1487 et
1124 1432 1428 1486 claustrum
1471 1429 1719 1484 matricis
1748 1435 1917 1500 atque
1943 1447 2039 1501 ge-

444 1523 618 1576 nitale
648 1522 880 1591 virginis
910 1538 1036 1574 cum
1080 1526 1229 1574 esset
1268 1521 1520 1573 clausum
1557 1524 1613 1572 et
1640 1518 1923 1587 signatum
1959 1520 2035 1572 si-

2124 452 2269 506 Hinc
2290 470 2513 525 quoque
2533 455 2733 511 beatus
2745 457 3075 513 Ambrosius
3103 460 3444 531 hymnidicis
3466 463 3730 520 laudibus

2121 542 2445 611 testatur(in
2460 543 2672 615 hymno
2690 548 2752 598 in
2774 549 2959 600 natali
2981 549 3138 602 Domi
3142 552 3206 602 ni
3208 550 3403 620 ;,quod
3418 552 3731 608 claustrum

2121 629 2352 700 pudoris
2363 633 2756 703 permanserit,
2789 642 2847 689 et
2860 635 3059 690 vexilla
3090 636 3363 692 virtutum
3394 638 3455 693 in
3478 656 3550 693 ea
3571 640 3734 696 fulse-

2120 718 2320 784 rint,in
2340 737 2452 790 qua
2467 727 2587 775 tota
2597 724 2861 793 majestas
2876 724 3113 779 Deitatis
3132 732 3409 791 versatur,
3425 745 3723 800 quousque

2120 808 2412 878 plenitudo
2441 811 2710 882 temporis
2738 812 2966 866 advenit
2994 814 3269 883 pariendi.
3320 816 3472 885 Ergo
3518 816 3581 870 in
3624 834 3732 888 qua

2124 896 2434 952 claustrum
2472 899 2701 970 pudoris
2746 900 3034 970 integrum
3070 903 3404 973 permansit,
3433 904 3600 958 nulla
3629 905 3735 960 dis—

2126 985 2312 1056 ruptio
2342 986 2663 1054 intervenit,
2683 989 2838 1043 nulla
2862 990 3077 1044 vexatio
3096 990 3299 1058 carnis,
3326 992 3489 1047 nulla
3509 992 3733 1047 foeditas

2125 1074 2259 1129 dirze
2288 1075 2643 1130 conditionis.
2673 1078 2741 1132 Et
2769 1077 2828 1131 in
2858 1094 2970 1149 qua
2998 1079 3200 1133 vexilla
3244 1080 3526 1135 virtutum
3562 1082 3734 1136 mica-

2122 1168 2275 1229 runt,
2309 1164 2524 1218 nullum
2556 1174 2844 1236 peccatum
2866 1167 3061 1237 prima:
3085 1167 3319 1238 originis
3359 1175 3425 1224 ut
3453 1172 3735 1225 cruciare-

2122 1258 2234 1317 tur,
2266 1252 2461 1323 viguit.
2484 1254 2786 1309 Fulserunt
2800 1261 2996 1310 autem
3020 1257 3219 1311 vexilla
3235 1257 3517 1312 virtutum
3549 1259 3612 1314 in
3638 1260 3733 1314 illo

2122 1356 2281 1394 sacro
2312 1342 2859 1414 puerperio,quando
2881 1345 3039 1415 virgo
3054 1347 3312 1417 concepit
3330 1347 3453 1402 sine
3487 1348 3727 1413 semine,

2120 1428 2273 1500 virgo
2316 1431 2532 1502 peperit
2562 1432 2684 1487 sine
2714 1433 2905 1488 dolore
2933 1439 2991 1488 et
3033 1436 3268 1505 gemitu,
3311 1442 3371 1491 et
3416 1438 3737 1508 permansit

2121 1517 2274 1586 virgo
2306 1519 2543 1574 fecunda
2567 1522 2742 1592 prole.
2782 1522 2899 1576 Hoc
2923 1523 3127 1594 quippe
3149 1530 3235 1578 est
3263 1526 3582 1580 claustrum
3612 1544 3736 1597 per-

439 1610 576 1681 gillo
606 1610 852 1681 pudoris,
886 1626 1012 1663 cum
1044 1608 1258 1679 impleti
1281 1612 1470 1661 essent
1497 1607 1615 1660 dies
1646 1606 1901 1677 pariendi
1923 1622 2036 1659 non
2064 1622 2347 1682 _manere
2376 1608 2625 1679 pudoris,
2657 1609 2716 1663 in
2746 1610 2900 1664 nullo
2930 1611 3197 1665 violatum
3221 1629 3343 1666 esse
3369 1613 3627 1682 genitale
3654 1632 3739 1668 se-

443 1676 629 1770 potuit
654 1698 876 1752 obstare
906 1676 1142 1768 partum—
1170 1695 1464 1765 integritas
1504 1676 1771 1765 carperis,
1808 1710 1910 1748 nec
1953 1700 2042 1746 ta—
2064 1676 2110 1736 Β
2128 1700 2342 1749 cretum
2370 1676 2515 1767 quod
2543 1698 2594 1751 ei
2625 1698 2731 1751 fuit
2757 1704 3036 1769 apertum.
3061 1698 3186 1754 Non
3210 1700 3269 1754 in
3294 1676 3596 1773 conceptu,
3622 1720 3737 1758 non

444 1804 577 1842 men
607 1788 763 1858 eguit
797 1785 1057 1851 reserari,
1090 1785 1223 1856 quia
1253 1801 1365 1839 non
1393 1784 1644 1855 oportuit
1668 1790 1733 1837 ut
1759 1789 1905 1837 esset
1935 1788 2047 1837 tor-

444 1883 698 1931 mentum
725 1876 776 1929 ei
808 1875 904 1945 qui
923 1879 1045 1928 erat
1068 1875 1248 1927 honor
1277 1872 1475 1927 matris
1504 1878 1562 1927 et
1578 1872 1871 1942 gaudium.
1913 1872 2047 1943 quia

445 1965 561 2019 Deo
584 1970 768 2019 totum
800 1969 923 2018 erat
962 1962 1215 2034 pervium
1243 1962 1301 2015 in
1340 1978 1405 2016 eo
1432 1961 1704 2032 quidquid
1745 1966 1869 2015 erat
1890 1962 2045 2015 clau-

445 2071 591 2120 sum,
632 2054 813 2108 honor
864 2069 995 2107 vero
1044 2051 1178 2123 quia
1223 2056 1406 2105 totum
1437 2055 1561 2105 erat
1587 2050 1862 2106 Deificum
1897 2051 2047 2122 quod

444 2147 710 2197 natum...

516 2232 720 2287 Fateor
739 2232 905 2303 plane
928 2230 1077 2301 quod
1102 2245 1215 2284 non
1242 2232 1404 2282 tanta
1432 2227 1696 2282 materies
1724 2229 2047 2300 disputandi

448 2320 634 2375 valeat
662 2320 921 2384 inveniri,
946 2335 1047 2373 cur
1072 2317 1295 2388 signato
1316 2317 1570 2387 sepulcro
1594 2317 1810 2384 exierit,
1838 2318 1922 2372 vel
1949 2334 2050 2372 cur

445 2408 650 2464 clausis
673 2408 866 2479 januis
897 2406 1180 2461 introierit
1207 2405 1279 2458 ad
1306 2404 1628 2476 discipulos,
1657 2412 1870 2477 quanta
1895 2406 2047 2477 quod

447 2498 516 2552 de
557 2497 736 2551 Maria
760 2496 993 2567 Virgine
1040 2495 1230 2549 clauso
1258 2493 1478 2547 (exierit
1504 2499 1686 2549 utero.
1724 2496 1789 2550 In
1836 2495 1948 2549 illis
1977 2496 2048 2549 si-

448 2586 673 2657 quidem
726 2585 1045 2639 declaratur
1074 2582 1266 2637 divina
1307 2583 1592 2652 majestas,
1628 2583 1685 2637 in
1725 2584 1829 2638 hac
1857 2589 2048 2639 autem

447 2679 795 2729 monstratur
841 2672 1031 2727 divina
1060 2669 1331 2741 dignatio,
1382 2675 1438 2724 et
1479 2672 1787 2726 secundum
1828 2669 2050 2727 hd‘mili—

517 2788 533 2809 "
564 2781 796 2847 Signata
818 2776 1468 2835 monwnenta.Acherius
1498 2778 1753 2834 ediderat
1772 2782 2047 2849 signatus;

446 2853 591 2921 quod
622 2857 840 2906 natum.

2127 1783 2185 1837 in
2208 1790 2392 1854 partu,
2425 1802 2536 1839 non
2559 1786 2616 1840 in
2646 1787 2762 1841 ulla
2789 1787 3115 1842 confusione
3143 1789 3560 1859 parturitionis.
3587 1792 3740 1847 Nam

2128 1877 2185 1926 et
2205 1873 2448 1927 Ecclesia
2469 1875 2678 1929 Christi
2696 1876 2878 1931 omnis
2898 1882 3018 1931 tam
3032 1877 3286 1932 Romana
3306 1894 3480 1949 quam
3498 1886 3558 1934 et
3578 1880 3741 1935 Grae-

2129 1978 2195 2015 ca
2226 1962 2305 2016 sic
2332 1980 2437 2017 sua
2460 1969 2518 2017 et
2545 1964 2735 2020 divina
2763 1966 3005 2021 fidenter
3036 1967 3189 2021 canit
3212 1968 3557 2023 auctoritate
3581 1970 3743 2040 quod

2129 2051 2347 2122 peperit
2376 2051 2544 2123 Virgo
2589 2053 2709 2109 sine
2744 2055 2956 2120 dolore,
2989 2056 3137 2128 quod
3162 2058 3474 2127 permansit
3504 2058 3746 2112 inviola-

2128 2145 2207 2206 ta,
2228 2140 2493 2211 quoniam
2520 2158 2645 2197 eam
2675 2142 2734 2197 in
2761 2143 3022 2198 omnibus
3050 2144 3281 2200 illaesam
3313 2146 3750 2218 servavitSpiri-

2127 2232 2221 2283 tus
2252 2236 2499 2296 sanctus,
2531 2237 2595 2285 ut
2634 2231 2789 2302 virgo
2821 2231 3055 2288 haberet
3098 2233 3296 2300 filium,
3331 2240 3390 2289 et
3415 2242 3751 2291 servaretur

2131 2316 2182 2371 ei
2212 2317 2393 2374 honor
2427 2324 2585 2374 tanto
2626 2336 2859 2376 munere
2892 2322 3115 2392 dignus,
3172 2329 3385 2394 quanta
3426 2325 3756 2380 sanctiﬁca-

2126 2405 2283 2461 tione
2311 2414 2507 2462 uterus
2534 2408 2651 2463 Deo
2677 2409 2849 2465 fuerit
2871 2410 3184 2467 dedicatus.

2130 2626 2133 2629 γ
2200 2587 2642 2655 Explicittomus
2670 2590 2733 2643 de
2776 2592 2951 2644 Partu
3003 2592 3245 2658 Virginis
3273 2592 3466 2646 Mariis
3506 2596 3755 2662 prima:

2131 2691 2249 2729 una
2278 2692 2405 2729 cum
2428 2680 2603 2731 sacris
2629 2681 2947 2747 virginibus
2974 2680 3279 2734 dedicatus.

2130 2781 2279 2836 idem
2293 2782 2595 2854 scripserat
2606 2786 2873 2852 Dei/tcum
2887 2802 2992 2855 quo
3009 2792 3231 2856 natum,
3250 2785 3349 2842 ubi
3376 2789 3760 2860 reposuimus

1654 3115 1936 3187 LIBER
1983 3114 2500 3192 SECUNDUS.

518 3379 670 3433 Inter
697 3392 982 3431 sacrarum
1012 3374 1427 3445 Scripturarum
1451 3372 1673 3444 eloquia
1694 3375 1938 3429 cavenda
1958 3382 2045 3431 est
2064 3380 2106 3439 C
2125 3376 2383 3431 Genitrix
2410 3376 2529 3430 sola
2556 3378 2711 3447 virgo
2732 3381 2858 3448 post
2886 3382 3111 3448 partum
3140 3382 3198 3431 et
3223 3376 3555 3448 incorrupta
3598 3378 3755 3437 fuit.

447 3482 669 3537 semper
689 3482 832 3520 vana
852 3470 909 3519 et
922 3463 1308 3534 superstitiosa
1324 3461 1695 3532 intelligentia
1714 3482 1726 3530 ;
1752 3464 1883 3535 quia
1903 3465 2048 3519 sicut

450 3555 508 3609 in
535 3553 851 3609 Proverbiis
879 3553 1104 3623 legitur,
1118 3553 1364 3622 perversi
1390 3552 1618 3617 difﬁcile
1638 3555 2047 3621 corriguntur;

447 3650 495 3698 et
523 3647 825 3698 stultorum
859 3644 1119 3710 inﬁnitus
1148 3644 1223 3694 est
1253 3655 1521 3693 numerus
1541 3640 1730 3706 (Eccli.
1762 3658 1798 3706 ι,
1830 3642 1900 3694 15
1929 3681 1942 3693 .
1977 3643 2046 3696 Et

446 3732 571 3787 ideo
601 3731 974 3804 quorumdam
997 3729 1235 3783 fratrum
1267 3728 1716 3798 temeritasquia
1736 3731 1911 3784 semel
1940 3748 2045 3784 cce-

448 3819 532 3890 pit
567 3824 919 3874 sacramenta
965 3816 1137 3871 divini
1170 3814 1420 3869 muneris
1458 3815 1676 3885 procaci
1715 3816 2045 3887 disputatio-

445 3923 516 3960 ne
537 3908 970 3975 commaculare,
1000 3911 1059 3961 et
1087 3904 1416 3976 mysterium
1449 3904 1593 3957 sacri
1624 3909 1819 3974 partus
1847 3922 2045 3976 super-

372 4003 376 4007 ’
448 3998 560 4051 ﬂua
598 3997 963 4069 inquisitione
1003 3995 1304 4060 discutere,
1337 3993 1558 4047 malunt
1601 4010 1729 4047 cum
1768 3994 2044 4051 haereticis

444 4102 657 4150 errare,
683 4102 851 4155 quam
882 4101 1009 4139 cum
1034 4082 1322 4138 catholicis
1342 4098 1465 4153 quae
1489 4082 1635 4135 male
1654 4082 1909 4138 sentiunt
1926 4100 2045 4138 cor-

442 4173 646 4242 rigere.
671 4173 838 4228 Unde
867 4172 972 4227 sibi
1003 4172 1134 4243 quia
1164 4171 1335 4225 rimas
1365 4187 1519 4225 vanaa
1541 4170 1937 4241 disputationis
1961 4172 2043 4227 in-

444 4260 693 4325 veniunt,
726 4260 1006 4313 sentinam
1035 4276 1217 4330 pravae
1256 4258 1581 4313 colluvionis
1607 4259 1677 4313 ad
1708 4259 2041 4315 submersio-

442 4366 574 4405 nem
604 4348 922 4403 animarum
951 4347 1200 4401 faetidam
1224 4347 1392 4401 nimis
1413 4347 1469 4400 in
1497 4347 1760 4402 Ecclesiis
1779 4348 2037 4404 introdu-

440 4444 593 4505 cunt,
626 4438 762 4493 dum
783 4436 978 4491 dicunt
1006 4435 1270 4489 mendose
1300 4434 1535 4489 Mariam
1565 4434 1846 4505 Virginem
1877 4445 2038 4493 natu-

441 4528 547 4583 rali
576 4528 699 4599 lege
727 4526 1029 4581 Dominum
1065 4523 1348 4595 peperisse
1377 4522 1524 4577 sicut
1552 4523 1780 4594 reliqua:
1809 4526 2036 4595 pariunt

441 4613 681 4684 feminae,
715 4622 772 4671 et
801 4631 915 4670 non
944 4613 1169 4668 aliunde
1188 4613 1245 4666 in
1267 4617 1433 4684 partu
1451 4611 1829 4684 incorruptam
1859 4616 2030 4670 fuisse

2127 3464 2355 3520 Talibus
2375 3464 2550 3535 igitur
2578 3470 2635 3519 et
2671 3463 2995 3535 hujusmodi
3040 3465 3377 3536 vaniloquiis
3424 3465 3565 3519 dum
3595 3484 3751 3521 suas

2127 3553 2449 3607 diffundunt
2476 3553 2692 3621 nenias,
2726 3558 3046 3606 sanctorum
3094 3553 3327 3608 Patrum
3373 3555 3755 3624 praemittunt

2125 3642 2545 3708 auctoritatem,
2586 3647 2644 3697 et
2690 3642 3103 3697 commaculant
3147 3642 3478 3696 catholicam
3529 3645 3745 3701 ﬁdem.

2125 3731 2303 3793 Unde,
2348 3747 2553 3801 quaeso,
2589 3731 2722 3802 quia
2747 3736 2942 3785 nostra
2976 3730 3356 3801 dedignantur
3381 3732 3602 3797 audire,
3636 3752 3752 3791 au-

2126 3818 2285 3872 diant
2311 3817 2539 3872 beatum
2569 3819 2966 3889 Augustinum,
2985 3818 3075 3872 cui
3090 3820 3467 3874 contradicere
3493 3820 3581 3874 fas
3612 3838 3747 3878 non

2128 3912 2231 3968 est,
2258 3906 2326 3959 de
2357 3907 2463 3960 hac
2493 3923 2555 3960 re
2585 3906 2643 3960 in
2679 3906 2821 3961 libro
2851 3906 3416 3979 Euchiridii(cap.3!i)
3434 3908 3588 3962 inter
3618 3927 3748 3965 cae-

2125 4000 2248 4049 tera
2276 3995 2679 4065 disputantem.
2704 3995 2802 4048 Ait
2825 3994 2974 4048 enim
3000 4012 3012 4047 :
3037 3994 3191 4048 Nihil
3215 3995 3471 4049 humana;
3501 4002 3745 4053 naturae

2123 4083 2181 4136 in
2203 4083 2300 4137 illa
2328 4083 2681 4154 susceptione
2710 4083 2792 4137 fas
2819 4082 3101 4137 estdicere
3119 4083 3361 4137 defuisse
3397 4084 3522 4137 Non
3535 4087 3742 4155 qualis

2123 4171 2192 4226 de
2212 4182 2451 4242 utroque
2472 4189 2607 4226 sexu
2622 4172 2871 4226 nascitur
2889 4188 2989 4242 per
3001 4172 3506 4243 concupiscentiam
3529 4176 3739 4231 carnis

2121 4276 2249 4315 cum
2269 4259 2608 4331 obligatione
2638 4260 2846 4323 delicti,
2879 4261 3039 4331 cujus
3066 4267 3255 4316 reatus
3284 4262 3737 4332 regenemtione

2119 4348 2371 4415 diluitur,
2414 4350 2511 4403 sed
2555 4350 2779 4420 qualem
2824 4350 2894 4403 de
2941 4349 3153 4419 virgine
3200 4349 3351 4404 nasci
3392 4351 3735 4421 oportebat,

2118 4454 2287 4507 quem
2317 4438 2456 4492 fides
2477 4438 2674 4492 matris
2701 4454 2815 4492 non
2844 4436 3014 4491 libido
3042 4444 3400 4509 conceperat;
3440 4440 3739 4510 quoniam

2117 4525 2164 4579 si
2186 4526 2269 4579 vel
2299 4543 2399 4597 per
2423 4531 2744 4581 nascentem
2766 4533 3222 4597 corrumperetur
3238 4528 3357 4598 ejus
3390 4527 3733 4599 integritas,

2117 4629 2230 4666 non
2262 4614 2382 4684 jam
2425 4613 2519 4668 ille
2544 4614 2613 4668 de
2641 4614 2854 4684 virgine
2882 4619 3225 4679 nasceretur,
3256 4631 3497 4686 eumque
3546 4616 3730 4682 falso,

440 4704 809 4770 solummodo,
842 4704 950 4758 nisi
981 4702 1114 4774 quia
1140 4719 1205 4757 ex
1228 4700 1332 4755 viri
1362 4700 1512 4755 coitu
1544 4717 1658 4755 non
1689 4706 2021 4775 conceperit.
2044 4691 2095 4751 D
2114 4701 2261 4772 quod
2291 4701 2668 4763 abSit.natum
2698 4703 2767 4757 de
2793 4702 3015 4774 Virgine
3039 4702 3218 4757 Maria
3244 4708 3362 4757 tota
3408 4705 3736 4761 conﬁtetur

437 4789 693 4860 Decujus
713 4792 1127 4862 incorruptione
1142 4792 1263 4862 jam
1294 4806 1382 4844 me
1409 4806 1581 4861 supra
1603 4791 1739 4845 satis
1769 4792 1827 4845 in
1857 4794 2031 4863 priori

436 4884 593 4932 tomo
608 4878 810 4932 dixisse
830 4879 1015 4932 credo.
1034 4879 1142 4934 Sed
1162 4879 1294 4950 quin
1310 4878 1403 4933 isti
1420 4878 1628 4933 nostris
1648 4895 1759 4933 non
1774 4881 2030 4950 acquies-

436 4971 573 5021 cunt
592 4965 773 5031 dictis,
796 4966 1068 5037 pervicaci
1097 4967 1461 5022 insultatione
1485 4967 1771 5022 difﬁniunt
1798 4968 2029 5040 virgini-

432 5060 608 5110 tatem
658 5070 772 5108 non
823 5053 1047 5108 aliunde
1093 5070 1261 5124 quam
1309 5073 1374 5111 ex
1405 5056 1555 5110 coitu
1592 5055 1697 5110 viri
1746 5055 2028 5125 corrumpi

433 5162 612 5215 posse,
644 5159 827 5214 neque
856 5148 1175 5213 corruptam
1187 5144 1374 5197 vocari
1398 5144 1601 5199 debere
1628 5144 2029 5213 Mariam,licet

425 5234 587 5303 juxta
614 5234 793 5304 legem
832 5231 1117 5303 pepererit
1136 5231 1752 5293 omniumfeminarum.
1769 5249 1835 5287 eo
1851 5233 2019 5303 quod,

428 5321 711 5392 inquiunt,
735 5320 838 5376 etsi
868 5319 1081 5373 viscera
1104 5319 1189 5373 vel
1203 5320 1448 5390 genitale
1469 5328 1750 5376 secretum
1763 5338 2027 5376 morecae-

429 5414 679 5464 terarum
720 5409 1054 5464 feminarum
1087 5407 1270 5479 patuit
1301 5413 1364 5462 ut
1396 5416 1719 5465 nasceretur
1745 5411 2023 5474 Christus,

426 5497 717 5568 virginitas
734 5504 925 5555 tamen
942 5497 1226 5568 corrumpi
1242 5512 1356 5552 non
1374 5498 1558 5568 potuit
1575 5515 1588 5565 ;
1604 5505 1903 5571 propterea
1921 5500 2022 5555 Dei

2113 4788 2376 4857 Ecclesia,
2422 4808 2545 4861 quae
2569 4790 2798 4846 imitans
2838 4793 2962 4862 ejus
2990 4798 3250 4857 matrem,
3278 4792 3528 4863 quotidie
3559 4797 3735 4864 parit

2113 4876 2366 4932 membra
2393 4879 2535 4949 ejus,
2568 4884 2625 4933 et
2652 4879 2809 4949 virgo
2839 4887 2944 4934 est.
2976 4881 3057 4935 De
3101 4897 3212 4953 quo
3242 4898 3377 4936 sane
3422 4899 3594 4952 opere
3636 4885 3732 4940 ad

2111 4966 2479 5021 Volusianum
2504 4967 2641 5022 satis
2670 4968 2959 5039 eleganter
2984 4968 3193 5036 scribit,
3235 4971 3305 5024 ad
3331 4987 3493 5042 quem
3532 4972 3732 5031 etiam

2110 5054 2313 5110 librum
2345 5072 2447 5110 nos
2474 5055 2770 5127 legendum
2800 5074 2901 5128 pro
2926 5058 3029 5113 hoc
3057 5058 3313 5113 remittit.
3333 5060 3441 5115 Sed
3461 5060 3556 5114 isti
3573 5063 3729 5132 quia

2109 5161 2213 5198 nec
2240 5144 2399 5199 illum
2419 5143 2645 5211 librum,
2669 5162 2772 5200 nec
2792 5146 2942 5201 hunc
2970 5147 3153 5202 locum
3178 5148 3365 5218 legere
3396 5149 3605 5213 volunt,
3620 5167 3725 5206 er-

2107 5239 2238 5287 rant
2264 5250 2369 5288 sua
2395 5235 2714 5289 temeritate
2739 5234 2979 5306 decepti.
3010 5235 3295 5307 Alioquin,
3327 5244 3393 5291 ut
3433 5237 3519 5291 hic
3547 5255 3725 5309 egre-

2105 5322 2232 5393 gius
2255 5323 2450 5377 doctor
2478 5322 2709 5388 fatetur,
2730 5323 2779 5378 si
2798 5325 2885 5378 vel
2911 5342 3011 5396 per
3035 5332 3357 5381 nascentem
3379 5345 3720 5402 corrumpe.

2105 5418 2264 5466 retur
2288 5411 2585 5484 integritas
2604 5412 2911 5483 virginalis,
2936 5430 3047 5469 non
3074 5414 3157 5469 fas
3185 5422 3335 5471 esset
3360 5433 3484 5471 eam
3512 5418 3716 5477 dicere

2104 5499 2397 5571 virginem,
2410 5506 2724 5574 corruptas
2741 5509 3007 5559 nascente
3025 5503 3369 5576 virginitate.
3401 5507 3473 5563 Et
3496 5507 3547 5562 si
3582 5525 3712 5563 con
