3992 6166
487 190 662 287 139ι’
1241 216 1300 271 s.
1344 207 1723 268 usuusu
1762 202 2122 261 assessu
2159 202 2464 258 ABBATIS
2503 198 2996 258 consumas.
3580 202 3697 260 1392

484 349 714 423 quiescit
740 348 805 401 in
824 359 916 399 ore
941 342 1205 411 sapientis
1228 339 1401 406 (Prov.
1424 353 1480 401 ι,
1506 334 1608 400 l3).
1632 334 1696 390 In
1722 348 1819 387 ore
1840 331 2068 403 quippe,
2087 329 2137 390 Α
2152 343 2254 382 nec
2276 326 2445 423 debet
2472 327 2980 423 aliquisplacitum
2998 327 3221 382 foederis
3237 328 3691 400 destituere,cujus

484 416 623 512 quia
653 437 723 491 de
750 432 919 489 corde
959 429 1366 492 manat.Qucm
1398 426 1729 479 thesaurum
1759 421 1819 475 in
1855 419 2078 475 Christo
2161 435 2221 471 se
2237 417 2440 512 pignus
2458 416 2729 488 conspicit
2756 417 3020 472 retinere.
3045 417 3186 471 Nam
3202 417 3307 471 etsi
3336 417 3477 471 inter
3501 417 3699 473 idoneos

483 505 763 593 novimus,
791 525 848 579 in
870 539 982 596 quo
997 527 1130 577 sunt
1156 529 1181 559 ι
1203 534 1386 573 omnes
1413 516 1659 569 thesauri
1683 513 1980 581 sapientiae,
1998 516 2081 565 at-
2160 505 2476 577 probosque
2522 506 2668 560 viros
2717 523 2940 578 semper
2986 511 3152 577 pacta
3211 511 3511 569 servantur,
3559 508 3705 578 ﬁtque

485 604 587 689 que
614 618 851 673 scientia:
882 594 1124 678 (ϐοίδια,
1140 607 1216 681 3).
1250 607 1505 663 Christus
1535 621 1664 660 vero
1679 619 1780 674 per
1816 604 1978 671 fidem
2016 604 2081 655 in
2162 595 2379 649 violatae
2408 595 2537 689 ﬁdei
2567 611 2697 689 reus
2728 595 2823 666 qui
2852 601 2951 650 aut
2980 595 3249 666 placitum
3293 594 3601 660 dissolverit,
3629 602 3710 649 aut

486 708 742 762 cordibus
774 702 995 764 nostris,
1029 704 1173 752 teste
1200 696 1468 767 Apostolo
1494 695 1654 763 (Eph.
1682 705 1769 759 III,
1812 689 1912 758 l7),
1945 706 2079 745 con-

482 782 720 857 vinetus,
736 797 795 847 et
813 792 1134 860 compactus
1157 784 1446 840 charitatis
1466 784 1585 837 loro
1613 782 1640 822 ι)
1660 786 1918 845 tenetur;
1951 796 2079 833 cum

485 900 597 955 quo
625 882 813 946 Pater,
847 884 905 933 et
932 876 1175 949 Spiritus
1207 880 1433 928 sanctus
1462 874 1801 926 mansionem
1835 873 1898 923 in
1924 870 2078 922 nobis

482 974 664 1041 facere
713 969 1068 1040 dignenturo
1115 965 1292 1033 (Joan.
1339 979 1443 1025 xxv,
1490 959 1599 1029 23);
1647 965 1714 1014 ut
1753 959 1828 1013 sit
1864 959 1985 1028 jam
2020 956 2078 1010 in

482 1059 745 1115 cordibus
769 1056 976 1112 nostris
993 1055 1142 1110 Deus
1169 1052 1455 1108 dTrinitas
1485 1048 1800 1105 substantia
1840 1046 2080 1101 necdum

482 1147 899 1220 apparentium.
919 1145 1056 1199 Ecce
1079 1142 1214 1214 quid
1236 1142 1311 1196 sit
1339 1140 1496 1203 ﬁdes,
1529 1135 2075 1207 substantia,inquit,
2134 1200 2139 1205 η

2162 688 2386 753 pactum
2419 682 2704 754 irruperit,
2742 683 2826 736 vel
2864 683 3066 736 sociale
3100 684 3490 737 commercium
3533 682 3713 754 perﬁda

2161 770 2463 825 calliditate
2488 771 2825 838 mutaverit;
2852 777 3061 842 quanto
3090 771 3271 841 magis
3284 771 3589 826 inconcusse
3615 788 3711 825 ser-

2163 859 2422 925 vandum,
2457 859 2602 930 quod
2636 876 2764 913 cum
2806 860 2922 914 Deo
2967 860 3337 927 contrahitur,
3365 876 3488 914 cum
3530 858 3714 914 Christo

2162 947 2357 1013 initur,
2391 964 2461 1001 ne
2481 964 2610 1002 reus
2634 948 2858 1017 aeternis
2887 947 3103 1018 legibus
3132 946 3401 1002 obnoxius
3423 947 3711 1002 censeatur!

2162 1036 2321 1091 Unde
2351 1035 2838 1090 irretractabiliter
2866 1036 3297 1103 observandum,
3326 1035 3582 1108 quidquid
3606 1052 3710 1090 cum

2163 1126 2278 1179 Deo
2335 1124 2394 1179 in
2439 1142 2536 1197 spe
2586 1125 2899 1179 caelestium
2956 1127 3365 1196 promissorum
3420 1126 3713 1196 capulatur;

2164 1213 2313 1285 quia,
2349 1214 2453 1267 etsi
2501 1213 2758 1268 homines
2788 1213 2848 1268 in
2895 1213 3129 1268 invicem
3172 1212 3188 1255 ί
3234 1229 3617 1284 nonnunquam
3640 1218 3718 1268 aut

2162 1302 2383 1368 fallunt,
2418 1307 2518 1356 aut
2546 1302 2837 1369 falluntur,
2870 1303 3019 1357 Deus
3048 1301 3120 1356 ab
3159 1302 3389 1356 homine
3416 1301 3524 1355 falli
3551 1318 3720 1372 nequa-

2165 1408 2332 1462 quam
2376 1396 2577 1462 potest.
2623 1390 2931 1461 Propterea
2970 1390 3185 1461 exigitl
3218 1391 3354 1462 quid
3403 1389 3714 1462 promiseris;

481 1236 906 1307 sperandorum,
922 1236 1322 1300 argumentum
1350 1245 1462 1282 non
1476 1225 2078 1297 apparentium.Porro

480 1323 887 1396 sperandorum
915 1318 1230 1375 substantia
1258 1318 1445 1381 Pater,
1469 1320 1528 1370 et
1540 1314 1736 1379 Filius,
1758 1318 1816 1367 et
1837 1312 2080 1384 Spiritus

482 1417 710 1467 sanctus
735 1416 840 1476 est,
874 1413 1027 1463 totus
1062 1408 1233 1471 Deus,
1266 1406 1485 1475 integer
1522 1403 1692 1467 Deus,
1727 1418 1874 1456 unus
1902 1402 2072 1468 Deus,

481 1501 629 1555 sicut
650 1500 933 1570 Propheta
960 1497 1149 1550 canit:
1179 1498 1309 1563 Spes
1343 1508 1464 1547 mea
1496 1493 1764 1546 Dominus
1793 1493 1961 1559 (Psal.
1984 1503 2075 1558 Lv,
2162 1479 2429 1550 quoniam
2460 1485 2850 1534 remunerator
2870 1486 2956 1534 est
2986 1497 3181 1534 eorum
3219 1497 3347 1550 qua:
3373 1478 3716 1550 compleveris.

482 1590 551 1657 5).
586 1567 870 1657 Quidquid
899 1585 1050 1639 enim
1069 1583 1207 1637 illud
1234 1587 1346 1644 est,
1368 1580 1520 1652 quod
1548 1580 1697 1634 Deus
1726 1583 1830 1644 est,
1863 1579 1967 1631 hoc
1997 1584 2079 1632 to-
2100 1569 2307 1657 “Hinc
2339 1585 2562 1639 quoque
2590 1568 2823 1639 angelus
2843 1568 2902 1622 in
2930 1568 3270 1657 Apocalypsi
3302 1567 3415 1623 ait:
3441 1568 3555 1657 Esto
3574 1569 3713 1657 ﬁdelis

480 1640 1093 1732 tum‘reicte‘crcdentes
1121 1640 1355 1742 sperant
1371 1640 1542 1740 {quia
1565 1685 1630 1723 ex
1658 1668 1775 1733 illo,
1808 1640 1865 1721 et
1886 1665 1954 1720 de
1985 1666 2080 1721 illo
2100 1640 2332 1726 Busquo
2360 1658 2434 1712 ad
2472 1662 2726 1711 mortem.
2776 1658 3040 1723 Vincenti,
3088 1656 3296 1729 inquit,
3335 1657 3467 1711 dabo
3503 1656 3635 1710 edere
3668 1656 3717 1708 de

482 1767 651 1837 plena
702 1761 1100 1819 immortalitas
1128 1763 1502 1830 exspectatur.
1554 1756 1723 1828 plena
1768 1753 2074 1820 beatitudo,
2164 1749 2316 1813 ligno
2350 1748 2479 1837 vita:
2504 1746 2685 1814 (Apoc.
2720 1760 2795 1837 in,
2831 1743 2959 1837 1οη
2982 1750 3253 1815 quoniam
3284 1747 3393 1800 haec
3414 1751 3487 1799 est
3507 1744 3713 1837 victoria,

482 1855 653 1926 plena
673 1859 732 1908 et
750 1848 1180 1907 interminabilis
1203 1846 1508 1911 aeternitas,
1530 1844 2081 1915 atqueimmarcessi-

2168 1851 2279 1904 quae
2331 1836 2504 1888 uincit
2555 1836 2852 1900 iurandum,
2886 1835 3014 1903 ﬁdes
3063 1840 3257 1889 nostra
3307 1836 3359 1903 (Ι
3392 1836 3544 1887 .¹οαη.
3574 1848 3616 1897 v,
3654 1828 3714 1899 4).

480 1942 611 1998 bilis
630 1941 934 1996 vita.qum
955 1939 1146 2010 itaque
1164 1933 1551 2008 sperant,quia
1568 1949 1695 1988 cum
1710 1932 2079 2003 jurejurando

482 2030 767 2104 pollicitus
799 2040 886 2083 est
910 2027 1043 2083 olim
1075 2024 1330 2098 patribus
1358 2024 1626 2078 daturum
1665 2039 1727 2076 se
1760 2020 1952 2085 nobis;
1984 2021 2080 2093 qui

2163 1922 2327 1978 Fides
2355 1923 2572 1994 utique,
2594 1939 2717 1993 qua:
2742 1939 2844 1992 per
2872 1925 3221 1978 dilectionem
3243 1927 3501 1992 operatur
3523 1920 3647 1991 (Gal.
3672 1935 3709 1984 ν,

2163 2012 2238 2080 6),
2271 2016 2329 2065 et
2357 2028 2490 2078 non,
2520 2028 2643 2082 quae
2670 2014 2790 2066 sine
2819 2012 3071 2082 operibus
3116 2017 3347 2066 mortua
3393 2013 3517 2077 (Jac.
3545 2023 3598 2076 ιι,
3622 2005 3709 2075 ‘20),

483 2099 657 2174 Etiam
699 2118 897 2173 fecisse
938 2116 1249 2187 gaudentes
1286 2127 1311 2157 ο
1357 2111 1656 2178 credimus,
1702 2114 1760 2165 et
1786 2109 2080 2165 credentes
2158 2102 2310 2171 jacet
2336 2100 2396 2154 in
2426 2099 2747 2171 semetipsa,
2762 2117 2875 2172 qua
2902 2100 3183 2154 daemones
3207 2100 3445 2154 credunt
3463 2105 3515 2153 et
3541 2101 3714 2151 contre-

481 2224 815 2281 speramus;
854 2205 1148 2279 sperantes
1200 2220 1331 2258 vero
1388 2201 1672 2274 patienter
1708 2198 2075 2264 sustinemus,

483 2298 661 2352 donec
687 2301 816 2369 post
842 2294 1123 2350 modicum
1157 2292 1314 2362 (quia
1364 2291 1547 2346 adhuc
1587 2288 1832 2345 secundo
1872 2289 2078 2355 veniet,

2162 2189 2427 2244 miscunt.

2233 2276 2286 2335 3'.
2318 2278 2528 2333 Verum
2555 2278 2747 2349 igitur,
2766 2277 2900 2351 quia
2931 2278 3239 2332 inﬁdelitas
3269 2294 3372 2332 nos
3399 2293 3433 2331 a
3457 2276 3594 2346 ligno
3619 2274 3714 2328 vita

2165 2366 2398 2438 expulit,
2431 2382 2658 2421 necesse
2688 2372 2775 2421 est
2793 2374 2858 2421 ut
2887 2365 3128 2420 ﬁdelitas
3146 2370 3398 2420 revocet.
3426 2364 3625 2419 Dictum
3648 2366 3712 2416 est

2164 2471 2298 2526 ergo
2328 2454 2543 2509 homini
2563 2454 2621 2508 in
2650 2453 2911 2526 paradiso
2944 2472 2955 2506 :
2998 2455 3179 2521 Quare
3231 2455 3382 2507 dixit
3427 2453 3562 2506 vobis
3587 2451 3715 2515 Deus,

2166 2560 2235 2598 ne
2267 2545 2607 2599 eomederitis
2635 2544 2700 2597 de
2739 2546 2891 2612 tigno
2918 2543 3313 2610 dignoscentiae
3356 2543 3479 2595 boni
3514 2541 3719 2593 maliis?

484 2390 541 2441 et
564 2400 678 2440 non
688 2382 952 2451 tardabit)
978 2381 1268 2454 plenitudo
1293 2378 1610 2452 adoptionis
1630 2377 2083 2449 recipiatur,quze

483 2475 606 2546 jam
636 2473 695 2528 in
715 2490 813 2545 spe
828 2490 929 2545 per
955 2471 1126 2526 fidem
1146 2470 1204 2525 in
1227 2468 1388 2524 nobis
1413 2467 1633 2522 indulta
1652 2467 2079 2532 tenetur.Dedit,

484 2561 671 2635 inquit
698 2560 1056 2633 evangelista,
1084 2563 1401 2630 potestatem
1433 2560 1510 2611 eis
1529 2559 1672 2624 ﬁlios
1700 2556 1799 2611 Dei
1824 2557 1964 2622 ﬁeri,
1985 2558 2086 2624 qui

488 2666 603 2705 non
627 2667 691 2705 ex
708 2630 1100 2719 sanguinibus,
1136 2662 1307 2716 neque
1335 2661 1403 2698 ea:
1430 2646 1710 2699 voluntate
1756 2645 1962 2707 carnis,
1995 2643 2086 2696 sed

2168 2634 2285 2698 scit,
2308 2631 2512 2703 inquit,
2546 2632 2685 2686 Deus
2723 2632 2888 2700 quod,
2933 2633 2995 2684 in
3029 2645 3363 2699 quacunque
3389 2630 3474 2683 die
3510 2644 3569 2682 es
3589 2643 3635 2680 eo
3658 2641 3719 2678 co-

488 2756 554 2795 ex
600 2740 705 2794 Deo
736 2712 861 2793 nati
887 2742 1018 2792 sunt
1060 2712 1247 2809 (Joan.
1281 2752 1317 2799 ι,
1356 2731 1463 2803 12).
1496 2732 1576 2787 Ex
1618 2732 1735 2787 Deo
1776 2731 1967 2802 itaque
1994 2747 2085 2785 re-
2168 2722 2468 2787 mederitiS,
2498 2723 2659 2775 ω’ἱειέ
2698 2724 2840 2809 sicut
2861 2720 2947 2773 ἀίί
2971 2719 3235 2809 (Gen-1H)
3268 2717 3317 2785 Ῑ»
3340 2716 3568 2809 5):_Q_l13_3
3591 2712 3719 2809 '{i'fli'

485 2831 815 2893 nascuntur,
836 2826 933 2898 qui
962 2801 1084 2880 ﬁde.
1101 2823 1268 2896 plena
1296 2838 1367 2877 ex
1398 2801 1545 2893 aqua
1566 2825 1625 2875 et
1654 2820 1868 2891 Spiritu
1879 2801 2085 2873 sancto
2168 2826 2294 2898 tum
2324 2809 2483 2876 ﬁdes,
2504 2809 2617 2863 imo
2633 2808 2935 2898 inﬁdelitas
2956 2824 3022 2862 ex
3044 2807 3281 2898 mundo,
3303 2804 3585 2898 ct‘diabolo
3605 2801 3712 2856 fuit:

490 2919 563 2974 ad
588 2894 935 2973 immortalia
960 2894 1324 2968 renovantur.
1358 2910 1508 2973 Haec,
1542 2909 1794 2979 inquam,
1815 2913 1903 2962 est
1923 2907 2083 2975 ﬁdes,
2168 2897 2373 2953 idcirco
2393 2897 2532 2952 satis
2548 2902 2771 2969 oportet
2790 2913 2856 2950 ex
2877 2897 2992 2951 Deo
3011 2896 3085 2950 sit
3107 2895 3271 2961 ﬁdes,
3287 2894 3415 2949 etin
3442 2894 3618 2955 Deum,
3639 2904 3723 2979 per

490 3007 661 3080 plena
688 3006 825 3069 Deo,
868 3002 1036 3074 plena
1060 2998 1287 3054 deitatis
1329 2977 1667 3060 substantia,
1697 3012 1810 3067 qua
1848 2994 2149 3054 renasci-0
2171 3003 2339 3057 quam
2364 2986 2479 3040 itur
2507 2986 2577 3041 ad
2603 2986 2801 3080 Deum,
2836 2990 2898 3080 ut
2927 3001 3039 3039 non
3070 3001 3136 3039 ex
3157 2999 3302 3049 sese,
3331 2989 3429 3038 ant
3462 2999 3520 3036 ex
3547 2977 3719 3080 mundi.

488 3068 656 3159 inur;
687 3068 915 3147 credere
957 3089 1207 3153 Patrem,
1245 3104 1313 3141 ac
1351 3085 1575 3150 Filium,
1610 3089 1781 3155 atque
1816 3083 2092 3155 Spiritum
2174 3076 2261 3129 vel
2279 3091 2343 3129 ex
2374 3074 2663 3130 mendECiO
2691 3073 2931 3139 diabOIi;
2963 3073 3063 3127 sed
3094 3078 3215 3127 tota
3250 3073 3496 3145 pendeat
3526 3086 3585 3124 ex
3615 3068 3719 3129 Deo,

490 3185 954 3243 sanctum,unum
970 3177 1171 3242 Deum,
1192 3191 1406 3241 verum,
1426 3177 1873 3245 permanentem,
1887 3172 2094 3226 incom-
2176 3168 2235 3217 et
2252 3169 2478 3217 maneat
2502 3163 2562 3217 in
2583 3163 2783 3217 Deum.
2806 3160 3089 3231 Alioquin,
3121 3161 3406 3231 quomodo
3426 3159 3621 3214 vincere
3644 3169 3720 3225 p0-

491 3267 841 3333 mutabilem,
874 3263 1464 3337 sempiternumJiazc,
1483 3262 1734 3333 inquam,
1757 3266 1844 3315 est
1870 3277 2097 3333 Spemn-
2176 3255 2289 3305 test
2316 3251 2608 3316 mundum,
2637 3250 2684 3304 si
2714 3248 3045 3310 oblectetur,
3077 3253 3136 3303 et
3162 3249 3354 3304 faveat
3383 3248 3464 3302 his
3490 3262 3597 3318 qua:
3620 3247 3723 3337 sunt

493 3358 695 3417 dorum
748 3330 1079 3419 substantia,
1140 3358 1195 3408 et
1254 3353 1371 3406 haec
1414 3351 1505 3406 via
1540 3330 1831 3416 credendi,
1882 3330 2096 3422 repleta
2175 3340 2234 3394 in
2257 3340 2507 3394 mundo?
2531 3337 3629 3410 Propterquod,utinexsuperabilistota
3650 3330 3721 3422 sit,

495 3445 649 3500 omni
698 3442 953 3498 veritate.
986 3417 1111 3505 Qua
1139 3440 1159 3482 ι
1190 3440 1437 3512 profecto
1482 3439 1592 3493 ﬁde
1630 3438 1913 3493 interdum
1942 3417 2095 3492 totus
2176 3435 2241 3481 ιιι
2267 3427 2401 3493 dixi.
2436 3428 2494 3482 in
2541 3428 2742 3493 Deum,
2792 3433 2847 3482 et
2878 3442 2943 3480 ex
2974 3427 3109 3492 Deo,
3151 3426 3297 3481 nihil
3324 3423 3644 3481 consentiens
3667 3417 3723 3471 fa-

493 3536 647 3590 Deus
671 3531 936 3597 creditur,
958 3535 1201 3595 tenetur,
1219 3534 1637 3599 amatur,atque
1652 3527 1857 3582 colitur
1876 3527 1961 3593 ;in
1985 3543 2098 3598 qua
2180 3515 2434 3572 velitibus
2465 3516 2756 3571 Oculorum
2796 3515 3288 3586 concupiscentiis.
3324 3521 3381 3569 et
3420 3512 3724 3599 ίηίωίεοιξυω

497 3622 639 3679 nihil
663 3596 1089 3685 vacuum,rnihil
1111 3617 1367 3683 dubium,
1395 3596 1648 3687 nihilque
1673 3596 2096 3684 adumbmtdm,
2178 3604 2433 3670 fallaciis,
2460 3604 2518 3659 in
2547 3604 2750 3675 quibus
2779 3603 2905 3658 vitae
2936 3602 3203 3675 superbia
3248 3604 3612 3665 ministratur;
3634 3596 3722 3650 imo

498 3713 596 3768 sed
624 3711 884 3776 solidum,
916 3709 1221 3778 integrum,
1250 3710 1420 3777 atque
1438 3721 1653 3759 verum.
1765 3726 1769 3731 τ
2184 3694 2474 3765 praeceptis
2493 3693 2594 3748 Dei
2607 3692 3150 3763 obediat,promissis
3175 3687 3615 3758 inhzereat,dictis
3631 3698 3723 3738 cre-

566 3799 623 3854 2.
656 3774 787 3854 Haec
818 3774 1014 3869 igitur,
1037 3774 1106 3850 ut
1133 3774 1363 3866 quidam
1401 3788 1711 3859 difﬁniunt,
1747 3792 1905 3864 origo
1928 3790 2094 3863 justi-
2185 3783 2302 3845 dat.
2334 3799 2400 3837 ex
2428 3798 2595 3836 carne
2647 3788 2705 3835 et
2751 3782 2821 3836 de
2872 3781 3082 3835 mundo
3119 3780 3262 3835 nihil
3304 3782 3602 3869 praesumat.
3631 3774 3726 3869 Qua

499 3890 592 3945 tia:
638 3892 742 3953 est,
792 3882 1107 3941 sanctitatis
1158 3888 1348 3954 caput,
1396 3880 1710 3936 devotionis
1737 3880 2096 3952 principium,

504 3976 795 4047 religionis
840 3974 1038 4045 utique
1085 3971 1553 4027 fundamentum:
1614 3970 1736 4024 sine
1778 3985 1891 4041 qua
1936 3985 2102 4023 nemo

504 4034 686 4122 Deuum
716 4034 1047 4134 promeruit,
1087 4058 1276 4114 nullus
1304 4058 1452 4113 viam
1479 4034 1815 4112 sanctitatis-
1840 4056 2099 4128 arripuit.
2186 4049 2460 4122 apostolo,
2490 4048 2899 4120 sperandorum
2929 4046 3255 4102 substantia
3282 4045 3558 4134 divinitus
3578 4034 3733 4134 praedi:

508 4155 608 4208 Est
635 4126 786 4205 enim
815 4150 1099 4213 innocens,
1136 4152 1193 4202 et
1220 4162 1362 4218 pura
1386 4146 1714 4212 credulitas,
1749 4162 1861 4216 qua
1881 4126 1996 4200 itur
2033 4144 2105 4199 ad
2188 4143 2367 4193 catur.
2396 4136 2465 4191 In
2495 4154 2607 4209 qua
2634 4136 2901 4191 nimirum
2915 4135 3177 4190 nihilnisi
3205 4130 3593 4204 contemplatio
3611 4126 3733 4181 deest

508 4242 713 4297 Deum.
742 4252 843 4308 per
872 4252 1040 4307 quam
1082 4233 1376 4306 praeceptis
1405 4246 1434 4287 ε
1467 4233 1800 4297 insistimus,
1833 4238 1892 4288 et
1926 4233 2107 4287 Deum
2189 4226 2435 4295 deitatis;
2456 4229 2721 4296 quoniam
2742 4227 3046 4280 ridebimus
3075 4241 3202 4279 eum
3221 4225 3389 4279 sicuti
3402 4227 3475 4277 est
3492 4222 3651 4287 (Joan.
3673 4225 3732 4273 nl,

505 4331 636 4403 jure
659 4306 787 4382 cum
808 4306 1017 4397 pietate
1036 4338 1401 4387 veneramur;
1428 4337 1549 4393 quzc
1572 4322 1840 4377 nimirum
1864 4322 2108 4376 excludit
2129 4307 2179 4366 D
2200 4316 2259 4385 2)
2291 4334 2302 4368 1
2336 4315 2620 4370 interdum
2667 4319 2855 4369 autem
2894 4317 3119 4367 tantum
3174 4313 3452 4367 credimus
3491 4308 3607 4380 Quia
3649 4306 3733 4362 est;

512 4399 705 4484 dubia,
755 4415 947 4470 ﬁrmat
972 4411 1000 4452 ιι
1031 4411 1091 4466 in
1138 4410 1327 4464 animo
1365 4409 1675 4465 certissima
1703 4410 2109 4482 promissorum
2203 4405 2308 4460 etsi
2341 4405 2581 4460 necdum
2637 4402 3113 4475 apprehendimus
3143 4402 3279 4473 quid
3329 4407 3430 4466 est,
3462 4399 3618 4453 donec
3645 4405 3736 4445 em-

512 4505 785 4564 Dei.llinc
799 4508 857 4559 et
872 4502 1035 4574 signa
1051 4499 1316 4565 ostendit,
1339 4498 1576 4553 virtutes
1590 4505 1891 4563 exercet,et
1908 4500 2118 4554 charis-
2202 4500 2400 4550 cuetur
2444 4492 2590 4565 quod
2620 4509 2686 4547 ex
2715 4498 2874 4564 parte
2905 4496 2990 4546 est
3015 4510 3027 4558 ;
3060 4507 3189 4545 cum
3218 4497 3408 4545 autem
3452 4486 3736 4574 evacuatunl

518 4600 674 4649 mata
701 4568 1187 4648 sacramentorum
1206 4588 1471 4659 complet.
1502 4588 1681 4643 Tenet
1715 4587 1890 4657 igitur
1916 4588 2122 4656 Deum,
2206 4583 2378 4639 fuerit
2400 4579 2443 4652 ι,
2468 4581 2788 4637 invenietur
2813 4586 2997 4636 totum
3025 4579 3174 4652 quod
3195 4580 3255 4634 in
3292 4578 3400 4633 ﬁde
3427 4580 3524 4632 est.
3553 4573 3612 4627 Et
3642 4568 3737 4622 ideo

520 4687 579 4737 et
607 4686 835 4736 tenetur
867 4697 900 4734 a
930 4681 1064 4735 Deo.
1090 4677 1260 4733 Aliud
1289 4676 1569 4749 siquidem
1594 4694 1627 4731 a
1657 4677 1773 4731 Deo
1805 4677 1914 4731 ﬁde
1942 4675 2124 4748 perci-
2206 4673 2346 4727 ﬁdes
2366 4678 2557 4727 nostra
2579 4672 2709 4741 jure
2729 4670 2852 4742 ipsa
2868 4668 3187 4725 substantia
3204 4667 3429 4723 deitatis
3452 4660 3734 4749 appellatur.

522 4770 731 4843 pimus,
760 4768 913 4823 aliud
942 4783 1006 4823 ex
1038 4767 1149 4823 ﬁde
1177 4746 1479 4835 debemus;
1509 4782 1631 4838 quae
1671 4746 1961 4821 nimirum-
1984 4765 2124 4820 ﬁdes
2207 4777 2330 4833 quas
2357 4767 2443 4816 est
2468 4760 2875 4832 sperandorum
2923 4757 3181 4826 facultas,
3209 4757 3257 4812 si
3295 4754 3445 4843 forte,
3473 4750 3599 4843 nihil
3624 4746 3740 4843 intra

523 4830 752 4931 pactum
780 4862 886 4923 est,
914 4857 1001 4910 vel
1030 4830 1562 4912 faedusiuterDeum
1582 4860 1640 4911 et
1666 4854 1939 4910 homines.
1962 4853 2123 4908 Unde
2206 4830 2265 4904 se
2287 4849 2356 4904 de
2385 4848 2481 4904 illo
2500 4830 2777 4915 tenuerit,
2805 4846 2915 4902 nisi
2945 4845 3094 4919 quod
3110 4844 3233 4916 ipse
3248 4849 3349 4900 est.
3367 4837 3606 4910 Alioquin
3629 4830 3736 4886 falsa

2184 3888 2340 3937 sane,
2369 3871 2417 3925 si
2447 3870 2571 3942 quis
2600 3870 2871 3937 nascitur,
2897 3870 3027 3936 ﬁde,
3059 3875 3229 3924 natus
3255 3886 3323 3925 ex
3350 3870 3461 3923 Deo
3487 3861 3515 3897 "
3539 3866 3727 3937 parente

2185 3960 2363 4032 ipsius
2386 3960 2515 4030 jure
2544 3959 2787 4027 dicitur;
2818 3959 2953 4031 quia
2987 3958 3116 4012 talis
3153 3976 3218 4013 ac
3261 3963 3422 4013 tanta
3447 3954 3592 4019 ﬁdes,
3616 3953 3726 4007 teste

2206 4994 2371 5061 ceptis
2396 4994 2730 5056 insistimus,
2757 4992 2807 5043 et
2836 4988 3011 5043 Deum
3035 5003 3179 5058 pure
3204 5004 3328 5043 cum
3354 4986 3538 5056 pietate
3563 4985 3740 5034 centra-

2210 5080 2365 5118 mur.

2283 5133 2312 5176 ιι
2345 5132 2514 5198 Edit.,
2539 5136 2697 5203 parit
2718 5134 2784 5186 in
2819 5133 3026 5187 animo.

2283 5204 2297 5245 ί
2329 5204 2497 5269 Edit.,
2531 5207 2791 5259 invicem.

2276 5275 2293 5322 l
2324 5258 2497 5339 Edit.,
2527 5258 2795 5344 estigitur,
2826 5272 2925 5328 sed
2946 5272 3150 5329 melius
3178 5273 3345 5341 exigit
3370 5265 3562 5344 scilicet
3596 5258 3728 5344 Πθιξξο

2247 5351 2306 5434 ,ι
2325 5347 2495 5432 Edit.,
2537 5339 2703 5402 natus
2747 5339 2811 5400 ea:
2845 5346 2953 5400 Deo
2992 5346 3159 5401 Pater
3198 5339 3419 5407 dicitur,
3458 5339 3636 5392 omissa
3673 5339 3732 5394 ιΡ·

2523 5489 2636 5556 fuit
2665 5504 2777 5546 non
2805 5486 2887 5545 ita
2915 5485 3077 5544 bene.

595 5010 620 5041 ³
652 4997 824 5063 Edit.,
854 5001 919 5052 in
947 5012 1053 5065 quo
1071 4998 1295 5052 scilicet.

594 5069 622 5113 ι)
644 5070 816 5137 Edit.,
851 5069 1023 5124 thoro.

596 5165 618 5193 c
662 5142 832 5207 Edit.,
864 5141 1156 5208 dignatur.

603 5211 631 5255 ά
654 5213 830 5281 Edit.,
858 5211 957 5270 SS.
994 5210 1262 5275 Trinitas,
1290 5210 1499 5265 omissa
1536 5225 1667 5266 voce
1695 5210 1857 5277 Deus,
1885 5225 2009 5281 quae
2039 5212 2128 5264 ta-

529 5281 1191 5424 maestissima?-

602 5427 624 5467 ί
652 5425 820 5489 Edit.,
846 5421 980 5494 quia
995 5442 1012 5489 ;
1043 5424 1210 5495 longe
1238 5421 1441 5495 melius
1466 5437 1597 5495 qua.

603 5510 631 5553 Β
652 5498 717 5556 In
740 5491 874 5554 edit:
902 5491 1294 5552 desiderantur
1310 5493 1429 5549 haec
1447 5491 1616 5549 verba
1637 5508 1650 5545 :
1677 5495 1779 5549 Per
1802 5508 1971 5564 quam
1983 5509 2128 5564 pris-
