3992 6166
262 388 265 391 _
306 319 442 382 1393

1214 328 1308 385 DE
1344 328 1530 397 FIDE,
1570 330 1701 387 SPE
1738 331 1827 387 ΕΤ
1865 332 2295 392 ΟΗΑΒΙΤΑΤΕ;
2338 363 2402 377 -
2440 337 2575 393 LIB.
2619 338 2664 397 Ι.

3392 386 3407 425 ,κ
3440 345 3573 406 ι394

301 446 441 502 ﬁdes
470 446 672 503 falsam
695 449 991 521 praetendit
1001 466 1159 524 spem
1184 476 1195 510 :
1226 453 1432 514 idcirco
1461 472 1573 512 non
1604 456 1763 522 ﬁdes,
1796 457 1895 513 sed
1910 458 1966 520 Α
1981 465 2377 530 argumentum
2393 462 2772 537 investigandi
2788 469 3039 538 tenetur;
3063 470 3277 543 species
3295 486 3577 545 vero,qu:e

295 552 459 592 error
485 537 693 607 potius,
722 538 868 594 sicut
903 557 1005 595 nec
1033 558 1182 613 spes,
1228 544 1326 598 sed
1364 545 1589 600 delusio
1632 552 1782 601 recte
1811 548 1898 602 di-

291 625 460 687 citur.
491 626 653 681 Unde
701 626 770 682 de
818 628 922 683 hac
966 629 1281 686 substantia
1317 633 1457 687 nihil
1495 636 1723 705 ﬁngere,
1757 636 1898 691 nihil

292 714 530 782 sentire,
558 715 810 787 nihilque
841 735 1180 789 praesumere
1201 720 1488 787 debemus,
1517 723 1626 777 nisi
1654 724 1787 794 quia
1812 730 1900 779 est

294 808 354 858 et
381 809 658 875 quantum
704 807 774 861 de
799 823 860 861 se
885 808 1092 875 docuit,
1128 809 1224 881 qui
1252 827 1311 864 se
1337 811 1519 883 ipsum
1545 811 1901 868 abundanter

293 893 468 947 novit.
502 894 801 961 Caeterum,
830 896 877 949 si
909 897 1165 952 sensibus
1208 900 1416 954 nostris
1446 900 1783 971 subjaceret,
1816 902 1899 956 in-

293 980 469 1037 ferior
487 985 666 1039 nostri
687 995 713 1025 ι
732 991 915 1053 esset;
947 987 1044 1041 sed
1075 987 1210 1058 quia
1238 989 1562 1059 praeminet
1580 985 1624 1055 δ,
1651 997 1708 1045 et
1728 1007 1894 1046 exsu-

292 1077 456 1143 perat
486 1088 712 1128 omnem
738 1090 987 1141 sensum,
1020 1077 1247 1131 credere
1275 1084 1498 1148 oportet
1526 1079 1658 1150 quia
1682 1086 1769 1134 est
1797 1081 1899 1135 Pa-

290 1166 401 1226 ter,
433 1166 492 1216 et
519 1162 714 1228 Filius,
749 1168 808 1217 et
835 1164 1081 1236 Spiritus
1110 1171 1356 1233 sanctus,
1387 1183 1534 1222 unus
1571 1168 1739 1234 Deus,
1774 1186 1895 1224 ma-

288 1266 459 1320 gnus,
483 1256 541 1304 et
559 1252 869 1307 immensus
886 1253 1063 1318 Deus,
1082 1270 1194 1309 non
1206 1254 1435 1320 habens,
1458 1256 1603 1310 sicut
1621 1258 1893 1329 scriptum

289 1344 396 1408 est,
431 1342 969 1396 consummationem
1005 1360 1019 1411 ;
1070 1359 1292 1415 semper
1341 1343 1548 1416 ubique
1575 1350 1746 1413 totus,
1780 1364 1894 1402 non

288 1443 519 1483 accessu
554 1430 801 1501 quidem,
843 1436 942 1485 aut
970 1447 1211 1498 recessu,
1245 1433 1378 1504 quia
1403 1432 1635 1488 illocalis
1663 1440 1767 1501 est,
1795 1452 1893 1490 us-

288 1533 462 1588 quam
486 1517 790 1588 attingens.
831 1519 940 1575 Sed
963 1524 1116 1575 totus
1146 1520 1202 1574 in
1243 1521 1410 1575 Patre
1434 1522 1627 1580 Filius.
1655 1530 1712 1578 et
1739 1529 1891 1579 totus

288 1605 348 1659 in
377 1605 562 1660 Verbo
591 1607 779 1673 Pater,
807 1611 1072 1679 totusque
1099 1609 1342 1680 Spiritus
1378 1617 1605 1666 sanctus
1634 1612 1691 1667 in
1723 1612 1892 1667 Patre

289 1711 356 1748 ac
381 1694 541 1760 Filio,
572 1711 721 1749 unus
749 1696 917 1763 Deus,
967 1714 1084 1751 una
1128 1697 1477 1766 substantia;
1519 1706 1634 1756 tros
1665 1702 1892 1772 quidem

1980 565 2083 620 per
2108 565 2233 604 eam
2262 553 2551 623 quaeritur,
2596 555 2835 624 veritas;
2883 575 3055 630 quam
3095 562 3216 630 jam
3264 561 3402 616 ﬁdes
3446 562 3576 617 illu-

1979 641 2157 693 strata
2177 641 2394 710 quaerit,
2424 658 2537 696 non
2566 643 2738 709 aliud,
2762 645 2860 699 sed
2880 664 3012 702 eum
3031 648 3238 719 ipsum,
3262 665 3430 723 quem
3454 651 3578 721 jam

1979 743 2081 797 per
2105 728 2272 782 ﬁdem
2302 734 2491 797 tenet;
2519 737 2749 803 pr0pter
2777 735 2925 805 quod
2952 752 3055 806 per
3069 735 3413 808 Prophetam
3442 737 3581 793 dici-

1979 820 2074 868 tur
2105 833 2117 868 :
2147 817 2387 871 Latatur
2419 834 2511 872 cor
2555 824 2921 888 quaerentium
2974 824 3298 891 Dominum,
3348 829 3579 895 quarite

1980 905 2281 959 Dominum
2312 905 2350 971 τ,
2379 911 2429 959 et
2472 907 2913 977 conﬁrmamini,
2954 915 3181 979 quaerite
3222 900 3437 981 faciem‘
3460 917 3578 983 ejus

1976 1008 2187 1061 semper
2219 996 2383 1063 (Psal.
2415 1011 2516 1062 ων,
2549 995 2638 1064 4);
2689 1013 2755 1051 ac
2799 998 2847 1052 si
2883 1005 3143 1070 patenter
3184 1000 3375 1055 dicat:
3410 1000 3575 1065 Quie-

1977 1080 2085 1136 rite
2115 1082 2439 1149 Dominum,
2474 1090 2533 1140 et
2559 1101 2672 1139 non
2703 1086 2877 1141 alium
2902 1080 2929 1155 ;’
2956 1089 3053 1143 sed
3079 1084 3337 1144 eumdem
3366 1089 3572 1161 ipsum,

1979 1185 2146 1240 quem
2172 1172 2293 1240 jam
2323 1172 2601 1228 invenisse
2629 1181 2851 1230 constat
2877 1194 2979 1247 per
3021 1177 3218 1245 ﬁdem;
3252 1177 3480 1245 scilicet,
3512 1183 3577 1235 ut

1975 1258 2387 1313 oonﬁrmemini
2415 1262 2596 1331 magis
2624 1278 2691 1317 ac
2719 1264 2896 1334 magis
2925 1265 2984 1318 in
3009 1264 3269 1336 idipsum,
3298 1266 3474 1320 donec
3503 1265 3577 1321 ad

1975 1348 2219 1416 speciem
2253 1348 2569 1418 perveniat;
2617 1354 2753 1419 quia
2780 1352 3086 1406 videbimus
3113 1369 3259 1420 eum,
3285 1356 3454 1409 sicuti
3475 1360 3571 1409 est.

1978 1434 2046 1489 Et
2071 1450 2182 1489 non
2211 1440 2275 1489 ut
2302 1436 2455 1491 aliud
2484 1438 2803 1508 requiratis,
2841 1442 3086 1509 quaerite,
3133 1441 3332 1512 inquit,
3372 1434 3576 1509 faciem

1974 1526 2090 1591 ejus
2119 1540 2346 1593 semper.
2379 1525 2555 1581 Porro
2584 1543 2810 1597 semper,
2864 1528 2998 1598 quia
3043 1528 3354 1583 immensus
3380 1535 3485 1595 est,
3518 1534 3576 1585 et

1974 1627 2088 1665 non
2115 1611 2314 1683 recipit
2355 1616 2918 1670 consummationem.
2961 1615 3248 1686 Siquidem
3277 1616 3417 1671 ﬁdes
3444 1633 3577 1689 pro-

1974 1704 2169 1770 pterea
2186 1700 2411 1755 dilatari
2417 1701 2666 1771 jubetur.
2699 1708 2872 1774 atque
2900 1704 2970 1758 ad
2992 1704 3270 1760 immensa
3291 1705 3577 1778 progredi,

285 1798 561 1853 personae,
596 1784 694 1838 sed
721 1800 835 1839 una
862 1786 1186 1856 aequalitas;
1218 1803 1321 1841 nec
1337 1788 1522 1842 minor
1551 1789 1719 1843 Pater
1741 1791 1893 1845 solus
1913 1772 2050 1842 Bne
2086 1788 2231 1843 forte
2260 1789 2432 1844 ﬁnem
2475 1790 2644 1844 faciat
2683 1772 2967 1847 credendi.
3002 1772 3317 1848 Immensae
3346 1772 3578 1866 quidem

287 1886 459 1942 quam
484 1872 652 1926 simul
679 1872 872 1936 Filius,
900 1879 956 1927 et
1001 1874 1245 1945 Spiritus
1290 1881 1553 1944 sanctus;
1600 1877 1745 1933 sicut
1789 1896 1894 1933 nec

291 1962 477 2029 major
501 1960 687 2027 Pater,
721 1967 779 2015 et
807 1961 981 2016 Filius
1010 1978 1180 2032 quam
1201 1965 1355 2018 solus
1373 1966 1616 2037 Spiritus
1644 1974 1889 2023 sanctus.

291 2047 572 2115 Profecto,
605 2049 740 2120 quia
768 2065 946 2104 unum
978 2056 1129 2106 sunt.
1171 2052 1370 2106 Unitas
1398 2060 1586 2108 autem
1618 2072 1721 2110 nec
1744 2057 1890 2127 plus,

282 2152 392 2191 nec
424 2137 612 2192 minus
640 2138 838 2210 recipit
863 2156 876 2205 ;
908 2139 1007 2193 sed
1028 2156 1248 2211 semper
1265 2157 1382 2196 una
1400 2144 1685 2213 quantitas
1703 2150 1726 2176 °
1754 2162 1894 2216 prae-

285 2225 529 2279 dicatur.
563 2226 775 2281 Idcirco
798 2228 950 2282 Deus
973 2229 1103 2298 jure
1124 2240 1350 2300 semper
1381 2247 1495 2285 una
1523 2231 1890 2302 immensitas,

286 2329 405 2369 una
423 2315 832 2385 sperandorum
851 2316 1107 2382 facultas,
1127 2317 1236 2372 ﬁde
1252 2319 1516 2384 creditur,
1537 2337 1635 2391 spe
1648 2328 1891 2387 tenetur,

287 2403 566 2458 charitate
609 2411 929 2472 veneratur,
979 2405 1250 2477 diligitur,
1285 2412 1343 2461 et
1384 2408 1552 2462 simul
1598 2409 1685 2464 his
1713 2411 1893 2465 tribus

284 2508 434 2547 unus
458 2493 630 2559 Deus,
658 2493 985 2561 immensus,
1013 2500 1071 2549 et
1097 2496 1473 2567 sempiternus
1501 2497 1721 2553 colitur.
1751 2500 1894 2555 Lon-

280 2597 421 2651 gum
451 2586 538 2636 est
564 2581 739 2653 igitur
764 2583 832 2637 de
855 2583 961 2637 hac
986 2584 1262 2639 Trinitate
1292 2585 1570 2640 immensa
1598 2588 1892 2642 doctorum

284 2669 686 2725 catholicorum
708 2671 778 2725 ad
801 2673 1082 2727 modicum
1102 2674 1388 2727 volumina
1407 2676 1731 2745 pervadere,
1753 2693 1894 2748 prte—

284 2759 503 2825 sertim,
555 2776 684 2814 cum
711 2776 815 2815 nec
858 2761 1035 2815 nostri
1076 2762 1260 2833 operis
1303 2764 1539 2818 assertio
1586 2764 1643 2818 id
1680 2782 1889 2837 propo-

1975 1876 2146 1942 Deus,
2180 1876 2513 1939 immensam
2547 1879 2785 1949 requirit
2831 1880 3021 1946 ﬁdem,
3050 1898 3164 1952 qua
3191 1881 3477 1952 capiatur;
3519 1888 3578 1937 et

1974 1963 2100 2017 ideo
2129 1964 2353 2035 expedit
2379 1966 2592 2019 nullam
2617 1978 2647 2019 ε
2677 1972 2735 2021 et
2756 1966 2937 2037 ipsam
2961 1967 3031 2022 de
3056 1968 3151 2022 illo
3177 1969 3413 2040 recipiat
3438 1986 3577 2026 con-

1975 2052 2413 2107 summationem
2441 2072 2454 2121 ;
2479 2054 2655 2108 donec
2675 2054 2842 2110 liceat
2857 2056 3064 2118 videre.
3081 2056 3253 2112 veluti
3267 2062 3371 2123 est,
3394 2048 3577 2113 Deum

1977 2139 2211 2195 deorum
2257 2141 2316 2195 in
2346 2141 2499 2196 Sion.
2531 2141 2612 2196 De
2655 2158 2765 2213 quo
2796 2159 2932 2199 sane
2959 2160 3168 2214 sponsa
3194 2144 3252 2199 in
3281 2145 3527 2201 Canticis
3558 2164 3572 2199 :

1977 2229 2046 2282 In
2069 2230 2264 2282 lectulo
2293 2246 2408 2284 meo
2420 2246 2522 2299 per
2541 2235 2716 2284 noctes
2730 2234 2958 2299 quasivi
2975 2248 3135 2300 quem
3164 2234 3355 2302 diligit
3379 2236 3577 2289 anima

1976 2333 2099 2370 mea
2133 2318 2312 2384 (Cant.
2334 2332 2417 2382 III,
2451 2317 2547 2388 1);
2582 2324 2640 2372 et
2662 2325 2790 2390 post
2819 2335 2999 2391 pauca
3026 2338 3038 2372 :
3070 2321 3207 2375 Cum
3234 2325 3577 2390 pertransis-

1975 2422 2086 2459 sem
2111 2423 2214 2465 eos,
2242 2406 2443 2477 inquit,
2476 2410 2669 2461 inveni
2696 2424 2853 2477 quem
2885 2410 3077 2477 diligit
3103 2412 3300 2466 anima
3331 2427 3478 2475 mea;
3508 2416 3579 2465 te-

1978 2495 2109 2547 nebo
2136 2510 2283 2561 eum,
2304 2511 2399 2549 nec
2425 2496 2732 2560 dimittam,
2748 2484 2917 2551 donec
2944 2498 3298 2557 introducam
3329 2492 3497 2555 illum
3514 2502 3580 2554 in

1975 2584 2134 2636 domo
2180 2586 2383 2637 matris
2432 2600 2560 2637 meae
2605 2585 2786 2653 (ibid.,
2817 2601 2889 2651 iv,
2924 2585 3003 2655 4).
3037 2585 3183 2649 Quid
3229 2591 3415 2657 putas,
3463 2603 3576 2663 quo

1974 2669 2195 2736 abierit,
2242 2672 2329 2725 vel
2358 2688 2470 2742 quo
2499 2671 2776 2727 invenerit
2802 2689 2953 2739 eum,
2990 2673 3077 2727 vel
3099 2673 3302 2744 quibus
3328 2674 3578 2745 vestigiis

1977 2759 2261 2829 quaesierit
2286 2760 2490 2814 illum?
2531 2760 2662 2815 ﬁdei
2692 2761 2888 2832 utique
2914 2761 3202 2832 gressibus
3229 2761 3289 2816 in
3324 2762 3493 2819 corde
3521 2762 3570 2831 ιι,

282 2848 500 2915 suerit;
533 2848 628 2903 sed
658 2853 882 2903 tantum
913 2850 1023 2904 tuis
1053 2850 1443 2922 obtemperare
1465 2852 1660 2922 jussis,
1683 2860 1740 2908 et
1760 2854 1893 2908 sim-
1972 2847 2069 2902 ubi
2091 2849 2246 2920 prius
2269 2850 2465 2918 jacens
2483 2849 2543 2902 in
2574 2849 2715 2904 lecto
2740 2849 3108 2917 inﬁrmitatis,
3132 2850 3461 2922 nequiverat
3483 2852 3576 2908 in-o

281 2935 612 3008 plicioribus
670 2938 1015 2993 exhortando
1073 2939 1387 3005 ostendere,
1430 2940 1561 3010 quid
1610 2941 1685 2995 sit
1729 2942 1887 3007 ﬁdes,
1973 2937 2198 3004 venire;
2250 2937 2382 3008 quia
2410 2937 2657 3008 ΡῐὌΥθεῐο
2684 2939 2833 2993 ηοάο
2862 2939 3213 2994 inﬁdelitatis
3240 2939 3422 2994 adhuc
3450 2956 3575 3013 Ρΐεο

281 3044 414 3099 spes
460 3034 631 3098 atque
677 3028 941 3095 Charitas,
994 3028 1196 3100 quibus
1225 3029 1374 3084 Deus
1412 3030 1657 3085 Trinitas
1690 3032 1947 3107 colitur"
1973 3025 2250 3080 mebatur.
2272 3025 2432 3081 Unde
2474 3026 2762 3096 signanter
2805 3026 2863 3081 in
2902 3033 3065 3082 nocte
3113 3028 3374 3099 quaesisse
3412 3028 3575 3085 illum

281 3122 344 3170 et
379 3116 734 3188 praedicatur.
766 3117 934 3173 Aliud
978 3118 1183 3189 quippe
1230 3124 1317 3174 est
1362 3135 1396 3172 a
1433 3118 1798 3190 sapientibus,
1820 3114 2214 3181 ειυάἱοίιιινς
2258 3131 2381 3211 quae
2427 3132 2589 3211 mox:
2605 3115 2712 3211 uti
2752 3116 3081 3188 pertransiit
3120 3116 3388 3211 tenebras
3412 3118 3575 3211 caeci-

278 3202 680 3279 eruditissimis
696 3204 1069 3260 Ecclesiarum
1087 3205 1410 3261 doctoribus
1430 3209 1499 3262 de
1518 3208 1627 3262 ﬁde
1644 3210 1891 3264 Trinita-
1971 3204 2128 3269 tatiS.
2160 3204 2374 3258 invenit
2397 3220 2527 3258 eum
2558 3205 2702 3273 ﬁde;
2735 3211 2967 3277 propter
2991 3206 3139 3276 quod
3165 3212 3223 3260 et
3249 3202 3577 3262 constanter

277 3290 357 3345 tis
381 3291 662 3359 subtilius,
695 3293 765 3347 ad
805 3294 1139 3349 refellendos
1166 3295 1297 3351 ﬁdei
1320 3297 1670 3352 adversarios
1694 3299 1889 3371 dispu-
1972 3291 2227 3362 abnegat.
2252 3308 2541 3363 nunquam
2562 3310 2621 3347 se
2641 3293 3206 3359 dimissumm.d0nec
3224 3295 3576 3365 ingrediatur

278 3386 405 3434 tare
439 3378 486 3448 ἀ,
522 3381 578 3435 in
608 3382 812 3453 quibus
840 3383 1103 3454 perpauci
1145 3384 1456 3455 probantur
1478 3385 1665 3440 idonei
1691 3405 1704 3453 ;
1736 3387 1891 3442 aliud
1972 3381 2203 3435 domum
2239 3381 2484 3436 caelestis
2515 3381 2666 3447 Sion,
2699 3398 2810 3452 quo
2841 3382 3009 3436 liceat
3054 3382 3344 3437 evidenter
3370 3384 3571 3440 faciem

278 3468 564 3540 siquidem
589 3471 780 3541 paucis
811 3472 1092 3542 explicare
1122 3473 1255 3544 quid
1287 3474 1361 3528 sit
1404 3475 1529 3545 ipsa
1574 3474 1732 3541 ﬁdes,
1760 3492 1889 3548 Spes
1972 3469 2095 3539 ejus
2124 3468 2479 3540 speciemque
2518 3470 2687 3523 tueri-
2720 3471 2902 3536 Quam
2937 3487 3073 3525 sane
3119 3470 3319 3525 faeiem
3349 3488 3574 3544 semper

276 3562 454 3627 atqne
496 3558 759 3627 Charitas,
790 3560 912 3614 sine
959 3560 1161 3632 quibus
1209 3578 1376 3616 nemo
1421 3562 1688 3629 salvatur,
1723 3581 1889 3620 nemo
1972 3557 2279 3628 requirere,
2312 3562 2370 3611 et
2393 3573 2681 3628 nunquam
2720 3557 3007 3628 quaerendi
3052 3558 3302 3613 studium
3348 3559 3573 3615 abrum-

276 3645 637 3702 Christianus
656 3649 788 3719 jure
815 3650 1084 3704 creditur.
1967 3662 2100 3716 pere
2126 3662 2187 3700 se
2207 3647 2400 3715 jurat;
2435 3646 2569 3717 quia
2592 3646 2838 3716 profecto
2864 3646 3004 3700 ﬁdes
3026 3651 3426 3717 argumentum
3456 3662 3570 3702 non

353 3733 407 3791 4.
444 3734 587 3791 Hinc
617 3754 839 3809 quoque
865 3755 1223 3809 summopere
1254 3739 1710 3796 intellectualiter
1744 3759 1892 3813 quaa-
1969 3734 2359 3806 apparentium
2388 3739 2494 3801 est,
2525 3739 2582 3788 et
2606 3734 2846 3788 necdum
2868 3734 3081 3805 species
3108 3734 3369 3805 perfecte
3400 3734 3570 3790 visio-

274 3823 523 3878 rendum
553 3824 688 3895 quid
719 3826 796 3880 sit
823 3827 970 3898 quod
994 3826 1072 3880 ait
1109 3827 1410 3898 Apostolus
1442 3846 1454 3882 :
1487 3830 1640 3883 Fides
1669 3836 1745 3884 est
1768 3848 1887 3900 spe-
1971 3823 2076 3877 nis.
2105 3823 2249 3893 Ergo
2279 3822 2413 3876 dum
2446 3821 2584 3876 ﬁdes
2611 3826 2765 3875 recta
2778 3826 3022 3889 tenetur,
3057 3821 3151 3875 ille
3178 3821 3239 3876 in
3266 3822 3431 3877 corde
3451 3838 3571 3877 ver-

277 3914 603 3967 randarum
617 3915 929 3969 substantia
950 3922 1577 3983 rerum,argumentum
1594 3934 1705 3973 non
1723 3935 1890 3988 appa-
1972 3916 2149 3977 satur,
2191 3927 2359 3982 quem
2390 3910 2486 3981 qui
2524 3909 2980 3982 apprehenderit,
3012 3926 3238 3965 necesse
3268 3916 3355 3965 est
3399 3910 3569 3966 ﬁdem

278 4003 553 4055 fantium.
585 4002 851 4074 Nunquid
901 4004 1075 4074 igitur
1128 4004 1243 4058 tale
1281 4011 1678 4075 argumentum
1723 4008 1890 4078 quale
1973 4005 2161 4055 teneat
2204 3998 2599 4065 confessionis;
2655 3998 2923 4069 alioquin,
2962 3998 3069 4053 nisi
3119 3999 3258 4054 ﬁdes
3291 4005 3566 4066 servetur,

277 4094 525 4144 utuntur
579 4091 896 4163 philosOpbi
950 4093 1022 4147 ad
1066 4092 1421 4165 decipiendos
1470 4095 1754 4151 interdum
1802 4097 1889 4151 in-
1972 4088 2067 4143 ille
2096 4088 2157 4142 in
2185 4087 2346 4143 nobis
2364 4104 2487 4142 esse
2515 4103 2628 4141 non
2656 4091 2859 4158 potest.
2884 4087 2979 4158 qui
3000 4086 3225 4141 nonnisi
3244 4087 3354 4142 ﬁde
3372 4102 3570 4160 appre-

277 4182 479 4233 cautos
539 4189 566 4220 ο
597 4180 623 4233 ’l
681 4179 845 4235 absit.
905 4168 1015 4236 Sed
1075 4182 1179 4237 hoc
1235 4182 1464 4237 verbum
1528 4184 1761 4239 veniens
1820 4183 1890 4239 ab
1970 4177 2256 4243 henditur,
2277 4177 2662 4248 apprehensus
2690 4193 2820 4230 vero
2849 4175 2910 4230 in
2941 4175 3201 4232 cordibus
3221 4177 3429 4232 nostris
3457 4178 3569 4232 ﬁde

280 4266 550 4338 ambiguo
580 4269 818 4334 ’Grzeco,
880 4269 1072 4325 multis
1128 4271 1186 4324 in
1238 4271 1436 4326 Latino
1492 4272 1625 4327 licet
1678 4274 1889 4345 impro-
1972 4272 2230 4321 servatur
2256 4282 2321 4321 ac
2345 4270 2592 4320 tenetur-

282 4355 426 4426 priis
498 4356 906 4428 interpretatur
982 4357 1209 4425 verbis;
1293 4359 1377 4412 vix
1455 4365 1648 4415 tamen
1705 4362 1952 4433 ξηρή-η
2043 4354 2095 4411 5.
2125 4353 2200 4409 Et
2226 4355 2555 4419 notandum,
2598 4370 2721 4425 quae
2750 4353 3028 4420 videntur,
3063 4354 3197 4425 quia
3232 4354 3568 4429 temporalia

278 4460 446 4498 mens
486 4444 787 4499 efﬁcaciam
827 4444 980 4499 verbi
1025 4446 1278 4517 Apostoli
1304 4465 1316 4514 ;
1369 4452 1427 4501 et
1468 4447 1595 4502 ideo
1648 4449 1744 4503 alii
1789 4467 1887 4505 ar-
1908 4441 1952 4462 υ
1970 4449 2126 4508 sunt,
2157 4460 2279 4515 quae
2308 4449 2497 4498 autem
2527 4459 2639 4497 non
2667 4441 2943 4509 videntur,
2972 4448 3201 4500 aeterna.
3222 4442 3396 4497 Porro
3423 4443 3564 4499 ﬁdes

278 4538 635 4601 gumentum,
666 4533 763 4586 alii
793 4536 1122 4602 capitulum,
1165 4534 1261 4588 alii
1310 4539 1593 4603 conviclio,
1636 4538 1723 4591 vel
1751 4541 1889 4593 visio
1971 4532 2116 4587 circa
2148 4549 2216 4587 ea
2238 4547 2361 4604 quae
2390 4549 2501 4586 non
2530 4532 2807 4596 videntur,
2840 4546 3063 4601 semper
3100 4536 3386 4599 versatur;
3432 4532 3566 4603 quia

280 4621 627 4675 transtulere
651 4639 665 4689 ;
695 4621 793 4675 sed
831 4621 971 4676 bene
1000 4623 1070 4676 ad
1095 4639 1322 4677 sensum
1353 4628 1663 4693 capitulum
1689 4643 1890 4682 sonare
1971 4622 2068 4676 illa
2094 4628 2228 4676 sunt
2254 4621 2659 4693 sperandorum
2685 4635 2914 4690 pascua.
2954 4618 3109 4673 Alias
3134 4624 3325 4674 autem
3350 4635 3417 4674 ea
3446 4636 3567 4689 qua:

278 4709 508 4764 videtur
536 4727 549 4776 ;
598 4710 729 4780 quia
760 4710 849 4765 hic
877 4710 1102 4765 initium
1130 4729 1322 4767 rerum
1352 4728 1464 4767 non
1494 4716 1890 4786 apparentium
1970 4713 2252 4775 videntur,
2286 4713 2410 4779 quis
2434 4714 2649 4778 sperat?
2678 4710 2850 4776 (Rom.
2884 4721 3003 4772 vm,
3032 4706 3148 4777 2i).
3176 4708 3247 4762 Et
3269 4707 3398 4763 ideo
3426 4709 3566 4764 ﬁdes

281 4798 426 4854 ﬁdes
450 4802 695 4864 tenetur,
729 4798 842 4853 illic
868 4800 1164 4870 integritas
1202 4801 1463 4868 visionis;
1506 4809 1564 4857 et
1591 4804 1737 4859 sicut
1761 4822 1893 4860 vera
1972 4799 2379 4872 sperandorum
2410 4796 2725 4853 substantia
2760 4800 2882 4863 est;
2916 4796 3049 4867 quia
3074 4796 3173 4851 illa
3201 4797 3393 4852 omnia
3417 4797 3478 4852 in
3504 4813 3566 4852 se

279 4886 549 4958 quaelibet
563 4894 900 4957 argumenta
921 4889 1203 4959 sapientes
1220 4890 1405 4944 saeculi
1438 4893 1777 4961 persuadere
1798 4912 1892 4949 so-
1970 4889 2118 4962 gerit
2149 4905 2272 4960 quae
2312 4903 2423 4942 non
2465 4885 2741 4939 videntur.
2774 4884 3099 4939 Contemnit
3122 4901 3253 4939 vero
3278 4891 3565 4956 tempora-

281 4977 429 5041 lent,
458 4975 541 5029 ita
581 4975 775 5029 ﬁdeles
804 4976 1012 5030 Christi
1052 4993 1137 5044 ea,
1184 4994 1308 5048 quae
1337 4979 1649 5034 certissima
1676 4988 1810 5036 sunt
1834 4989 1893 5038 et
1973 4980 2068 5045 lia,
2093 4984 2151 5034 et
2178 4974 2600 5049 supergreditur
2625 4971 2929 5028 visibilium
2962 4974 3238 5039 universa,
3264 4974 3408 5028 nihil
3422 4973 3480 5032 in
3502 4987 3563 5026 se

277 5078 437 5129 vera,
462 5063 572 5118 ﬁde
598 5063 971 5135 investigare:
996 5068 1101 5119 Per
1124 5067 1287 5133 ﬁdem
1322 5070 1472 5121 enim
1511 5071 1887 5134 ambulamus,
1972 5068 2185 5123 habens
2214 5066 2505 5129 caducum,
2536 5062 2676 5116 nihil
2694 5079 2950 5129 vacuum,
2975 5064 3230 5135 nihilque
3251 5062 3561 5127 inﬁrmum,

283 5158 337 5207 et
357 5168 471 5207 non
493 5167 595 5221 per
623 5155 851 5223 speciem
870 5153 949 5223 (II
963 5154 1084 5208 Cor.
1117 5168 1170 5221 v,
1205 5154 1294 5225 7);
1330 5160 1388 5209 et
1410 5155 1536 5211 ideo
1563 5156 1701 5212 ﬁdes
1731 5159 1891 5230 quasi
1973 5159 2086 5213 imo
2106 5152 2599 5229 plenaDeo,plena
2626 5151 2877 5218 veritate,
2903 5153 3037 5224 quia
3048 5153 3197 5208 Deus
3208 5149 3412 5205 veritas
3438 5154 3558 5218 est;

360 5322 386 5353 ³
416 5311 587 5379 Edit.,
620 5328 733 5368 non
762 5311 971 5369 habent
1000 5317 1197 5369 nostri.

361 5383 579 5453 IyEdit.,
608 5387 907 5453 prominet.

359 5452 387 5525 ἦ
412 5453 589 5525 Edit.,
610 5452 894 5525 iqualitas.

363 5522 391 5565 ά
422 5524 594 5592 Edit.,
625 5522 926 5594 disputari,
958 5542 1071 5582 non
1095 5526 1177 5583 ita
1206 5532 1384 5588 recte.

363 5607 389 5638 ο
420 5595 587 5665 Edit.,
621 5598 952 5664 innocentes,
985 5596 1085 5654 sed
1114 5598 1280 5668 longe
1307 5600 1509 5657 melius
1535 5605 1806 5660 incautos.

2042 5319 2059 5349 ¹
2084 5320 2150 5375 In
2176 5317 2311 5373 edit.
2342 5313 2698 5371 desideratur
2718 5315 2945 5383 quaerite
2968 5315 3291 5370 Dominum.

2042 5402 2073 5445 κ
2093 5389 2266 5455 Edit.,
2298 5405 2365 5443 ne
2381 5393 2430 5442 et
2452 5388 2557 5441 illa
2585 5387 2725 5453 ipsa.

2043 5460 2073 5502 ὶι
2094 5460 2263 5526 Edit.,
2294 5458 2568 5528 gressibus
2592 5459 2641 5509 et
2670 5459 2847 5528 corde.

2043 5531 2056 5572 ί
2085 5532 2255 5598 Edit.,
2284 5527 2383 5586 ubi
2400 5527 2752 5599 pertransiit.
