3992 6166
303 337 443 396 1397

1203 337 1299 392 DE
1337 337 1522 405 FIDE,
1567 337 1697 393 SPE
1738 339 1826 394 ΕΤ
1863 337 2298 394 ΟΗΑΒΙΤΑΤΕ.
2342 368 2406 379 -
2446 341 2583 396 LIB.
2626 342 2671 395 Ι.

3435 343 3455 394 1
3469 337 3576 394 398

279 467 499 546 stantia
529 461 670 532 utea,
699 469 748 526 et
787 469 918 539 nota
946 461 1156 533 fecisses
1185 461 1347 517 verba
1378 461 1498 519 ma
1525 461 1726 532 popula
1753 479 1887 528 meo,
1908 451 2084 524 A'tur.
2111 463 2212 520 Illa
2233 463 2439 538 quippe
2468 464 2522 518 in
2554 462 2722 518 rebus
2741 468 2845 529 est,
2865 480 2990 540 quis
3010 462 3093 520 vel
3115 479 3258 528 esse,
3269 463 3354 518 vel
3373 463 3565 529 fuisse,

286 553 604 614 ἀτενεῖ-’δεῖνι
630 573 713 609 eos
745 559 934 624 utique
965 571 998 608 a
1027 558 1117 608 via
1147 571 1247 608 sua
1271 558 1421 606 mala
1447 555 1577 622 (λεν.
1603 567 1755 614 xxiii,
1774 551 1886 620 ‘32).

284 640 452 701 Stare
475 643 700 720 quidem
723 652 804 703 est
837 645 890 701 in
913 643 1229 702 substantia
1253 641 1352 696 Dei
1383 659 1483 716 per
1503 641 1692 708 ﬁdem,
1713 642 1888 700 Deum

287 733 456 791 corde
485 733 714 793 credere
763 735 832 790 ad
857 734 1139 805 justitiam
1167 751 1181 800 ;
1227 739 1284 785 et
1313 731 1479 786 verba
1523 731 1728 806 populo
1760 741 1893 788 nota

279 819 491 900 facere,
526 823 711 894 ipsum
758 823 1012 881 conﬁteri
1060 821 1129 875 ad
1182 821 1458 888 salutem;
1505 837 1570 874 ac
1616 838 1716 893 per
1767 821 1888 894 hoc,

290 911 542 986 quandiu
567 913 757 982 justus
795 929 858 966 ex
905 912 1013 966 ﬁde
1041 911 1196 969 vivit.
1227 910 1480 964 tenditur
1517 910 1584 962 ad
1621 919 1888 964 aeternam

288 1018 392 1078 per
415 1000 672 1056 eamdem
695 1002 862 1059 tinem
887 1000 1017 1057 licet
1043 999 1426 1070 temporalem,
1445 1016 1567 1070 qua:
1590 999 1895 1056 constituta

289 1095 376 1142 est
399 1088 456 1142 in
486 1088 712 1144 aeternis
737 1108 750 1156 ;
783 1089 917 1160 quia
946 1105 1068 1160 quae
1096 1088 1356 1146 videntur
1387 1087 1716 1157 temporalia
1739 1093 1888 1153 sunt,

286 1183 344 1231 et
372 1177 499 1235 ideo
532 1178 762 1232 minime
791 1176 1126 1242 creduntur;
1161 1193 1286 1250 quae
1316 1192 1442 1230 vero
1472 1192 1583 1232 nou
1607 1176 1886 1238 videntur.

286 1274 528 1333 aeterna;
562 1273 863 1340 propterea
886 1283 985 1338 per
1006 1266 1194 1327 ﬁdem,
1218 1265 1394 1320 donec
1416 1263 1712 1319 videantur
1730 1265 1893 1320 sicuti

286 1362 440 1422 sunt,
467 1355 750 1414 interdum
785 1361 1081 1411 versantur
1109 1354 1166 1413 in
1198 1353 1396 1422 corde;
1437 1369 1559 1430 quae
1589 1370 1725 1407 sane
1755 1354 1893 1408 ﬁdes

286 1443 522 1499 scientia
541 1444 816 1504 duntaxat
835 1444 1102 1506 nutritur,
1129 1443 1186 1498 in
1208 1460 1338 1516 qua,
1365 1459 1487 1512 quae
1507 1447 1641 1496 sunt
1659 1448 1887 1507 mterna,

276 1533 595 1609 admodum
625 1532 1093 1604 contemplamur.
1695 1521 1701 1530 ’

908 1655 1145 1712 CAPUT
1182 1657 1281 1711 ΠΙ.

1973 553 2056 605 vel
2085 552 2274 607 futura
2303 554 2600 621 dicuntur;
2631 554 2752 612 haec
2781 553 3014 610 omnino
3040 553 3100 610 in
3127 553 3316 610 animo
3345 553 3574 607 creden-

1971 641 2047 694 tis
2076 649 2178 703 est.
2211 643 2260 698 ei
2289 650 2511 700 tantum
2540 644 2857 722 conspicua,
2889 645 3050 714 cujus
3079 650 3182 709 est,
3217 642 3476 718 quamvis
3497 643 3572 696 sit

1975 739 2031 784 et
2060 731 2116 784 in
2149 732 2272 786 aliis
2304 749 2410 785 non
2443 732 2578 804 ipsa,
2617 733 2714 788 sed
2745 727 2962 790 similis.
2996 733 3120 786 Non
3150 731 3300 786 enim
3329 747 3568 788 numero

1975 827 2058 874 est
2091 839 2222 884 una,
2243 823 2388 880 sicut
2413 823 2492 878 ait
2516 823 2830 898 Apostolus,
2866 839 2980 876 una
3010 824 3138 889 ﬁdes
3161 819 3368 889 (Ep/les.
3387 835 3464 888 1v,
3493 822 3571 890 5),

1976 910 2070 962 sed
2100 927 2324 978 genere.
2360 911 2596 984 Proliter
2637 911 3061 967 similitudinem
3107 915 3298 962 tamen
3339 915 3396 966 et
3426 925 3570 964 non-

1977 999 2186 1051 nullam
2233 999 2634 1062 diversitatem,
2685 1015 2854 1056 unam
2901 999 3140 1054 dicimus
3188 996 3368 1070 magis
3425 1013 3567 1064 esse,

1975 1104 2142 1158 quam
2181 1088 2418 1154 multas;
2453 1088 2668 1145 facilius
2699 1088 2886 1160 itaque
2913 1087 2934 1128 ΐ
2960 1087 3166 1141 dicitur
3197 1085 3404 1144 multas
3447 1086 3571 1146 ani-
3611 1121 3624 1126 -

1977 1192 2098 1229 mas
2127 1175 2298 1230 fuisse
2327 1177 2578 1248 singulas
2606 1177 2976 1248 singulorum,
3007 1176 3075 1230 de
3104 1175 3304 1247 quibus
3331 1174 3572 1250 legimus

1973 1263 2032 1321 in
2065 1265 2297 1320 Actibus
2320 1266 2725 1340 apostolorum,
2756 1265 2904 1340 quod
2930 1264 3097 1318 fuerit
3127 1264 3208 1318 eis
3231 1265 3429 1322 anima
3457 1279 3574 1322 una

1977 1352 2115 1416 (Act.
2141 1367 2215 1417 Iv,
2236 1353 2348 1416 32},
2367 1371 2535 1426 quam
2556 1366 2585 1406 ι’
2605 1370 2733 1407 cum
2763 1353 2912 1408 dicat
2935 1352 3253 1424 Apostolus,
3277 1369 3394 1405 una
3420 1353 3568 1420 ﬁdes,

1974 1446 2040 1494 ut
2067 1444 2274 1498 audeat
2297 1442 2500 1513 aliquis
2532 1446 2616 1499 tot
2644 1441 2782 1494 ﬁdes
2811 1441 2995 1496 dicere
3033 1439 3282 1514 singulas
3319 1439 3572 1514 singulo-

1974 1547 2122 1594 rum,
2167 1537 2305 1602 quot
2342 1531 2456 1586 sint
2499 1537 2556 1586 et
2598 1530 2808 1586 ﬁdeles.
2836 1530 3239 1586 Verumtamen
3270 1528 3365 1602 qui
3392 1527 3528 1584 dicit
3556 1545 3568 1580 :

1975 1620 2015 1674 0
2040 1623 2261 1676 mulier.
2289 1637 2490 1687 magna
2519 1625 2592 1674 est
2615 1621 2744 1690 ﬁdes
2765 1625 2893 1678 tua!
2920 1618 3138 1681 (Matth.
3163 1632 3255 1682 xv,
3280 1615 3374 1682 28)
3407 1619 3464 1670 et
3491 1613 3574 1670 al-

1972 1709 2080 1762 teri
2118 1728 2128 1762 :
2166 1711 2384 1766 Medicae
2412 1712 2560 1780 ﬁdei,
2591 1725 2764 1782 quare
2791 1710 3095 1762 dubitasti?
3119 1707 3300 1774 (Matt.
3334 1719 3444 1762 xw.
3483 1702 3578 1777 31)

294 1782 492 1870 Utrum
525 1781 653 1848 ﬁdes
683 1781 916 1834 visibilis
945 1783 1036 1870 sit,
1070 1782 1300 1870 cunam
1329 1780 1646 1870 substantia
1669 1796 1892 1870 speran-
1913 1779 1958 1839 Β
1977 1814 2134 1852 suam
2158 1798 2358 1870 cuique
2386 1779 2510 1855 esse
2533 1779 2814 1870 signiﬁcat
2842 1797 3030 1859 πάεωῖ
3057 1795 3161 1850 etsi
3184 1794 3435 1855 omnium
3461 1810 3577 1848 una

405 1865 627 1926 dorum,
659 1865 1056 1929 argumentum
1087 1862 1320 1914 necdum
1349 1864 1742 1929 apparentium
1763 1865 1787 1912 ρ

360 1967 742 2033 Manifestum,
779 1967 924 2038 quod
955 1967 1181 2022 credere
1221 1967 1489 2038 jubemur
1533 1984 1655 2040 quae
1703 1967 1890 2022 videre

286 2075 404 2114 non
432 2074 758 2132 possumus;
792 2057 969 2133 ipsam
1000 2061 1189 2110 tamen
1225 2056 1412 2114 ﬁdem.
1435 2055 1698 2130 quoniam
1731 2055 1891 2110 nobis

284 2149 455 2204 inest.
489 2146 732 2220 profecto
771 2144 1085 2202 videbimus
1127 2144 1183 2198 in
1226 2143 1402 2205 nobis,
1439 2144 1572 2220 quia
1603 2151 1659 2199 ct
1701 2162 1888 2199 rerum

285 2236 606 2292 absentium
637 2252 880 2308 praesens
903 2240 990 2288 est
1012 2234 1169 2294 ﬁdes.
1193 2233 1358 2288 sicuti
1384 2250 1572 2288 rerum
1604 2251 1726 2305 quia
1755 2232 1890 2289 foris

283 2329 422 2380 sunt
448 2323 602 2380 intus
633 2329 718 2382 est
747 2323 884 2380 ﬁdes
911 2341 922 2390 ;
973 2328 1030 2375 et
1059 2338 1268 2382 rerum.
1303 2339 1425 2392 qua:
1467 2338 1576 2374 non
1607 2320 1886 2388 videntur,

282 2413 506 2467 videtur
525 2411 663 2468 ﬁdes
688 2431 700 2481 ;
743 2417 800 2465 et
829 2411 950 2482 ipsa
979 2415 1168 2466 tamen
1194 2409 1582 2480 temporaliter
1603 2411 1666 2464 ﬁt
1693 2411 1750 2463 in
1775 2427 1891 2462 cur-

277 2503 448 2558 dibus
497 2501 788 2556 hominum
827 2519 838 2554 :
877 2499 1026 2576 quod
1075 2498 1122 2552 si
1153 2504 1170 2528 '
1217 2516 1282 2552 ex
1336 2498 1593 2552 ﬁdelibus
1635 2499 1888 2553 inﬁdeles

280 2592 426 2645 ﬁant
459 2588 506 2652 δ,
539 2589 687 2662 perit
724 2589 794 2643 ab
831 2589 930 2643 eis.
979 2589 1104 2646 Non
1154 2589 1234 2642 ita
1274 2593 1465 2642 tamen
1513 2588 1581 2644 de
1629 2587 1888 2641 cordibus

281 2685 440 2736 recte
464 2679 648 2756 perire
695 2679 918 2734 dicitur.
944 2676 1166 2750 quando
1189 2683 1207 2705 °
1239 2693 1361 2730 eam
1393 2674 1602 2730 veritas
1641 2676 1884 2742 inventa,

285 2783 414 2840 quae
443 2767 499 2820 in
535 2765 640 2821 ﬁde
669 2772 810 2829 erat,
837 2766 1020 2842 pellit;
1056 2765 1168 2820 imo
1193 2765 1328 2819 satis
1358 2762 1681 2838 Optabiliter
1700 2781 1888 2819 rerum

285 2871 549 2911 verarum
584 2854 721 2912 ﬁdes
750 2854 808 2908 in
835 2855 1058 2908 easdem
1091 2853 1314 2918 transit,
1340 2859 1403 2910 ut
1433 2870 1545 2906 non
1571 2852 1644 2906 sit
1665 2853 1782 2924 jam
1805 2870 1891 2905 ar-

277 2950 616 3019 gumentum
646 2961 832 2999 rerum
853 2959 976 3016 qua
998 2959 1107 2996 non
1133 2941 1408 3004 videntur,
1434 2941 1530 2998 sed
1551 2941 1886 3009 substantia,

282 3051 412 3108 quae
453 3033 606 3111 prius
653 3031 712 3087 in
757 3032 864 3086 ﬁde
918 3035 1040 3088 erat
1085 3030 1285 3085 latens.
1333 3047 1576 3104 praesens
1619 3031 1888 3096 exhibita,

1974 1890 2062 1938 est
2089 1885 2244 1940 ﬁdes.
2282 1886 2408 1940 Non
2435 1885 2584 1956 quod
2615 1886 2795 1940 altera
2825 1884 2916 1946 sit,
2943 1900 3041 1938 seu
3072 1882 3280 1956 plures,
3313 1881 3411 1935 sed
3441 1881 3576 1954 quia

1973 1989 2088 2028 una
2118 1974 2426 2046 eademque
2456 1974 2593 2028 ﬁdes
2622 1973 2677 2026 in
2710 1972 2946 2043 singulis
2978 1971 3078 2028 Dei
3121 1969 3459 2026 discernitur
3486 1969 3572 2024 di-

1973 2062 2327 2126 stributione,
2360 2068 2417 2116 et
2447 2063 2672 2134 propria
2700 2061 2942 2115 efﬁcitur
2963 2059 3224 2116 credendi
3255 2058 3572 2134 quantitate

1973 2159 2028 2206 et
2059 2152 2327 2222 qualitate
2359 2150 2737 2222 intelligendi;
2773 2166 2942 2224 quam
2973 2165 3074 2206 nec
3102 2148 3246 2202 sicut
3274 2147 3569 2218 imagines,

1973 2257 2113 2311 quas
2143 2241 2198 2294 in
2232 2240 2502 2296 memoria
2529 2256 2594 2294 ex
2621 2237 2964 2316 corporibus,
2989 2253 3112 2308 quae
3136 2236 3376 2291 vidimus
3395 2234 3570 2290 oculis

1973 2329 2270 2401 corporeis.
2305 2329 2364 2386 in
2409 2329 2574 2386 corde
2621 2326 3012 2400 conspicimus,
3045 2325 3270 2396 quando
3316 2323 3572 2382 absentia

1971 2419 2314 2488 cogitamus;
2348 2434 2450 2472 nec
2474 2417 2619 2474 sicut
2647 2434 2714 2473 ea
2739 2434 2862 2491 quae
2891 2432 3002 2472 non
3021 2414 3286 2480 vidimus,
3309 2419 3367 2468 et
3389 2430 3456 2472 ex
3483 2413 3573 2468 his

1973 2525 2094 2578 quae
2125 2507 2384 2572 vidimus,
2417 2507 2775 2577 cogitatione.
2806 2512 3091 2575 utcunque
3123 2503 3474 2576 formamque
3512 2501 3571 2556 in

1970 2596 2175 2659 animo,
2194 2612 2303 2667 quo
2323 2595 2350 2635 ιι
2370 2595 2859 2650 commemorando
2883 2591 3106 2668 quando
3133 2591 3363 2650 libuerit
3385 2607 3571 2646 recur-

1971 2700 2190 2750 ramus;
2227 2683 2239 2723 ί
2271 2700 2372 2738 nec
2408 2683 2551 2740 sicut
2593 2683 2781 2741 homo.
2825 2682 2987 2754 cujus
3032 2696 3144 2738 non
3174 2677 3415 2732 vidimus
3443 2677 3570 2732 ani-

1971 2788 2142 2828 mam.
2168 2772 2264 2826 sed
2287 2789 2350 2826 ex
2380 2777 2570 2828 nostra
2601 2787 2725 2828 eam
2754 2766 3102 2840 conjicimus,
3123 2783 3364 2838 eumque
3383 2766 3567 2824 vivere

1971 2861 2215 2914 motibus
2245 2861 2525 2933 corporeis
2551 2860 2864 2925 intuemur;
2897 2875 3010 2912 non
3033 2857 3112 2912 sic
3137 2857 3326 2929 itaque
3349 2855 3570 2912 videtur

1973 2950 2110 3004 ﬁdes
2139 2949 2194 3004 in
2221 2949 2406 3016 corde,
2431 2950 2486 3004 in
2515 2965 2626 3022 quo
2655 2955 2758 3010 est,
2782 2947 2851 3002 ab
2879 2964 2966 3012 eo,
2989 2948 3150 3016 cujus
3179 2952 3283 3009 est,
3310 2943 3566 3018 quamvis

1973 3056 2037 3092 ex
2067 3037 2264 3096 auditu
2296 3039 2355 3094 in
2387 3037 2545 3093 nobis
2565 3047 2833 3110 concepta
2859 3037 2962 3106 sit;
2994 3052 3106 3094 non
3125 3041 3316 3093 tamen
3336 3031 3407 3087 ad
3435 3049 3566 3088 eum

280 3134 352 3184 nt
382 3121 658 3180 videatur.
705 3121 1058 3198 Quapropter
1095 3136 1206 3172 non
1253 3125 1338 3172 est
1382 3119 1676 3176 dicendum
1708 3123 1881 3192 Ρενίίὶ
1904 3097 1949 3158 0
1969 3146 2197 3184 sensum
2227 3128 2476 3200 corporis
2505 3097 2769 3198 pertinet,
2795 3125 3061 3198 quoniam
3089 3141 3201 3180 non
3222 3129 3307 3178 est
3336 3123 3457 3196 ipsa
3484 3137 3570 3176 so-

278 3213 508 3290 quando
537 3229 605 3266 ea
635 3226 757 3282 quae
799 3207 1172 3264 credebantur
1198 3207 1322 3270 ﬁde,
1351 3208 1613 3262 videntur
1635 3211 1754 3280 jam
1783 3227 1885 3282 per
1965 3235 2195 3286 mnum;
2229 3235 2332 3274 nec
2360 3217 2428 3272 ad
2463 3217 2639 3272 visum
2670 3231 2918 3288 prorsus,
2955 3215 3086 3290 quia
3116 3229 3228 3272 non
3267 3217 3354 3266 est
3393 3210 3567 3276 color,

272 3303 546 3374 speciem,
585 3299 806 3354 sublato
854 3303 1208 3370 argumento,
1245 3297 1477 3352 veritate
1525 3297 1700 3370 ipsius
1746 3298 1880 3351 sub-
1963 3324 2064 3360 nec
2092 3307 2342 3378 corporis
2377 3307 2585 3372 forma;
2631 3321 2812 3376 neque
2842 3303 2912 3360 ad
2943 3320 3068 3359 eum
3100 3317 3327 3357 sensum
3358 3298 3454 3374 qui
3483 3298 3569 3356 di.

269 3389 496 3445 stantiae
529 3388 904 3444 manifestata.
937 3387 1048 3439 Aut
1080 3383 1332 3458 nunquid
1367 3383 1503 3437 ﬁdes
1531 3383 1765 3440 dicenda
1794 3391 1880 3442 est
1963 3397 2110 3450 citur
2137 3402 2338 3458 tactus,
2366 3394 2629 3466 quoniam
2663 3391 2803 3448 nihil
2833 3389 3196 3460 corpulentia;
3226 3387 3428 3456 habet;
3461 3404 3566 3446 nec

268 3479 399 3550 ipsa
428 3477 563 3532 VisiO
595 3475 866 3540 Veritatis,
889 3491 1012 3530 cum
1039 3473 1114 3526 Sit
1141 3472 1210 3526 ab
1231 3473 1482 3542 δροείοιο
1503 3473 1733 3527 demum
1755 3491 1882 3528 οοῐι·
1955 3474 2033 3538 ad
2060 3483 2232 3540 ullum
2253 3481 2480 3536 omnino
2507 3497 2733 3538 sensum
2757 3479 3026 3550 corporis,
3050 3479 3180 3552 quia
3201 3477 3428 3534 omnino
3449 3493 3568 3531 cor-

270 3566 484 3621 vinctio
512 3565 598 3624 vel
641 3569 1039 3635 argumentum
1068 3578 1255 3614 rerum
1293 3578 1404 3614 non
1447 3562 1882 3636 apparentium?
1965 3573 2048 3627 dis
2081 3579 2166 3628 est
2195 3589 2304 3636 res,
2336 3577 2393 3628 et
2421 3586 2533 3624 non
2561 3568 2841 3638 corporis;
2888 3583 2990 3622 nec
3017 3567 3156 3622 foris
3179 3576 3267 3620 est
3305 3581 3339 3622 α
3377 3563 3558 3629 nobis,
3587 3637 3598 3648 Ι

269 3657 402 3713 Non
433 3655 642 3726 itaque,
678 3653 772 3707 sed
821 3651 1030 3705 veritas
1067 3653 1336 3711 reserata,
1375 3667 1498 3725 quae
1529 3667 1638 3706 non
1670 3649 1792 3705 dico
1824 3651 1882 3705 in

272 3747 416 3813 ﬁde;
444 3761 633 3798 verum
656 3743 775 3817 ipsa
796 3743 934 3802 ﬁdes
951 3742 1074 3804 fuit,
1097 3759 1218 3814 quae
1239 3751 1571 3810 argumento
1592 3748 1878 3806 evacuato,

272 3836 399 3888 visu
416 3835 664 3888 ﬁdelium
689 3833 744 3890 in
757 3832 1162 3908 sempiternum
1184 3829 1417 3885 fruenda
1435 3829 1558 3884 erit.
1573 3831 1881 3901 Aliquando

272 3929 467 3978 autem
494 3922 998 3994 impraesentiarum
1031 3926 1088 3974 et
1116 3918 1283 3972 rebus
1315 3918 1469 3973 falsis
1491 3920 1880 3974 accommoda-

273 4021 375 4069 tur
401 4011 555 4080 ﬁdes,
581 4011 740 4083 quasi
771 4009 1023 4066 dicamus
1048 4027 1058 4060 τ
1093 4007 1228 4063 Mihi
1261 4007 1406 4062 facta
1429 4013 1514 4060 est
1535 4007 1690 4071 ﬁdes,
1713 4014 1770 4062 et
1789 4009 1881 4064 de-

271 4101 444 4178 cepit,
479 4099 526 4155 si
555 4108 744 4156 tamen
771 4097 897 4153 talis
927 4097 1118 4151 habita
1149 4097 1288 4149 ﬁdes
1318 4097 1392 4150 sit
1419 4095 1654 4152 dicenda
1707 4097 1880 4151 Porro

1965 3661 2060 3718 sed
2085 3661 2140 3718 in
2171 3660 2385 3716 intimis
2411 3659 2586 3714 animi
2611 3677 2625 3725 ;
2656 3674 2758 3713 nec
2789 3673 2912 3712 eam
2941 3655 3235 3730 quisquam
3268 3652 3561 3711 hominum

1963 3751 2114 3807 videt
2159 3749 2215 3804 in
2245 3748 2374 3814 alio,
2415 3748 2513 3804 sed
2547 3746 2930 3817 unusquisque
2972 3743 3031 3796 in
3068 3741 3368 3818 semetipso
3396 3756 3560 3798 suam

1965 3837 2157 3910 utique
2205 3838 2374 3892 ﬁdem
2417 3837 2584 3902 videt,
2617 3841 2675 3892 et
2713 3833 3015 3904 cognoscit,
3062 3835 3221 3890 tanto
3246 3830 3262 3874 ³
3291 3830 3413 3891 luce
3445 3829 3557 3888 cla-

1963 3929 2098 3990 rius,
2123 3934 2333 4000 quanto
2361 3927 2485 4000 plus
2507 3924 2741 3982 scientia
2767 3923 2939 3998 pollet
2965 3928 3023 3978 et
3047 3920 3360 3988 intellectu;
3390 3935 3561 3998 quam

1963 4017 2208 4091 profecto
2260 4016 2416 4072 nulla
2463 4012 2790 4084 imaginatio
2824 4009 3071 4084 corporis
3109 4007 3294 4082 gignit
3321 4013 3420 4066 aut
3459 4023 3560 4066 nu-

1962 4108 2087 4164 trit;
2133 4106 2232 4161 sed
2279 4105 2458 4176 pietas
2500 4105 2559 4158 in
2607 4103 2786 4158 Deum
2833 4116 2901 4156 ea
2928 4099 2947 4126 '
2975 4098 3287 4156 certissima
3325 4095 3560 4156 scientia

277 4191 419 4245 ﬁdes
450 4189 781 4248 Christiame
816 4185 1100 4258 religionis
1131 4183 1464 4238 communis°
1483 4191 1569 4238 est
1597 4185 1876 4253 omnibus,
1963 4202 2118 4254 tenet
2145 4212 2212 4250 ex
2239 4195 2326 4250 his
2357 4210 2482 4264 qua;
2510 4190 2765 4248 Christus
2803 4189 2859 4246 in
2891 4191 3192 4246 carne‘aut
3220 4185 3427 4251 docuit,
3460 4191 3561 4244 aut

275 4296 391 4335 non
424 4279 570 4334 sicut
601 4277 790 4350 aliqua
836 4273 1084 4348 corporis
1125 4273 1300 4326 forma
1344 4273 1659 4326 communis
1688 4279 1774 4328 est
1809 4273 1875 4328 ad
1961 4285 2172 4358 gessit;
2218 4297 2469 4356 puraque
2499 4279 2840 4336 conscientia
2867 4278 3093 4342 clamat,
3125 4281 3184 4332 et
3227 4274 3297 4333 ad
3340 4291 3407 4332 ea
3435 4291 3558 4346 quae

271 4367 580 4426 videndum
611 4366 860 4420 omnium
883 4365 1057 4417 oculis
1079 4363 1281 4436 quibus
1319 4369 1521 4440 praesto
1538 4368 1648 4429 est;
1675 4377 1741 4416 ex
1761 4362 1880 4438 ipsa
1900 4427 1940 4442 ἢ
1964 4375 2211 4428 nondum
2239 4371 2518 4442 intelligit,
2549 4387 2613 4426 ex
2637 4369 2725 4424 his
2754 4384 2878 4440 qua;
2914 4366 3198 4423 intellecta
3216 4363 3564 4438 οοηερίοίιω.

275 4457 486 4534 (ιιιὶρρθ
511 4456 762 4510 οτηηίιιτη
793 4451 1140 4508 cememium
1165 4449 1191 4490 ἀ
1221 4431 1560 4503 ίηίονηῖδίυν
1587 4461 1874 4522 aspectus;
1900 4427 1942 4482 D
1961 4469 2074 4528 tur,
2104 4463 2213 4516 ﬁde
2241 4427 2472 4516 devotus
2503 4427 2789 4514 ardenter-
2803 4456 3032 4512 festinat
3079 4427 3446 4510 Caeterum‘in
3473 4451 3557 4508 al-

274 4545 376 4600 sed
399 4545 545 4599 sicut
565 4544 669 4598 dici
691 4548 876 4616 potest
899 4541 1065 4594 facies
1091 4539 1341 4593 humana
1365 4537 1623 4592 omnibus
1645 4539 1882 4593 homini-
1963 4557 2082 4608 ιριιο
2111 4551 2348 4623 quisque
2375 4549 2554 4606 credit,
2582 4547 2749 4604 ﬁdem
2773 4563 2914 4609 esse,
2947 4559 3060 4602 non
3086 4541 3272 4608 videt;
3315 4545 3372 4599 et
3397 4545 3558 4600 tanto

277 4635 386 4690 bus
411 4633 745 4688 communis.
771 4633 912 4686 Nam
947 4629 1050 4684 hoc
1076 4629 1154 4681 ita
1178 4627 1401 4691 dicitur,
1424 4633 1610 4680 tamen
1643 4635 1704 4681 ut
1727 4635 1743 4656 °
1773 4628 1882 4682 sin-
1963 4640 2179 4694 ﬁrmius
2213 4657 2337 4696 eam
2381 4639 2441 4694 in
2479 4637 2666 4712 aliquo
2700 4634 2894 4696 credit,
2931 4637 3140 4706 quanto
3172 4629 3387 4688 fructus
3437 4631 3564 4701 ejus

273 4723 399 4796 guli
429 4740 562 4777 suas
593 4721 804 4780 habent
832 4719 1020 4774 facies.
1051 4718 1249 4788 Itaque
1279 4733 1343 4769 ex
1383 4733 1495 4770 una
1527 4716 1779 4770 doctrina
1810 4717 1878 4771 ﬁ-
1961 4729 2140 4798 magis
2169 4727 2340 4789 ηονίι,
2373 4742 2514 4798 quos
2552 4721 2774 4795 operari
2816 4720 2954 4778 ﬁdes
3001 4720 3145 4778 solet
3185 4735 3286 4794 per
3314 4718 3563 4778 dilectio-

275 4814 407 4868 dem
441 4811 768 4884 impressam
808 4807 1156 4864 credentium
1202 4803 1460 4858 cordibus
1505 4801 1875 4876 singulorum,
1961 4834 2120 4882 nem;
2153 4834 2186 4872 α
2213 4833 2322 4888 qua
2351 4814 2365 4852 ι
2395 4815 2442 4870 si
2471 4813 2595 4884 quis
2615 4829 2674 4867 se
2694 4809 3036 4866 subtraxerit
3065 4808 3193 4876 udc,
3215 4819 3255 4845 ιιι
3277 4808 3508 4884 incipiet,
3531 4817 3558 4847 ιι

275 4902 378 4974 qui
408 4903 511 4957 hoc
538 4901 687 4956 idem
715 4899 972 4960 credunt,
992 4894 1276 4982 verissime
1304 4893 1567 4982 dicimus;
1600 4894 1694 4946 sed
1725 4895 1878 4950 aliud
1955 4908 2072 4982 iam
2097 4913 2352 4961 mortuus
2371 4903 2519 4959 inter
2537 4901 2740 4972 impios
2760 4897 3049 4972 deputari;
3071 4897 3556 4972 quoniamjustus.

273 4995 414 5046 sunt
441 5006 509 5044 ea
536 5007 658 5060 quae
687 4983 1015 5053 creduntur,
1049 4982 1201 5038 aliud
1227 4981 1349 5054 ipsa
1375 4981 1532 5046 ﬁdes,
1562 4998 1674 5054 qua
1696 4983 1880 5040 credi-
1961 4994 2147 5066 inquit
2177 4999 2222 5060 ο,
2251 5009 2315 5046 σω
2340 4993 2442 5060 [ωε
2471 4993 2628 5048 vivit.

2031 5135 2046 5175 ί
2085 5134 2256 5201 Edit.,
2286 5146 2740 5188 rememoramus.

1987 5243 1996 5253 .
2028 5206 2044 5252 J
2083 5193 2255 5268 Edit.,'
2307 5209 2484 5267 tanta,
2534 5201 2633 5256 sed
2671 5199 2874 5256 melius
2917 5205 3092 5266 tanta,
3123 5195 3220 5267 qui
3252 5193 3554 5265 respondet

1960 5281 2167 5346 quanto
2196 5279 2338 5342 plus.
2372 5279 2480 5328 etc.

2029 5346 2050 5378 ⁸
2088 5346 2258 5411 Edit.,
2290 5361 2430 5406 eam,
2461 5359 2573 5396 non
2601 5342 2682 5396 ita
2709 5343 2873 5397 male.

2031 5417 2048 5456 ι
2085 5416 2255 5477 Edit.,
2287 5421 2336 5469 et
2362 5417 2560 5484 quibus

2026 5501 2068 5527 ω
2090 5489 2151 5543 In
2181 5487 2319 5542 edit.
2349 5485 2704 5541 desideratur
2729 5485 2850 5553 ﬁde.

2026 5569 2054 5596 ιι
2085 5559 2256 5622 Edit.,
2287 5559 2503 5627 incipit.
2881 5626 2886 5627 γ
2991 5593 2999 5600 .

2027 5641 2052 5667 °
2088 5630 2156 5685 In
2186 5629 2321 5685 edit.
2351 5626 2704 5684 desideratur
2723 5626 2930 5694 inquit.

350 5153 376 5180 ι
401 5140 572 5204 Edit.,
601 5141 736 5208 quia
765 5142 834 5192 si.

351 5213 380 5253 δ
408 5212 576 5275 Edit.,
608 5214 771 5278 ﬁunt.

348 5291 372 5318 °
403 5283 570 5344 Edit.,
603 5284 892 5350 quoniam.

347 5352 379 5402 ὃ
409 5353 536 5408 Edit
562 5391 578 5416 ,
607 5353 972 5407 «utentium.

350 5436 378 5467 ο
410 5423 578 5483 Edit.,
610 5426 660 5475 et
693 5426 877 5474 tamen
903 5421 1132 5486 singuli.

350 5493 372 5534 ί
409 5493 474 5548 In
501 5493 668 5547 editis
695 5491 1048 5546 desideratur
1072 5491 1302 5546 dicitur.

349 5576 382 5620 ε
411 5563 585 5631 Edit.,
617 5565 770 5634 quia.

350 5635 381 5678 Ιι
411 5635 554 5692 Edit.
567 5675 582 5703 ,
613 5633 1028 5704 quodammodo.
