3992 6166
468 316 496 371 1
507 311 609 371 399

1092 449 1327 505 CAPUT
1352 446 1448 503 IV.

533 532 718 603 Quare
742 538 892 593 dicta
920 541 993 594 sit
1020 540 1167 606 ﬁdes,
1198 542 1249 591 et
1274 536 1419 605 quod
1446 534 1676 588 nonnisi
1698 533 1847 586 inter
1867 532 2003 585 duos

850 612 1068 677 integra
1090 612 1220 676 jure
1248 608 1515 660 habeatur
1543 606 1688 672 ﬁdes.

542 714 643 771 Est
696 720 885 770 autem
925 715 1063 769 ﬁdes
1109 714 1278 778 dicta,
1329 729 1395 767 eo
1427 710 1576 782 quod
1612 711 1713 764 ﬁat
1748 708 1910 764 dictis
1942 726 1957 776 ;
2000 713 2067 764 ut

472 802 746 875 quidquid
767 804 1042 858 dictorum
1072 801 1400 874 pollicitatio
1427 804 1585 855 tenet
1611 815 1800 853 rerum
1829 814 1943 852 non
1973 815 2068 869 ap-

468 892 809 963 parentium,
842 893 987 947 alter
1025 907 1219 945 eorum
1249 890 1412 944 dictis
1444 889 1691 960 impleat,
1738 888 1884 940 alter
1912 904 2061 950 vero,

470 996 593 1050 qum
621 980 770 1033 dicta
798 985 930 1034 sunt
960 979 1241 1034 interdum
1271 988 1296 1018 ι
1330 978 1505 1032 donec
1535 976 1925 1042 ostendantur,
1965 992 2067 1046 per

468 1068 639 1123 ﬁdem
668 1068 727 1123 in
777 1069 943 1122 corde
982 1073 1190 1122 teneat.
1242 1068 1376 1131 Quae
1422 1067 1692 1121 nimirum
1738 1065 1876 1119 ﬁdes
1918 1064 2066 1119 inter

467 1157 647 1212 Deum
681 1162 739 1213 et
767 1157 1053 1212 hominem
1083 1155 1505 1211 irretractabilis
1533 1172 1655 1209 esse
1686 1154 1891 1219 debet;
1934 1152 2067 1225 quia

471 1263 597 1317 quae
618 1247 769 1301 Deus
788 1246 1009 1302 Veritas
1029 1247 1187 1311 dixit,
1210 1246 1421 1317 absque
1440 1245 1556 1298 ulla
1583 1243 1869 1298 dubietate
1889 1242 2066 1297 homi-

466 1334 633 1390 nibus
648 1336 879 1389 credere
902 1336 1192 1402 convenit;
1226 1341 1284 1389 et
1311 1351 1435 1407 qua:
1453 1334 1621 1388 homo
1642 1333 1751 1387 ﬁde
1768 1331 2070 1403 spopondit

467 1422 670 1495 opiﬁci,
696 1429 969 1494 quantum
997 1440 1064 1478 ex
1091 1440 1150 1478 se
1181 1429 1286 1486 est,
1314 1421 1577 1494 operibus
1606 1420 1677 1475 ad
1702 1420 1855 1475 intus
1881 1418 2067 1490 gratia

467 1528 690 1568 servare
721 1510 748 1552 ι)
774 1529 951 1583 usque
980 1512 1051 1566 ad
1089 1517 1329 1566 mortem
1367 1517 1607 1582 utraque
1648 1509 1833 1564 debet.
1868 1510 2066 1578 Itaque

466 1600 538 1655 de
566 1600 681 1667 illo,
701 1606 759 1654 et
779 1601 849 1655 de
872 1601 960 1655 his
997 1616 1121 1670 quze
1142 1600 1303 1655 nobis
1331 1600 1387 1653 in
1418 1600 1534 1652 suis
1562 1615 1735 1653 sacrae
1766 1597 2065 1668 Scriptum

464 1687 627 1742 libris
670 1688 881 1743 erudiri
911 1688 1105 1753 voluit,
1140 1694 1194 1743 et
1242 1704 1370 1742 cum
1399 1688 1634 1742 necdum
1667 1691 2061 1750 contueantur,

1260 318 1317 374 S.
1358 312 1735 374 PASCHASII
1763 314 2124 372 RADBERTI
2160 315 2463 374 ABBATIS
2500 316 2991 374 CORBEIENSIS.

3609 318 3737 376 1400

2077 420 2541 515 Acomprobetur
2567 463 2579 498 :
2613 442 2862 515 alioquin
2899 440 2994 498 ille
3023 441 3204 497 ﬁdelis
3235 447 3449 510 manet,
3479 442 3612 499 licet
3646 434 3742 500 aut

2146 548 2248 586 nos
2275 532 2345 586 de
2374 532 2471 587 illo
2501 531 2822 586 difﬁdentes
2844 530 3039 597 simus,
3061 536 3164 585 aut
3189 535 3343 586 certe
3363 548 3492 603 quae
3510 548 3743 604 spopon-

2144 620 2331 675 dimus
2356 636 2524 692 opere
2550 620 2782 675 minime
2797 620 3196 692 compleamus.
3214 620 3346 675 Haec
3359 625 3467 678 est.
3491 620 3740 693 inquam,

2144 710 2366 780 integra
2394 709 2553 775 ﬁdes,
2593 709 2642 764 si
2686 710 2864 764 Deum
2904 725 2969 763 ex
3011 714 3131 763 toto
3167 709 3336 764 corde
3371 710 3593 776 credas,
3624 715 3681 763 et
3714 726 3749 764 a

2143 799 2312 853 nullis
2329 798 2726 853 mandatorum
2743 799 2866 869 ejus
2884 803 2942 853 te
2961 796 3290 865 subtrahas;
3314 798 3484 852 ﬁdem
3502 815 3744 870 quoque,

2144 904 2257 958 qua
2284 887 2505 942 diabolo
2537 894 2595 942 et
2623 887 2842 959 pompis
2870 886 3011 957 ejus,
3036 887 3264 958 suisque
3292 886 3561 958 operibus
3588 886 3752 941 abre-

2144 977 2439 1040 nuntiasti,
2479 976 2711 1031 observa
2737 988 2762 1017 ο
2803 992 2873 1031 ne
2912 991 3279 1046 corrumpas;
3332 977 3607 1047 quoniam
3638 976 3753 1031 hac

2147 1071 2234 1120 est
2252 1065 2471 1136 integra
2492 1066 2648 1132 ﬁdes,
2663 1081 2832 1137 quam
2854 1081 2913 1118 se
2933 1064 3142 1118 Paulus
3163 1065 3454 1136 apostolus
3471 1064 3753 1136 gloriatur

2147 1171 2397 1209 servasse
2429 1172 2440 1207 :
2475 1155 2677 1219 Fidem,
2712 1154 2915 1225 inquit,
2945 1156 3179 1216 servavi,
3219 1169 3451 1207 cursum
3491 1170 3753 1207 consum-

2148 1246 2300 1298 mavi
2330 1244 2406 1313 (ΙΙ
2436 1244 2577 1297 Tim.
2611 1257 2683 1309 Iv,
2713 1240 2801 1311 7);
2836 1247 2894 1296 et
2929 1241 3060 1297 alibi
3094 1260 3105 1295 :
3140 1240 3260 1295 Scio
3298 1245 3394 1296 cui
3429 1243 3673 1307 credidi,
3704 1249 3752 1296 et

2147 1338 2327 1387 certus
2354 1349 2479 1385 sum
2509 1334 2641 1401 quia
2669 1337 2854 1401 potens
2883 1336 2957 1385 est
2987 1333 3291 1400 depositum
3321 1347 3511 1385 meum
3536 1347 3753 1385 servare

2148 1425 2211 1475 in
2241 1424 2409 1476 illum
2441 1423 2586 1474 diem
2606 1420 2684 1489 (II
2717 1422 2856 1474 Tim.
2894 1433 2935 1484 Ῑ,
2980 1418 3087 1489 12).
3113 1419 3311 1474 Servat
3335 1419 3517 1490 igitur
3546 1420 3752 1474 Paulus

2147 1509 2336 1577 ﬁdem,
2366 1514 2553 1564 servat
2581 1514 2637 1563 et
2656 1509 2912 1564 Christus
2944 1527 2957 1561 :
2994 1524 3060 1563 ex
3087 1525 3148 1563 se
3176 1508 3382 1580 quippe
3412 1508 3496 1562 ait
3524 1526 3537 1561 :
3572 1511 3752 1563 Fidem

2146 1601 2379 1664 servavi,
2401 1615 2467 1652 ex
2486 1598 2602 1653 Deo
2618 1614 2747 1653 vero
2774 1617 2785 1651 :
2819 1598 3010 1653 Certus
3037 1614 3162 1651 sum
3189 1599 3324 1667 quia
3348 1603 3545 1666 potens
3566 1603 3642 1652 est
3671 1599 3751 1652 dc-

2142 1690 2382 1757 positum
2411 1703 2596 1741 meum
2618 1702 2835 1741 servare
2862 1688 2940 1755 (II
2969 1687 3109 1744 Tim.
3135 1699 3176 1752 ῐ,
3205 1683 3311 1756 ll).
3337 1686 3447 1740 Sed
3473 1690 3546 1741 ut
3581 1687 3746 1741 scire-

467 1776 711 1847 amplius
733 1782 791 1831 et
819 1776 1117 1848 perfectius
1151 1793 1252 1848 per
1271 1793 1339 1830 ea
1374 1792 1497 1847 quae
1520 1777 1639 1845 jam
1661 1774 1872 1829 eisdem
1902 1772 2127 1833 dictisB
2149 1792 2273 1829 mus
2301 1775 2436 1847 quia
2464 1780 2521 1829 et
2561 1791 2665 1829 nos
2692 1791 2759 1829 ex
2787 1774 2989 1830 Deo.in
3019 1774 3179 1829 nobis
3222 1774 3550 1846 depositum
3580 1773 3746 1830 habe-

466 1865 584 1919 visa
612 1870 767 1927 sunt,
798 1870 857 1919 et
874 1865 1323 1919 substantialiter
1342 1864 1605 1927 exhibita,
1629 1863 1905 1918 credenda
1933 1870 2067 1919 sunt

465 1953 677 2025 absque
710 1953 995 2025 ambiguo,
1027 1958 1086 2008 et
1130 1954 1188 2007 in
1235 1953 1423 2008 animo
1454 1952 1694 2007 ﬁrmiter
1720 1952 2017 2007 retinenda
2046 1971 2058 2006 :

466 2044 620 2115 quia,
647 2048 713 2097 ut
739 2042 952 2097 dictum
973 2048 1077 2107 est,
1111 2059 1302 2097 rerum
1332 2041 1744 2114 praeteritarum
1773 2041 2060 2108 exhibitio,

465 2130 742 2186 certitudo
774 2136 862 2185 est
905 2130 1226 2186 futurorum
1258 2150 1269 2184 :
1304 2131 1446 2185 nihil
1477 2130 1626 2184 enim
1666 2130 1849 2184 verius
1894 2147 2065 2201 quam

464 2221 589 2292 ipsa
615 2219 874 2287 Veritas;
928 2225 987 2274 et
1024 2220 1151 2276 ideo
1181 2220 1388 2274 clamat
1432 2219 1751 2291 Apostolus,
1786 2219 1931 2287 quod
1953 2235 2066 2272 non

464 2310 740 2362 mentitur
756 2309 899 2362 Deus
924 2309 1057 2375 (Tit.
1089 2325 1126 2375 ι,
1158 2308 1234 2377 1).
1258 2309 1408 2362 Deus
1437 2314 1625 2361 autem
1658 2306 1862 2360 veritas
1883 2312 1986 2370 est,
2010 2311 2069 2360 et

464 2412 579 2451 non
605 2413 672 2450 ex
708 2396 1014 2463 accidente,
1042 2396 1140 2451 sed
1170 2396 1545 2451 essentialiter
1572 2413 1583 2448 :
1618 2395 1825 2449 idcirco
1855 2395 2067 2449 incom-

466 2484 784 2553 mutabilis;
818 2491 876 2539 et
892 2486 1026 2556 quia
1048 2485 1543 2549 incommutabilis,
1564 2484 1837 2555 quidquid
1857 2484 2065 2538 incom-

469 2573 821 2629 mutabiliter
840 2574 998 2640 dixit,
1026 2574 1274 2646 profecto
1304 2574 1552 2629 ﬁendum
1570 2585 1594 2613 ο
1615 2580 1718 2628 est.
1744 2573 1886 2627 Hinc
1909 2589 2066 2627 nam-

465 2678 573 2733 que
591 2662 695 2716 ait:
722 2662 925 2717 Calum
949 2668 996 2716 et
1024 2668 1175 2716 terra
1198 2665 1538 2727 transibunt,
1555 2664 1719 2716 verba
1739 2667 1923 2716 autem.
1942 2679 2064 2717 mea

465 2768 579 2806 non
625 2755 901 2806 transient
940 2749 969 2792 ἀ
1012 2752 1167 2816 (Luc.
1200 2767 1315 2817 xxI,
1351 2750 1466 2821 23).
1520 2753 1893 2823 Quapropter,
1934 2753 2067 2822 quia

464 2840 708 2895 transire
760 2857 873 2895 non
918 2847 1174 2912 possunt,
1222 2841 1330 2895 nisi
1379 2842 1535 2906 ﬁant,
1590 2840 1869 2895 credenda
1912 2846 2062 2895 sunt.

466 2929 720 2995 Quorum
754 2929 1049 2984 verborum
1080 2930 1238 2992 ﬁdes,
1262 2929 1396 3000 quia
1413 2946 1480 2983 ex
1506 2930 1742 2983 veritate
1772 2929 2063 2996 formatur,

462 3034 597 3072 vera
629 3035 749 3073 esse
788 3017 971 3083 debet,
1015 3024 1073 3072 et
1101 3034 1213 3072 non
1243 3018 1391 3085 ﬁcta,
1424 3018 1582 3071 nulla
1609 3018 1887 3073 dictorum
1917 3019 2065 3074 difﬁ-

2146 1880 2287 1928 mus,
2309 1864 2459 1935 quod
2476 1868 2733 1935 Oporteat
2753 1864 2863 1918 ﬁde
2880 1863 3105 1935 integra
3125 1863 3428 1927 custodire,
3453 1863 3534 1918 ait
3552 1862 3710 1918 Titof
3727 1882 3739 1917 :

2145 1955 2357 2008 Bonum
2389 1954 2692 2022 depositum
2707 1954 2919 2006 custodi
2932 1968 3029 2021 per
3049 1952 3327 2021 Spiritum
3354 1956 3745 2022 sanctum,qui

2145 2042 2358 2095 habitat
2379 2044 2442 2095 in
2468 2047 2532 2095 te.
2550 2041 2686 2095 Ecce
2701 2041 3020 2113 depositum
3036 2042 3181 2114 quod
3198 2042 3314 2096 Deo
3334 2041 3739 2107 commisimus,

2147 2147 2213 2185 ex
2241 2147 2351 2202 quo
2381 2129 2519 2185 certi
2542 2146 2662 2185 esse
2691 2129 2983 2195 debemus,
3007 2130 3142 2202 quia
3165 2135 3453 2185 servatum
3481 2129 3648 2184 nobis
3670 2147 3745 2184 re-

2147 2219 2362 2284 stituet,
2386 2220 2467 2274 ita
2485 2235 2639 2285 sane,
2660 2218 2707 2272 si
2738 2234 2840 2273 nos
2859 2220 2981 2290 ejus
3018 2219 3337 2291 depositum
3356 2235 3536 2291 penes
3564 2237 3666 2274 nos
3690 2219 3743 2274 in

2148 2308 2314 2362 corde
2337 2306 2655 2362 inviolabile
2684 2307 3063 2375 custodimus;
3096 2313 3154 2361 et
3180 2307 3328 2371 ideo,
3359 2313 3427 2361 ut
3450 2308 3592 2371 dixi,
3615 2308 3743 2361 ﬁdes

2148 2396 2367 2467 integra
2384 2412 2497 2450 non
2516 2395 2700 2450 minus
2715 2413 2884 2467 quam
2903 2396 3054 2451 inter
3068 2396 3324 2468 opiﬁcem
3343 2402 3401 2449 et
3417 2413 3565 2468 opus
3579 2396 3743 2468 ipsius

2146 2486 2435 2557 probatur.
2468 2485 2629 2549 Quod
2656 2484 2703 2539 si
2728 2485 2798 2539 de
2824 2484 2919 2539 illo
2947 2484 3159 2557 aliquid
3185 2490 3270 2540 est
3299 2485 3451 2556 quod
3480 2503 3601 2540 non
3629 2502 3742 2539 creo

2146 2574 2348 2635 dimus,
2374 2574 2468 2628 illc
2497 2590 2663 2628 verax
2692 2579 2797 2638 est,
2828 2589 2942 2628 non
2970 2590 3030 2627 se
3058 2573 3285 2645 negabit
3308 2593 3320 2640 ;
3366 2590 3472 2628 nos
3505 2574 3555 2627 si
3585 2574 3738 2639 forte,

2148 2663 2279 2734 quia
2306 2662 2600 2725 increduli,
2630 2660 3132 2716 condemnabimur
3179 2680 3191 2715 :
3233 2678 3366 2716 nam
3407 2662 3545 2725 quia
3592 2670 3649 2718 et
3689 2679 3743 2716 se

2147 2751 2383 2806 credidit
2409 2750 2587 2817 nobis,
2620 2750 3012 2805 abrenuntiata
3042 2750 3262 2805 diabolo
3292 2757 3351 2805 et
3375 2751 3605 2824 pompis
3631 2754 3745 2822 ejus

2148 2841 2380 2911 suisque
2402 2840 2686 2912 cperibus,
2710 2844 2888 2894 restat
2917 2856 2987 2894 ne
3023 2840 3105 2894 rei
3133 2839 3507 2908 inveniamur,
3534 2857 3699 2912 opere
3718 2851 3745 2893 ε

2149 2944 2539 2983 conservemus
2559 2929 3021 3000 pollicitationem
3049 2933 3321 2994 nostram,
3344 2929 3403 2983 in
3426 2946 3543 3001 qua
3572 2929 3745 2984 renati

2149 3035 2363 3073 sumus.
2388 3019 2469 3072 De
2498 3019 2601 3072 hac
2622 3019 2828 3090 quippe
2847 3018 2906 3072 in
2927 3018 3259 3091 Apocalypsi
3283 3026 3482 3073 monet
3509 3020 3743 3091 Spiritus

465 3106 659 3161 dentia
713 3105 1019 3173 obfuscata,
1068 3107 1182 3160 imo
1236 3106 1360 3160 luce
1414 3106 1620 3160 clarius
1656 3107 1908 3171 veritate,
1943 3125 2127 3187 quaee
2149 3113 2410 3162 sanctus:
2446 3108 2569 3161 Esto
2589 3109 2764 3174 ﬁdelis
2785 3124 2952 3176 usque
2976 3108 3304 3161 admorlem
3323 3107 3517 3180 (Apoc.
3543 3123 3607 3175 11,
3646 3106 3742 3165 10).

468 3194 726 3250 Christus
749 3199 853 3260 est,
871 3194 1152 3248 illustrata
1180 3193 1347 3248 debet
1376 3194 1764 3265 splendescere
1786 3212 1964 3266 usque
1994 3197 2066 3251 ad
2149 3196 2322 3251 Plane
2343 3196 2475 3267 quia
2494 3201 2620 3267 post
2639 3196 2948 3250 terminum
2968 3196 3092 3250 vitae
3119 3195 3308 3266 hujus,
3332 3213 3451 3251 non
3471 3198 3633 3262 ﬁdes,
3656 3197 3745 3252 sed

466 3282 741 3337 visionem
793 3282 1100 3354 perfectam
1129 3302 1141 3336 :
1166 3283 1308 3353 quia
1352 3282 1621 3337 nimirum
1665 3283 1735 3337 ad
1777 3284 1883 3339 hoc
1916 3286 2070 3340 venit
2151 3284 2281 3339 ﬁdei
2312 3301 2523 3339 merces
2552 3284 2659 3338 erit
2685 3284 2810 3356 ipsa
2846 3284 3074 3339 deitatis
3111 3285 3536 3358 contemplatio.
3578 3287 3746 3342 Inter-

468 3370 748 3438 Christus,
782 3371 878 3426 lux
920 3388 1070 3438 vera,
1102 3378 1166 3426 ut
1213 3375 1499 3427 illuminet
1535 3389 1752 3427 omnem
1789 3375 2068 3429 hominem
2150 3374 2285 3428 dum
2314 3372 2342 3413 ιι
2369 3380 2579 3440 autem,
2623 3372 2758 3427 dum
2804 3374 3233 3444 peregrinamur
3259 3390 3293 3428 a
3326 3374 3595 3441 Domino,
3628 3375 3746 3429 ﬁdei

467 3462 771 3514 venientem
801 3461 866 3512 in
908 3460 1057 3513 hunc
1094 3461 1373 3513 mundum
1410 3461 1589 3525 (Joan.
1618 3474 1734 3528 xxx,
1761 3458 1870 3526 33),
1901 3478 2073 3533 quem
2145 3464 2276 3533 jura
2302 3462 2521 3533 integre
2544 3460 2819 3517 servanda
2845 3468 3005 3529 sunt;
3046 3462 3179 3533 quia
3213 3462 3355 3516 nihil
3385 3463 3626 3535 prodest
3648 3464 3747 3517 ﬁde

466 3563 635 3603 nemo
663 3546 1022 3602 tenebrarum
1053 3546 1237 3618 potuit
1264 3548 1758 3619 comprehendere.
1793 3550 1952 3604 Unde
1978 3551 2067 3605 di-
2150 3568 2314 3605 nosse
2345 3552 2543 3615 Deum,
2580 3568 2748 3622 quem
2769 3567 3002 3622 operum
3032 3551 3191 3606 factis
3220 3556 3279 3605 et
3304 3551 3564 3607 moribus
3584 3553 3746 3607 abne-

467 3643 622 3693 ctum
653 3642 739 3691 est
786 3654 799 3690 :
843 3636 907 3690 Et
948 3637 1175 3690 tenebras
1214 3653 1340 3690 eum
1382 3652 1495 3690 non
1544 3639 2069 3706 comprehenderunt
2148 3656 2369 3710 gamus.
2390 3639 2669 3704 Quoniam
2689 3657 2802 3694 non
2827 3640 2983 3712 prius
3000 3639 3405 3695 confessionem
3422 3641 3749 3696 deitatisre-

470 3728 649 3799 (Joan.
678 3726 780 3794 1v).
820 3723 931 3779 Sed
973 3725 1105 3795 quia
1134 3724 1273 3779 ﬁdes
1307 3740 1371 3778 ex
1399 3725 1512 3779 Deo
1542 3725 1877 3791 illustratur,
1904 3726 2070 3781 debet
2152 3728 2341 3798 quisiti
2382 3728 2442 3781 in
2479 3727 2758 3798 baptismo
2808 3728 3107 3792 edidimus,
3142 3745 3312 3800 quam
3356 3728 3449 3783 his
3493 3730 3749 3785 omnibus

468 3816 528 3869 in
551 3814 719 3868 nullis
740 3813 1021 3876 oﬁ‘uscari,
1049 3813 1566 3884 sperandorumque
1591 3813 1963 3868 substantiam
1982 3817 2070 3886 ju-
2151 3816 2698 3871 abrenuntiaremus.
2719 3816 2877 3871 Unde
2906 3817 3045 3871 nihil
3074 3817 3303 3888 prodest
3326 3817 3519 3873 dicere
3543 3819 3750 3874 confes-

466 3903 614 3973 giter
636 3903 696 3957 in
727 3903 1005 3957 memoria
1031 3903 1311 3957 credentis
1340 3910 1681 3975 praesentare
1709 3923 1723 3957 :
1761 3904 1894 3975 quia
1934 3904 2070 3959 dum

471 3992 654 4046 ﬁdelis
674 3992 912 4063 quisque
933 3991 1227 4046 veritatem
1247 3992 1502 4063 requirit,
1529 4008 1641 4046 non
1663 3992 1830 4046 aliam
1849 3992 2063 4064 utique,

420 4128 429 4131 -
469 4081 567 4134 sed
597 4081 854 4133 eamdem
876 4080 1058 4150 ipsam
1088 4097 1258 4151 quam
1284 4080 1341 4134 in
1371 4081 1479 4135 ﬁde
1504 4081 1672 4150 gerit,
1701 4098 2069 4153 perseveran-

468 4172 560 4221 ter
590 4167 818 4237 quaerit;
855 4174 921 4221 ut
956 4184 1057 4239 per
1096 4169 1266 4222 ﬁdem
1292 4170 1360 4222 ad
1392 4169 1644 4240 ejusdem
1685 4170 1962 4225 satietatis
1989 4172 2070 4225 vi-

471 4254 688 4309 sionem
719 4254 951 4308 devotus
988 4256 1273 4326 pertingat
1313 4257 1673 4323 aeternaliter,
1705 4275 1875 4329 quam
1905 4260 2070 4314 modo

2151 3904 2324 3959 sionis
2353 3921 2449 3959 ore
2482 3922 2493 3956 :
2526 3905 2781 3971 Domine,
2813 3906 3086 3974 Domine;
3132 3906 3239 3961 nisi
3285 3907 3489 3962 feceris
3536 3925 3609 3963 ea
3636 3926 3747 3981 quae

2146 3992 2327 4064 jubet,
2351 3998 2408 4047 et
2430 3994 2686 4048 omiseris
2707 4011 2829 4065 quae
2850 3994 3134 4066 prohibet;
3168 3995 3301 4066 quia
3320 3981 3488 4051 nulla
3510 4015 3652 4067 pars
3675 4002 3751 4052 lu-

2150 4085 2227 4136 cis
2255 4088 2331 4136 est
2368 4100 2494 4137 cum
2532 4084 2765 4137 tenebris
2800 4084 2877 4151 (II
2904 4085 3026 4139 Cor.
3048 4098 3124 4149 v1,
3158 4083 3242 4156 14)
3268 4104 3281 4138 :
3313 4101 3449 4139 nam
3474 4087 3576 4157 qui
3606 4088 3750 4159 prius

2153 4188 2378 4226 eramus
2404 4170 2671 4243 tenebrae,
2699 4188 2848 4227 nunc
2874 4171 3006 4227 facti
3035 4190 3230 4228 sumus
3274 4175 3370 4228 lux
3398 4174 3462 4228 in
3492 4176 3744 4239 Domino,

2153 4277 2377 4316 necesse
2404 4260 2416 4301 ί
2444 4267 2530 4315 est
2568 4266 2649 4327 ut,
2677 4265 2817 4315 sicut
2847 4265 2957 4330 ﬁlii
2985 4265 3123 4317 lucis
3152 4264 3501 4318 ambulemus
3535 4266 3743 4334 (Ephcs.

469 4350 740 4400 aeternam
786 4342 848 4397 in
889 4344 1055 4397 corde
1098 4344 1276 4398 credit
1317 4347 1705 4415 temporaliter
1735 4366 1746 4400 :
1780 4364 1891 4402 non
1922 4350 2209 4423 quodnv,
2241 4350 2314 4419 8).
2339 4350 2498 4403 Unde
2527 4350 2675 4421 quod
2705 4351 2855 4421 apud
2874 4351 3056 4405 Deum
3083 4352 3258 4405 semel
3285 4352 3677 4423 deposuimus,
3694 4359 3749 4407 ut

468 4434 592 4506 ipsa
612 4433 687 4487 sit
703 4432 1031 4504 temporalis
1054 4433 1112 4486 in
1143 4432 1350 4497 animo,
1379 4433 1476 4486 sed
1499 4434 1632 4503 quia
1652 4438 2068 4505 argumentatio

469 4523 600 4578 ﬁdei
621 4529 708 4578 est
732 4521 1081 4595 temporalis,
1100 4521 1277 4576 donec
1294 4538 1452 4576 mens
1474 4523 1741 4594 exspoliet
1765 4542 1824 4579 se
1844 4531 2072 4598 tempo-

469 4612 683 4666 ralibus
709 4619 766 4667 et
791 4613 1063 4667 induatur
1090 4611 1334 4665 aeternis.
1368 4611 1498 4665 Haec
1527 4611 1796 4677 nimirum
1818 4614 1955 4669 ﬁdes
1985 4620 2071 4669 est

470 4715 572 4769 per
616 4716 807 4769 quam,
855 4718 977 4772 quae
1018 4702 1168 4756 Deus
1211 4700 1280 4755 de
1322 4718 1381 4756 se
1425 4693 1615 4755 docuit
1660 4708 1761 4757 aut
1788 4704 2066 4774 promisit,

473 4786 693 4840 etiamsi
723 4789 971 4843 nondum
1001 4790 1385 4861 intelligimus,
1409 4806 1537 4844 vere
1566 4791 1846 4846 credimus
1866 4799 1924 4846 et
1942 4809 2069 4847 con-

472 4876 719 4929 ﬁtemur.
751 4876 1047 4943 Caeterum,
1081 4885 1146 4933 ut
1171 4879 1393 4950 integra
1419 4880 1479 4934 in
1518 4879 1680 4934 nobis
1710 4886 1936 4935 maneat
1973 4881 2070 4936 illa

472 4978 598 5036 quae
616 4979 720 5034 per
737 4962 1092 5019 dilectionem
1120 4973 1405 5037 operatur,
1426 4968 1645 5039 agenda
1668 4975 1802 5023 sunt
1824 4986 1946 5040 quae
1967 4987 2069 5025 nos

468 5054 586 5109 Deo
632 5050 744 5106 ﬁde
792 5051 1174 5123 promisimus,
1214 5061 1280 5109 ut
1314 5056 1591 5112 dictorum
1630 5057 1770 5113 ﬁdes
1807 5057 2069 5129 operibus

396 5238 399 5241 ·
498 5239 508 5264 ε
539 5238 557 5261 ·
585 5231 758 5300 Edit.,
791 5232 1046 5286 interim.

537 5300 764 5378 fEdit.,
796 5303 1047 5372 operibus
1073 5317 1293 5358 servare
1319 5320 1489 5373 usque
1516 5307 1591 5361 ad
1616 5313 1848 5364 mortem
1876 5312 2067 5378 utique

467 5373 633 5428 debet.

479 5496 495 5509 ,
537 5449 556 5472 °
593 5439 764 5505 Edit.,
794 5442 1135 5509 faciendum.

440 5576 445 5583 η
539 5512 567 5554 ά
596 5511 768 5583 Edit.,
802 5516 1143 5571 transibunt.

538 5597 564 5627 ο
590 5582 762 5652 Edit.,
794 5583 1051 5645 observes.

2084 4396 2135 4456 D

2152 4439 2267 4493 vita
2291 4443 2486 4493 nostra
2512 4455 2638 4493 cum
2670 4440 2894 4493 Christo
2923 4439 3249 4494 abscondita
3276 4440 3336 4495 in
3368 4442 3527 4496 cmlis
3569 4459 3749 4497 serva-

2150 4532 2327 4594 retur,
2358 4544 2471 4581 non
2498 4534 2840 4599 repetamus,
2871 4528 3049 4584 donec
3070 4529 3325 4583 Christus
3354 4530 3567 4585 iterum
3591 4548 3750 4603 appa-

2150 4623 2291 4683 reat,
2324 4621 2405 4682 ut,
2438 4633 2564 4671 cum
2594 4618 2843 4672 Christus
2879 4622 3209 4688 apparuerit
3234 4622 3351 4672 vita
3380 4625 3597 4684 nostra,
3630 4638 3745 4674 cum

2152 4709 2265 4776 ipso
2294 4721 2663 4775 appareamus
2690 4709 2752 4760 in
2779 4708 2964 4774 gloria
2983 4707 3124 4777 (Col.
3155 4721 3239 4773 III,
3260 4708 3336 4775 4).
3364 4706 3671 4763 Servemus
3696 4716 3748 4763 et

2151 4794 2464 4866 depositum
2490 4795 2612 4864 ejus
2639 4794 2697 4848 in
2728 4793 2908 4859 nobis,
2934 4794 3131 4866 utique
3162 4794 3368 4849 bonum
3397 4796 3744 4861 thesaurum,

2151 4882 2382 4937 scillicet
2410 4886 2697 4953 repertum
2727 4881 2787 4935 in
2825 4898 2961 4952 agro
3002 4881 3249 4952 corporis
3287 4882 3520 4947 Christi,
3557 4888 3621 4938 in
3648 4900 3745 4953 quo

2149 4977 2280 5026 sunt
2308 4987 2495 5025 omnes
2521 4971 2768 5025 thesauri
2784 4968 3247 5040 sapientiamque
3265 4974 3510 5026 scientias
3526 4973 3662 5042 (Col.
3684 4986 3739 5036 n,

2151 5057 2222 5130 3),
2244 5059 2353 5113 ﬁde
2372 5059 2592 5130 integra
2614 5058 2703 5129 baj
2712 5059 2932 5114 ulantes
2945 5074 3076 5113 eum
3097 5060 3161 5113 in
3179 5061 3322 5113 vasis
3344 5061 3472 5113 istis
3490 5062 3740 5128 fictilibus

2219 5238 2241 5278 ι
2281 5237 2339 5292 In
2363 5235 2527 5291 editis
2555 5237 2715 5291 deest
2741 5238 2877 5292 Tito.

2219 5320 2250 5362 tr
2278 5308 2459 5372 Edit.,
2488 5323 2641 5376 opere
2672 5312 2734 5361 ut
2764 5323 3156 5363 conservemus.

2218 5378 2253 5449 ὶιγ
2277 5378 2445 5443 Edit.,
2474 5381 2729 5445 interim,
2763 5380 2924 5449 cujus
2952 5379 3072 5435 loco
3103 5378 3247 5434 solet
3285 5379 3621 5436 Paschasius
3657 5378 3731 5434 uti

2146 5448 2315 5505 verbo
2343 5453 2648 5505 interdum.

2222 5522 2237 5561 ί
2275 5520 2451 5591 Edit.,
2476 5524 2596 5575 ideo
2622 5536 2825 5575 necesse
2862 5527 2956 5576 est.
