3992 6166
268 347 417 405 1401,

1178 349 1272 403 DE
1310 348 1493 415 FIDE,
1537 348 1666 405 SPE
1705 350 1792 405 ET
1831 347 2260 405 CHARITATE.
2302 379 2366 393 —
2405 349 2541 406 LIB.
2586 352 2629 415 Ι.

3324 352 3533 427 ,1402

269 475 352 542 (ΙΙ
374 475 497 532 Cor.
528 486 608 537 Iv,
631 472 718 541 7);
752 477 1029 544 quatenus
1054 472 1182 529 hinc
1212 473 1341 530 inde
1385 474 1578 530 ﬁdeles
1604 476 1858 532 invenia-
1874 477 1930 538 Α
1946 476 1993 532 si
2017 477 2207 532 omnia
2235 476 2431 544 credit,
2451 478 2811 550 quaerendum
2827 493 2950 551 quae
2975 477 3280 535 omnia?ne
3305 478 3448 535 forte
3462 478 3532 535 ob

266 579 416 629 mur,
452 580 524 618 ne
572 579 607 617 a
634 561 945 618 latronibus
971 563 1031 618 in
1065 563 1174 630 via,
1207 565 1354 636 quod
1390 564 1554 633 absit,
1590 566 1861 638 exspolie-

268 669 414 708 mur.
762 692 772 700 ~

896 724 1130 780 CAPUT
1159 723 1227 778 V.

267 831 421 898 Quod
446 833 671 899 gemina
689 833 780 897 sit,
800 847 919 886 una
944 831 1241 900 eademque
1270 832 1419 899 ﬁdes,
1446 833 1588 885 sicut
1618 831 1862 886 eharitas

815 917 933 956 una
958 904 1315 971 praedicatur.

336 1002 469 1063 Haec
497 1008 567 1062 de
596 1008 724 1074 ﬁde,
759 1024 883 1079 quae
909 1008 970 1062 in
998 1008 1178 1063 Deum
1207 1013 1311 1075 est,
1339 1008 1489 1063 dicta
1515 1008 1658 1076 sint;
1691 1014 1862 1064 caete-

266 1115 395 1153 rum
439 1098 746 1164 videamus,
780 1098 828 1152 si
870 1102 928 1152 et
970 1098 1223 1169 proximo
1265 1098 1404 1152 ﬁdes
1459 1098 1731 1153 servanda
1757 1098 1858 1165 sit;

266 1187 582 1258 pmsertim
622 1203 751 1241 cum
780 1186 839 1241 in
890 1186 1187 1241 Salomone
1212 1187 1464 1258 legamus
1497 1206 1509 1241 :
1546 1189 1725 1241 Fidem
1744 1204 1865 1256 pos-

265 1277 382 1330 side
409 1292 537 1330 cum
568 1278 823 1344 proximo
847 1280 939 1329 tuo
957 1277 1146 1343 (Ereti.
1178 1290 1308 1341 χχιι,
1338 1273 1454 1346 18)’;
1485 1276 1699 1348 utique,
1732 1275 1865 1346 quia

198 1404 207 1411 .
266 1364 406 1419 ﬁdes
436 1364 750 1419 communis
790 1364 1068 1435 possessio
1097 1370 1210 1432 est;
1241 1382 1355 1419 non
1407 1366 1555 1419 enim
1586 1365 1643 1419 in
1676 1365 1864 1435 aliquo

266 1452 389 1508 sine
415 1453 668 1524 proximo
690 1454 818 1523 jure
847 1453 1195 1525 possidetur;
1229 1455 1362 1525 quia
1404 1460 1463 1509 et
1490 1454 1538 1508 si
1571 1454 1653 1507 illi
1683 1455 1862 1519 deest,

265 1542 358 1597 cui
383 1552 410 1582 ι
431 1548 589 1597 tuam
635 1559 855 1596 servare
893 1542 1163 1614 disponis,
1198 1543 1257 1597 in
1289 1543 1383 1596 illo
1424 1548 1613 1597 tamen
1643 1547 1867 1613 oportet

263 1635 424 1686 tuam
446 1631 753 1703 possideas.
772 1632 1035 1702 Alioquin
1058 1633 1210 1686 solus
1230 1631 1334 1686 sibi
1362 1632 1488 1702 quis
1511 1642 1661 1686 recte
1686 1630 1863 1703 possi-

264 1720 402 1775 dere
420 1720 646 1792 poterit,
670 1736 838 1791 quam
881 1738 1007 1775 mox
1037 1720 1159 1774 sine
1183 1721 1279 1774 illo
1303 1720 1546 1775 amittit?
1575 1720 1736 1775 Unde
1762 1736 1861 1773 ne-

1943 567 2047 621 hoc
2073 567 2241 621 etiam
2273 567 2557 622 erroribus
2583 568 2947 623 involvamur.
2984 569 3175 624 Credit
3193 569 3385 640 itaque
3409 585 3532 624 om-

1943 656 2039 710 nia
2060 656 2345 711 credibilia
2366 656 2575 729 absque
2595 657 2709 711 ulla
2734 658 3056 729 exceptione
3084 658 3154 712 de
3183 659 3319 719 Deo,
3344 658 3402 711 in
3423 673 3533 729 quo

1943 744 2095 798 nulla
2131 749 2213 799 est
2244 744 2491 812 falsitas;
2525 751 2581 800 et
2610 744 2733 800 ideo
2757 746 2827 800 de
2870 746 2966 799 illo
2995 746 3263 800 divinitus
3294 763 3416 818 quae
3454 743 3536 799 di-

1945 838 2149 887 cuntur
2172 833 2361 887 omnia
2380 834 2574 888 credit.
2593 835 2672 888 De
2692 834 2942 905 proximo
2955 851 3086 889 vero
3110 834 3181 888 ad
3215 849 3535 889 mensuram

1947 921 2033 975 sui
2062 922 2227 976 ﬁdem
2258 922 2478 993 recipit;
2507 923 2602 993 qui
2632 922 2679 977 si
2699 922 2839 977 bene
2864 924 3030 994 sapit,
3058 940 3163 977 nec
3191 923 3440 993 seipsum
3469 937 3536 976 ex

1942 1016 2061 1064 toto
2090 1010 2255 1064 corde
2287 1010 2483 1076 credit,
2519 1009 2649 1081 quia
2680 1011 2870 1065 Omnis
2899 1012 3056 1065 homo
3086 1012 3331 1065 mendax
3361 1014 3532 1079 (Psat.

1944 1115 2059 1165 cxv,
2090 1099 2163 1168 2).
2187 1099 2345 1153 Unde
2375 1100 2492 1153 sola
2523 1104 2657 1153 sunt
2680 1099 2778 1153 illa
2804 1100 2863 1154 in
2892 1098 3052 1154 nobis
3075 1098 3378 1165 credibilia,
3412 1114 3535 1170 quae

1944 1187 2211 1242 divinitus
2240 1188 2472 1242 veritate
2501 1184 2840 1256 fulc'iuntur;
2874 1188 2970 1243 illa
2992 1206 3121 1243 vero
3145 1205 3266 1260 quae
3295 1188 3535 1243 necdum

1946 1277 2002 1330 in
2042 1275 2311 1330 fratribus
2353 1277 2477 1331 luce
2535 1276 2784 1331 veritatis
2828 1278 3397 1349 comprehenduntur,
3431 1292 3535 1332 nec

1947 1365 2205 1419 falsitatis
2234 1365 2523 1419 mendacio
2551 1366 2910 1437 deteguntur,
2949 1371 3178 1437 propter
3204 1367 3535 1420 charitatem

1946 1455 2055 1509 ﬁde
2082 1455 2314 1508 ferenda
2343 1460 2493 1519 sunt,
2534 1457 2884 1524 quoadusque
2913 1459 3098 1509 veniat
3125 1457 3414 1520 meinus,
3438 1458 3537 1525 qui

1946 1545 2297 1597 ittuminabit
2334 1546 2650 1597 abscondita
2682 1545 3055 1609 tenebrarum,
3084 1549 3133 1597 et
3158 1544 3537 1612 manifestabit

1946 1634 2178 1686 consilia
2208 1633 2461 1685 eordium
2482 1634 2537 1698 (Ῑ
2552 1632 2673 1686 σον.
2707 1646 2782 1700 iv,
2803 1632 2879 1701 5).
2899 1631 3041 1685 Hinc
3062 1648 3285 1703 quoque
3307 1633 3539 1703 Aposto-

1943 1722 2033 1775 lus
2059 1739 2070 1774 :
2102 1723 2403 1788 Inﬁrmum
2430 1724 2493 1775 in
2512 1722 2614 1788 ﬁde
2638 1737 2874 1786 assume,
2899 1726 2947 1775 et
2978 1736 3089 1774 non
3108 1723 3170 1774 in
3202 1722 3541 1789 disceptatio-

264 1789 525 1865 cesseiest
544 1789 780 1881 quisque
804 1809 862 1863 in
886 1809 1063 1863 altero
1087 1809 1372 1880 possideat
1398 1810 1586 1872 ﬁdem,
1613 1825 1781 1880 quam
1802 1808 1861 1861 in
1878 1789 1927 1849 Β
1950 1812 2110 1864 nibus
2147 1811 2317 1874 (Rom.
2344 1824 2414 1875 Iv,
2454 1809 2525 1878 1);
2549 1826 2619 1863 ne
2666 1810 2801 1863 dum
2846 1826 2959 1863 non
2996 1807 3260 1872 creditur,
3277 1808 3539 1863 seandalo

263 1898 494 1971 proprio
554 1898 720 1953 corde
769 1899 948 1969 gerit;
981 1899 1050 1952 de
1080 1915 1192 1970 qua
1234 1898 1373 1952 mihi
1402 1897 1773 1953 dubitandum
1803 1904 1868 1951 ut
1947 1897 2425 1971 pusillanimitatis
2450 1898 2715 1968 patiatur.
2740 1899 2887 1968 Ergo
2914 1914 2979 1952 ex
2996 1897 3156 1951 nobis
3171 1896 3540 1967 omnibusque

265 1988 515 2054 amittas,
574 1988 746 2042 etiam
800 1988 934 2042 dum
984 1988 1273 2059 proximus
1320 2004 1481 2042 suam
1539 1986 1864 2058 perdiderit.
1948 1987 2143 2042 amicis
2173 1993 2229 2041 et
2257 1986 2498 2041 inimicis
2542 1987 2679 2041 fides
2707 1986 2980 2041 servanda
3007 1992 3134 2040 est:
3168 1985 3189 2025 τ
3225 1984 3419 2039 amicis
3457 1984 3537 2038 si-

262 2078 509 2147 Magnus
545 2076 722 2147 igitur
766 2077 1064 2131 thesaurus
1118 2076 1256 2130 ﬁdes
1300 2093 1411 2131 non
1473 2076 1621 2143 ﬁcta,
1654 2075 1714 2129 in
1758 2092 1869 2146 qua
1951 2076 2174 2149 quidem
2198 2075 2257 2130 in
2277 2077 2477 2141 Deum,
2507 2074 2749 2130 inimicis
2779 2080 3008 2147 propter
3036 2074 3245 2140 Deum;
3272 2072 3536 2144 quoniam

260 2166 474 2221 veritas
515 2171 789 2222 servatur.
821 2164 896 2220 Et
948 2166 1074 2221 ideo
1130 2166 1263 2220 hinc
1309 2166 1440 2219 inde
1484 2165 1632 2219 inter
1677 2166 1865 2236 proxi-
1950 2166 2093 2219 sicut
2108 2166 2257 2219 Deus
2287 2163 2549 2229 Charitas,
2567 2165 2647 2217 ita
2677 2169 2734 2218 et
2751 2164 2955 2217 veritas
2976 2161 3244 2216 divinitus
3272 2161 3536 2233 praedica-

264 2271 391 2310 mos
419 2255 653 2309 alternis
701 2255 1057 2325 resplendeat
1084 2253 1393 2317 affectibus,
1428 2260 1706 2325 quatenus
1745 2270 1866 2308 me-
1947 2260 2060 2309 tur.
2077 2255 2193 2308 Nec
2212 2252 2807 2324 igituraestimandum,
2828 2252 2974 2323 quod
2997 2252 3233 2305 alteram
3246 2248 3534 2321 proximis,

265 2344 365 2399 dia
402 2344 606 2399 mentis
647 2343 924 2415 possessio
975 2344 1164 2415 plures
1207 2343 1386 2407 uniat,
1420 2344 1555 2397 dum
1608 2343 1863 2397 dilectio-
1946 2348 2046 2397 aut
2070 2343 2172 2397 ulli
2203 2343 2493 2396 hominum
2524 2342 2692 2395 fidem
2724 2340 3047 2403 debeamus,
3084 2356 3251 2410 quam
3284 2354 3407 2409 quae
3439 2353 3540 2409 per

263 2449 398 2488 nem
430 2437 697 2504 operatur
746 2433 806 2487 in
854 2432 1103 2504 proximo
1160 2438 1217 2486 et
1258 2432 1571 2498 veritatem,
1605 2448 1773 2502 quam
1805 2432 1864 2484 in
1946 2432 2298 2486 dilectionem
2326 2436 2609 2502 operatur.
2630 2431 2907 2484 Caeterum
2933 2429 3192 2499 illa,quze
3214 2427 3437 2481 illicitas
3461 2427 3540 2480 fo-

262 2538 329 2577 se
348 2522 530 2593 diligit
557 2522 786 2589 servari,
809 2521 1053 2576 custodit
1074 2522 1256 2575 alteri.
1289 2521 1466 2586 Unde,
1494 2526 1557 2574 ut
1578 2520 1711 2587 dixi,
1737 2521 1865 2589 jure
1946 2526 2036 2574 vet
2055 2520 2346 2574 hominum
2380 2519 2713 2581 voluntates,
2745 2519 2887 2572 sicut
2909 2534 3021 2572 non
3065 2523 3150 2571 est
3177 2515 3421 2570 Charitas
3450 2514 3540 2569 in-

258 2592 496 2682 gemina
547 2610 910 2682 praedicatur;
942 2611 1075 2681 quia
1123 2610 1269 2665 sicut
1324 2617 1409 2664 est
1452 2609 1718 2675 Charitas,
1754 2626 1866 2681 qua
1946 2609 2124 2663 tentio
2142 2608 2240 2662 illa
2261 2624 2372 2678 qua
2394 2592 3067 2677 diligituriniquitas,sed
3085 2605 3277 2658 odium
3301 2603 3534 2658 animae:

265 2701 421 2756 Deus
436 2716 504 2755 ex
523 2704 643 2755 toto
661 2700 845 2763 corde,
862 2706 918 2753 et
939 2716 1003 2754 ex
1022 2704 1144 2754 tota
1185 2699 1396 2765 anima,
1429 2705 1486 2767 et
1512 2716 1575 2753 ex
1604 2704 1724 2753 tota
1753 2698 1864 2752 vir-
1946 2698 2028 2753 ita
2047 2714 2149 2751 nec
2180 2696 2317 2751 ﬁdes
2342 2695 2693 2767 appellanda,
2726 2695 2823 2748 sed
2844 2694 3162 2755 inﬁdelitas,
3181 2708 3293 2763 qua
3320 2693 3541 2745 fovetur

260 2782 434 2844 tute”
455 2789 735 2860 diligitur;
760 2789 840 2842 ita
858 2787 1024 2843 debet
1043 2805 1163 2844 esse
1177 2793 1235 2842 et
1252 2788 1407 2854 ﬁdes,
1428 2805 1539 2859 qua
1558 2788 1677 2859 ipse
1694 2787 1865 2842 idem-
1946 2786 2252 2858 proximus,
2282 2786 2418 2840 dum
2464 2785 2569 2839 scit
2595 2784 2753 2838 illum
2796 2783 2964 2838 noxia
2991 2782 3149 2848 velle,
3179 2781 3239 2835 in
3287 2796 3396 2852 quo
3426 2796 3539 2834 non

268 2895 383 2951 que
403 2895 469 2934 ex
496 2883 615 2932 toto
643 2877 830 2945 corde,
854 2884 911 2932 et
938 2894 1005 2932 ex
1032 2883 1153 2932 tota
1198 2877 1406 2944 anima,
1435 2882 1604 2948 atque
1635 2892 1704 2931 ex
1746 2882 1865 2930 tota
1946 2874 2110 2929 liceat
2137 2874 2472 2928 consentire.
2492 2872 2767 2938 Quoniam
2789 2872 3235 2926 Christianorum
3255 2870 3376 2924 sola
3402 2868 3539 2924 ﬁdes

259 2968 397 3023 ﬁdei
419 2967 620 3022 virtute
641 2967 919 3032 credatur,
944 2967 1188 3021 creditus
1217 2971 1456 3032 ametur,
1483 2971 1704 3021 amatus
1733 2982 1863 3020 vero
1947 2969 2051 3030 est,
2079 2980 2201 3035 quae
2230 2980 2331 3035 per
2349 2963 2703 3016 dilectionem
2733 2966 3018 3033 operatur.
3049 2959 3261 3016 Idcirco
3291 2956 3535 3012 inﬁdelis

263 3073 370 3129 spe
399 3062 553 3111 certa
572 3062 852 3122 teneatur,
879 3063 936 3110 et
958 3056 1083 3110 ideo
1108 3056 1276 3110 ﬁdem
1299 3055 1369 3120 ei,
1404 3071 1574 3127 quam
1605 3056 1674 3109 de
1702 3054 1863 3109 nobis
1883 3097 1924 3129 ρ
1948 3052 2189 3123 quisque
2218 3051 2583 3111 convincitur,
2617 3051 2751 3104 dum
2772 3050 2891 3104 sine
2919 3048 3030 3103 ﬁde
3050 3064 3172 3119 quae
3194 3046 3538 3102 Christiano-
3615 3090 3621 3095 .

264 3144 652 3218 promisimus,
667 3162 733 3200 ex
752 3150 870 3199 toto
884 3144 1266 3199 custodiamus
1287 3144 1451 3216 :quia
1462 3146 1591 3213 ﬁdes
1612 3148 1730 3198 sine
1750 3161 1865 3213 ope-
1882 3134 1926 3157 υ
1947 3158 2074 3195 rum
2105 3145 2206 3205 est,
2240 3141 2389 3195 circa
2424 3140 2606 3194 Deum
2660 3145 2717 3192 et
2765 3138 3085 3209 proximum
3119 3134 3535 3207 comprobatur.

262 3237 427 3290 ribus
441 3233 511 3288 ab
527 3233 779 3306 apostolo
793 3238 1012 3288 mortua
1028 3232 1365 3304 praedicatur
1376 3235 1506 3298 (Jac.
1522 3247 1584 3299 II,
1602 3231 1711 3298 26):
1731 3249 1861 3286 nam
1946 3231 2026 3285 De
2055 3236 2256 3284 caetero
2278 3234 2549 3300 quantum
2572 3226 2733 3283 nobis
2753 3227 3006 3298 impedit,
3021 3226 3067 3280 si
3089 3224 3332 3279 Charitas
3360 3223 3543 3295 proxi-

255 3324 450 3393 justus
464 3340 529 3377 ex
560 3324 669 3378 ﬁde
692 3323 853 3385 vivit;
884 3323 1023 3377 ﬁdes
1048 3338 1177 3377 vero
1188 3322 1358 3392 justis
1378 3322 1607 3393 suisque
1625 3337 1647 3363 ο
1678 3321 1865 3393 operi-
1946 3319 2024 3372 mi
2053 3318 2197 3372 circa
2227 3334 2328 3371 nos
2354 3318 2668 3387 frangatur,
2697 3321 2914 3369 tantum
2944 3320 3000 3368 et
3021 3315 3067 3368 si
3097 3312 3236 3367 ﬁdes
3265 3312 3538 3367 violetur:

264 3412 374 3466 bus
394 3412 720 3467 viviﬁcatur.
754 3412 888 3476 Quae
932 3412 980 3466 si
1010 3416 1234 3465 mortua
1261 3411 1451 3476 fuerit,
1483 3427 1862 3482 possessorem

263 3501 504 3556 minime
518 3517 681 3556 suum
704 3501 909 3572 poterit
926 3500 1221 3554 viviﬁcare.
1239 3500 1594 3570 Quapropter
1614 3516 1780 3552 nemo
1800 3514 1860 3553 se

264 3590 526 3657 deludat;
560 3589 607 3642 si
653 3589 772 3643 vult
818 3589 1006 3658 justus
1044 3606 1110 3642 ex
1149 3589 1258 3642 ﬁde
1305 3589 1508 3652 vivere,
1551 3588 1695 3641 vivat
1723 3587 1860 3640 ﬁdes

263 3680 392 3750 ejus
406 3695 440 3733 a
455 3678 854 3749 suisjustisque
870 3678 1130 3749 operibus
1145 3695 1156 3730 :
1179 3694 1407 3731 necesse
1427 3681 1512 3730 est
1525 3682 1589 3730 ut
1598 3692 1700 3746 per
1714 3691 1857 3742 eam,

263 3782 393 3838 quae
415 3765 564 3831 vivit,
596 3764 903 3819 viviﬁcetur
927 3770 985 3818 et
1005 3764 1149 3835 ipse;
1181 3780 1250 3817 ne
1280 3764 1424 3817 forte
1448 3780 1550 3834 per
1589 3779 1712 3817 eam
1741 3780 1863 3834 quae

264 3860 494 3910 mortua
518 3859 622 3919 est,
645 3854 920 3907 moriatur
934 3858 992 3907 et
1012 3853 1147 3924 ipse.
1167 3851 1330 3906 Fides
1347 3868 1589 3922 namque
1612 3852 1863 3922 proximo

264 3948 428 3998 tanta
457 3949 515 3998 et
540 3942 670 3996 talis
698 3942 973 3996 servanda
1004 3948 1108 4005 est,
1142 3941 1388 4012 qualem,
1414 3946 1756 4011 quantamve
1793 3940 1864 3994 ab

262 4049 334 4087 eo
359 4031 465 4086 sibi
485 4031 694 4086 servari
712 4030 976 4098 voluerit;
1005 4030 1253 4101 alioquin
1277 4046 1443 4083 nemo
1461 4029 1625 4084 alteri
1646 4034 1673 4072 ἀ
1694 4029 1864 4084 ﬁdem

265 4119 561 4193 impendit,
576 4136 744 4191 quam
767 4119 871 4173 sibi
892 4119 962 4174 de
992 4119 1158 4172 corde
1172 4118 1348 4186 tollit;
1373 4124 1429 4172 et
1456 4118 1581 4173 ideo
1608 4124 1864 4173 nostrum

265 4215 354 4266 est
385 4210 533 4280 quod
563 4209 867 4280 perdimus,
898 4208 1030 4261 dum
1077 4207 1330 4278 proximo
1358 4207 1526 4261 ﬁdem
1558 4223 1861 4277 negamus;

266 4315 335 4353 ac
354 4298 569 4369 perhoc
586 4302 859 4368 quantum
881 4313 1005 4351 eam
1020 4295 1301 4350 nobismet
1314 4311 1623 4359 servamus,
1642 4300 1737 4348 tan
1746 4300 1865 4349 tum

1945 3408 2024 3462 ita
2053 3407 2279 3460 demum
2309 3406 2357 3459 si
2399 3412 2592 3459 nostra
2648 3405 2805 3469 ﬁdes,
2839 3408 2940 3457 aut
2992 3403 3240 3456 charitas
3291 3402 3349 3455 in
3379 3400 3539 3455 nobis

1945 3496 2092 3549 circa
2112 3494 2290 3548 Deum
2312 3500 2369 3547 et
2383 3479 2699 3564 proximum
2717 3493 2938 3561 integra
2964 3490 3330 3545 custodiatur.
3355 3489 3536 3553 Quam

1946 3601 2079 3639 sane
2102 3582 2506 3655 possessionem
2529 3596 2694 3635 nemo
2724 3580 2928 3633 invitus
2954 3578 3153 3649 perdit,
3188 3594 3352 3632 nemo
3373 3576 3542 3630 alteri

1945 3674 2065 3727 sine
2086 3673 2268 3727 fructu
2288 3670 2576 3742 rependit;
2598 3685 2762 3722 nemo
2781 3684 2908 3721 cum
2930 3666 3286 3736 impenderit,
3305 3664 3536 3732 amittit;

1948 3762 2083 3816 nulli
2106 3760 2363 3832 plurimis
2382 3759 2515 3813 data
2535 3757 2808 3811 minuitur
2831 3775 2844 3823 ;
2869 3755 3007 3809 nulli
3024 3771 3135 3808 non
3158 3769 3401 3825 expensa
3422 3768 3536 3806 scr~

1945 3856 2131 3905 vatur.

2566 3916 2799 3972 CAPUT
2826 3915 2921 3968 VI.

1949 4029 2098 4096 Quod
2116 4040 2407 4093 nunquam
2428 4028 2566 4077 recte
2587 4023 2649 4096 de
2667 4023 2780 4075 alio
2791 4022 2887 4074 hoc
2896 4036 3067 4096 genus
3089 4019 3401 4096 locutionis,
3416 4018 3538 4096 nisi

2015 4100 2078 4151 de
2108 4099 2212 4151 Deo
2247 4088 2391 4157 'solo,
2427 4100 2477 4148 et
2505 4097 2567 4147 in
2612 4095 2785 4147 Deum
2814 4094 3107 4159 accipitur,
3141 4089 3361 4159 quando
3394 4088 3538 4142 dici-

2022 4185 2143 4222 mus
2167 4187 2183 4222 :
2206 4166 2386 4221 Credo
2408 4166 2468 4219 in
2490 4166 2691 4219 Deum.

2018 4294 2072 4347 '1.
2103 4292 2422 4363 Proprietas
2447 4291 2618 4361 igitur
2640 4290 2806 4360 hujus
2825 4288 2978 4343 verbi
3005 4285 3413 4342 consideranda
3434 4290 3537 4350 est,

264 4387 434 4442 alteri
451 4387 606 4441 illam
626 4385 1021 4457 impendimus.
1042 4384 1148 4439 Sed
1168 4401 1280 4439 non
1299 4383 1613 4454 istaitaque
1630 4383 1864 4438 alternis
1881 4447 1928 4457 _
1950 4399 2077 4436 cum
2106 4382 2340 4435 dicimus
2368 4397 2434 4434 ex
2463 4379 2795 4433 auctoritate
2810 4377 3082 4449 Symboli,
3108 4375 3256 4446 quod
3279 4375 3338 4428 in
3364 4373 3540 4449 bapti-

266 4475 578 4548 propositio
608 4474 724 4529 suis
742 4474 1042 4545 respondet
1060 4472 1343 4544 partibus:
1369 4489 1481 4527 non
1512 4472 1765 4539 enim,ut
1795 4447 2072 4526 deDsmo
2100 4470 2336 4523 confessi
2364 4484 2592 4522 sumus:
2630 4468 2798 4522 Credo
2820 4470 2882 4520 in
2912 4468 3083 4519 Deum
3115 4467 3334 4518 Patrem
3364 4464 3542 4515 omni-

264 4570 465 4620 nostra
491 4564 698 4618 scimus
726 4563 855 4628 ﬁde,
887 4562 1147 4616 omnibus
1191 4562 1261 4616 de
1313 4577 1416 4615 sua
1458 4561 1685 4615 credere
1707 4560 1867 4630 jube-
1940 4564 2213 4628 potentem
2243 4564 2291 4611 et
2320 4561 2381 4611 in
2398 4560 2584 4611 Jesum
2615 4557 2915 4620 Christum,
2933 4556 3141 4607 Filium
3172 4555 3306 4619 ejus,
3333 4556 3398 4603 ut
3416 4548 3545 4604 sub-

264 4671 433 4709 mur:
461 4652 725 4724 quoniam
751 4651 914 4705 multi
939 4651 1116 4705 multa
1144 4651 1467 4721 loquuntur,
1496 4655 1553 4703 et
1582 4650 1708 4704 ideo
1738 4666 1868 4703 rara

266 4748 356 4799 est
378 4743 547 4809 ﬁdes;
566 4741 663 4796 sed
692 4747 755 4795 ut
772 4757 947 4812 supra
967 4740 1233 4812 praemisi,
1256 4745 1417 4793 tanto
1446 4738 1771 4793 credibilius
1802 4755 1867 4792 ex

263 4834 448 4888 altero
472 4830 769 4894 sentimus,
787 4835 996 4900 quanto
1015 4828 1355 4883 fructuosius
1379 4828 1529 4898 apud
1547 4844 1677 4882 eum
1709 4828 1868 4897 cujus

265 4922 410 4976 ﬁdes
424 4925 528 4984 est,
547 4928 571 4955 θ
590 4935 691 4990 per
709 4918 1063 4973 dilectionem
1090 4918 1240 4971 circa
1266 4917 1444 4971 Deum
1469 4921 1525 4970 et
1551 4916 1869 4987 proximum

264 5015 504 5083 operata
521 5007 718 5071 fuerit;
745 5013 934 5061 tamen
965 5007 1176 5060 dictum
1206 5006 1448 5075 legimus
1469 5004 1539 5058 ab
1561 5006 1856 5076 Apostolo:

266 5101 529 5156 Charitas
556 5099 745 5152 omnia
777 5098 949 5150 credit
993 5098 1041 5156 (Ι
1067 5096 1188 5150 Cor.
1238 5108 1363 5159 xm,
1397 5092 1470 5151 7).
1503 5094 1771 5165 Nunquid
1808 5099 1866 5147 et

257 5188 410 5244 falsa
438 5186 823 5260 proximorum
852 5184 1058 5239 idcirco
1099 5185 1326 5239 credere
1354 5182 1693 5255 persuadet?
1721 5183 1867 5247 Quia

337 5337 357 5359 ‘
386 5330 554 5395 Editi,
585 5333 636 5384 si
655 5336 810 5384 tuam
830 5343 1068 5391 servare,
1101 5325 1308 5381 omisso
1335 5327 1448 5381 cui.

337 5403 367 5441 δ
387 5402 556 5462 Edit.,
578 5406 818 5458 ametur.
841 5400 905 5454 In
926 5398 1089 5453 editis
1098 5397 1361 5453 deest.Ea:
1384 5402 1493 5451 tota
1513 5399 1718 5450 virtute
1740 5396 1869 5450 diti-

264 5476 466 5543 gitur:
498 5475 579 5526 ita
603 5473 751 5526 debet
803 5487 909 5525 esse
936 5474 985 5523 et
1028 5471 1175 5537 ﬁdes,
1208 5486 1320 5539 qua
1366 5471 1478 5538 ipse
1524 5468 1779 5539 idemque
1804 5483 1869 5521 ea:

267 5549 379 5600 toto
410 5544 588 5610 corde,
611 5559 675 5597 ex
703 5547 812 5596 tota
828 5543 1043 5596 anima.

340 5622 363 5651 ο
391 5609 805 5682 Edit.,'piisque
821 5631 839 5679 ;
878 5611 976 5666 sed
1020 5611 1223 5666 melius
1242 5613 1481 5680 suisque.
1513 5610 1659 5664 Nam
1695 5609 1864 5679 paulo

1948 4647 2297 4717 intelligatur
2338 4648 2523 4703 Credo.
2572 4644 2790 4699 Deinde
2844 4643 3010 4697 Credo
3056 4645 3101 4693 et
3152 4642 3215 4693 in
3262 4640 3545 4707 Spiritum
3584 4649 3587 4652 ‘

1948 4743 2222 4792 sanetum.
2248 4737 2311 4790 In
2340 4736 2473 4790 totis
2494 4751 2628 4789 sane
2649 4732 2829 4786 tribus
2851 4728 3104 4802 personis
3135 4743 3247 4781 una
3267 4724 3545 4780 confessio

1950 4831 2035 4881 est
2064 4825 2133 4879 ab
2188 4825 2455 4896 apostolis
2483 4823 2711 4885 tradita,
2745 4837 2859 4875 una
2914 4818 3232 4890 proprietas
3262 4815 3418 4869 verbi
3475 4813 3546 4868 ab
3644 4828 3660 4844 ·

1951 4914 2209 4971 omnibus
2239 4929 2367 4967 voce
2410 4910 2746 4980 intelligibili
2795 4907 3131 4962 conﬁtenda.
3167 4905 3348 4960 Nemo
3395 4903 3547 4957 enim

1946 5011 2096 5058 recte
2125 5002 2294 5056 dicit:
2335 5000 2512 5055 Credo
2541 4998 2598 5053 in
2652 4997 2990 5069 proximum,
3025 4996 3108 5050 vel
3159 4995 3216 5048 in
3258 4993 3543 5063 angelum,

1947 5094 2032 5147 vel
2051 5092 2108 5146 in
2129 5089 2440 5163 quamlibet
2456 5093 2862 5142 creaturarum.
2882 5085 3042 5139 Unde
3064 5089 3119 5138 et
3140 5082 3543 5155 proprietatem

1946 5184 2116 5253 hujus
2136 5177 2501 5235 confessionis
2523 5177 2581 5230 in
2603 5175 2863 5231 oinnibus
2886 5172 3193 5245 Scripturis
3222 5169 3423 5224 divinis
3442 5168 3548 5223 soli

1948 5330 2077 5397 post
2078 5322 2293 5397 _su_b_dit
2318 5338 2331 5397 ξ
2363 5323 2512 5397 Vieat
2533 5320 2839 5397 ﬁdesejusa
2859 5316 3257 5397 suisjustisque
3274 5312 3545 5379 operibus.

2021 5393 2049 5435 ά
2077 5393 2243 5455 Editi,
2276 5394 2511 5446 alterius
2528 5409 2542 5454 ;
2577 5389 2675 5443 sed
2701 5389 2903 5443 melius
2926 5387 3112 5440 alteri.

2020 5474 2043 5501 °
2067 5467 2134 5521 In
2161 5463 2329 5519 editis
2358 5462 2517 5517 deest
2540 5468 2613 5515 est

2019 5533 2039 5578 ί
2066 5538 2130 5591 In
2159 5535 2324 5590 editis
2352 5533 2707 5589 desideratur
2732 5531 2929 5584 amicis
2955 5527 3227 5594 siquidem
3255 5529 3318 5581 in
3343 5526 3516 5579 Deum
3530 5543 3545 5588 ;

1948 5610 2217 5663 inimicis.
