3992 6166
485 345 625 405 ΗΘΒ

1248 355 1304 408 S.
1347 354 1725 412 PASCHASII
1764 358 2127 415 RADBER‘I‘I
2166 359 2469 415 ABBATIS
2508 357 3001 414 CORBEIENSIS.

3613 355 3748 412 1404

484 471 608 528 Βθο·
632 477 878 547 reperies
907 487 1309 534 conservatam.
1349 481 1426 534 Ex
1469 497 1578 550 quo
1609 489 1827 538 constat
1874 483 2076 559 quibus
2094 489 2141 545 Α
2161 501 2258 556 spe
2284 490 2341 538 et
2369 485 2661 545 charitate,
2696 482 2868 537 adoro
2897 479 3078 546 illum,
3111 485 3168 542 et
3198 488 3378 536 totum
3425 497 3516 536 me
3547 481 3603 535 in
3634 481 3752 555 ejus

483 561 724 619 debetur
759 582 873 620 una
908 569 1200 634 confessio,
1234 570 1380 639 quod
1430 586 1542 624 una
1591 571 1665 624 sit
1713 573 1913 639 deitas,
1945 575 2079 627 dum

487 652 780 730 quidquid,
805 656 956 709 salva
991 656 1261 710 relatione
1291 674 1678 728 personarum,
1709 661 1988 715 credimus
2018 663 2075 716 in

486 741 732 804 Patrem.
761 744 866 797 hoc
905 750 1085 798 totum
1119 745 1177 798 in
1206 743 1428 812 Filium,
1459 749 1562 801 hoc
1615 756 1668 802 et
1716 749 1773 803 in
1805 751 2074 821 Spiritum

481 837 760 894 sanctum,
804 833 1014 886 scilicet
1056 849 1252 900 unum,
1301 837 1831 893 consubstantialem
1875 841 2072 905 Deum,

483 933 656 972 unam
685 922 1168 991 ommpotentiam,
1193 926 1659 998 magnitudinem,
1684 943 1852 982 unam
1885 929 2072 994 vitam,

483 1021 769 1080 unamque
797 1010 1102 1077 veritatem,
1122 1019 1178 1067 et
1193 1015 1486 1088 quidquid,
1505 1022 1568 1070 ut
1586 1017 1718 1084 dixi,
1741 1019 2077 1072 substantia-

481 1095 614 1150 liter
662 1097 886 1154 Patrem
939 1117 1060 1156 esse
1106 1105 1406 1173 credimus,
1441 1107 1652 1178 absque
1707 1126 2074 1180 personarum

485 1183 862 1253 distinctione,
897 1190 1002 1244 hoc
1057 1198 1238 1247 totum
1282 1211 1404 1249 esse
1454 1196 1677 1262 Filium,
1710 1205 1766 1251 et
1804 1198 2075 1269 Spiritum

483 1281 738 1330 sanctum
755 1273 1110 1335 conﬁtemur.
1133 1283 1381 1338 Dicimus
1397 1290 1585 1340 tamen
1615 1305 1624 1338 :
1653 1289 1830 1341 Credo
1848 1289 2078 1342 cuilibet

482 1362 718 1429 homini,
743 1365 902 1421 sicuti
931 1369 1200 1425 dicimus:
1235 1373 1413 1426 Credo
1443 1380 1500 1428 et
1527 1375 1658 1428 Deo.
1699 1377 1854 1429 Unde
1885 1377 2076 1432 Domi-

482 1466 590 1506 nus
616 1470 627 1506 :
652 1454 717 1508 Si
736 1457 1022 1511 crederetis
1044 1461 1234 1526 .lloysi,
1268 1464 1554 1516 crederetis
1575 1470 1623 1516 et
1648 1465 1788 1518 mihi
1819 1465 1996 1530 (Joan.
2021 1481 2072 1529 ν,

2162 573 2473 628 devotionis
2504 572 2836 626 famulatum
2871 581 3176 642 transpono
3204 577 3372 640 atque
3397 571 3749 624 transfundo.

2225 661 2279 715 3.
2306 663 2373 716 Et
2388 663 2501 715 haec
2515 669 2598 715 est
2611 662 2765 722 ﬁdes,
2785 661 3008 717 dicente
3027 661 3199 721 Paulo
3222 661 3498 731 apostolo,
3520 677 3641 728 quae
3662 677 3754 727 per

2157 753 2502 804 dilectionem
2522 755 2783 818 operatur
2809 749 2926 803 Gal.
2950 757 3022 812 γι)
3037 749 3334 818 .Operatur
3349 756 3544 802 autem
3563 748 3757 820 perdi-

2158 840 2472 900 lectionem,
2491 839 2534 892 si
2555 845 2612 892 et
2631 839 2804 892 Deum
2829 844 3057 910 propter
3075 837 3270 900 Deum,
3288 838 3611 909 proximum
3634 854 3761 890 veno

2159 935 2222 982 ut
2248 946 2306 982 se
2333 929 2535 999 ipsum,
2561 928 2616 980 in
2644 927 2819 980 Deum
2844 926 3060 996 diligat.
3081 926 3216 989 Quae
3245 927 3346 980 Dei
3375 925 3608 980 dilectio
3630 933 3763 980 tunc

2157 1017 2375 1087 integre
2397 1023 2668 1082 servatur,
2690 1017 2734 1070 si
2765 1017 2901 1070 fides
2933 1016 3183 1086 proximo
3209 1033 3319 1070 non
3356 1020 3621 1084 negetur.
3647 1016 3761 1069 Hoc

2158 1107 2332 1176 igitur
2357 1105 2670 1178 depositum
2701 1122 2873 1176 penes
2901 1122 3001 1159 nos
3029 1106 3280 1178 proximo
3307 1104 3654 1158 servandum
3686 1113 3763 1157 est

2160 1213 2225 1249 ex
2253 1196 2404 1265 lege;
2447 1195 2516 1248 de
2545 1211 2655 1265 quo
2685 1195 2892 1248 Paulus
2921 1193 3254 1264 discipulum
3289 1199 3486 1247 monet
3525 1193 3720 1246 dicens
3749 1213 3758 1244 :

2157 1287 2266 1339 Bon
2280 1303 2308 1335 ιι
2321 1301 2366 1335 m
2385 1285 2684 1351 (Ιουμοςὶιωη
2700 1285 2993 1352 custodiUI
3009 1284 3123 1336 Tim
3135 1283 3226 1344 .l,i
3238 1284 3312 1349 4),
3327 1281 3762 1352 inquit.Bonum

2159 1373 2487 1448 igitur,quia
2511 1374 2630 1426 sine
2659 1372 2914 1444 deposito
2945 1372 3094 1434 ﬁdei,
3117 1371 3256 1424 nihil
3288 1377 3442 1434 recte
3461 1371 3757 1432 debemus.

2159 1462 2299 1516 nihil
2320 1462 2686 1526 cxsolvimus;
2719 1478 2819 1532 per
2849 1461 2994 1532 quod
3026 1467 3226 1522 cuncta
3249 1461 3472 1530 integra
3493 1459 3763 1532 proximis

482 1534 598 1608 46).
633 1541 926 1597 Credimus
955 1561 1087 1614 ergo
1113 1547 1444 1617 patriarchis
1473 1557 1530 1603 et
1555 1551 1859 1623 prOphetis,
1893 1552 2077 1606 credi-
2158 1567 2549 1604 conservamus
2575 1569 2585 1603 :
2618 1550 2888 1620 alioquin,
2921 1551 3068 1618 quod
3095 1565 3205 1603 non
3235 1566 3300 1602 ex
3326 1550 3450 1616 ﬁde,
3479 1555 3763 1617 peccatum

483 1641 613 1681 mus
646 1631 931 1700 apostolis.
967 1640 1023 1686 et
1054 1635 1260 1688 sanctis
1288 1637 1762 1707 prmdicatoribus,
1795 1640 2074 1694 credimus
2157 1645 2234 1692 est
2265 1641 2434 1705 (Ilmn.
2471 1656 2576 1704 xxv,
2610 1639 2722 1706 23);
2755 1644 2812 1692 et
2851 1638 2976 1691 ideo
3006 1653 3069 1691 ex
3110 1637 3218 1691 ﬂde
3251 1636 3462 1691 Christi
3509 1642 3762 1690 servetur

483 1722 542 1768 et
576 1718 785 1772 sanctis
809 1721 1041 1790 angelis,
1071 1724 1350 1778 credimus
1378 1727 1646 1796 proximis
1676 1729 1900 1792 nostris,
1936 1745 2075 1798 quos
2115 1797 2122 1799 Α
2159 1729 2296 1782 ﬁdes
2317 1729 2588 1799 proximo.
2615 1728 2735 1782 sine
2762 1743 2874 1798 qua
2902 1726 3125 1780 dilectio
3150 1727 3386 1792 tollitur,
3421 1731 3480 1780 et
3515 1723 3758 1779 Charitas

481 1802 640 1857 bima:
659 1806 789 1860 ﬁdei
811 1823 932 1862 esse
956 1825 1067 1863 non
1089 1810 1440 1880 dubitamus;
1470 1831 1572 1868 nec
1592 1827 1780 1869 tamen
1803 1817 1858 1869 in
1877 1834 2073 1888 quem-
2100 1797 2280 1888 Bqua}
2303 1817 2358 1870 in
2389 1818 2564 1871 Deum
2591 1823 2676 1870 est
2698 1797 2954 1869 violatur.
2981 1815 3274 1870 Credimus
3304 1831 3444 1886 ergo
3469 1821 3532 1868 et
3552 1815 3610 1868 in
3640 1831 3756 1868 ver-

483 1891 621 1948 iibet
637 1903 664 1932 ι
683 1911 876 1950 eorum
895 1913 1142 1968 unquam
1165 1900 1409 1971 aliquem
1429 1913 1579 1956 recte
1605 1905 1904 1958 credidisse
1935 1907 2073 1974 legi-
2156 1905 2239 1959 bis
2263 1907 2384 1969 Dei,
2403 1906 2680 1977 quomon
2709 1901 2735 1938 δ
2761 1913 2989 1969 aeterna,
3015 1911 3072 1958 et
3091 1902 3584 1958 incommutabilla
3609 1908 3753 1957 sunt.

481 1997 627 2037 mus.
651 1984 944 2041 Credimus
965 2005 1097 2057 ergo
1123 1989 1232 2043 illis
1253 2007 1316 2043 ex
1345 1993 1774 2064 participatione
1803 1994 2069 2060 veritatis,
2156 1995 2314 2049 Unde
2343 1995 2582 2048 dicitur:
2620 1994 2681 2048 Et
2711 1995 3064 2048 crediderunt
3091 1997 3152 2046 in
3182 1994 3358 2046 verbis
3387 1996 3528 2060 ejus,
3565 1997 3614 2046 et
3640 1995 3755 2045 tau-

481 2069 748 2127 bonitatis
768 2075 894 2128 Dei:
920 2091 1032 2130 non
1057 2085 1246 2132 tamen
1265 2079 1321 2133 in
1346 2079 1469 2134 illos
1488 2082 1797 2147 credimus;
1825 2083 1957 2152 quia
1973 2099 2075 2135 nec
2156 2086 2428 2138 darerunt
2465 2085 2681 2136 Iaudem
2729 2087 2845 2151 ejus
2869 2085 3036 2149 (Psat.
3062 2098 3145 2147 cv,
3181 2080 3287 2146 12).
3329 2081 3423 2134 Sic
3452 2081 3610 2134 enim
3648 2097 3756 2134 ere

480 2161 587 2232 ipsi
617 2168 769 2216 recta
795 2165 1002 2219 veritas
1025 2173 1126 2220 aut
1153 2168 1396 2234 bonitas,
1427 2170 1518 2224 lux
1557 2171 1638 2223 vel
1673 2171 1784 2225 \ita
1813 2173 2074 2226 substan-
2155 2173 2399 2226 dendum
2431 2173 2487 2226 in
2519 2171 2823 2241 Scripturis
2854 2164 3077 2232 divinis’,
3111 2170 3243 2240 quia
3271 2186 3338 2223 ex
3363 2169 3483 2223 Deo
3516 2175 3670 2230 sunt,
3697 2175 3754 2222 ut

479 2249 594 2303 tive
611 2251 917 2307 creduntur
936 2261 1034 2308 aut
1055 2257 1430 2326 praedicantur
1469 2259 1535 2312 Et
1560 2268 1854 2330 propterea
1867 2263 1994 2332 jure
2016 2261 2074 2315 in
2157 2259 2212 2313 in
2241 2261 2393 2314 nullo
2417 2260 2640 2331 penitus
2659 2260 2728 2312 de
2752 2260 2840 2313 his
2866 2259 3214 2313 dubitemus:
3240 2258 3382 2312 alias
3410 2265 3606 2312 autem
3631 2274 3755 2328 quo-

482 2339 743 2393 omnibus
765 2342 1328 2412 Scripturarumlocis
1356 2348 1522 2417 hujus
1550 2349 1696 2402 verbi
1722 2349 2072 2420 privilegium
2157 2350 2322 2402 modo
2371 2349 2427 2402 in
2476 2350 2650 2403 Deum
2681 2365 2745 2401 ex
2785 2353 2900 2401 toto
2923 2348 3088 2401 corde
3118 2348 3422 2408 credimus,
3454 2347 3502 2400 si
3533 2345 3676 2400 forte
3700 2346 3750 2400 in

483 2426 546 2480 in
571 2427 747 2481 Deum
777 2445 998 2485 servare
1023 2435 1298 2488 convenit.
1333 2437 1491 2490 Unde
1517 2437 1786 2492 Dominus
1817 2439 1874 2492 in
1905 2439 2076 2493 Evan-
2157 2439 2244 2492 his
2262 2439 2515 2491 lldeiulla
2529 2437 2790 2491 titubatio
2805 2437 3008 2490 mentis
3020 2437 3276 2490 ﬁduciam
3299 2433 3624 2506 pepulen’t?
3647 2435 3750 2488 Hoc

481 2515 630 2584 gelio
661 2517 850 2572 volens
879 2536 938 2572 se
969 2523 1262 2576 ostendere
1293 2525 1825 2581 consubstantialem
1873 2529 2023 2582 Patri
2059 2546 2070 2581 :
2157 2527 2331 2598 igitur
2355 2527 2597 2598 primum
2630 2526 2990 2591 credendum,
3010 2523 3156 2596 quod
3181 2525 3330 2579 Deus
3353 2525 3580 2578 locutus
3601 2525 3676 2578 sit
3701 2525 3750 2577 in

484 2603 736 2670 Creditis,
787 2607 990 2678 inquit,
1039 2614 1100 2663 in
1145 2613 1334 2676 Deum,
1369 2620 1418 2665 et
1449 2617 1510 2668 in
1543 2633 1624 2668 me
1661 2618 1860 2669 credite
1888 2620 2071 2686 (Joan.
2161 2616 2420 2669 omnibus
2450 2615 2754 2685 Scripturis
2774 2613 3172 2677 divinis,sicuti
3193 2615 3538 2667 conﬁtemur
3557 2630 3623 2666 ex
3651 2613 3750 2666 ﬁde

479 2703 590 2755 xix,
624 2691 685 2762 Ι).
716 2695 781 2748 In
812 2712 1000 2766 quem,
1047 2699 1155 2752 nisi
1209 2708 1356 2755 esset
1405 2710 1462 2756 et
1507 2704 1674 2770 Deus,
1709 2705 1935 2759 credere
1965 2723 2075 2760 non
2161 2705 2630 2768 Nicaeniconcilii,
2657 2704 2802 2775 quod
2825 2703 3065 2774 Spiritus
3094 2710 3320 2757 sanctus
3342 2703 3572 2756 locutus
3601 2702 3674 2757 sit
3699 2703 3750 2756 in

482 2787 791 2870 oporteret;
825 2791 882 2839 et
909 2785 1036 2841 ideo
1067 2788 1123 2842 in
1157 2806 1216 2844 se
1244 2791 1472 2845 credere
1504 2793 1688 2864 jubet,
1723 2799 1786 2848 ut
1814 2811 1872 2848 se
1901 2795 2075 2848 Deum
2161 2795 2450 2866 prophetis
2484 2813 2494 2847 :
2532 2793 2600 2848 Et
2626 2793 2894 2870 Dominus
2927 2792 2995 2846 de
3027 2809 3086 2846 se
3113 2793 3232 2863 ipso
3263 2811 3275 2844 :
3319 2793 3508 2858 l’erba,
3543 2808 3661 2861 qua
3685 2794 3753 2845 to-

479 2869 596 2924 suis
615 2872 892 2928 exhibeat.

553 2957 606 3013 ‘2.
641 2959 748 3014 Sed
779 2963 969 3018 miseri
999 2965 1243 3020 haeretici
1286 2983 1510 3040 semper
1537 2969 1830 3024 inveniunt
1858 2971 1965 3025 sibi
1997 2973 2073 3024 ri-

479 3061 602 3102 mas
631 3051 918 3120 pravitatis
945 3070 1078 3115 suae,
1111 3072 1212 3126 per
1231 3073 1369 3126 quas
1401 3065 1556 3112 extra
1586 3061 1849 3128 efﬂuant;
1881 3060 2077 3114 dicunt

479 3140 536 3189 et
555 3137 613 3191 in
643 3138 905 3210 Symbolo
925 3145 1326 3214 confitendum,
1353 3163 1463 3200 non
1485 3147 1633 3217 quod
1653 3165 1718 3201 ex
1737 3149 2071 3204 auctoritate

477 3227 782 3296 apostolica
802 3229 906 3283 hoc
932 3240 1318 3302 perceperunt,
1339 3235 1436 3288 sed
1457 3236 1588 3306 quia
1617 3253 1679 3290 ex
1706 3254 1807 3291 suo
1839 3237 2070 3291 menda-

479 3313 564 3368 cio
589 3314 727 3370 illud
747 3318 1083 3374 addiderunt
1107 3341 1118 3375 :
1147 3323 1316 3376 Credo
1337 3330 1388 3378 et
1409 3327 1470 3378 in
1494 3331 1742 3379 sanctam
1773 3328 2068 3380 Ecclesium

477 3404 838 3472 catholicam;
872 3424 998 3463 cum
1029 3426 1139 3464 non
1170 3412 1244 3465 sit
1280 3412 1356 3466 ita
1385 3415 1768 3484 accipiendum
1806 3433 1817 3470 :
1855 3416 1949 3468 sed
1979 3433 2068 3468 re-

473 3497 629 3545 mota
651 3495 712 3545 in
741 3496 973 3565 syllaba,
1009 3515 1130 3569 qua:
1154 3501 1222 3554 de
1243 3503 1532 3556 mendacio
1563 3505 2068 3559 Macedonistarum

475 3583 836 3656 supercrevit,
858 3591 921 3640 ut
941 3593 997 3640 et
1025 3589 1294 3660 Spiritum
1326 3599 1581 3645 sanctum
1611 3593 1877 3647 docerent
1905 3612 2068 3649 crea-

2156 2889 2315 2938 cutus
2343 2901 2464 2936 sum
2498 2886 2660 2945 vobis,
2689 2885 2920 2950 spiritus
2950 2886 2996 2935 et
3023 2885 3136 2935 vita
3173 2887 3306 2934 sunt
3330 2882 3521 2951 (Joan.
3554 2895 3630 2942 x1,
3653 2877 3750 2948 63).

2157 2973 2276 3026 Non
2295 2975 2464 3033 enim,
2483 2972 2684 3040 inquit,
2704 2987 2737 3024 α
2757 2973 3068 3038 memetipso
3094 2973 3286 3038 loquor
3307 2970 3494 3041 (Joan.
3517 2982 3634 3032 xxv,
3655 2965 3750 3032 i0):

2156 3077 2283 3114 vere
2300 3059 2432 3131 quia
2461 3077 2524 3113 ex
2559 3060 2724 3113 Patre
2754 3065 2857 3112 est.
2883 3058 2949 3112 Et
2978 3057 3102 3111 ideo
3127 3057 3472 3111 credendum
3501 3057 3562 3110 in
3590 3055 3752 3110 verba

2156 3149 2274 3212 Dei,
2297 3157 2358 3202 ut
2384 3154 2440 3202 et
2460 3148 2516 3202 in
2549 3149 2720 3202 Deum
2748 3166 2758 3200 :
2791 3148 3094 3218 quoniam“
3119 3163 3184 3200 ex
3216 3147 3326 3199 Deo
3355 3150 3520 3212 sunt;
3551 3151 3752 3200 aeterna

2154 3237 2876 3304 enim,etincommutabilia
2888 3242 3037 3301 sunt;
3066 3236 3122 3288 in
3140 3252 3263 3306 quae
3283 3235 3561 3289 nimirum
3595 3233 3750 3288 verba

2153 3325 2283 3396 quia
2297 3354 2319 3388 (ι
2333 3327 2631 3382 credimus.
2649 3332 2700 3379 et
2718 3341 3038 3395 speramus:
3067 3325 3190 3377 Non
3204 3324 3352 3377 enim
3375 3323 3511 3377 licet
3527 3324 3750 3377 credere

2153 3413 2210 3467 in
2236 3415 2485 3486 aliquod,
2508 3416 2554 3469 si
2583 3431 2694 3468 non
2718 3415 2883 3468 liceat
2912 3430 3157 3486 sperare;
3181 3430 3410 3485 sperare
3437 3421 3636 3467 autem
3666 3411 3751 3466 ab-

2153 3503 2384 3556 surdum
2431 3508 2530 3565 est,
2569 3502 2673 3556 nisi
2723 3503 2778 3556 in
2833 3503 3028 3564 Deum,
3063 3508 3120 3554 et
3169 3501 3226 3554 in
3266 3499 3436 3554 verba
3469 3518 3600 3572 quae
3628 3507 3750 3554 sunt

2153 3607 2216 3645 ex
2257 3591 2390 3645 Deo.
2436 3591 2592 3645 Unde
2634 3590 2926 3644 Psalmista
2957 3607 2969 3642 :
3001 3592 3065 3644 In
3093 3593 3268 3652 verba,
3301 3589 3510 3660 inquit,
3550 3595 3644 3644 tuo
3670 3607 3749 3643 su-

364 4805 379 4820 .
469 4733 622 4788 salus
667 4740 1044 4810 credentium;
1087 4751 1143 4799 et
1173 4746 1229 4799 in
1273 4746 1489 4800 nullum
1519 4747 1692 4802 alium
1723 4747 1827 4800 nisi
1860 4747 1914 4800 in
1945 4748 2064 4815 ejus

475 3671 682 3737 δαΐδων
734 3672 1028 3729 dicendum
1074 3695 1084 3729 :
1117 3678 1283 3732 Credo
1321 3687 1569 3734 sanctam
1612 3682 1900 3735 Ecclesium
1941 3701 2064 3746 esse,
2145 3682 2656 3749 persperaciU’sal.
2692 3693 2874 3738 cxvux.
2923 3679 3062 3742 147).
3107 3677 3176 3732 Et
3204 3678 3350 3740 ideo,
3384 3677 3615 3748 quoties
3643 3694 3748 3732 non

472 3757 620 3812 sicut
636 3763 807 3815 vitam
823 3768 1106 3830 aternam,
1131 3773 1186 3820 et
1210 3771 1398 3822 carnis
1417 3774 1872 3824 resurrectionem
1899 3772 2069 3824 :alio-
2148 3769 2425 3823 credimus
2454 3768 2635 3822 verbis
2663 3775 2983 3822 sanctorum
3031 3767 3152 3828 Dei,
3182 3767 3315 3837 quia
3344 3783 3413 3820 ex
3447 3768 3568 3820 Deo
3601 3773 3744 3829 sunt,

474 3847 610 3916 quin
635 3849 682 3902 si
703 3850 761 3904 in
787 3859 1038 3907 sanctam
1067 3856 1367 3914 Ecclesiam
1381 3859 1761 3923 credimus,.in
1781 3860 2066 3914 hominem
2152 3857 2546 3928 delinquimus.
2573 3858 2714 3912 Hinc
2740 3874 2960 3928 quoque
2984 3858 3108 3927 jure
3128 3856 3424 3910 Zacharias
3456 3855 3531 3910 ab
3553 3857 3745 3928 angelo

473 3935 731 3991 videmur
774 3942 1022 4000 credere.
1056 3945 1204 4013 quod
1262 3962 1373 3999 non
1423 3946 1566 4000 licet.
1622 3949 1765 4001 Nam
1822 3949 2067 4001 Ecclesia
2150 3948 2728 4002 condemnaturzl’ro
2772 3964 2848 4009 eo,
2895 3947 3097 4016 inquit,
3136 3951 3268 4014 quia
3308 3961 3422 3998 non
3462 3947 3742 3999 credidisti

473 4032 668 4080 sancta
689 4043 754 4080 ex
784 4029 1102 4085 hominibus
1128 4049 1248 4086 esse
1271 4035 1456 4108 coepit,
1490 4043 1547 4090 et
1575 4053 1686 4091 non
1717 4037 1972 4090 homines
2001 4053 2066 4090 ex
2147 4037 2323 4089 verbis
2355 4039 2487 4089 meis
2519 4037 2661 4098 (Luc.
2701 4049 2738 4100 ι,
2767 4033 2875 4103 ‘20).
2919 4034 3145 4104 Utique,
3186 4034 3319 4103 quia
3358 4032 3535 4087 verba
3565 4032 3739 4103 angeli

476 4115 754 4182 Ecclesia;
785 4117 1010 4185 idcirco,
1031 4122 1126 4191 qui
1154 4140 1213 4176 se
1235 4123 1370 4188 dicit
1388 4126 1614 4180 credere
1653 4125 1712 4180 in
1759 4126 2064 4180 Ecclesium
2148 4123 2248 4178 Dei
2269 4123 2434 4177 verba
2456 4124 2626 4178 fuisse
2647 4141 2812 4177 nemo
2829 4127 2913 4176 est
2929 4123 3023 4194 qui
3045 4121 3286 4180 dubitet;
3312 4127 3369 4175 et
3397 4138 3572 4177 omne
3602 4121 3736 4194 quod

472 4201 532 4255 in
563 4203 817 4259 homines
846 4224 906 4260 se
935 4210 1162 4262 credere
1191 4215 1506 4267 conﬁtetur.
1541 4216 1778 4285 Propter
1807 4216 1951 4286 quod
1983 4232 2066 4268 re-
2147 4219 2231 4267 est
2260 4229 2324 4265 ex
2375 4213 2638 4276 veritate,
2669 4213 2912 4283 profecto
2941 4227 3007 4264 ex
3061 4212 3173 4264 Deo
3203 4217 3309 4264 est.
3340 4211 3506 4265 Unde
3537 4212 3586 4265 si
3618 4210 3738 4282 quis

472 4291 749 4346 movenda
770 4292 1094 4363 hujusmodi
1115 4299 1319 4352 locutio
1344 4301 1401 4353 in
1427 4303 1706 4368 omnibus,
1736 4310 1791 4356 et
1819 4304 1920 4357 soli
1947 4305 2062 4358 Deo
2145 4317 2256 4355 non
2278 4301 2582 4371 acquiescit
2602 4299 3034 4365 veritati,credit
3062 4308 3250 4352 autem
3277 4300 3593 4370 iniquitati,
3621 4317 3737 4372 pec-

473 4379 802 4447 exhibenda,
832 4383 889 4437 in
913 4401 1080 4455 quem
1109 4387 1334 4441 credere
1365 4396 1586 4458 Oportet
1614 4409 1678 4444 ex
1717 4398 1835 4446 toto
1874 4393 2058 4459 corde,
2082 4397 2268 4483 Dcat;
2303 4392 2406 4444 etsi
2444 4407 2553 4444 non
2602 4391 2860 4444 omnibus
2908 4389 3135 4442 credere
3183 4388 3475 4442 debemus.
3513 4391 3741 4444 Constat

472 4475 531 4523 et
553 4486 617 4523 ex
644 4477 765 4526 tota
794 4474 1001 4538 anima,
1031 4480 1086 4528 et
1115 4493 1179 4529 ex
1212 4482 1331 4530 tota
1356 4477 1579 4542 virtute,
1615 4479 1825 4533 scilicet
1871 4480 1928 4534 in
1959 4483 2065 4534 Pa-
2084 4474 2128 4483 —
2149 4497 2280 4550 ergo
2313 4479 2370 4532 in
2418 4479 2614 4543 Deum,
2647 4486 2704 4532 et
2741 4479 2798 4531 in
2849 4475 3014 4531 verba
3043 4493 3166 4546 quae
3208 4482 3342 4530 sunt
3370 4494 3439 4530 ex
3477 4478 3618 4535 Deo.
3646 4494 3739 4531 nos

469 4561 712 4619 trem,et
731 4562 953 4629 Filium,
983 4569 1039 4618 et
1065 4565 1335 4636 Spiritum
1358 4575 1829 4633 sanctum,unum
1861 4569 2062 4636 Deum,
2149 4569 2376 4622 credere
2428 4567 2628 4620 debere
2685 4575 2851 4637 atque
2899 4582 3125 4637 sperare
3179 4582 3244 4618 ex
3287 4571 3409 4620 toto
3461 4567 3651 4630 corde,
3681 4583 3737 4620 ex

475 4648 622 4714 quod
647 4654 2065 4722 estsummumbonum,summabeatitudo,summa
2146 4664 2266 4712 tota
2295 4657 2500 4720 anima,
2537 4661 2592 4710 et
2634 4673 2698 4710 ex
2746 4663 2866 4708 tota
2895 4655 3101 4708 virtute
3134 4672 3145 4706 :
3176 4653 3446 4724 proximis
3477 4673 3611 4710 vero
3655 4672 3737 4709 so-

2147 4746 2434 4800 lummodo
2464 4745 2707 4808 credere,
2740 4755 2796 4797 et
2820 4750 3093 4815 quantum
3135 4759 3201 4796 ex
3230 4743 3390 4796 nobis
3431 4749 3540 4809 est,
3571 4745 3651 4798 eis
3677 4747 3737 4797 li-

473 4823 648 4876 solius
695 4829 1064 4896 majestatem.
1099 4835 1501 4892 Verumtamen
1549 4837 1701 4890 aliud
1753 4842 1837 4890 est
1885 4837 2062 4893 Deum
2146 4835 2274 4889 dem
2305 4835 2584 4904 integram
2616 4833 2918 4888 custodire.

473 4911 720 4976 credere,
773 4921 831 4968 et
869 4918 1040 4984 aliud,
1085 4922 1142 4975 in
1184 4924 1361 4978 Deum
1396 4944 1410 4980 :
1443 4927 1716 4979 Damones
1755 4926 1926 4979 Deum
1959 4942 2064 4978 esse

473 5001 730 5068 credunt,
755 5008 800 5056 et
832 5011 1260 5063 contremiscunt
1285 5015 1418 5078 (Jac.
1443 5032 1501 5080 ιι,
1533 5013 1640 5080 19);
1669 5014 1764 5068 sed
1794 5014 1854 5067 in
1884 5013 2063 5068 Deum

472 5090 692 5158 malitia
720 5089 978 5146 obcaecati
1007 5112 1108 5149 sua
1157 5100 1383 5154 credere
1414 5109 1700 5172 nequeunt
1728 5121 1740 5158 :
1774 5102 1904 5174 quia
1932 5119 2066 5173 pro-

471 5177 616 5234 fecto
643 5181 698 5234 in
727 5181 905 5236 Deum
937 5183 1183 5247 credere.
1221 5189 1326 5242 nisi
1351 5191 1443 5260 qui
1475 5191 1564 5262 pie
1591 5175 1916 5262 speraverit,
1943 5177 2064 5245 non

471 5270 887 5343 comprobatur.
912 5273 1009 5330 Est
1035 5281 1223 5330 autem
1253 5279 1478 5334 credere
1507 5280 1565 5334 in
1597 5281 1794 5348 Deum,
1823 5281 2064 5338 ﬁdeliter
2215 5279 2266 5333 1.
2289 5277 2653 5333 Credibilium
2669 5275 3296 5347 generasunttriazalia
3309 5277 3603 5340 suntenim
3619 5291 3728 5348 quae

473 5373 602 5412 eum
633 5376 903 5430 quaerere,
935 5368 994 5416 et
1031 5368 1151 5416 tota
1189 5363 1247 5417 in
1297 5381 1424 5419 eum
1455 5367 1751 5424 dilectione
1799 5369 2059 5424 transire.
2147 5369 2285 5423 satis
2314 5368 2476 5422 ihcile
2506 5367 2833 5431 creduntur;
2855 5371 2918 5422 et
2935 5367 3323 5431 licet-credita,
3350 5383 3636 5438 nunquam
3655 5366 3728 5420 in-

474 5445 640 5516 El‘gos
677 5449 846 5502 θνεάο
871 5453 935 5505 in
959 5453 1152 5517 Deum.
1195 5453 1299 5506 hoc
1345 5459 1430 5508 est
1465 5455 1650 5510 dicere
1679 5473 1689 5506 :
1723 5458 1857 5517 Colo
1881 5459 2061 5524 illum,
2147 5457 2480 5528 telliguntur
2502 5473 2513 5510 :
2537 5462 2604 5510 ut
2625 5461 2759 5511 sunt
2778 5453 3426 5526 historietemporalium
3456 5463 3726 5527 gestorum

545 5562 572 5635 ξ
801 5560 1062 5635 qualibet,
1090 5559 1276 5615 minus
1298 5559 1456 5616 bene.
2219 5576 2241 5604 °
2271 5563 2441 5635 Εάἱισ.
2468 5567 2622 5635 Φλίας

544 5624 572 5662 δ
600 5624 770 5693 Edit.,
788 5624 1074 5695 Quoniam.

2219 5640 2245 5676 ⁴
2269 5624 2442 5703 Edit.;
2473 5624 2632 5690 deest
2659 5637 2812 5706 quia.

2750 4991 2988 5046 CAPUT
3013 4990 3136 5045 VII.

2470 5136 2836 5193 Gredibilium
2864 5149 3082 5204 genera-
3098 5138 3226 5208 quot
3265 5111 3438 5194 sunt?
