3992 6166
319 396 468 452 1405
1228 399 1321 452 ΒΕ
1357 399 1544 464 FIDE,
1592 399 1720 453 SPE
1757 398 1846 452 ET
1884 420 1885 430 π

1974 399 2316 456 'ARITATE.
2357 383 2426 441 —'
2463 401 2599 456 LIB.
2642 402 2686 454 1.
3457 413 3594 468 1406

317 521 405 574 vel
431 520 736 576 relationes
746 539 965 582 rerum;
992 540 1134 594 quae,
1151 523 1403 595 quamvis
1429 524 1748 589 credantur,
1774 528 1904 599 quia
1921 525 1972 584 A
1988 525 2070 578 vel
2092 524 2386 595 perfectius
2415 525 2506 580 hic
2535 533 2633 582 aut
2660 528 2809 594 illuc,
2830 533 3054 603 quando
3076 536 3397 594 mundiores
3420 539 3590 597 corde

316 625 429 664 non
459 618 592 664 sunt
620 611 1011 682 intelligibilia,
1035 629 1324 683 nunquam
1354 613 1700 668 intellectum
1730 620 1914 688 requi-
1995 614 2385 670 mandatorum
2417 616 2512 670 Dei
2539 624 3053 692 przeceptOrumque
3079 622 3463 680 observaturus
3487 625 3595 685 eri-

315 707 485 766 runt;
518 701 612 754 sed
639 718 704 754 ex
735 701 1010 760 sensibus,
1038 701 1240 773 quibus
1265 702 1375 756 alia
1405 703 1658 767 videndo,
1690 714 1789 762 aut
1817 725 1914 766 au—
1994 718 2136 758 mus.
2174 704 2314 756 Hinc
2336 721 2556 775 quoque
2586 722 2684 776 per
2710 707 3046 778 Prophetam
3080 713 3329 768 canitur:
3361 717 3400 768 A
3440 731 3595 774 man-

311 789 536 854 diendo,
589 791 888 859 gustando,
947 792 1034 844 vel
1081 792 1496 860 pertractando,
1559 793 1910 850 odorandove
1991 792 2546 846 datis-luisintellexi
2580 797 2740 858 (Psal.
2773 812 2962 860 cxvm,
2995 799 3097 854 104
3153 803 3470 871 ;quoniam
3522 803 3592 861 de

311 879 714 948 persuasimus,
749 880 805 933 in
839 880 1108 934 memoria
1138 898 1204 933 ea
1235 898 1356 950 qua:
1405 881 1669 937 dicuntur
1709 884 1912 940 mima.
1990 879 2743 939 observantiamandatorum
2761 886 2953 955 utique
2975 887 3294 944 intellectus
3314 891 3584 957 nascitur,

305 968 590 1037 ginantes,
618 968 905 1023 credibilia
929 968 1274 1038 judicamus;
1302 970 1396 1024 sed
1430 970 1563 1040 quia
1592 972 1905 1028 intellectus
1990 976 2046 1024 et
2067 971 2343 1040 sapientia
2374 979 2669 1041 praestatur
2704 991 2714 1024 :
2747 976 2851 1028 Leu
2876 976 3117 1040 Domini,
3150 977 3350 1046 inquit,
3385 982 3591 1033 imma-

306 1055 764 1126 imaginabilibus
813 1074 925 1111 non
981 1058 1268 1128 subjacere
1324 1059 1628 1128 probatur;
1700 1063 1904 1118 idcirco
1987 1061 3583 1132 culataconvertensanimus;testimoniumDomini/ﬁdele,

302 1161 592 1215 nunquam
643 1145 1054 1216 intelliguntur,
1119 1145 1246 1200 licet
1299 1148 1601 1202 credantur
1635 1169 1650 1215 ;
1702 1152 1797 1204 sed
1838 1155 1902 1208 ex
1985 1151 2318 1214 sapientiam
2356 1155 2620 1216 prmi-laus
2659 1155 2914 1219 parvulis
2945 1172 2960 1206 :
2991 1160 3320 1220 pl'wceptum
3360 1156 3591 1209 Domini

303 1235 540 1304 energia
591 1235 1003 1304 quodammodo
1065 1234 1438 1305 reimaginata
1492 1238 1548 1292 in
1610 1242 1900 1308 memoria,
1987 1253 2194 1304 quoque
2216 1238 2468 1291 lucidum
2500 1241 2835 1292 illuminans
2862 1245 3040 1294 oculos
3061 1244 3224 1298 (Psat.
3249 1257 3404 1304 xvm,
3425 1240 3478 1308 8,
3507 1242 3586 1309 9).

299 1323 437 1392 quia
457 1324 625 1391 jama
659 1322 916 1377 sensibus
943 1329 1058 1378 tam
1104 1326 1388 1394 praeterita
1424 1345 1591 1397 quam
1647 1329 1905 1387 absentia
1988 1323 2169 1394 Igitur
2199 1326 2534 1381 illuminatio
2566 1329 2817 1396 perfect.ch
2848 1328 3232 1398 intelligentiae
3257 1348 3468 1384 merces
3499 1337 3586 1384 est

298 1426 414 1466 non
444 1411 750 1480 subjacent,
787 1412 1110 1470 creduntur.
1145 1416 1249 1467 etsi
1284 1414 1672 1485 intelligantur
1701 1438 1712 1482 ;
1758 1437 1898 1490 quo-
1986 1414 2133 1474 lidei,
2165 1413 2295 1484 quia
2327 1415 2720 1468 mandatorum
2761 1416 2860 1470 Dei
2889 1418 3202 1472 observatio
3233 1420 3302 1474 de
3334 1421 3577 1490 perfecta

295 1499 452 1552 niam
493 1500 822 1569 temporalia
850 1506 999 1554 sunt.
1023 1501 1148 1555 Alia
1187 1518 1314 1554 vero
1344 1511 1494 1562 sunt.
1527 1522 1649 1573 quae
1688 1514 1749 1559 ut
1776 1525 1897 1562 cre—
1980 1501 2108 1554 ﬁdei
2141 1501 2342 1554 Virtute
2369 1501 2392 1538 ι)
2415 1502 2734 1555 descendit:
2759 1504 3010 1574 alioquin
3038 1505 3143 1558 nisi
3163 1507 3320 1576 priest
3343 1509 3583 1578 perfecte

295 1588 513 1642 duntur
537 1605 662 1642 mox
689 1589 1098 1658 intelliguntur,
1132 1590 1294 1645 sicuti
1327 1599 1459 1646 sunt
1497 1610 1691 1649 omnes
1723 1597 1896 1652 ratio-
1979 1590 2196 1649 credaS.
2229 1607 2261 1642 0
2297 1591 2480 1651 homo»
2518 1599 2575 1644 et
2623 1592 2758 1646 ﬁdes
2790 1609 2852 1648 ex
2885 1593 3147 1662 ΟΡθΡίδυε
3180 1595 3341 1660 νίνθιιν
3375 1596 3578 1652 intelli-

295 1694 404 1730 nes
427 1678 704 1736 humana,
723 1677 925 1748 quibus
948 1679 1299 1736 rationabilia
1319 1682 1891 1750 comprehenduntur.

295 1765 435 1830 Quae
485 1767 756 1820 nimirum
795 1783 906 1820 non
955 1767 1118 1820 modo
1156 1768 1466 1823 creduntur
1506 1773 1891 1840 apprehensa},

1977 1694 2110 1748 gere
2125 1678 2356 1736 minime
2372 1679 2604 1745 valebis;
2634 1681 2899 1748 quoniam
2915 1684 3083 1736 timor
3103 1684 3330 1738 Domini
3340 1690 3580 1751 sanctus,

1980 1769 2287 1820 intellectus
2304 1774 2379 1820 est
2402 1770 2571 1821 bonus
2596 1771 2849 1821 erunibus
2870 1772 3199 1834 [beientibus
3236 1788 3362 1826 eum
3397 1774 3581 1841 (Ιὺίιὶν

295 1871 493 1908 verum
534 1855 798 1909 continuo
844 1855 1263 1926 intelliguntur;
1299 1858 1461 1911 sicuti
1494 1875 1620 1912 cum
1671 1861 1739 1914 de
1785 1871 2027 1935 nu-B'v-
2072 1854 2168 1920 lol-
2226 1857 2362 1912 Ecce
2411 1856 2680 1910 distendit
2708 1875 2765 1911 se
2807 1858 3011 1926 aliquis
3056 1859 3246 1912 emcax
3274 1870 3314 1924 ⁸,
3365 1861 3578 1930 Ponens

293 1944 470 1996 meris
497 1943 842 2007 disserimus,
870 1945 950 1996 vel
977 1945 1045 1997 de
1067 1944 1406 2014 quibuslibet
1433 1946 1738 2016 disciplinis
1761 1949 1892 2004 libe-

289 2031 502 2085 ralium
548 2033 774 2096 artium,
820 2039 884 2086 ut
915 2038 1049 2103 puta
1082 2053 1092 2086 :
1139 2051 1284 2088 unus
1313 2042 1369 2088 et
1413 2036 1523 2088 duo
1552 2053 1678 2091 cum
1710 2040 1890 2092 credi-

287 2136 426 2174 mus
469 2121 616 2190 quod
648 2127 760 2175 tres
800 2123 956 2179 ﬁant,
991 2122 1115 2192 quis
1157 2139 1265 2175 non
1298 2123 1574 2194 intelligat
1603 2127 1886 2195 continuo,

290 2209 444 2279 quod
482 2210 564 2262 ita
595 2210 708 2264 sit?
748 2211 1067 2281 Intelligere
1097 2211 1247 2264 enim
1281 2213 1485 2265 mentis
1518 2215 1676 2268 oculo
1706 2216 1891 2272 videre

289 2298 532 2352 dicimus
558 2315 570 2348 :
593 2299 874 2354 credimus
894 2317 1027 2369 ergo
1056 2311 1256 2354 cuncta
1289 2302 1659 2356 numerabilia
1683 2321 1746 2358 ex
1781 2322 1890 2359 uno

287 2393 568 2446 constare.
603 2389 732 2458 quia
762 2405 958 2443 omnes
988 2389 1206 2443 numeri
1238 2407 1301 2442 ex
1339 2407 1469 2452 uno,
1503 2397 1559 2444 et
1589 2409 1687 2461 per
1716 2410 1887 2448 unum

287 2475 365 2528 ad
387 2491 561 2528 unum
591 2476 868 2538 tendunt;
900 2483 956 2530 et
992 2493 1100 2530 non
1142 2478 1323 2530 solum
1353 2479 1649 2542 credimus,
1696 2483 1794 2535 sed
1835 2489 1888 2535 et

283 2563 688 2632 intelligimus;
715 2563 900 2618 unitas
922 2581 1166 2634 namque
1185 2582 1472 2637 nunquam
1499 2567 1665 2621 ullius
1697 2586 1890 2623 nume-

284 2651 524 2705 rositate
553 2658 871 2706 evacuatur.
906 2659 970 2706 ut
1013 2659 1145 2723 puta
1191 2653 1302 2707 duo
1337 2672 1348 2705 :
1381 2655 1516 2724 quid
1545 2656 1695 2709 enim
1734 2665 1882 2721 sunt,

284 2738 403 2792 nisi
431 2739 557 2794 duae
584 2739 866 2800 unitates?
893 2741 960 2795 Et
989 2741 1156 2794 simul
1188 2742 1376 2796 unitas
1407 2759 1470 2796 ac
1500 2744 1746 2801 dualitas
1774 2752 1888 2800 tres

281 2844 413 2881 esse
445 2827 794 2897 probantur;
834 2829 982 2900 quod
1017 2846 1295 2902 nusquam
1317 2833 1373 2885 in
1395 2832 1518 2885 aliis
1548 2834 1887 2903 quibuslibet

284 2917 542 2971 numeris
587 2934 654 2971 eo
686 2919 850 2972 modo
891 2920 1158 2989 reperies,
1215 2936 1454 2992 quorum
1507 2924 1888 2978 extremitates

1976 1943 2220 2012 ingenio,
2245 1950 2300 1997 et
2321 1944 2509 2013 vigens
2540 1945 2775 2007 ratione,
2800 1947 2955 2015 cupit
2979 1947 3158 1999 Deum
3180 1954 3243 2004 ut
3271 1955 3357 2006 est
3377 1949 3579 2003 intelli-

1970 2049 2122 2101 gere,
2147 2034 2308 2102 ﬁugit
2335 2033 2436 2086 sibi
2460 2033 2728 2086 inanimo
2760 2035 3032 2104 exempla,
3048 2035 3252 2090 format
3278 2037 3570 2106 imagines,

1973 2123 2233 2190 proponit
2261 2122 2555 2185 rationem,
2602 2139 2700 2175 nec
2730 2123 2878 2191 capit
2909 2132 3100 2176 tamen
3130 2141 3195 2179 ea
3227 2142 3350 2195 qua:
3381 2127 3561 2192 audit,

1974 2210 2056 2262 vel
2088 2210 2238 2279 legit,
2274 2217 2330 2264 et
2357 2211 2492 2264 dicit
2530 2210 2781 2264 fortassis
2811 2217 2909 2266 aut
2955 2211 3034 2265 ita
3072 2219 3174 2273 est,
3211 2218 3309 2268 aut
3339 2215 3567 2269 omnino

1974 2315 2084 2352 non
2113 2305 2200 2351 est
2227 2317 2240 2363 ;
2273 2316 2303 2350 o
2337 2297 2540 2356 infelix.
2568 2306 2625 2351 et
2650 2316 2793 2353 caeca
2832 2301 3036 2353 mentis
3068 2302 3410 2372 pervagatio,
3445 2320 3567 2374 quae

1972 2387 2073 2440 sibi
2117 2387 2479 2444 simulacrum
2507 2388 2563 2441 in
2602 2389 2790 2441 animo
2818 2389 2999 2458 gerit!
3037 2397 3197 2460 putat
3227 2391 3377 2444 enim
3425 2393 3574 2462 quod

1972 2476 2306 2529 immensum
2323 2484 2378 2529 et
2389 2477 3007 2548 incomprehensibilem
3022 2496 3199 2538 caecus
3211 2481 3572 2550 comprehen-

1973 2565 2103 2620 dere
2128 2565 2300 2635 possit
2324 2584 2336 2630 ;
2363 2581 2462 2618 nec
2484 2566 2602 2618 vult
2623 2566 2878 2631 credere;
2907 2567 3002 2619 sed
3026 2584 3152 2620 mox
3175 2568 3295 2620 sine
3312 2567 3573 2638 operibus

1973 2653 2172 2723 quibus
2211 2655 2524 2707 intellectus
2563 2654 2889 2724 acquiritur,
2933 2671 3036 2710 sua
3075 2645 3356 2710 industria
3405 2656 3570 2712 intel-

1969 2741 2142 2811 ligere
2177 2760 2185 2793 :
2222 2748 2340 2806 aut,
2364 2743 2508 2812 quod
2539 2744 2693 2812 pejus
2719 2747 2821 2804 est,
2851 2759 2916 2795 ex
2939 2742 3344 2818 imaginatione
3373 2743 3564 2798 visibiq-

1969 2830 2105 2884 lium
2138 2831 2314 2885 Deum
2335 2831 2441 2884 sibi
2462 2831 2519 2884 in
2545 2832 2711 2884 corde
2737 2833 2967 2901 ﬁngere.
3003 2832 3198 2894 Quazso
3375 2833 3570 2888 redeat

1972 2920 2040 2972 ad
2074 2920 2344 2983 ordinem,
2380 2927 2434 2971 et
2463 2921 2610 2972 dicat
2635 2937 2759 2976 cum
2783 2921 3064 2990 Propheta
3097 2937 3108 2971 :
3146 2923 3228 2974 Da
3249 2923 3390 2974 mihi
3411 2923 3570 2979 intel-

282 3007 412 3059 sine
440 3005 623 3060 medio
652 3023 772 3060 esse
798 3014 1103 3076 nequeunt.
1130 3008 1198 3061 Et
1229 3025 1389 3073 unus,
1423 3027 1486 3064 ac
1513 3011 1643 3073 duo,
1678 3018 1734 3064 et
1776 3018 1890 3065 tres
1975 3012 2170 3062 lectum
2204 3010 2370 3073 (l’sal.
2413 3021 2600 3070 CXVIII.
2633 3007 2716 3075 34)
2755 3027 2764 3060 ε
2815 3015 2888 3073 et.
2925 3009 2973 3062 Si
3019 3025 3151 3072 non.
3189 3025 3297 3079 quo
3344 3009 3570 3080 imprae-

283 3095 458 3149 simul
481 3095 667 3165 positi,
713 3112 808 3148 sex
837 3096 999 3159 ﬁunt,
1032 3096 1126 3165 qui
1158 3103 1243 3149 est
1272 3097 1485 3166 primus
1510 3099 1760 3153 omnium
1792 3117 1911 3153 nu--
1973 3096 2284 3152 sentiarum
2342 3104 2395 3150 te
2426 3097 2758 3166 intelligam,
2791 3098 2988 3151 saltem
3035 3115 3142 3168 quo
3181 3097 3362 3168 legem
3409 3104 3568 3158 tuam

275 3199 578 3248 :merorum
602 3184 905 3254 perfectus;
930 3191 987 3237 et
1008 3184 1130 3238 ideo
1154 3185 1300 3239 Deus
1319 3186 1562 3240 Trinitas
1583 3187 1640 3241 in
1673 3189 1892 3242 senario
1911 3188 1953 3247 Ο
1977 3186 2338 3255 perscrutari,
2365 3192 2420 3239 et
2435 3187 2716 3240 custodire
2746 3185 2804 3238 in
2823 3191 2939 3240 toto
2963 3186 3128 3239 corde
3150 3202 3388 3240 merear.
3419 3187 3566 3244 Satis

282 3271 529 3343 perfecit
555 3273 745 3326 omnia
774 3273 1118 3343 temporalia.
1145 3281 1199 3327 et
1229 3275 1501 3343 requievit
1528 3277 1583 3328 in
1607 3277 1882 3342 Sabbato;
1970 3281 2054 3326 est
2084 3274 2279 3344 utique
2311 3291 2492 3334 nosse,
2517 3275 2601 3326 vel
2630 3275 2873 3338 credere,
2900 3275 3049 3343 quod
3079 3281 3161 3328 est
3183 3275 3372 3338 Pater,
3397 3281 3454 3327 et
3483 3275 3568 3329 Fi-

283 3378 416 3432 qum
447 3366 658 3415 estuna
674 3373 730 3414 et
747 3361 946 3414 ultima
967 3362 1309 3432 sempiterna
1333 3366 1555 3434 requies
1593 3367 1885 3420 Credimus
1969 3362 2094 3416 lius.
2121 3371 2177 3416 et
2199 3364 2440 3432 Spiritus
2472 3369 2716 3424 sanctus,
2753 3381 2896 3416 unus
2929 3364 3093 3421 Deus.
3122 3379 3236 3418 una
3281 3365 3561 3433 maiestas,

271 3467 441 3520 ergo,
473 3457 530 3504 et
569 3467 695 3503 mox
724 3457 788 3504 ut
831 3451 1112 3504 credimus
1143 3452 1226 3504 fas
1264 3459 1346 3506 est
1379 3454 1712 3522 intelligere,
1755 3456 1886 3526 quia
1967 3457 2024 3504 et
2057 3451 2327 3520 quidquid
2360 3452 2477 3522 ipse
2507 3453 2574 3504 de
2595 3468 2653 3504 se
2682 3450 2887 3512 docuit.
2914 3451 3137 3504 etiamsi
3158 3468 3269 3505 non
3294 3451 3569 3520 intelligar-

280 3539 479 3592 omnia
521 3556 587 3593 ex
623 3556 753 3604 uno,
808 3557 906 3609 per
952 3557 1145 3602 unum,
1182 3541 1253 3594 ad
1309 3559 1481 3596 unum
1523 3544 1880 3613 colliguntur.

278 3628 455 3681 Verbi
486 3629 687 3697 gratia,
717 3644 814 3682 sex
855 3646 920 3682 ex
950 3646 1058 3683 uno
1083 3630 1374 3700 incipiunt.
1412 3648 1509 3701 per
1541 3649 1712 3685 unum
1748 3635 1884 3688 mul-

278 3716 626 3786 tiplicantur,
653 3721 710 3770 et
728 3717 782 3769 in
802 3734 975 3770 unum
996 3719 1225 3772 veniunt
1246 3720 1528 3773 senarium
1550 3737 1879 3786 numerum;

1968 3546 2063 3594 tur
2092 3541 2372 3608 quomodo
2403 3549 2506 3600 est,
2541 3547 2759 3594 tantum
2788 3546 2851 3592 ut
2877 3540 2986 3592 ﬁde
3017 3541 3307 3612 praeceptis
3338 3539 3568 3596 obedia-

1970 3645 2110 3683 mus.
2145 3630 2206 3683 Si
2226 3632 2326 3692 ris,
2351 3629 2534 3698 inquit
2563 3628 2804 3690 cuidam,
2836 3630 2907 3680 ad
2932 3630 3104 3680 vitam
3151 3630 3385 3694 ingredi,
3414 3643 3569 3686 serva

1971 3721 2236 3772 uia/ictam
2256 3719 2476 3778 (Matth.
2505 3735 2612 3778 χιχ,
2641 3715 2734 3780 l7).
2767 3717 2832 3771 Et
2861 3732 3236 3786 nequaquam,
3269 3715 3368 3777 ait,
3399 3714 3568 3768 int-el-

277 3811 342 3858 et
362 3805 554 3858 decem
585 3805 865 3867 similiter,
896 3812 953 3860 et
980 3813 1225 3868 centum,
1263 3815 1320 3861 et
1353 3807 1521 3862 mille.
1571 3810 1798 3864 Necnon
1830 3815 1886 3865 et
1969 3807 2098 3876 liga,
2120 3807 2417 3876 quomodo,
2449 3806 2648 3876 qualis,
2675 3812 2982 3880 quantusve
3009 3805 3115 3864 sim
3140 3823 3152 3867 ξ
3177 3805 3272 3858 8υά
3305 3804 3569 3858 mandata

277 3894 472 3952 homo,
512 3900 569 3946 et
598 3895 840 3948 mundus
871 3895 940 3947 ab
982 3912 1110 3957 uno,
1147 3913 1244 3966 per
1269 3913 1466 3949 unum.
1502 3897 1560 3951 in
1589 3915 1785 3962 unum,
1823 3905 1886 3954 ut
1966 3896 2201 3965 implere
2226 3894 2387 3963 jubet
2419 3913 2429 3957 ;
2461 3896 2591 3966 quia
2630 3894 2877 3955 omnino,
2910 3901 2973 3948 ut
2995 3893 3360 3963 prmtulimus,
3393 3892 3561 3950 intel-

277 3998 432 4036 unus
461 3982 536 4035 sit
563 3983 749 4045 homo,
782 3989 841 4036 et
874 3983 1133 4047 mundus,
1173 3984 1302 4038 licet
1340 3986 1502 4056 plum
1543 4003 1736 4040 eorum
1769 3988 1884 4042 sint
1967 3985 2142 4038 lectus
2174 3984 2241 4036 de
2271 3984 2549 4037 mandatis
2581 3983 2785 4038 Christi
2818 3983 3065 4052 quotidie
3096 3980 3121 4020 ι)
3154 3989 3416 4049 augetur,
3453 3997 3562 4050 quo

273 4069 554 4134 membra,
596 4089 717 4141 quae
759 4071 1132 4142 particulatim
1191 4074 1479 4127 uniuntur.
1516 4075 1642 4130 Haec
1679 4076 1747 4131 de
1795 4077 1881 4131 his
1969 4074 2142 4144 possit
2161 4074 2334 4126 Deum
2357 4072 2840 4136 deorum,nonhic
2860 4071 3308 4136 admodum;sed
3329 4071 3385 4122 in
3410 4069 3562 4133 Sion,

273 4174 461 4229 pauca
517 4159 720 4213 dixisse
763 4159 1062 4219 sufﬁciant,
1096 4177 1215 4229 quae
1246 4167 1456 4223 tamen,
1506 4171 1569 4216 ut
1613 4166 1879 4234 prremisi,
1966 4175 1988 4202 ο
2009 4169 2072 4216 ut
2092 4168 2194 4224 est,
2216 4162 2423 4214 mundo
2439 4161 2604 4214 corde
2629 4160 3074 4215 manifestissime
3101 4158 3566 4228 contemplariJEt

273 4263 429 4312 mox,
463 4254 526 4301 ut
562 4249 885 4310 creduntur,
921 4249 1314 4317 intelliguntur
1363 4257 1517 4306 certa
1547 4270 1610 4304 ex
1642 4254 1878 4308 ratione.
1966 4271 2076 4307 non
2109 4255 2224 4306 hinc
2240 4254 2497 4315 dicimus,
2520 4253 2666 4322 quod
2690 4269 2796 4308 non
2815 4251 3016 4306 debeat
3031 4251 3233 4321 aliquis
3256 4251 3570 4319 intelligen-

275 4335 357 4390 E't
376 4336 423 4389 si
449 4337 638 4390 omnia
668 4337 1030 4407 percurrcris,
1057 4338 1305 4392 invenies
1328 4357 1390 4392 ex
1423 4340 1710 4394 intellectu
1744 4343 1880 4396 nihil
1965 4343 2102 4396 tiam
2129 4343 2226 4395 Dei
2256 4342 2536 4396 interdum
2566 4343 2772 4394 habere
2803 4349 2859 4396 et
2879 4340 3120 4394 scrutari
3148 4359 3158 4403 ;
3187 4340 3278 4392 sed
3310 4339 3442 4410 quia
3459 4339 3562 4390 hoc

274 4425 400 4478 sine
419 4425 632 4479 unitate
647 4426 954 4489 Trinitatis,
979 4433 1034 4479 et
1046 4426 1322 4480 Trinitate
1343 4428 1574 4482 unitatis
1591 4438 1875 4499 constare;
1901 4448 2271 4534 1)paucorum
2305 4439 2406 4493 est,
2421 4431 2489 4484 ad
2511 4432 2786 4486 cautelam
2812 4430 3130 4483 reducimus
3153 4427 3557 4490 Christianum,

275 4515 417 4586 quia
435 4521 568 4569 sunt
593 4516 777 4568 omnia
803 4516 856 4569 in
891 4533 1143 4582 numero,
1169 4524 1225 4572 et
1247 4520 1510 4588 pondere,
1541 4527 1597 4572 et
1619 4537 1877 4574 mensura

273 4604 611 4660 constituta.
679 4605 775 4658 Est
816 4622 1060 4675 namque
1110 4607 1167 4660 in
1224 4607 1460 4676 singulis
1508 4610 1880 4663 numerositas

274 4692 516 4748 unitatis
535 4711 546 4757 ;
562 4693 706 4746 sicut
726 4694 860 4747 etin
877 4701 995 4748 toto
1017 4696 1202 4748 unitas
1227 4698 1666 4751 numerositatis.
1691 4699 1753 4751 In
1773 4700 1882 4752 Deo

273 4798 410 4836 vero
451 4781 695 4851 perfecta
723 4782 966 4837 Trinitas
1000 4784 1251 4848 unitatis,
1307 4792 1364 4838 et
1420 4786 1654 4857 simplex
1697 4788 1885 4841 unitas

261 4870 596 4927 Trinitatis.

347 4960 403 5013 2.
438 4960 610 5014 Porro
632 4960 747 5025 illa,
772 4977 894 5031 quae
921 4961 990 5015 de
1017 4962 1133 5015 Deo
1165 4962 1433 5016 divinitus
1457 4965 1739 5030 dicuntur,
1764 4984 1886 5020 cre-

273 5049 474 5104 dibilia
503 5049 729 5119 quidem
759 5056 894 5104 sunt
925 5051 1092 5105 simul
1116 5057 1172 5103 et
1206 5052 1610 5122 intelligibilia;
1646 5056 1742 5108 sed
1777 5056 1885 5110 nisi

273 5139 581 5192 credantur
618 5138 792 5208 prius,
844 5155 1135 5209 nunquam
1195 5140 1636 5211 intelliguntur:
1679 5143 1884 5198 idcirco

272 5243 508 5282 necesse
525 5235 610 5280 est
624 5228 925 5281 credantur
944 5245 1008 5281 ex
1027 5235 1143 5282 toto
1166 5230 1350 5291 corde,
1367 5237 1424 5283 et
1444 5247 1510 5283 ex
1532 5236 1650 5283 tota
1663 5232 1881 5304 .anirna,

271 5323 335 5371 et
363 5333 430 5369 ex
449 5321 571 5370 tota
602 5315 805 5370 virtute
828 5335 841 5382 ;
867 5323 930 5371 ut
951 5319 1168 5372 Christo
1189 5319 1502 5374 illustrante
1529 5321 1618 5374 hic
1641 5337 1705 5374 ex
1726 5327 1882 5392 parte

275 5412 335 5460 et
354 5406 416 5459 in
449 5403 637 5458 futuro
662 5422 727 5459 ex
756 5411 876 5460 toto
915 5407 1322 5477 intelligantur.
1356 5409 1422 5462 Et
1451 5415 1608 5463 tanto
1641 5412 1882 5484 amplius

323 5535 374 5599 ,τ
405 5529 469 5582 In
492 5527 654 5584 editis
686 5529 1036 5583 desideratur
1061 5535 1206 5599 jam.

353 5597 382 5635 δ
415 5599 584 5663 Editi,
613 5604 844 5652 unitate.

351 5674 370 5696 °
401 5670 465 5723 In
498 5669 661 5724 editis
681 5670 1035 5726 desideratur
1058 5673 1271 5739 efﬁcax.

1967 4521 2096 4592 quia
2114 4520 2217 4573 etsi
2240 4520 2474 4573 necdum
2503 4519 2813 4588 intelligere
2833 4535 3046 4576 omnes,
3065 4524 3251 4570 tamen
3278 4515 3566 4580 credibilia

1968 4627 2031 4662 ex
2064 4611 2176 4662 Deo
2204 4609 2369 4662 corde
2400 4609 2626 4664 creder
2665 4607 2733 4664 ad
2759 4607 3064 4675 justitiam,
3101 4612 3158 4658 et
3185 4621 3281 4656 ore
3311 4604 3565 4658 conﬁteri

1966 4699 2033 4750 ad
2065 4698 2302 4751 salutem
2330 4697 2630 4759 debemus;
2670 4695 2918 4764 alioquin
2948 4694 3092 4746 sicut
3122 4692 3296 4756 lsaias
3321 4693 3402 4760 ait
3433 4695 3561 4762 (lsa.

1972 4786 2134 4852 vu,9)
2166 4805 2175 4838 :
2210 4785 2315 4839 nisi
2346 4785 2767 4847 crediderimus,
2801 4799 2911 4836 non
2927 4782 3049 4835 dico
3080 4798 3180 4836 nos
3210 4798 3322 4836 non
3351 4781 3570 4842 intelle-

1970 4884 2178 4935 cturos,
2212 4875 2308 4928 sed
2339 4890 2440 4926 nec
2485 4869 2935 4942 permanebimus
2964 4870 3022 4923 in
3053 4870 3294 4936 Christo,
3331 4887 3441 4939 quo
3469 4869 3556 4922 in-

1970 4965 2223 5033 telligere
2253 4963 2550 5034 possimus.

2554 5085 2788 5138 CAPUT
2815 5083 2964 5138 VIII.

2185 5210 2266 5266 'De
2297 5227 2423 5264 vera
2453 5216 2498 5262 et
2535 5211 2848 5262 indubitata
2877 5211 3005 5276 ﬁdei
3028 5208 3345 5276 disciplina.

2047 5318 2088 5373 ι.
2124 5317 2323 5387 Liquet
2351 5331 2517 5368 omne
2537 5315 2682 5384 quod
2714 5314 2905 5378 scitur,
2930 5314 3061 5388 quia
3090 5328 3200 5368 non
3229 5326 3293 5364 ex
3321 5326 3443 5374 sua,
3461 5310 3560 5374 sed

1967 5426 2031 5462 ex
2046 5404 2639 5476 comprehendendum
2656 5415 2858 5457 natura
2875 5401 3226 5472 cognoscitur
3243 5416 3254 5451 :
3280 5397 3358 5452 sic
3375 5397 3564 5468 itaque

2037 5532 2063 5572 ά
2088 5535 2150 5586 In
2176 5529 2310 5585 edit.
2344 5529 2699 5583 desideratur
2729 5528 2990 5598 quotidie.

2035 5615 2059 5642 ⁸
2089 5603 2235 5659 Edit.
2267 5602 2484 5659 addunt
2501 5602 2572 5657 ab
2591 5616 2666 5656 eo.
