3992 6166
489 282 620 369 1407

1253 293 1311 349 S.
1353 290 1727 347 PASCHASII
1754 288 2126 365 VRADBERTI
2164 290 2467 348 ABBATIS
2505 291 2996 349 CORBEIENSIS.

3622 284 3759 342 1408

474 414 531 464 et
549 426 713 467 omne
742 415 891 486 quod
920 418 1186 487 creditur,
1218 435 1331 475 non
1351 436 1416 474 ex
1436 434 1577 484 sese,
1602 418 1699 474 sed
1729 435 1795 474 ex
1818 418 2062 474 efﬁcacia
2077 420 2127 479 Λ
2145 418 2293 475 saria
2319 424 2485 485 esset,
2514 419 2647 474 dum
2668 418 2812 473 ratio
2833 417 3084 472 humana
3104 414 3294 470 omnia
3318 410 3760 484 comprehende-

474 499 623 566 ﬁdei,
657 505 817 575 cujus
839 512 925 561 est
953 508 1156 580 spiritu
1183 509 1408 581 pietatis
1440 508 1720 563 illustrata
1751 514 1899 563 recte
1943 526 2064 564 cre-

472 588 662 648 ditur:
694 592 773 647 ita
800 600 1009 662 tamen,
1058 603 1122 651 ut
1149 614 1217 651 ea
1245 614 1366 668 quae
1396 598 1702 652 creduntur
1727 614 1793 652 ex
1821 599 2060 664 aeternis,

472 692 655 749 neque
672 680 820 736 intra
838 683 1263 756 intelligentiam
1283 686 1396 740 sint
1411 686 1693 753 credendi,
1709 704 1890 759 neque
1910 693 2067 742 extra

473 767 639 822 ﬁdem
665 769 1014 842 intelligendi
1044 793 1057 840 ;
1099 775 1192 828 sed
1226 775 1383 839 ﬁdes,
1412 792 1524 846 qua
1551 775 1621 830 de
1650 776 1857 831 Christi
1886 777 2065 831 incar-

472 856 701 911 natione
724 860 993 915 catholice
1022 879 1089 917 ea
1109 880 1231 934 quae
1259 864 1538 919 credenda
1564 870 1697 919 sunt
1724 866 2060 934 creduntur;

472 943 724 1011 scientia,
758 965 879 1018 quae
917 967 1017 1020 per
1056 952 1324 1023 Spiritum
1373 959 1626 1008 sanctum
1658 960 1761 1019 est,
1813 955 2060 1015 fulcitur,

470 1032 615 1087 sicut
644 1041 729 1089 est
758 1037 852 1092 illa
882 1055 1004 1109 quae
1030 1041 1100 1095 de
1127 1041 1416 1097 divinitate
1443 1042 1617 1098 totius
1635 1043 1943 1108 Trinitatis,
1976 1050 2064 1097 at-

2146 515 2263 563 ret:
2289 526 2421 563 nam
2436 510 2507 563 ad
2524 526 2591 563 ea
2606 526 2728 580 quae
2744 513 2876 562 sunt
2896 512 3128 571 aeterna,
3158 512 3215 558 et
3247 503 3423 558 videri
3445 506 3757 573 nequeunt,

2146 614 2343 653 sensus
2373 598 2601 652 omnino
2626 612 2926 668 corporeus
2956 612 3067 650 non
3100 598 3379 666 penetrat,
3404 596 3465 646 et
3498 591 3760 660 incorpo-

2146 703 2243 740 rea
2270 703 2384 740 non
2415 685 2813 757 apprehendit;
2847 684 2980 756 quia
3020 684 3266 737 inferius
3295 683 3473 752 jacet.
3809 747 3815 751 _

2215 775 2251 827 2
2307 776 2480 829 Porro
2524 774 2874 845 imaginatio,
2907 790 3029 844 quae
3066 773 3394 843 frequenter
3422 774 3516 823 est
3560 768 3625 822 in
3654 785 3761 822 me-

2145 864 2323 917 moria
2363 864 2500 928 sola,
2535 864 2656 917 sine
2686 862 2922 917 materia
2944 862 3164 931 judicat
3190 874 3601 930 quamcunque
3630 874 3757 911 cor-

2146 952 2297 1023 poris
2325 953 2562 1020 ﬁguram
2585 971 2598 1019 ;
2626 957 2684 1005 et
2706 967 2819 1005 non
2847 949 3220 1021 apprehendit
3247 947 3410 1014 illud,
3437 945 3598 1017 quod
3618 946 3762 999 Dens

2145 1048 2249 1103 est,
2298 1042 2456 1111 cujus
2504 1041 2659 1095 nulla
2709 1046 2795 1094 est
2835 1056 2900 1093 ex
2930 1038 3181 1109 subjecta
3220 1036 3465 1091 materia
3514 1035 3763 1113 corporis

474 1139 581 1192 que
632 1125 865 1180 unitatis
912 1134 1015 1194 est,
1051 1131 1251 1201 spiritu
1300 1131 1688 1203 intelligentia:
1723 1132 2059 1187 illustratur.
2146 1131 2344 1199 ﬁgura.
2375 1130 2539 1184 Ratio
2562 1146 2690 1184 vero
2711 1129 2855 1182 hanc
2875 1144 3096 1200 quoque
3116 1126 3473 1181 transcendit
3490 1123 3758 1195 speciem,

478 1212 2065 1289 UndeApostolus:Altcriquidcmdatursermosapientiz
2145 1235 2269 1288 quas
2316 1224 2374 1273 et
2425 1235 2621 1272 sensus
2660 1222 2829 1288 atque
2873 1219 3083 1287 ﬁguras
3131 1213 3596 1270 consideratione
3642 1228 3755 1274 .Slla

465 1316 567 1369 per
594 1302 873 1371 Spiritum
909 1316 1162 1362 sanctum
1185 1329 1200 1373 ;
1242 1310 1413 1363 alteri
1444 1326 1569 1363 vero
1607 1327 1784 1364 sermo
1812 1313 2067 1375 scientiae,
2152 1307 2449 1378 perpendit
2469 1307 2868 1361 universalium
2896 1324 2911 1374 ;
2940 1321 3043 1359 nec
3074 1310 3263 1359 tamen
3286 1303 3527 1374 attingit
3556 1318 3628 1356 ea
3648 1317 3763 1372 quae

472 1393 639 1443 alteri
665 1394 795 1458 ﬁdes
825 1397 888 1448 in
915 1397 1093 1450 eodem
1119 1397 1339 1466 Spiritu
1361 1398 1409 1468 (Ι
1421 1400 1543 1453 Cor.
1576 1413 1668 1456 xu.
1686 1398 1774 1467 8);
1803 1416 1926 1470 quze
1946 1415 2070 1470 pro-
2150 1401 2283 1450 sunt
2311 1396 2368 1450 in
2399 1395 2636 1466 singulis
2665 1401 3049 1449 creaturarum
3073 1393 3557 1463 naturis,quanto
3587 1390 3761 1460 magis

473 1478 634 1544 fecto,
672 1487 737 1535 ut
766 1483 929 1537 ﬁrma
959 1485 1034 1538 sit
1072 1492 1129 1540 et
1156 1486 1491 1551 indubitata,
1545 1488 1675 1541 hinc
1707 1488 1837 1542 inde
1865 1487 2068 1559 spiritu
2146 1490 2213 1539 ut
2241 1484 2417 1554 possit
2448 1484 2805 1554 perscrutari,
2840 1499 2962 1554 qua:
2983 1487 3119 1537 sunt
3158 1479 3755 1552 incomprehensibilia

473 1567 759 1638 sapientiae
788 1578 957 1642 atque
985 1574 1229 1629 scientiae
1251 1576 1548 1630 instruitur
1576 1582 1634 1630 et
1654 1576 1960 1632 solidatur:
1988 1578 2069 1632 ita
2148 1572 2491 1631 di\initatis?
2515 1573 2791 1627 Caeterum
2818 1571 3193 1641 intelligentia
3220 1570 3427 1624 celsior
3478 1568 3681 1623 oculus
3707 1569 3758 1622 in

473 1659 538 1707 ut
568 1672 689 1726 quae
723 1657 792 1711 de
819 1660 1040 1715 Christo
1073 1669 1224 1729 sunt,
1265 1664 1465 1734 spiritu
1497 1665 1743 1718 scientiae
1791 1666 1847 1719 in
1876 1666 2123 1736 animo_
2147 1665 2337 1719 anima
2375 1664 2803 1736 supergreditur
2840 1661 3224 1716 universitatis
3262 1660 3572 1723 ambitum,
3618 1666 3676 1713 et
3698 1675 3760 1714 ex

462 1744 750 1800 credentis
779 1750 1261 1817 commendantur,
1295 1730 1449 1812 licet,
1478 1753 1546 1807 de
1586 1753 1679 1807 illo
1726 1771 1839 1808 non
1876 1755 2065 1808 omnia
2084 1730 2129 1789 Β
2148 1759 2306 1824 parte
2322 1730 2499 1824 ipsam
2522 1730 2677 1806 illam
2697 1752 3225 1806 Deitatismaturam
3246 1750 3545 1804 interdum
3564 1765 3761 1820 cogno-

472 1831 738 1898 sciantur,
774 1835 879 1890 ﬁde
906 1843 1094 1893 tamen
1137 1840 1373 1910 integra,
1409 1859 1750 1913 quaecunque
1799 1844 2066 1913 magister

470 1920 725 1977 veritatis
744 1925 951 1991 docuit,
980 1943 1090 1982 non
1113 1928 1298 1983 minus
1313 1930 1381 1984 de
1403 1947 1505 1984 sua
1526 1932 1878 1986 humanitate
1895 1949 2065 2003 quam

474 2025 541 2063 ex
571 2010 860 2067 divinitate
893 2016 1143 2081 Deitatis,
1169 2018 1369 2079 Patris,
1388 2026 1442 2073 et
1463 2020 1608 2083 Filii,
1628 2026 1796 2090 atque
1823 2021 2064 2092 Spiritus

474 2099 651 2153 sancti
669 2101 1219 2169 creduntur,etiamsi
1239 2108 1838 2178 minusintelligantur.
1856 2110 2068 2164 Harum

474 2184 649 2256 igitur
667 2189 920 2246 doctrina
948 2193 1196 2249 imbutus
1227 2196 1470 2261 animus,
1503 2198 1559 2251 in
1590 2198 1831 2268 quodam
1861 2198 1949 2252 sui
1980 2215 2069 2253 se-

475 2287 632 2330 Cessu
665 2277 828 2332 ﬁdem
853 2282 1049 2343 nutrit,
1082 2301 1249 2355 quam
1285 2286 1487 2339 veritas
1533 2286 1887 2340 credentibus
1917 2304 2070 2341 rese-

476 2361 637 2418 ravit.
657 2367 771 2421 Nec
792 2368 893 2422 sibi
911 2370 1061 2424 aliud
1092 2372 1397 2443 quidquam
1419 2373 1674 2428 relictum
1692 2391 1724 2428 a
1744 2381 1949 2429 natura
1967 2392 2070 2430 sua

475 2453 813 2525 intelligens,
831 2457 886 2512 iu
905 2476 1016 2530 quo
1038 2463 1219 2530 majus
1237 2463 1597 2516 tireatorisuo
1616 2464 2064 2534 possitofﬁcium,

479 2557 752 2597 munusve
782 2555 1079 2616 praestare;
1103 2565 1269 2619 quam
1300 2556 1364 2604 ut
1385 2556 1607 2605 tantum
1628 2568 1754 2606 eum
1770 2552 2064 2622 intelligat,

476 2637 720 2700 quantus
748 2650 849 2688 nec
876 2635 1113 2707 intelligi
1145 2654 1245 2691 nec
1290 2638 1415 2693 sciri
1448 2647 1633 2710 potest
1672 2660 1683 2707 ;
1725 2641 1855 2695 licet
1895 2643 2072 2712 possit

2146 1857 2324 1906 scens,
2369 1841 2800 1912 contemplatur.
2854 1839 3011 1894 Unde
3061 1839 3363 1910 Apostolus
3413 1856 3430 1892 :
3478 1839 3567 1892 EJ:
3606 1842 3759 1906 parte

2145 1932 2296 1982 enim
2322 1932 2712 1997 cognoscimus,
2737 1934 2785 1981 ct
2807 1933 3041 1996 exparte
3052 1927 3480 1995 prophetamus;
3514 1927 3609 1978 scd
3637 1941 3758 1978 cum

2145 2023 2372 2083 venerit,
2391 2018 2536 2086 quod
2547 2018 2853 2085 perfectum
2872 2021 2966 2079 cst,
2979 2016 3340 2069 evacuabitur
3352 2015 3506 2083 quod
3521 2031 3591 2067 ea:
3606 2019 3757 2082 parte

2151 2110 2226 2158 est
2258 2108 2304 2174 (I
2331 2109 2451 2161 Cor.
2486 2119 2608 2169 XIII,
2640 2104 2717 2171 9).
2753 2104 2861 2159 Sed
2923 2103 3061 2157 ﬁdes
3106 2119 3230 2173 quae
3258 2119 3361 2174 per
3395 2102 3756 2156 dilectionem

2151 2199 2253 2257 est,
2288 2194 2418 2247 licet
2446 2209 2511 2247 ex
2535 2199 2694 2264 parte
2713 2193 2805 2255 sit,
2838 2208 2949 2246 non
2980 2208 3045 2245 ex
3076 2198 3255 2263 parte,
3286 2191 3387 2244 sed
3417 2208 3485 2245 ex
3508 2196 3633 2245 toto
3647 2207 3758 2244 cre-

2152 2283 2235 2336 dit
2263 2283 2452 2336 omnia
2475 2299 2598 2352 quze
2636 2298 2748 2335 non
2778 2280 3035 2335 videntur
3064 2299 3076 2334 :
3108 2279 3190 2334 ita
3222 2286 3289 2334 ut
3317 2280 3599 2350 magister
3621 2278 3755 2333 veri-

2150 2372 2284 2426 tatis
2322 2371 2561 2436 edocuit,
2596 2376 2659 2424 ut
2687 2370 2931 2441 Spiritus
2960 2375 3188 2423 sanctus
3216 2370 3511 2423 reseravit.
3555 2369 3635 2423 Ea
3663 2369 3758 2422 ita.

2153 2476 2262 2530 que
2286 2460 2480 2525 credit,
2515 2476 2637 2530 quae
2669 2460 2905 2513 necdum
2936 2459 3253 2512 intellectus
3274 2457 3677 2529 apprehendit,
3700 2464 3754 2510 et

2151 2548 2278 2602 ideo
2301 2550 2489 2619 justus
2514 2565 2624 2602 non
2645 2565 2710 2602 ex
2739 2548 3048 2606 intellectu.
3070 2547 3166 2601 sed
3190 2564 3256 2601 ex
3280 2548 3391 2601 ﬁde
3420 2547 3575 2601 vivit.
3615 2547 3755 2601 Nam

2151 2638 2408 2709 superior
2435 2638 2792 2709 amplectitur
2819 2637 3163 2698 inferiorem,
3192 2640 3251 2690 et
3286 2636 3592 2705 dijudicat;
3625 2635 3756 2689 infe-

476 2719 649 2775 credi.
679 2721 748 2775 Et
774 2722 899 2777 ideo
921 2725 1059 2779 ﬁdes
1099 2727 1426 2797 prieeminet
1469 2729 1713 2783 scientia;
1741 2730 1826 2783 vel
1857 2730 2071 2784 intelle-
2150 2725 2266 2780 rior
2281 2743 2409 2780 vera
2435 2726 2507 2780 ad
2534 2727 2882 2797 superiorem
2904 2726 3058 2779 nullo
3086 2725 3252 2779 modo
3277 2726 3597 2795 consurgit.
3628 2725 3752 2778 Non

475 2808 588 2861 ctui
619 2816 831 2874 nostro,
858 2813 990 2883 quia
1018 2815 1143 2880 etsi,
1164 2820 1228 2869 ut
1257 2821 1360 2876 est,
1392 2816 1631 2870 necdum
1658 2816 1834 2870 scitur
1856 2833 1957 2871 nec
1988 2816 2070 2870 in-
2150 2814 2299 2869 enim
2324 2831 2523 2869 sensus
2538 2815 2751 2886 aliquid
2777 2820 2933 2869 extra
2953 2814 3250 2868 materiam
3275 2813 3461 2873 valet;
3485 2814 3637 2867 sicut
3653 2827 3752 2867 nec

474 2895 774 2966 telligitur;
796 2906 988 2955 tamen
1010 2903 1140 2973 quia
1178 2909 1282 2969 est,
1316 2904 1396 2957 ita
1432 2910 1494 2958 ut
1524 2910 1627 2968 est,
1670 2905 1753 2958 vel
1795 2905 2065 2975 quidquid
2148 2902 2476 2974 imaginatio
2505 2909 2660 2958 extra
2689 2904 2925 2970 formas;
2954 2918 3095 2973 quas
3138 2903 3288 2956 ideas
3314 2902 3499 2956 Graeci
3530 2908 3743 2965 vocant,

477 2984 546 3038 de
565 2986 659 3040 illo
685 3004 868 3043 sermo
896 2990 1117 3045 divinus
1140 2992 1421 3062 praedicat.
1452 2994 1557 3047 hoc
1588 2998 1770 3047 totum
1811 2994 1920 3047 ﬁde
1946 3011 2066 3048 cre-
2084 3046 2125 3067 η
2149 2991 2218 3045 ad
2244 3008 2384 3062 quas
2411 3008 2610 3046 sensus
2641 3008 2753 3046 non
2770 2992 2889 3046 dies
2909 2992 3099 3053 altius,
3129 3007 3321 3045 verum
3352 2978 3461 3045 nec
3477 2991 3552 3045 ad
3574 2992 3751 3067 ipsas;

478 3072 649 3138 ditur,
686 3082 750 3130 ut
773 3094 873 3147 per
898 3094 1021 3131 eam
1052 3081 1252 3134 melius
1281 3082 1893 3153 intelligatur.Propter
1919 3066 2127 3153 quod”
2148 3080 2498 3134 discernendi
2528 3082 2713 3151 gratia
2741 3081 3043 3152 pertingit:
3079 3086 3145 3134 ut
3175 3096 3277 3134 nec
3309 3079 3547 3150 energia
3567 3081 3639 3133 ad
3664 3096 3747 3133 ra-
3822 3103 3835 3109 ~

474 3163 848 3233 intelligentia
875 3167 1039 3221 ﬁdem
1062 3168 1166 3222 sibi
1197 3172 1524 3226 necessariae
1547 3172 1832 3242 religionis
1856 3189 2068 3226 assum-
2148 3169 2318 3223 tionis
2332 3185 2750 3241 normam,qua=.
2771 3169 2982 3239 absque
3009 3170 3138 3223 fuco
3157 3168 3309 3223 illius
3333 3168 3756 3239 imaginationis

476 3251 605 3321 psit,
635 3253 767 3324 quia
806 3256 1092 3311 aeternitas
1143 3264 1197 3311 et
1242 3260 1503 3328 majestas
1550 3261 1787 3315 Deitatis
1830 3261 2064 3315 excedit.
2150 3274 2383 3328 quaeque
2399 3274 2512 3312 suae
2541 3257 2821 3312 facultatis
2838 3257 3009 3311 libere
3034 3258 3322 3323 discernit,
3346 3257 3611 3327 quamvis
3633 3257 3757 3310 sim-

474 3338 703 3408 Verum,
736 3343 867 3413 quia
897 3360 1007 3399 non
1053 3362 1119 3399 ex
1148 3364 1250 3401 sua
1292 3354 1498 3403 natura
1537 3349 2064 3421 comprehenditur;

472 3429 570 3482 sed
601 3430 841 3486 efﬁcacia
865 3434 992 3487 ﬁdei
1023 3435 1324 3507 aliquando
1358 3438 1505 3509 plus,
1538 3439 1841 3509 aliquando
1882 3439 2066 3494 minus

473 3518 748 3585 creditur;
772 3521 976 3577 idcirco
994 3525 1291 3595 aliquoties
1311 3526 1624 3592 aberratur,
1640 3529 1771 3582 dum
1795 3528 1904 3581 ﬁde
1921 3529 2066 3581 male

473 3609 853 3677 praesumitur,
895 3628 1006 3666 non
1035 3615 1183 3684 quod
1213 3615 1306 3668 ille
1334 3615 1544 3681 docuit,
1578 3618 1673 3687 qui
1702 3633 1760 3670 se
1791 3621 1972 3670 totum
2011 3621 2067 3670 et

473 3696 577 3750 soli
601 3698 925 3768 plenissime
952 3718 1129 3756 unum
1159 3703 1355 3766 Deum,
1387 3704 1746 3767 immensum,
1778 3705 2065 3775 incapabi-

475 3784 586 3839 lem
613 3796 636 3821 ⁸
660 3788 828 3841 novit.
866 3790 1221 3862 Quapropter
1256 3793 1355 3846 illa
1374 3799 1459 3847 est
1482 3811 1611 3847 vera
1639 3794 1775 3847 ﬁdes
1804 3800 1860 3848 et
1898 3794 2064 3848 indu-

473 3871 668 3939 bitata,
700 3893 822 3947 quae
844 3878 1167 3949 plenissime
1191 3881 1369 3935 credit
1396 3882 1584 3936 omnia
1607 3900 1729 3953 quae
1747 3883 1965 3936 Veritas
1995 3883 2065 3936 de

473 3978 533 4015 se
562 3963 770 4020 docuit.
803 3973 861 4020 et
889 3967 969 4021 eis
1006 3968 1272 4024 divinitus
1304 3970 1616 4041 inspiravit,
1660 3988 1799 4041 quos
1849 3971 1918 4024 ad
1964 3971 2067 4025 hoc

474 4050 651 4121 eligit,
672 4060 737 4107 ut
747 4054 1050 4125 scripturas
1070 4058 1367 4112 canonicas
1379 4059 1733 4113 credentibus
1748 4059 2031 4130 aperirent
2050 4076 2061 4112 :

475 4138 678 4208 quibus
714 4142 959 4211 profecto
998 4146 1043 4198 si
1074 4147 1382 4210 crederent,
1424 4148 1538 4202 Deo
1580 4149 1776 4218 utique
1806 4148 2069 4202 credidis-

474 4232 617 4291 sent,
651 4229 747 4298 qui
776 4230 914 4284 nihil
945 4234 1093 4286 aliud
1118 4252 1286 4304 quam
1307 4252 1430 4304 quae
1459 4236 1733 4307 inspirata
1753 4243 1916 4291 erant
1935 4237 2070 4291 divi-

476 4316 628 4371 nitus
646 4319 1002 4388 protulerint.
1033 4321 1191 4375 Unde
1212 4323 1344 4376 dum
1375 4323 1471 4377 illa
1495 4325 1581 4377 vel
1602 4341 1713 4378 non
1740 4327 2064 4391 creduntur,

2151 3347 2351 3418 plicem
2407 3346 2791 3416 intelligentia:
2847 3347 3086 3400 formam
3124 3347 3306 3400 adhuc
3367 3345 3613 3399 Deitatis
3658 3362 3753 3399 ne-

2149 3441 2357 3506 queant
2395 3434 2623 3490 intueri.
2683 3434 2827 3505 Ergo
2874 3435 2964 3488 his
3016 3434 3276 3488 oninibus
3329 3434 3620 3504 prominet
3672 3434 3757 3488 in-

2146 3525 2418 3589 tellectus,
2487 3529 2545 3577 et
2603 3522 2871 3577 discernit
2915 3524 3207 3578 universas
3272 3522 3513 3575 rationis
3585 3526 3749 3593 atque

2147 3612 2567 3683 imaginationis
2622 3613 2848 3682 ﬁguras,
2910 3628 3127 3666 necnon
3187 3616 3245 3664 et
3324 3626 3495 3664 omne
3577 3617 3753 3664 mate-

2148 3702 2284 3756 riale
2304 3702 2565 3756 sensibile
2596 3718 2956 3772 cognoscens,
3004 3717 3107 3755 nec
3155 3700 3374 3754 ratione
3421 3699 3626 3764 utitur,
3659 3716 3752 3753 nec

2146 3791 2567 3861 imaginatione,
2583 3806 2683 3844 nec
2701 3790 2977 3857 sensibus;
3002 3790 3100 3844 sed
3118 3790 3215 3843 illo
3230 3788 3539 3859 purissimo
3556 3781 3752 3843 mentis

2146 3880 2324 3947 oculo,
2363 3897 2475 3934 uno
2521 3880 2654 3945 ictu,
2697 3885 2917 3945 cuncta,
2951 3896 3075 3950 quae
3134 3878 3280 3932 infra
3329 3894 3391 3931 se
3431 3884 3588 3942 sunt,
3630 3893 3751 3931 con-

2147 3969 2327 4040 spicit.
2350 3969 2457 4023 Sed
2479 3968 2611 4040 quia
2630 3968 2879 4023 nondum
2894 3974 2977 4022 est
2996 3967 3068 4021 ad
3093 3966 3372 4037 liquidum
3389 3967 3744 4029 emundatus,

2147 4074 2329 4128 neque
2351 4057 2515 4127 plena
2535 4056 2948 4128 incorruptione
2962 4056 3217 4121 vestitus,
3236 4054 3346 4108 ﬁde
3374 4055 3570 4124 potius
3593 4055 3752 4109 inter-

2148 4147 2282 4200 dum
2316 4145 2639 4215 purgandus
2668 4151 2773 4206 est,
2812 4145 2989 4199 donec
3017 4144 3075 4198 in
3106 4144 3195 4197 via
3222 4159 3423 4197 sumus
3449 4160 3463 4196 :
3510 4143 3749 4214 alioquin

2153 4238 2218 4287 ut
2246 4233 2420 4288 Isaias
2449 4234 2658 4289 fatetur
2688 4253 2699 4287 :
2735 4236 2858 4289 Nisi
2886 4235 3251 4297 credideritis,
3287 4249 3403 4286 non
3438 4235 3749 4300 intelligetis

2154 4324 2277 4389 (Isa.
2314 4336 2407 4387 vn,
2447 4321 2518 4390 9).
2554 4322 2937 4392 Intelligentia
2962 4322 3112 4377 enim
3153 4328 3239 4376 est
3269 4338 3490 4375 merces
3520 4322 3673 4387 ﬁdei,
3703 4326 3752 4374 et

473 4408 560 4461 vel
602 4408 783 4473 aliter,
820 4425 984 4479 quam
1016 4409 1165 4463 dicta
1191 4410 1304 4464 sint
1322 4405 1366 4477 ⁸³,
1400 4412 1861 4482 interpretantur,
1903 4415 2070 4469 homo
2088 4405 2276 4464 Dideo
2298 4428 2420 4481 quas
2441 4411 2679 4465 necdum
2700 4411 3087 4481 intelligimus,
3117 4411 3227 4464 ﬁde
3243 4409 3552 4474 credimus,
3582 4409 3750 4480 operi-

471 4496 797 4567 impietatec
817 4515 920 4552 sua
939 4514 1038 4553 seu
1067 4499 1175 4553 ﬁde
1214 4500 1344 4553 ﬁcta
1369 4500 1676 4571 decipitur;
1717 4518 1841 4555 cum
1871 4504 2070 4557 melius

478 4592 624 4638 esset
651 4589 876 4642 credere
906 4588 1026 4642 sine
1054 4588 1448 4660 intelligentia,
1484 4606 1650 4659 quam
1684 4591 1829 4645 male
1858 4592 2067 4645 intelli-

476 4686 614 4739 gens
637 4673 660 4709 ἀ
688 4677 971 4731 erroribus
1008 4678 1313 4749 subjacere.
1349 4679 1491 4733 Hinc
1545 4695 1766 4750 quoque
1822 4681 2064 4736 dicitur:

478 4760 694 4812 Altiora
716 4767 762 4813 te
784 4779 847 4815 ne
872 4769 1170 4831 quaesieris,
1193 4771 1241 4820 et
1252 4768 1623 4835 profundiora
1640 4773 1685 4820 te
1710 4773 2069 4821 ncscrutatus

478 4848 655 4914 fueris
686 4848 869 4913 (Eccti.
900 4864 982 4915 ιιι,
1011 4851 1123 4920 ‘22).
1158 4856 1282 4908 Non
1314 4856 1461 4926 quod
1490 4872 1602 4909 non
1623 4856 1924 4926 qumrenda
1957 4856 2070 4910 sint

479 4951 547 4989 ea
576 4951 697 5006 quae
726 4953 837 4989 non
863 4938 1139 5007 videntur,
1171 4960 1297 4996 cum
1319 4944 1433 4998 sint
1460 4950 1689 5010 aeterna,
1724 4945 1829 4997 etsi
1858 4951 2072 5016 tempo-

478 5023 690 5079 ralibus
717 5025 833 5078 sint
856 5026 1086 5094 altiora;
1105 5030 1200 5083 sed
1223 5031 1354 5101 quia
1382 5033 1491 5087 ﬁde
1515 5033 1704 5104 potius
1732 5038 1883 5096 sunt,
1902 5049 2070 5104 quam

478 5113 696 5168 ratione
754 5113 1003 5168 humana
1051 5119 1369 5172 scrutanda.
1431 5121 1801 5175 Prohibemus
1855 5121 2073 5176 ratione

480 5218 729 5274 quaerere
747 5204 948 5258 altiora
969 5204 1222 5268 Deitatis,
1239 5208 1503 5277 quoniam
1530 5210 1577 5264 si
1594 5211 1932 5281 perscrutari
1951 5227 2072 5282 pos-

478 5299 603 5346 sent
630 5293 1014 5363 profundioria
1026 5299 1197 5347 tantas
1227 5295 1554 5364 majestatis,
1578 5299 1715 5353 ﬁdes
1747 5316 1858 5354 non
1887 5316 2073 5355 neces-

551 5414 575 5487 ξ’
607 5416 776 5487 Edit.,
808 5419 1320 5487 incomparabilem.

550 5482 578 5563 ξ
602 5486 775 5563 Edit.,
807 5494 958 5563 sunt.

601 5557 769 5623 Edit.,
798 5561 861 5611 in
888 5563 1092 5627 pietate
1124 5576 1140 5612 :
1168 5576 1281 5614 non
1309 5558 1472 5629 bene,
1491 5561 1641 5617 unde
1661 5564 1842 5619 editor
1862 5565 1921 5619 in
1941 5581 2086 5620 mar-

2151 4499 2255 4553 bus
2280 4515 2631 4565 veneramur,
2656 4504 2719 4554 ut
2741 4500 3024 4554 intellectu
3044 4505 3225 4554 totum
3249 4498 3399 4570 quod
3424 4498 3484 4552 in
3514 4499 3629 4553 ﬁde
3652 4504 3746 4561 est,

2150 4588 3025 4659 comprehendamus.Propterea
3046 4606 3174 4643 cum
3194 4589 3343 4642 Deus
3360 4587 3574 4641 veritas
3595 4586 3745 4642 estin

2151 4693 2338 4743 causa,
2366 4693 2479 4730 non
2504 4677 2821 4731 intellectus
2835 4678 2964 4747 jure
2993 4677 3061 4731 de
3083 4677 3192 4730 fide
3220 4676 3499 4747 disputat.
3525 4677 3661 4747 quia
3692 4676 3744 4729 ﬁ-

2152 4765 2250 4819 des
2278 4782 2345 4819 ea
2373 4765 2567 4831 credit,
2599 4783 2721 4837 quae
2760 4766 3001 4821 necdum
3037 4765 3356 4819 intellectus
3385 4770 3489 4819 aut
3515 4763 3739 4819 scientia

2151 4854 2538 4925 apprehendit.
2554 4854 2823 4908 Innititur
2837 4855 2985 4909 enim
3000 4871 3172 4926 supra
3184 4859 3563 4925 petram,quze
3582 4852 3750 4909 Chris-

2150 4949 2243 4996 tus
2282 4948 2387 5008 est,
2405 4948 2462 4996 et
2490 4943 2698 5007 omnia,
2727 4959 2849 5015 quae
2875 4944 3118 5015 Spiritus
3156 4948 3383 4997 sanctus
3423 4943 3483 4996 in
3517 4943 3748 5013 Scriptu-

2152 5032 2232 5085 ris
2259 5031 2398 5086 Novi
2425 5048 2491 5084 ac
2524 5032 2739 5086 Veteris
2756 5032 3101 5087 Testamenti
3124 5032 3411 5097 disseruit,
3438 5031 3746 5086 indubitan-

2154 5124 2243 5173 ter
2269 5119 2466 5181 credit,
2488 5120 2734 5191 profecto
2756 5121 2890 5192 quia
2912 5120 3120 5175 sufﬁcit
3146 5121 3247 5176 Dei
3268 5135 3473 5185 sermo,
3502 5120 3599 5191 qui
3619 5118 3743 5173 ellu-

2154 5225 2249 5263 sus
2273 5214 2361 5263 est
2395 5208 2602 5263 virtute
2632 5209 2877 5280 Spiritus
2902 5210 3081 5264 sancti
3102 5210 3161 5264 in
3182 5207 3414 5265 auribus
3437 5208 3659 5271 nostris,
3681 5206 3741 5259 de

2156 5313 2265 5369 quo
2294 5296 2482 5352 nullus
2520 5302 2671 5352 recte
2694 5298 2932 5369 judicat,
2966 5300 3062 5371 qui
3101 5315 3237 5354 sane
3256 5298 3425 5370 sapit.
3460 5297 3616 5353 Unde
3636 5293 3739 5349 sola

2162 5424 2293 5493 gine
2322 5426 2473 5476 recte
2502 5422 2724 5477 monuit
2746 5421 3048 5493 legendum
3075 5425 3377 5492 impietate.

2236 5492 2261 5529 ά
2288 5494 2457 5559 Edit.,
2486 5492 2910 5562 intelligentiam.

2236 5576 2259 5603 ε
2287 5564 2473 5632 Edit.,
2498 5567 2703 5633 ipsum.
