3992 6166
185 242 332 302 1409
1080 241 1175 296 DE
1212 240 1401 308 FIDE,
1442 240 1572 296 SPE
1610 241 1700 297 ET
1737 241 1813 295 ΟΕ

1903 241 2167 297 RITATE.
2208 272 2272 285 —
2313 244 2450 299 LIB.
2494 244 2538 299 Ῑ.
3336 192 3477 313 Ηῦιθ

180 368 296 421 ﬁde
327 370 547 439 oportet
578 382 703 438 quin
732 369 1009 437 prazcepta
1059 369 1194 419 sunt
1221 365 1719 436 explere,Patrem,
1751 364 1877 424 etA
1897 382 2049 420 meus
2085 367 2333 432 dilectus,
2370 370 2432 421 in
2467 385 2573 437 quo
2610 371 2757 423 mihi
2786 372 2912 424 bene
2938 376 3263 441 comptaeui,
3294 379 3479 443 ipsum

179 456 414 521 Filium,
449 461 507 510 et
534 455 807 526 Spiritum
850 458 1129 519 sanctum,
1157 459 1221 508 ut
1254 453 1375 524 ipse
1403 454 1473 508 de
1498 470 1560 507 se
1588 452 1800 518 docuit;
1881 460 2070 512 audite
2101 456 2313 520 (Matth.
2334 470 2419 522 Ill,
2458 454 2563 527 17).
2593 458 2924 529 Etutjussio
2948 460 3131 515 Patris
3149 462 3472 535 impleatur,

185 544 284 615 qui
307 544 461 599 solus
490 561 550 598 se
580 544 738 599 novit
766 543 1023 609 adorare,
1054 543 1325 608 venerari,
1360 546 1423 596 in
1456 559 1614 611 quem
1634 548 1681 596 et
1701 559 1802 596 an-
1884 563 1992 618 qua
2023 545 2356 617 praemonuit
2376 549 2557 614 ipsum
2582 550 3024 619 audite-,oportet
3043 551 3112 605 de
3134 553 3239 607 hac
3258 555 3368 609 tide
3390 573 3473 611 re-

177 636 294 701 geti
340 635 655 687 desiderant
699 636 1006 703 prospicere
1035 633 1083 700 (l
1108 635 1254 688 Petr.
1285 646 1324 695 ι,
1390 630 1495 700 1‘2).
1531 630 1639 685 Sed
1670 630 1803 701 quia
1884 641 2221 689 tractantem
2252 634 2534 688 nemiuem
2574 636 2888 707 suscipere:
2926 641 3020 704 Ite,
3056 639 3259 712 inquit,
3305 646 3477 699 docete

179 722 424 776 necdum
448 720 819 793 contemplari
847 737 1145 791 possumus
1158 722 1303 789 quod
1318 736 1413 774 nec
1429 722 1620 774 oculus
1642 722 1800 785 vidit,
1885 741 2069 777 omnes
2093 728 2291 791 gentes,
2332 725 2674 791 baptisantes
2703 742 2786 779 eos
2828 730 2890 779 in
2941 732 3163 782 nomine
3192 733 3395 797 Patris,
3429 741 3479 788 et

180 827 282 865 nec
301 813 462 864 auris
491 812 733 878 audivit,
760 826 854 863 nec
876 811 939 862 in
961 825 1053 862 cor
1081 810 1323 863 hominis
1348 810 1590 862 ascendit
1606 809 1658 880 (1
1678 808 1800 862 Cor.
1886 815 2037 877 Filii,
2071 817 2117 865 et
2145 811 2390 880 Spiritus
2421 816 2621 866 sancti.
2654 813 2799 876 Quia
2821 814 2941 885 jam
2970 816 3028 869 in
3055 817 3316 873 Matthmo
3344 838 3476 892 pro-

177 912 248 964 ιι,
280 897 360 966 9),
402 898 696 952 credamus
726 897 781 951 in
816 897 998 958 illum.
1027 897 1087 951 in
1118 914 1228 968 quo
1261 902 1395 951 sunt
1419 897 1535 951 haec
1565 895 1757 950 omnia
1786 913 1798 961 ;
1885 900 2050 954 lixius
2101 900 2490 964 disseruimus,
2543 902 2692 955 unde
2718 903 2829 972 hic,
2861 904 2993 975 quia
3023 905 3092 959 de
3130 908 3240 961 ﬁde
3268 910 3476 980 agitur,

179 987 452 1058 quoniam
480 987 601 1057 ipse
634 991 720 1040 est
745 986 867 1040 fons
883 985 1027 1050 vitae,
1060 985 1178 1056 ipse
1203 983 1681 1039 incommutabilis
1698 984 1805 1037 vir-
1886 1004 2064 1058 pauca
2093 987 2413 1058 posuimus:
2466 988 2543 1041 ita
2574 994 2637 1042 ut
2664 1006 2778 1045 non
2807 991 2990 1045 solum
3020 992 3265 1048 Trinitas
3302 998 3477 1053 totius

176 1081 295 1140 tus,
327 1075 520 1130 lumen
553 1074 901 1140 indeﬁciens,
954 1090 1240 1128 summum
1290 1080 1349 1128 et
1399 1078 1803 1145 sempiternum
1888 1076 2198 1145 majestatis
2252 1076 2663 1131 evidentissime
2703 1078 3072 1150 intelligibilis
3128 1082 3473 1156 declaretur;

175 1163 421 1219 bonum:
454 1180 624 1234 quam
654 1174 678 1200 ⁸
698 1179 903 1233 magna
922 1162 1223 1217 multitudo
1249 1162 1562 1217 dulcedinis
1585 1178 1802 1228 eorum,
1886 1182 2081 1219 verum
2133 1164 2269 1235 quin
2306 1164 2585 1219 sensibilis
2642 1168 3071 1237 quodammodo,
3104 1188 3231 1225 cum
3288 1173 3362 1227 sit
3397 1175 3479 1230 in—
3514 1226 3517 1233 ,

183 1253 282 1324 qui
315 1253 539 1319 timent,
574 1257 631 1306 et
659 1252 898 1306 credunt
925 1252 983 1305 in
1014 1267 1142 1305 eum
1192 1267 1259 1304 ex
1288 1256 1410 1306 toto
1439 1250 1626 1318 corde,
1658 1255 1716 1304 et
1739 1265 1805 1303 ex
1887 1252 2427 1325 comprehensibilis,
2478 1270 2542 1306 ac
2570 1253 2617 1306 si
2660 1256 2943 1325 corporeis
2992 1257 3247 1313 sensibus
3276 1259 3477 1315 distin-

180 1347 308 1395 tota
333 1341 547 1397 anima.
577 1346 634 1394 et
662 1357 727 1394 ex
760 1346 880 1393 tota
906 1339 1112 1393 virtute
1139 1340 1150 1392 !
1881 1343 2065 1408 cta,ad
2097 1341 2522 1411 intelligendum
2554 1342 2676 1395 luce
2713 1343 2918 1398 clarius
2948 1352 3339 1415 pertractetur.
3375 1352 3477 1405 Pa-

257 1429 312 1487 3.
340 1431 519 1485 Nemo
537 1429 729 1500 igitur.
765 1429 860 1500 qui
905 1429 1022 1483 hiﬁc
1042 1428 1232 1482 omnia
1253 1444 1375 1499 quae
1399 1428 1549 1482 Deus
1580 1433 1682 1491 est,
1717 1426 1800 1479 ίῐι·
1880 1438 1969 1487 ter
1996 1430 2208 1485 scilicet
2229 1430 2478 1483 clamans
2507 1429 2574 1482 ad
2599 1430 2803 1484 Filium
2834 1431 2891 1485 in
2923 1449 3072 1497 voce,
3107 1434 3367 1506 idemque
3386 1437 3478 1490 Fi-

182 1518 427 1589 telligat,
460 1518 569 1572 nisi
599 1522 872 1589 quantum
890 1516 1247 1571 credentibus
1270 1516 1599 1571 revelaverit
1627 1514 1800 1586 Spiri-
1882 1518 1991 1572 lius
2029 1519 2301 1572 veraciter
2331 1518 2672 1571 humanatus
2727 1519 2784 1572 in
2840 1537 3029 1582 carne,
3062 1521 3133 1575 ab
3162 1523 3283 1593 ipso
3313 1526 3479 1578 Patre

182 1616 306 1662 tus:
335 1606 480 1661 sicut
494 1606 701 1660 Paulus
729 1606 1016 1677 apostolus
1046 1610 1320 1659 testatur:
1367 1606 1555 1671 Nobis,
1592 1603 1798 1675 inquit,
1816 1675 1856 1682 _
1881 1606 2207 1676 diligentius
2233 1605 2599 1676 praedicatur:
2632 1606 2873 1676 Spiritus
2901 1624 3028 1661 vero
3057 1616 3283 1663 sanctus
3313 1628 3482 1682 super

183 1698 447 1750 reretavit
476 1696 616 1748 Deus
641 1709 741 1762 per
762 1675 1228 1761 spiritumsuum.
1251 1692 1497 1761 Spiritus
1515 1696 1664 1746 enim
1677 1709 1795 1746 om-
1816 1675 1862 1735 Β
1882 1675 2010 1749 eum
2041 1695 2099 1748 in
2128 1675 2385 1748 columba
2414 1675 2850 1753 demonstratur.
2888 1696 2996 1750 Sed
3017 1703 3073 1750 et
3100 1715 3201 1768 per
3223 1699 3344 1769 ipsa
3362 1675 3482 1771 plu-

186 1787 287 1837 nia
317 1787 623 1849 scrutatur,
648 1785 816 1836 etiam
828 1783 1115 1851 profunda
1138 1783 1394 1849 θεῖ’.ουιέ
1410 1780 1795 1852 enim,inquit,
1883 1784 2030 1838 rima
2060 1782 2086 1823 ιι
2109 1800 2232 1854 quae
2253 1784 2499 1837 Joannes
2529 1784 2711 1838 adhuc
2737 1785 2807 1838 de
2824 1785 3043 1840 Christo
3070 1786 3481 1856 ignorabat,di-
3522 1844 3525 1853 ,

185 1876 291 1936 scit
322 1873 637 1935 hominum,
663 1888 780 1940 qua:
798 1875 930 1924 sunt
958 1873 1021 1924 in
1049 1872 1288 1935 homine,
1325 1873 1438 1924 nisi
1455 1872 1689 1938 spiritus
1708 1870 1804 1922 ho-
1883 1874 2089 1927 vinitus
2115 1873 2400 1937 edocetur,
2451 1872 2832 1944 impleturque
2881 1873 3021 1928 illud
3044 1876 3431 1945 propheticum
3464 1895 3475 1930 :

186 1963 493 2030 minis,qui
504 1963 565 2014 in
578 1962 692 2029 ipso
705 1964 817 2013 est?
858 1960 909 2026 (1
927 1959 1050 2014 Cor.
1082 1974 1139 2025 ll,
1184 1959 1286 2025 ιο.)
1311 1959 1449 2013 Ecce
1469 1974 1638 2029 quam
1659 1958 1802 2012 bene
1896 1963 1998 2016 Vox
2023 1963 2252 2015 Domini
2280 1978 2446 2029 super
2465 1977 2658 2029 aquas,
2690 1963 2830 2015 Deus
2864 1966 3166 2030 majestatis
3209 1968 3476 2033 intonuit,

186 2050 445 2121 disputat
469 2048 538 2102 de
559 2065 644 2114 eo,
670 2047 764 2119 qui
793 2054 879 2101 est
905 2047 1223 2111 ineffabilis,
1248 2046 1799 2117 etincomprehensi-
1881 2052 2152 2105 Dominus
2175 2066 2340 2118 super
2366 2065 2540 2119 aquas
2572 2054 2781 2104 multas
2810 2052 2971 2110 (Psat.
2991 2066 3186 2118 xxviii,
3220 2051 3293 2115 3).
3328 2054 3477 2109 Prac-

188 2138 344 2204 bilis,
379 2138 476 2209 qui
498 2135 898 2207 nesciteaquaa
921 2141 1054 2190 sunt
1074 2136 1130 2189 in
1150 2135 1265 2201 illo,
1296 2135 1390 2206 qui
1407 2135 1555 2189 circa
1572 2151 1674 2189 nos
1693 2139 1797 2200 est,
1884 2138 2102 2193 dicator
2130 2155 2262 2208 ergo
2292 2154 2327 2191 a
2369 2138 2537 2192 Patre
2589 2137 2793 2205 Filius;
2840 2139 3174 2209 praedicatur
3199 2157 3233 2195 a
3264 2141 3479 2213 Spiritu
3522 2200 3527 2209 ,

191 2236 252 2284 et
279 2228 388 2282 hoc
418 2243 541 2281 esse
574 2224 863 2297 probatur,
907 2224 1058 2295 quod
1087 2240 1189 2278 nos
1230 2240 1447 2290 sumus,
1493 2224 1589 2295 qui
1624 2223 1711 2276 vix
1742 2241 1802 2277 se
1883 2235 2075 2282 sancto
2102 2253 2113 2286 :
2148 2227 2490 2298 praedicatur
2511 2226 2680 2280 etiam
2707 2243 2741 2280 a
2768 2243 2828 2281 se
2857 2228 2996 2298 ipso,
3030 2229 3164 2283 dum
3192 2230 3262 2284 de
3289 2247 3348 2285 se
3378 2231 3480 2286 Pa-

192 2317 372 2383 novit,
404 2322 463 2371 et
499 2316 604 2369 hoc
642 2315 789 2386 quod
825 2314 944 2386 ipse
974 2319 1061 2369 est
1089 2330 1202 2369 non
1231 2313 1618 2386 apprehendit.
1654 2312 1801 2377 Quid
1886 2322 2032 2371 trem
2083 2315 2352 2381 insinuat,
2413 2320 2471 2368 et
2498 2331 2675 2369 unum
2707 2332 2765 2369 se
2786 2311 2921 2370 'esse
2950 2332 3077 2370 cum
3117 2317 3285 2373 Patre
3312 2323 3481 2374 testa-

194 2411 371 2479 putas
399 2405 468 2459 de
500 2420 567 2459 ea
588 2409 793 2458 natura
816 2403 1032 2457 ratione
1053 2403 1303 2457 humana
1323 2403 1596 2468 dicturus,
1630 2418 1800 2473 quam
1882 2411 2015 2461 tur:
2044 2406 2152 2474 Ego
2178 2412 2225 2457 et
2258 2406 2420 2457 Pater
2461 2420 2639 2457 unum
2668 2421 2863 2457 sumus
2897 2407 3072 2469 (Joan.
3106 2423 3157 2471 κ,
3189 2406 3298 2475 3U),
3334 2408 3482 2472 Quid

194 2512 307 2550 nec
338 2493 525 2565 angeli
553 2493 985 2564 apprehendunt
1004 2492 1028 2545 ’l
1049 2492 1137 2547 Illi
1168 2491 1394 2562 quidem
1412 2492 1799 2561 contemplan-
1884 2494 2058 2565 igitur
2084 2493 2233 2547 ultra
2261 2509 2420 2546 meas
2439 2504 2480 2558 °,
2512 2492 2613 2545 tali
2631 2498 2826 2546 renata
2854 2500 3225 2562 sacramento,
3259 2495 3481 2552 dubita-

192 2593 296 2641 tur
324 2601 454 2639 eum
481 2589 545 2639 ut
564 2590 671 2652 est,
692 2588 1032 2637 venerantur
1051 2586 1107 2635 et
1125 2581 1387 2650 diligunt;
1416 2585 1801 2633 verumtamen
1884 2581 2054 2636 tionis
2098 2581 2307 2652 poterit
2352 2579 2560 2634 habere
2590 2580 2648 2633 in
2672 2580 2783 2634 ﬁde
2812 2599 2825 2647 ;
2865 2598 2992 2636 cum
3029 2599 3141 2637 uno
3172 2584 3481 2656 eodemque

196 2691 307 2733 nec
334 2672 612 2745 quomodo
631 2672 1009 2743 sempiternus
1030 2670 1104 2724 sit
1123 2669 1243 2723 sine
1259 2669 1440 2735 initio,
1470 2674 1528 2723 et
1546 2667 1666 2722 sine
1686 2668 1799 2723 ﬁne
1885 2675 2193 2729 momento.
2218 2668 2402 2722 Patris
2429 2685 2526 2722 vox
2551 2668 2619 2721 ad
2648 2685 2748 2722 nos
2763 2669 2989 2740 delapsa
3012 2670 3213 2725 Filium
3237 2672 3295 2726 in
3316 2673 3478 2744 aquis

200 2764 294 2819 vel
326 2761 606 2833 quomodo
632 2760 894 2832 genuerit
923 2760 1091 2814 Pater
1118 2758 1477 2823 Filium,cum
1510 2773 1799 2827 nunquam
1886 2756 2175 2812 visibiliter
2200 2762 2562 2828 apparentem
2595 2756 2878 2828 praedicat,
2904 2764 2961 2811 et
2982 2760 3223 2829 Spiritus
3252 2767 3478 2816 sanctus

197 2851 379 2907 tuerit
406 2850 526 2904 sine
556 2849 714 2916 Filio;
738 2854 794 2903 et
819 2848 929 2902 alia
949 2847 1291 2918 hujusmodi,
1320 2863 1441 2917 quae
1463 2845 1642 2899 deillo
1670 2846 1806 2899 inef-
1887 2847 2129 2918 desuper
2158 2846 2216 2900 in
2246 2845 2504 2900 columba
2533 2862 2655 2915 qua:
2686 2846 2979 2900 sentienda
3008 2848 3120 2902 sint
3148 2849 3218 2902 de
3249 2866 3334 2915 eo,
3364 2849 3481 2903 cvi-

201 2939 456 2997 fabiliter
486 2938 767 3003 dicuntur,
798 2954 900 2990 nec
930 2936 1209 3002 dubitant,
1233 2952 1336 2989 nec
1366 2934 1677 3005 requirunt.
1694 2934 1805 2986 Ve-
1830 2991 1868 3005 _
1888 2935 2112 2989 dentius
2143 2935 2356 2988 edocet.
2390 2933 2548 2998 Quod
2591 2933 2641 2987 si
2690 2951 2824 2988 sane
2872 2934 2929 2989 in
2961 2952 3057 2990 ore
3082 2937 3343 3004 duorum,
3394 2937 3479 2992 vel

200 3046 337 3085 rum
368 3027 541 3099 igitur
571 3026 717 3097 quod
746 3026 953 3080 Paulus
992 3024 1074 3078 ait
1115 3042 1127 3077 :
1179 3026 1305 3092 Qua)
1332 3025 1431 3078 Dei
1464 3028 1614 3088 sunt,
1649 3038 1805 3075 nemo
1825 3022 2061 3078 “trium
2090 3023 2318 3079 testium
2374 3022 2547 3077 stabit
2574 3039 2739 3076 omne
2771 3023 3023 3090 verbum,
3056 3025 3232 3080 multo
3264 3026 3479 3080 tirmius

200 3122 479 3186 cognovit,
512 3118 626 3169 nisi
645 3118 877 3184 spiritus
906 3115 1004 3168 Dei
1021 3115 1070 3180 (Ι
1100 3112 1409 3177 Cornu“).
1444 3112 1513 3165 Et
1539 3111 1665 3164 ideo
1694 3126 1807 3164 non

200 3220 519 3269 sensu,non
537 3202 940 3273 imaginatione
960 3201 1290 3272 aliqua,non
1308 3200 1524 3253 ratione
1537 3199 1804 3265 humana,

200 3294 343 3367 quid
380 3293 454 3347 sit
478 3293 649 3358 Deus,
681 3290 882 3361 qualis,
917 3296 1251 3361 quantusve,
1282 3288 1671 3359 cognoscitur:
1707 3287 1805 3340 sed

200 3387 256 3438 si
277 3386 406 3453 quis
425 3385 715 3452 spiritum,
738 3383 837 3450 qui
850 3398 914 3434 ex
929 3381 1032 3433 Deo
1052 3384 1145 3443 est,
1180 3380 1455 3443 habuerit,
1494 3382 1593 3432 scit
1610 3395 1670 3432 ea
1691 3394 1810 3446 qua:

201 3491 239 3526 a
256 3475 367 3528 Deo
395 3472 599 3525 donata
627 3474 758 3523 sunt
791 3471 943 3523 nobis
964 3469 1146 3537 (Ibid.,
1184 3466 1267 3535 12;
1288 3470 1315 3519 :'
1334 3471 1398 3521 ut
1420 3466 1716 3521 credamus
1752 3466 1809 3520 in

201 3561 394 3626 illum.
458 3565 524 3614 ut
566 3560 937 3613 conﬁteamur
964 3557 1153 3624 corde,
1184 3562 1352 3626 atque
1381 3572 1499 3619 ore,
1531 3555 1664 3626 quia
1690 3554 1809 3625 ipse

204 3657 319 3715 est,
353 3666 422 3703 ex
441 3665 570 3720 quo,
603 3654 660 3702 et
686 3664 983 3719 perquem,
1002 3642 1028 3679 δ
1053 3651 1111 3700 et
1134 3645 1191 3698 in
1222 3661 1332 3715 quo
1359 3650 1493 3698 sunt
1521 3644 1709 3697 omnia
1731 3643 1811 3696 vi-

207 3739 440 3794 sibilia:
465 3738 524 3792 in
554 3754 718 3809 quem
749 3740 1041 3808 sperantes
1078 3735 1149 3788 ad
1171 3751 1299 3788 eum
1322 3734 1510 3788 venire
1529 3739 1809 3803 optamus,

206 3833 277 3883 ut
297 3825 589 3881 ardentius
613 3826 874 3891 sineiine,
897 3840 1019 3894 qua:
1040 3828 1173 3876 sunt
1190 3821 1535 3894 sempiterna
1554 3821 1666 3875 frui
1686 3837 1811 3892 pos-

209 3933 415 3971 Simus.

839 4037 1072 4091 CAPUT
1110 4036 1201 4090 IX.

502 4164 576 4217 De
602 4164 703 4230 [ide
733 4164 993 4231 baptismi
1012 4177 1124 4215 non
1148 4160 1524 4215 immutanda.

286 4271 316 4325 1
331 4311 344 4323 .
368 4268 532 4323 Fides
545 4266 947 4339 baptismi,qua
961 4270 1334 4321 renascuntur
1349 4262 1584 4336 praesciti
1605 4268 1662 4317 et
1679 4280 1817 4334 prie-

1891 3119 2040 3167 rectc
2070 3112 2342 3183 accipitur
2381 3112 2450 3165 de
2494 3128 2555 3164 se
2594 3111 2796 3177 Patris,
2844 3128 2909 3166 ac
2954 3112 3097 3179 Filii,
3145 3130 3208 3168 ac
3239 3114 3482 3186 Spiritus

1892 3201 2072 3279 sancti
2096 3200 2504 3255 testimonium.

1962 3290 2022 3346 2.
2062 3292 2125 3345 ln
2153 3291 2257 3343 hac
2286 3289 2493 3359 quippe
2520 3288 2628 3342 fide
2660 3288 2842 3343 renati
2863 3290 3219 3361 sumus,quid
3240 3308 3381 3363 opus
3400 3299 3488 3348 est

1891 3379 2132 3450 amplius
2162 3378 2231 3431 de
2260 3377 2370 3430 ﬁde
2391 3377 2551 3446 quasi
2578 3376 2778 3431 dubios
2799 3379 3130 3432 retractare?
3142 3380 3488 3452 Praeceptum

1892 3465 1978 3513 est
2008 3458 2196 3528 itaque
2229 3456 2495 3527 apostolis
2524 3475 2535 3510 :
2560 3459 2652 3521 Ite,
2686 3459 2860 3511 docete
2880 3475 3065 3511 omnes
3082 3466 3281 3525 gentes,
3317 3463 3489 3530 bapti-

1894 3552 2079 3602 zantes
2101 3563 2183 3600 eos
2203 3549 2265 3599 in
2290 3547 2774 3606 nominePatris,et
2794 3547 3001 3609 Filii,et
3019 3546 3265 3613 Spiritus
3284 3553 3466 3603 sancti
3472 3590 3482 3602 .

1897 3639 1964 3691 In
1997 3638 2222 3689 nomine
2238 3649 2371 3703 ergo
2391 3650 2516 3687 cum
2533 3632 2871 3696 dixit,unum
2895 3650 2990 3686 eos
3012 3635 3275 3699 ostendit,
3297 3636 3445 3705 quod
3475 3652 3493 3688 t

1895 3723 2075 3793 tribus
2094 3721 2416 3777 nominibus
2441 3720 2577 3775 satis
2607 3721 2677 3774 ad
2704 3721 3127 3791 intelligendum
3157 3722 3487 3779 Trinitatem

1897 3813 2119 3883 egregie
2146 3804 2423 3865 distinxit:
2459 3810 2559 3863 sed
2581 3809 2691 3862 tria
2720 3810 2837 3864 hare
2865 3826 3037 3863 unum
3070 3827 3273 3866 nomen
3305 3822 3331 3857 κ
3361 3829 3483 3867 esse

1895 3901 2119 3956 edocuit
2140 3919 2151 3967 ;
2170 3900 2302 3970 quia
2333 3898 2438 3953 etsi
2461 3898 2785 3952 dictum-est
2813 3916 2823 3950 :
2853 3898 3084 3965 Quwrite
3114 3901 3417 3955 Dominum
3438 3907 3490 3956 et

1895 3990 2567 4061 conﬁrmamini,qu.rrite
2591 3988 2791 4053 faciem
2816 3990 2933 4054 ejus
2954 4004 3164 4056 semper
3195 3991 3355 4054 (Psal.
3373 4002 3486 4056 CIv,

1894 4080 1949 4149 4)
1985 4098 1997 4146 ;
2027 4084 2196 4150 atque
2226 4076 2359 4130 illud
2391 4094 2402 4128 :
2439 4077 2688 4143 Quaerite,
2723 4081 2772 4128 et
2809 4077 3139 4140 invenietis;
3174 4080 3411 4145 pulsate,
3442 4083 3491 4132 et

1897 4169 2177 4235 aperietur
2202 4167 2347 4219 vobis
2382 4163 2594 4232 (Matth.
2629 4177 2718 4229 vn,
2753 4163 2839 4229 7):
2901 4170 3123 4236 Oportet
3168 4182 3279 4219 non
3313 4166 3489 4221 alium

1898 4261 2089 4309 tamen
2120 4271 2288 4326 quam
2318 4270 2494 4308 unum
2542 4253 2719 4306 Deum
2768 4252 2826 4306 in
2854 4252 3034 4307 tribus
3064 4254 3316 4324 personis
3342 4261 3493 4310 recte

210 4356 487 4414 destinati
525 4357 597 4411 ad
634 4356 825 4422 vitam,
860 4373 926 4410 ex
954 4371 1102 4427 aqua
1148 4361 1207 4408 et
1231 4353 1442 4425 Spiritu
1472 4358 1686 4417 sancto,
1718 4345 1881 4405 illaD
1900 4361 2167 4416 quaerere,
2203 4360 2313 4415 quo
2340 4341 2633 4397 Trinitatis
2655 4341 2880 4396 nomine
2900 4341 3105 4411 signati
3124 4360 3319 4397 sumus
3345 4362 3356 4397 :
3387 4344 3491 4399 sub

212 4454 324 4513 est,
357 4463 483 4518 quae
504 4446 564 4500 in
584 4446 809 4500 nomine
828 4445 1032 4506 Patris.
1054 4449 1112 4498 et
1131 4443 1275 4509 Filii,
1301 4449 1359 4496 et
1371 4440 1612 4513 Spiritus
1636 4441 1814 4495 sancti

210 4554 319 4611 per
373 4535 730 4590 dilectionem
778 4532 1133 4588 credentibus
1162 4530 1607 4586 commendatur.
1656 4530 1816 4584 Unde

210 4623 492 4681 Dominus
529 4623 598 4677 ad
626 4622 964 4694 discipulos:
1024 4624 1121 4683 Ite,
1178 4621 1353 4674 docete
1382 4635 1565 4673 omnes
1611 4623 1812 4686 gentes,

211 4715 565 4784 baptizantes
594 4726 678 4765 eos
712 4712 776 4764 in
806 4712 1029 4763 nomine
1041 4710 1246 4773 Patris,
1273 4711 1322 4760 et
1343 4708 1551 4771 Filii,et
1569 4706 1813 4774 Spiritus

210 4805 403 4857 sancti
433 4800 646 4867 (Matth.
671 4812 869 4864 xxvm,
898 4795 1012 4865 19).
1045 4796 1178 4860 Quae
1207 4794 1476 4849 nimirum
1502 4794 1657 4859 ﬁdes,
1674 4810 1814 4864 quo-

212 4888 524 4945 dammodo
580 4887 638 4941 in
669 4885 944 4958 baptismo
974 4884 1183 4941 Christi
1211 4881 1491 4938 sensibilis
1520 4882 1815 4953 apparuit;

214 4976 449 5051 quando
469 4982 491 5009 °
518 4992 689 5048 super
715 4992 845 5030 eum
880 4975 1052 5030 Pater
1079 4972 1330 5028 intonuit
1372 4983 1385 5018 ε
1421 4972 1523 5026 Hic
1551 4978 1627 5026 est
1646 4973 1821 5026 Filius

291 5099 513 5169 ξΕὰίι..
552 5102 687 5169 quia
713 5115 939 5167 magna.

290 5167 319 5203 ³³
349 5172 417 5228 In
447 5167 624 5226 Editis
639 5170 992 5226 desideratur
1004 5176 1051 5226 et
1077 5173 1141 5226 in
1153 5188 1259 5241 quo
1277 5174 1412 5226 sunt
1422 5170 1615 5225 omnia
1640 5168 1827 5223 visibi-

220 5247 328 5310 tia,
364 5245 431 5296 in
461 5258 641 5311 quem.

295 5332 319 5383 c_
348 5312 522 5378 Edit.,
554 5313 718 5381 quod,
751 5312 849 5367 sed
878 5312 1079 5368 melius
1106 5314 1345 5383 quando.

295 5381 324 5419 ά
358 5383 530 5450 Edit.,
545 5387 883 5453 plurimum.

299 5456 324 5483 '
353 5454 532 5510 Paulo
546 5451 731 5509 aliter
749 5454 899 5509 hunc
917 5455 1101 5510 locum
1117 5454 1356 5525 legimus
1374 5452 1432 5507 in
1445 5451 1608 5507 editis
1632 5470 1643 5505 :
1680 5453 1825 5520 Quid

227 5530 416 5599 igitur
436 5529 591 5582 ultra
614 5528 918 5594 menti,tati
936 5529 1140 5584 renata
1156 5525 1823 5592 sacramento,dubitatio—

1898 4451 2010 4505 qua
2034 4432 2261 4487 omnino
2283 4431 2390 4485 ﬁde
2407 4430 2572 4485 rebus
2593 4431 2882 4501 exspoliati
2905 4431 3260 4494 mundi,nudi
3281 4431 3491 4486 fontem

1898 4522 2253 4578 introivimus
2297 4521 2361 4575 In
2384 4537 2493 4591 quo
2515 4519 2779 4574 nimirum
2803 4520 2953 4574 fonte
2982 4520 3299 4592 quicunque
3315 4520 3493 4591 bapti-

1898 4610 2008 4665 zati
2040 4626 2235 4665 sumus
2255 4608 2311 4663 in
2336 4608 2558 4663 Christo
2579 4610 2711 4662 Jesu
2732 4607 2779 4673 h,
2805 4608 2862 4661 in
2882 4614 3062 4661 morte
3093 4608 3270 4678 ipsius
3305 4608 3491 4681 bapti-

1896 4698 2004 4753 zati
2022 4715 2247 4753 sumus:
2274 4699 2586 4766 Conseputti
2604 4698 2754 4750 enim
2772 4713 2893 4749 sum
2904 4712 2964 4749 us
2980 4712 3103 4749 cum
3124 4699 3220 4752 illo
3244 4714 3346 4767 per
3362 4700 3493 4769 bap-

1901 4791 2133 4842 tismum
2162 4789 2225 4840 in
2250 4791 2420 4839 morte
2448 4785 2617 4853 (Rom.
2649 4798 2721 4850 v1,
2743 4782 2822 4853 4).
2855 4784 2923 4837 Et
2948 4783 3073 4838 ideo
3093 4784 3214 4854 jam
3239 4786 3391 4841 ultra
3424 4789 3495 4843 de

1903 4876 2012 4930 ﬁde
2056 4875 2197 4929 nihil
2228 4879 2533 4929 retractare
2562 4872 2852 4939 debemus,
2883 4872 2982 4927 sed
3008 4873 3289 4929 custodire
3316 4876 3496 4931 modis

1904 4963 2164 5019 omnibus
2194 4962 2343 5034 quod
2362 4961 2377 5002 ί
2396 4960 2815 5027 credidimus,et
2832 4961 3109 5016 credendo
3126 4964 3306 5033 gratis
3327 4980 3361 5019 a
3380 4965 3495 5021 Deo

1908 5092 1997 5146 nis
2023 5090 2287 5142 momenti
2307 5089 2527 5141 tPatris
2565 5101 2671 5140 vox
2691 5085 2767 5140 ad
2786 5101 2881 5140 nos
2910 5086 3150 5156 delapsa.

1976 5160 1999 5202 ι
2019 5159 2189 5223 Edit.,
2220 5162 2376 5228 quia.

1976 5242 2007 5285 ε
2037 5229 2207 5294 Edit.,
2250 5232 2493 5284 nomine.

1976 5300 2005 5343 ιι
2034 5302 2097 5358 In
2129 5299 2262 5355 edit.
2306 5300 2700 5357 desiderantur
2726 5301 2846 5358 haec
2898 5301 3102 5356 verba:
3158 5301 3227 5357 In
3283 5302 3498 5359 Christo

1904 5378 2051 5434 Jesu,
2076 5374 2150 5444 in
2178 5377 2350 5426 morte
2379 5375 2554 5442 ipsius
2589 5373 2859 5444 baptizati
2877 5389 3095 5431 sumus.

1977 5444 1990 5486 ί
2012 5442 2184 5511 Edit.,
2205 5458 2340 5513 quas.
