3992 6166
501 153 634 211 1411

1274 154 1331 209 S.
1374 154 1754 212 PASCHASII
1794 153 2155 209 RADBERTI
2193 154 2497 213 ABBATIS
2534 154 3028 233 CORBEIENSIS.

3641 160 3765 218 Ml?

498 279 838 349 accepimus.
859 278 1100 334 Credere
1123 277 1351 331 omnino
1376 276 1644 331 debemus
1666 276 1816 330 aliud
1839 292 1951 330 non
1971 292 2092 339 esse
2114 278 2155 335 Α
2176 276 2437 349 ignorare
2467 296 2706 335 manens
2731 289 2759 327 ις
2781 279 2930 333 infra
2955 278 3219 350 baptismi
3243 288 3676 347 sacramentum.
3698 301 3762 340 ne

498 367 1069 433 credendum;idcirco
1092 384 1193 420 nec
1215 366 1705 438 requirendum.eo
1722 366 1997 436 quodjam
2016 365 2093 418 in-

498 462 734 510 ventum
756 456 1097 510 credidimus
1128 457 1271 525 Ergo
1293 455 1443 507 aliud
1470 471 1578 507 non
1603 453 2098 524 requirimus.quia

497 547 729 617 necipse
744 545 903 599 nobis
919 546 1167 604 mandat,
1193 561 1258 597 eo
1280 543 1425 614 quod
1448 560 1592 596 unus
1623 551 1708 597 est
1731 544 1881 597 aliud
1908 542 2096 612 requi-

496 633 820 694 rendum,et
834 634 1041 687 scimus
1063 646 1104 696 ι,
1126 632 1270 700 quod
1300 632 1406 683 nisi
1431 631 1533 683 hor.
1557 632 1911 695 unum,aliud
1934 632 2096 702 quip-

495 722 644 793 piam
664 723 801 775 nihil
819 719 1308 775 estnecessarium.
1326 720 1723 790 Amplectimur
1737 726 1923 774 autem
1943 738 2091 785 eum,

495 812 627 881 quia
639 827 782 864 unus
794 816 895 870 est,
905 816 957 861 et
972 815 1135 861 certae
1148 796 1457 861 devotionis
1470 810 1669 862 aﬁ‘ectu
1686 810 1741 862 in
1757 826 1867 862 una
1879 810 2100 862 eadem-

501 914 609 968 que
639 898 747 950 flde
778 896 1138 967 proﬁciendo,
1168 896 1465 965 sperando.
1501 902 1667 966 atque
1698 897 2098 966 amando,quia

493 985 750 1038 inﬁnitus
790 991 892 1047 est,
929 984 1113 1053 ipsum
1145 1000 1368 1054 semper
1396 985 1755 1054 requirimus,
1789 985 1964 1039 donec
1992 983 2017 1021 δ
2041 986 2094 1039 in

493 1073 808 1142 aenigmate,
861 1078 918 1126 et
966 1073 1217 1126 nondum
1261 1073 1320 1126 in
1352 1074 1553 1142 specie,
1590 1090 1756 1143 quem
1785 1085 1808 1113 ο
1852 1075 2094 1129 tenendo

494 1162 815 1231 quaerimus,
874 1161 1267 1215 ardentissimo
1317 1178 1508 1214 amore
1541 1162 1789 1232 quotidie
1835 1180 2093 1232 perscru-

490 1254 700 1303 tamur.
735 1251 844 1305 Sed
875 1257 932 1304 et
960 1268 1085 1305 cum
1139 1250 1436 1322 zenigmata
1495 1267 1684 1303 rerum
1730 1253 2087 1321 praesentium

488 1337 699 1392 fuerint
728 1345 1010 1403 evacuata,
1045 1339 1215 1391 etiam
1239 1337 1375 1390 certi
1398 1338 1765 1408 sumus,quod
1786 1355 1892 1391 non
1920 1340 2084 1403 alius,

487 1440 655 1497 quam
679 1444 824 1481 unus
844 1428 1105 1497 idemque
1128 1428 1274 1480 Deus
1296 1427 1543 1480 Trinitas
1570 1427 1674 1479 sibi
1706 1428 2081 1493 credentibus,

2180 368 2327 436 quod
2357 385 2470 423 non
2517 368 2743 436 debeas,
2772 368 3003 423 ediscas.
3040 385 3205 438 quam
3236 369 3295 423 in
3323 370 3520 441 aliqua
3563 371 3764 427 fraudis

2179 456 2503 512 curiositate
2527 465 2722 529 captus
2738 457 2962 512 ducaris
2984 464 3142 511 extra
3166 456 3177 489 '
3201 460 3468 529 captivos.

2252 543 2301 597 3.
2336 544 2538 599 Totum
2568 546 2743 616 igitur
2771 545 2925 599 novit
2946 546 3040 617 qui
3070 546 3358 600 Christum
3384 548 3643 602 noverit:
3684 549 3766 603 Fi-

2178 633 2286 697 des,
2337 632 2539 703 inquit,
2603 639 2697 687 tua
2732 640 2781 687 te
2835 637 3051 686 salvum
3102 636 3230 700 fecit
3255 637 3453 699 (Marc.
3485 653 3539 699 x,
3573 635 3680 700 5‘2).
3708 637 3768 690 Et

2179 721 2304 775 ideo
2333 730 2558 776 maneat
2576 723 2929 777 Christianus
2960 724 3111 776 intra
3136 722 3345 777 fontem
3370 724 3601 785 ﬁdei,ex
3629 732 3768 794 qua'

2181 817 2410 865 renatus
2458 819 2543 866 est
2589 811 2644 865 in
2677 813 2938 865 salutem.
2975 812 3043 864 Et
3075 811 3119 864 si
3154 811 3442 882 quidpiam
3496 812 3773 867 haesitave-

2180 899 2256 952 rit
2283 899 2349 952 ad
2375 900 2590 963 horam,
2624 906 2823 969 tangat
2850 916 3019 952 manu
3048 900 3176 952 ﬁdei
3205 899 3387 953 adhuc
3400 899 3697 954 Christum
3721 900 3773 955 in

2180 987 2351 1053 fonte,
2381 1005 2490 1059 quo
2524 988 2764 1042 Verbum
2808 1006 2938 1042 caro
2968 989 3329 1051 descendens,
3360 989 3527 1043 nobis
3572 996 3656 1043 est
3682 989 3772 1043 ba-

2178 1076 2436 1146 ptizatus.
2468 1078 2680 1131 Deinde
2700 1076 2887 1131 Patris
2915 1093 3106 1131 vocem
3139 1078 3400 1149 desuper,
3438 1084 3507 1131 ut
3536 1094 3641 1132 nos
3659 1095 3773 1132 eru-

2177 1165 2295 1217 diat
2324 1183 2423 1236 per
2452 1182 2645 1219 aurem
2693 1166 3048 1230 exteriorem,
3081 1167 3278 1220 auditu
3304 1166 3460 1221 auris
3489 1167 3770 1221 interioris

2175 1254 2369 1307 audiat
2398 1255 2779 1308 intonantem:
2815 1257 2916 1309 llic
2946 1261 3019 1308 est
3042 1256 3218 1308 Filius
3238 1272 3394 1309 meus
3423 1258 3683 1315 dilectus,
3712 1260 3768 1309 in

2171 1360 2276 1410 quo
2309 1344 2449 1395 mihi
2471 1346 2595 1396 bene
2616 1347 2923 1411 complacui
2945 1345 3158 1409 (Matth.
3192 1358 3275 1398 ιιι.
3305 1343 3423 1407 17).
3443 1346 3585 1409 Qua
3614 1346 3767 1398 nimi-

2172 1446 2297 1482 rum
2331 1446 2432 1482 vox
2465 1431 2626 1499 quasi
2656 1430 2867 1500 aliquid
2896 1430 2966 1483 ad
2992 1446 3122 1484 eum
3150 1440 3173 1465 ο
3202 1432 3617 1486 insinuandum
3659 1450 3763 1486 cor-

484 1521 550 1569 ut
571 1517 687 1585 jam
722 1534 822 1586 per
851 1516 1016 1569 ﬁdem
1052 1515 1419 1586 percepimus,
1454 1515 1767 1586 apparebit.
1808 1516 1913 1569 Per
1940 1517 2084 1570 hanc
2115 1587 2130 1590 Α
2168 1535 2289 1588 pus.
2324 1518 2435 1571 imo
2455 1519 2587 1588 quia
2610 1518 2841 1571 auribus
2868 1518 3169 1577 sensibilis.
3195 1536 3390 1573 verum
3422 1520 3762 1590 corpusfuit.

484 1604 677 1674 itaque
707 1605 874 1657 ﬁdem
904 1605 1187 1672 signatum
1237 1610 1322 1657 est
1352 1605 1541 1657 lumen
1572 1605 1758 1658 vultus
1788 1605 1887 1658 Dei
1917 1622 2087 1675 super
2113 1587 2376 1661 BIdcirco
2398 1607 2529 1676 quia
2559 1624 2659 1677 per
2682 1624 2747 1660 ea
2767 1607 2823 1659 in
2844 1623 2975 1661 voce
2997 1624 3107 1661 non
3132 1607 3383 1662 inclusus
3404 1609 3766 1663 Patersonuit

485 1708 607 1757 nos,
636 1699 693 1745 et
722 1693 846 1747 ideo
876 1693 946 1746 ad
977 1693 1337 1746 inﬁdelitates
1366 1694 1736 1763 quorumdam
1770 1694 2079 1760 hominum,

487 1786 544 1834 et
582 1782 649 1834 ad
679 1781 942 1835 tenebras
984 1798 1314 1851 erroresque
1346 1782 1620 1851 respicere
1650 1798 1761 1835 non
1792 1782 2079 1836 debemus.

486 1869 562 1923 Ex
594 1870 798 1923 ﬁducia
823 1870 997 1940 igitur
1025 1870 1387 1940 probationis,
1425 1870 1555 1940 quia
1589 1878 1844 1941 tempora
1873 1873 2084 1941 pericu-

484 1957 603 2011 losa
620 1958 1061 2028 pronuntiantur
1078 1956 1104 1997 ά
1126 1958 1729 2029 futura,pr:eveniendo
1749 1976 1975 2012 monere
1991 1960 2084 2012 de-

481 2046 794 2101 sideramus
818 2047 1088 2117 quosdam
1114 2049 1261 2101 ultra
1277 2057 1316 2111 θ,
1349 2048 1455 2100 nisi
1488 2047 1633 2117 quod
1658 2048 1714 2101 in
1744 2047 2081 2118 baptismate

481 2136 758 2189 credendo
780 2142 1169 2207 perceperunt,
1196 2136 1362 2206 idque
1385 2152 1524 2201 esse,
1550 2141 1606 2188 et
1623 2153 1733 2189 non
1752 2136 2079 2206 aliud,quod

484 2241 734 2294 quaarere
780 2225 1003 2278 interim
1047 2223 1355 2302 debebunt:
1416 2241 1547 2277 nam
1596 2225 1739 2277 ratio
1794 2225 2078 2295 quzerendi

481 2313 705 2366 nonnisi
725 2313 782 2365 in
812 2312 994 2366 tribus
1014 2329 1203 2366 rerum
1227 2312 1474 2366 articulis
1490 2313 1793 2366 consistere
1820 2313 2039 2366 videtur
2060 2330 2075 2369 :

479 2400 539 2454 in
570 2417 629 2454 re
657 2401 932 2463 videlicet,
965 2402 1021 2455 in
1048 2407 1318 2471 tempore,
1378 2409 1546 2471 atque
1577 2402 1633 2454 in
1681 2402 1865 2455 modo.
1899 2403 1963 2455 In
1993 2420 2073 2469 re,

477 2494 543 2543 ut
569 2489 702 2559 quid
732 2490 807 2543 sit
836 2491 1198 2560 quaerendum
1231 2490 1669 2543 consideremus.
1708 2490 1771 2544 In
1798 2497 2071 2561 tempore,

480 2583 547 2633 ut
576 2579 818 2649 quando,
848 2595 917 2632 ne
969 2580 1112 2633 forte
1137 2579 1157 2619 τ
1182 2580 1404 2649 quando
1435 2579 1794 2649 quaerendum
1824 2596 1935 2633 non
1968 2588 2072 2641 est,

478 2674 578 2721 aut
605 2667 777 2731 aliud,
814 2674 913 2721 aut
942 2667 1079 2721 illud
1107 2668 1254 2738 quod
1286 2664 1587 2738 qumrimus
1616 2685 1726 2721 non
1756 2668 1892 2721 satis
1921 2668 2073 2722 inve-

2161 1695 2290 1764 jure
2315 1693 2340 1727 ⁰
2366 1694 2597 1747 auribus
2625 1695 3058 1767 quodammodo.
3091 1695 3197 1749 etsi
3226 1702 3316 1749 est
3341 1696 3764 1768 incomprehen-

2167 1783 2361 1843 sibilis,
2393 1783 2600 1837 dicitur
2628 1783 2907 1837 sensibilis
2929 1783 3209 1837 exstitisse
3234 1803 3246 1850 ;
3272 1785 3422 1839 sicut
3442 1792 3503 1839 et
3530 1786 3762 1856 Spiritus

2167 1879 2392 1925 sanctus
2424 1890 2521 1943 per
2549 1873 2855 1942 subjectam
2888 1873 3128 1943 speciem
3161 1872 3395 1927 visibilis
3443 1876 3762 1947 apparuise

2164 1960 2572 2015 manifestatur.
2602 1962 3007 2015 Verumtamen
3034 1963 3338 2016 secundum
3362 1964 3758 2034 proprietatem

2163 2055 2397 2109 naturae,
2429 2050 2558 2119 quia
2584 2050 2728 2103 Deus
2756 2050 3024 2110 Trinitas,
3057 2066 3182 2104 cum
3209 2050 3419 2121 ubique
3445 2057 3606 2106 totus
3627 2060 3759 2107 recte

2162 2136 2385 2191 dicitur.
2403 2153 2513 2190 non
2539 2140 2593 2190 in
2619 2138 2738 2190 loco
2751 2138 3544 2209 cernitur,quiaincorporeus
3571 2146 3629 2194 et
3654 2141 3761 2193 illo-

2161 2225 2298 2277 calis
2328 2242 2446 2279 esse
2477 2232 2645 2296 atque
2675 2226 2965 2280 invisibilis
2997 2227 3284 2297 probatur.
3303 2229 3504 2299 Neque
3527 2230 3754 2284 circum-

2162 2314 2426 2367 scribitur
2445 2314 2588 2375 visu,
2622 2332 2725 2367 nec
2754 2323 2905 2368 tactu
2923 2322 3276 2380 tenetur,nec
3305 2317 3548 2371 auditur
3570 2318 3749 2383 aﬂatu,

2161 2418 2263 2455 nec
2292 2403 2536 2456 sentitur
2579 2403 2819 2457 incessu.
2872 2404 3014 2457 Hinc
3042 2421 3264 2474 quoque
3290 2405 3540 2459 dicitur:
3590 2408 3753 2461 Deum

2162 2507 2321 2544 nemo
2351 2493 2489 2544 ridit
2516 2509 2791 2561 unquam,
2808 2495 2898 2545 sed
2920 2496 3244 2560 unigenitus
3263 2495 3461 2562 Pilius,
3479 2498 3586 2564 qui
3596 2502 3669 2549 est
3698 2499 3751 2550 in

2152 2583 2287 2633 sirm
2320 2583 2519 2638 Patris.
2544 2584 2657 2648 ipse
2689 2583 2947 2635 narrabit
2978 2593 3001 2619 υ
3030 2583 3185 2635 nobis
3215 2584 3399 2647 (Joan.
3424 2597 3464 2647 Ι,
3506 2582 3751 2650 18).Non

2158 2674 2348 2720 tamen
2380 2667 2457 2720 ita
2483 2668 2933 2738 intelligendum,
2961 2670 3109 2740 quod
3144 2687 3283 2724 sono
3298 2671 3756 2743 debeatperstre-

477 2757 718 2811 niamus.
780 2758 952 2811 Porro
992 2757 1049 2810 in
1094 2758 1258 2811 modo
1288 2773 1575 2827 quousque
1607 2757 1969 2826 quaerendum
2001 2758 2075 2811 sit
2156 2773 2288 2827 pere
2312 2757 2369 2809 in
2400 2757 2629 2810 auribus
2660 2758 2899 2814 nostris:
2935 2758 3033 2811 sed
3052 2758 3184 2828 quia
3218 2758 3463 2813 Verbum
3489 2767 3550 2814 et
3573 2761 3753 2831 imago

482 2847 768 2918 aspiratur
793 2866 804 2911 ;
828 2846 1034 2900 idcirco
1056 2846 1217 2899 nobis
1236 2846 1597 2899 scrutandum
1625 2847 1886 2916 estquod
1909 2847 2071 2900 Chri-
2093 2903 2131 2918 η
2158 2852 2244 2898 est
2272 2844 2475 2911 Patris,
2509 2845 2642 2898 dum
2675 2862 2735 2899 se
2765 2846 3047 2901 mentibus
3065 2847 3271 2901 nostris
3294 2848 3755 2913 innotescininef-

479 2903 600 2989 stus
634 2903 897 2998 instituit,
931 2940 988 2987 et
1013 2934 1290 2988 tenendus
1317 2934 1401 2987 es‘t
1432 2934 1546 3003 ipse
1595 2903 1771 3003 quem‘
1795 2935 2072 2989 invenisse
2089 2903 2133 2961 Β
2156 2934 2309 2989 fabili
2326 2935 2447 2988 luce
2467 2934 2691 2987 Patrem
2714 2934 2964 2989 declarat
2980 2942 3149 3006 atque
3169 2937 3425 2990 insinuat
3438 2903 3749 3005 manifeste,

481 3024 796 3093 gaudemus
822 3042 832 3075 :
864 3022 996 3092 quia
1024 3021 1253 3075 omnino
1278 3038 1655 3093 nequaquam,
1690 3022 1796 3076 nisi
1828 3023 2071 3078 invenis-
2150 3023 2311 3093 juxta
2341 3023 2488 3093 quod
2519 3022 2669 3077 idem
2696 3028 2938 3078 testatus
2958 3030 3044 3079 est
3072 3024 3261 3079 dicens
3289 3044 3301 3079 :
3339 3027 3448 3092 Qui
3476 3029 3627 3082 videt
3656 3046 3750 3089 me.

475 3128 566 3165 ses
593 3111 858 3181 primum,
893 3111 1120 3163 credere
1151 3109 1448 3180 potuisses.
1479 3110 1560 3163 Ad
1615 3111 1715 3164 hoc
1755 3128 1887 3180 ergo
1919 3130 2071 3183 qum-
2153 3112 2293 3164 videt
2319 3117 2368 3164 et
2398 3113 2615 3165 Patrem
2643 3128 2825 3165 meum
2852 3115 3029 3179 (Joan.
3063 3127 3170 3167 XIV.
3204 3113 3283 3179 9).
3317 3114 3455 3177 Qua:
3486 3115 3752 3171 nimirum

472 3198 616 3263 sisti,
648 3204 713 3252 ut
736 3197 1013 3251 invenires
1041 3216 1053 3263 ;
1104 3209 1133 3249 ε
1161 3198 1420 3251 invenisti
1460 3205 1671 3267 autem,
1704 3207 1765 3252 ut
1790 3202 2069 3258 crederes.
2155 3199 2291 3253 visio
2317 3216 2429 3253 non
2459 3200 2741 3270 corporeis
2768 3198 3024 3254 sensibus
3048 3201 3515 3272 deprehenditur,
3550 3205 3651 3259 sal
3679 3207 3751 3259 si-

471 3286 537 3341 In
565 3302 674 3356 qua
704 3286 972 3340 nimirum
1002 3286 1111 3339 ﬁde
1145 3302 1368 3339 omnem
1400 3286 1788 3358 probationem
1821 3306 2069 3360 qureren-
2152 3293 2246 3342 cut
2271 3288 2541 3359 scriptum
2573 3294 2683 3343 est:
2724 3292 2876 3343 Beati
2903 3291 3113 3344 mundo
3139 3292 3317 3353 corde,
3354 3295 3632 3359 quoniam
3655 3298 3753 3363 ipsi

469 3375 526 3429 di
556 3382 613 3429 et
640 3375 958 3430 inveniendi
983 3375 1259 3429 credendo
1285 3376 1473 3435 ﬁxisti,
1497 3376 1630 3429 dum
1660 3383 1717 3430 te
1742 3394 1867 3430 cum
1901 3379 2067 3433 Chri-
2151 3380 2322 3433 Deum
2343 3379 2603 3431 videbunt
2623 3377 2844 3448 (Matth.
2879 3396 2927 3441 ν,
2959 3366 3033 3447 8).
3066 3379 3338 3433 Ρηθὰἰωὶ
3364 3396 3506 3452 ergo
3551 3382 3750 3437 Filium

466 3468 554 3517 sto
589 3462 647 3517 in
682 3470 920 3517 mortem
969 3480 1069 3534 per
1108 3462 1426 3534 sepulcrum
1470 3463 1659 3527 fontis,
1713 3465 2015 3535 exspoliato
2037 3467 2064 3507 ιι
2150 3466 2319 3519 Pater
2345 3465 2593 3520 sensibili
2644 3467 2794 3521 vocis
2824 3484 2981 3531 sono,
3015 3473 3073 3521 et
3102 3468 3278 3522 Filius
3333 3468 3472 3523 dum
3502 3487 3568 3524 se
3594 3473 3747 3525 exhi-

465 3552 701 3615 mundo,
736 3552 1005 3625 sepelisti.
1031 3552 1190 3616 Quod
1222 3552 1268 3605 si
1302 3569 1431 3605 vere
1463 3558 1719 3606 mortuus
1750 3571 1827 3617 es,
1871 3561 1927 3607 et
1950 3555 2063 3608 vita

462 3646 563 3697 tua
590 3642 914 3699 abscondita
946 3647 1031 3697 est
1077 3659 1205 3699 cum
1254 3642 1368 3696 Deo
1418 3642 1477 3695 in
1514 3642 1686 3699 caelis.
1720 3642 1852 3713 quid
1881 3643 2064 3698 adhuc

462 3748 592 3786 cum
626 3731 731 3785 sibi
759 3730 1091 3797 viventibus,
1128 3736 1184 3784 et
1212 3747 1323 3784 non
1370 3730 1506 3795 Deo,
1538 3730 1606 3783 de
1640 3729 1748 3784 ﬁde
1775 3732 1933 3801 quasi
1963 3731 2063 3786 du-

460 3821 586 3876 bius
612 3821 910 3892 disputas?
939 3820 1023 3874 vel
1063 3820 1195 3890 quid
1247 3818 1507 3872 szevicnte
1558 3826 1933 3889 persecutore,
1989 3822 2057 3874 de

460 3916 646 3966 morte
675 3910 960 3973 formidas,
996 3910 1091 3979 qui
1115 3909 1230 3979 jam
1254 3908 1582 3963 mortuusin
1604 3909 1857 3978 sepulcro
1887 3909 2057 3963 fontis

461 4016 586 4054 cum
619 3999 840 4053 Christo
866 3999 1094 4064 teneris,
1130 4004 1187 4052 et
1219 3998 1385 4051 vitam
1414 4003 1567 4050 tuam
1600 3998 1656 4050 in
1681 3997 1831 4051 cmlis
1851 3999 2060 4068 reposi-

458 4095 577 4145 tam
626 4090 869 4161 perfecte
918 4090 1136 4143 credis?
1183 4089 1298 4145 Nec
1344 4088 1576 4142 dubium
1620 4089 1775 4157 quin,
1833 4090 1979 4159 quod
2010 4089 2057 4143 si

459 4179 705 4249 priorem
763 4178 930 4231 vitam
986 4184 1141 4233 tuam
1198 4179 1257 4233 in
1288 4178 1454 4257 terris
1502 4178 1796 4248 receperis,
1830 4194 2048 4242 novam,

2147 3553 2241 3608 bet
2294 3554 2585 3621 visibilem,
2611 3554 2743 3625 quia
2773 3556 3019 3610 Verbum
3062 3556 3246 3611 Patris
3278 3563 3383 3615 est.
3414 3575 3534 3613 non
3578 3560 3749 3615 alium

2146 3660 2315 3714 quam
2340 3644 2499 3713 cujus
2529 3651 2615 3697 est
2642 3644 2836 3709 Filius,
2853 3644 2910 3698 in
2942 3662 3002 3698 se
3027 3644 3483 3701 declarat.Porro
3504 3648 3747 3719 Spiritus

2143 3738 2387 3796 sanctus,
2419 3732 2554 3802 quia
2581 3736 2607 3773 ⁴ι
2636 3749 2701 3786 ex
2723 3733 2890 3787 Patre
2913 3733 3164 3804 Filioque
3184 3735 3463 3804 procedit,
3484 3737 3663 3791 etiam
3692 3744 3745 3792 et

2140 3821 2257 3891 ipse
2285 3838 2395 3875 non
2416 3822 2626 3875 divisus
2646 3822 2704 3874 in
2734 3828 2939 3875 natura
2962 3822 3289 3877 substantia:
3304 3826 3745 3893 majestatis.sed

2140 3910 2435 3965 distinctus
2474 3910 2531 3964 in
2567 3926 2826 3981 persona,
2873 3918 2936 3964 ut
2964 3912 3115 3965 Deus
3141 3913 3391 3967 Trinitas
3421 3914 3744 3969 hominibus

2140 3999 2499 4069 panderetur,
2545 4000 2764 4053 medius
2810 4000 2868 4059 in
2910 4000 3179 4055 columbae
3221 4002 3407 4071 specie
3455 4006 3740 4074 apparuit.

2138 4088 2255 4141 Nec
2286 4088 2409 4142 ideo
2428 4094 2616 4142 tamen
2647 4088 2795 4141 idem
2815 4088 3290 4144 circumscribitur
3316 4091 3629 4156 visu,velut
3646 4110 3743 4147 nec

2139 4178 2307 4231 Pater
2337 4177 2424 4230 hic
2453 4184 2554 4231 aut
2584 4177 2715 4231 alibi
2747 4179 2976 4232 auditur
3022 4180 3217 4244 aifatu,
3264 4181 3414 4235 sicut
3443 4199 3570 4249 nec,
3610 4184 3739 4238 dum

462 4282 629 4336 quam
662 4266 721 4319 in
753 4267 1031 4319 ccelocum
1062 4266 1284 4320 Christo
1314 4253 2045 4337 absconderas,perdidisti.
2078 4253 2528 4320 Ddeambularet
2564 4266 2619 4319 in
2661 4266 2939 4335 paradiso,
2987 4269 3172 4338 potuit
3234 4269 3456 4325 incessu
3522 4271 3733 4326 sentiri.

465 4354 579 4409 Sub
610 4354 709 4408 tali
738 4354 1014 4426 siquidem
1044 4360 1099 4407 te
1130 4354 1223 4408 ille
1252 4354 1647 4407 determinavit
1674 4356 2056 4426 sepulcro,qui

460 4447 517 4498 te
538 4461 651 4502 non
680 4445 799 4498 vult
821 4445 940 4514 jam
972 4442 1231 4512 deinceps
1263 4441 1409 4495 aliud
1443 4442 1668 4494 credere
1701 4460 1869 4512 quam
1903 4446 2053 4516 quod

455 4533 716 4589 instituit.
754 4533 962 4588 Idcirco
993 4548 1175 4604 neque
1200 4538 1263 4584 tu
1292 4529 1443 4583 aliud
1470 4530 1639 4583 debes
1657 4547 1905 4600 quaerere
1928 4551 2052 4604 pro-

455 4619 598 4675 fecto
643 4620 674 4687 ί,
708 4639 889 4694 neque
936 4619 1235 4676 tormentis
1271 4615 1595 4682 addictus],
1643 4635 1707 4674 ac
1736 4620 1781 4674 si
1823 4621 2050 4689 invitus,

458 4708 763 4781 quidquam
793 4711 944 4765 aliud
975 4711 1247 4767 conﬁteri.
1285 4708 1597 4763 Novissime
1619 4708 1821 4763 melius
1849 4728 2047 4766 censeo

524 4805 549 4835 ⁸
569 4797 724 4853 .Edit.
737 4842 749 4862 ,
780 4815 973 4853 sumus
994 4819 1009 4852 :
1031 4799 1198 4854 male.

584 4866 756 4933 Edit.,
789 4882 960 4921 nunc.

523 4937 738 5003 cEditq
771 4943 821 4991 ct
850 4955 1033 5006 quem.

524 5011 552 5053 ἀ
581 5009 751 5075 Edit.,
785 5014 1262 5076 prznuntiantur.

521 5095 546 5150 9
572 5080 725 5135 Editi
745 5079 963 5134 addunt
992 5082 1136 5135 nihil
1170 5084 1564 5150 recipiendum.

522 5146 544 5185 τ
571 5153 636 5208 In
657 5152 821 5207 editis
838 5156 992 5205 totus
1012 5152 1102 5205 bic
1119 5146 1402 5206 locus'non
1416 5154 1495 5207 ita
1512 5154 1661 5208 clare
1682 5154 1764 5210 sic
1780 5153 2038 5211 refertur:

451 5226 563 5280 Nec
588 5225 729 5295 forte
775 5224 997 5295 quando
1027 5225 1384 5293 querendum
1414 5241 1524 5277 non
1554 5231 1647 5289 est,
1682 5242 1749 5280 ne
1772 5232 1873 5283 aut
1896 5228 2045 5285 illud

449 5298 595 5363 quod
622 5298 941 5364 quaerimus,
971 5309 1081 5347 non
1109 5295 1244 5347 satis
1272 5296 1646 5349 inveniamus.

519 5377 551 5420 κ
575 5366 745 5433 Edit.,
778 5367 1050 5419 invenias.

522 5436 551 5477 ιι
574 5436 746 5491 Edit..
779 5441 829 5491 ct
853 5438 1139 5506 spoliatus.

2138 4353 2399 4424 Alioquin
2423 4354 2640 4423 quoties
2663 4372 2763 4425 per
2790 4355 3095 4424 subjectam
3127 4374 3187 4411 se
3218 4358 3473 4428 patribus
3495 4360 3733 4415 ostendit

2137 4443 2678 4503 formam,sensibilis
2709 4444 2879 4498 fuisse
2905 4445 3080 4498 videri
3103 4452 3312 4517 potest,
3338 4449 3491 4518 quod
3541 4449 3731 4502 absur-

2136 4532 2269 4597 dum
2302 4538 2387 4585 est
2414 4532 2666 4599 credere;
2699 4532 2796 4584 sed
2829 4532 2961 4602 quia
2994 4532 3288 4588 invisibilis
3320 4541 3426 4600 est,
3467 4537 3619 4591 visus
3651 4542 3731 4590 est

2136 4626 2201 4675 ut
2229 4619 2437 4675 voluit:
2492 4636 2601 4673 non
2638 4620 2861 4690 quidem
2891 4627 2957 4675 ut
2985 4627 3089 4688 est,
3120 4623 3217 4677 sed
3259 4625 3414 4696 quali
3438 4626 3624 4697 specie
3653 4625 3726 4679 illi

2134 4708 2346 4779 placuit
2390 4725 2698 4781 apparere:
2751 4708 3028 4780 siquidem
3086 4717 3143 4765 et
3189 4711 3280 4765 hic
3315 4713 3485 4768 aliter
3506 4715 3727 4769 auditus

2201 4790 2215 4866 Ῡ
2246 4798 2309 4851 In
2332 4797 2495 4851 editis
2524 4798 2681 4851 deest
2700 4798 2958 4866 profecto.

2195 4862 2213 4908 ³
2247 4869 2376 4922 Edit
2402 4908 2417 4933 ,
2448 4870 2677 4923 adactus
2700 4862 3055 4924 stsiinvitus.

2452 4945 2788 4997 manentem.

2200 5009 2415 5076 lEdit.,
2447 5014 2718 5079 captivus.

2200 5090 2240 5120 ω
2266 5081 2434 5146 Edit.,
2468 5099 2536 5135 ea:
2565 5099 2689 5151 quo.

2192 5152 2421 5222 {Edit.,
2450 5157 2588 5222 ejus.

2194 5220 2220 5256 ⁰
2239 5224 2300 5277 In
2333 5220 2483 5279 editI
2500 5224 2658 5279 deest
2673 5228 2825 5292 jure.

2195 5301 2221 5337 ν
2246 5294 2415 5360 Edit.,
2456 5299 2735 5350 narravit.

2191 5376 2219 5414 ς
2248 5365 2391 5420 Edit.
2404 5409 2416 5433 ,
2446 5369 2563 5437 qui.
